4062 6366
389 296 494 348 379
1629 290 1787 343 VITA
1825 290 1879 345 S.
1922 289 2298 345 AUGUSTINI
2342 288 2674 344 EPlSCOPI.
3800 290 3907 342 380

459 423 510 473 6.
541 417 616 471 Ex
650 414 765 470 illis
795 431 929 470 sane
955 413 1458 469 constitutionibus
1485 413 1620 467 satis
1650 414 1963 482 constabat,
1996 430 2094 467 au-

390 508 457 561 la
488 505 809 559 voluntates
837 520 901 558 ac
931 503 1118 558 studia
1148 502 1207 557 in
1238 501 1542 557 Ecclesiam
1570 502 1908 557 catholicam
1932 503 2090 557 nulla

388 598 550 665 parte
570 592 747 647 fuisse
768 591 1094 646 immutata.
1111 591 1470 661 Quapropter
1483 591 1634 645 haud
1648 589 1759 645 erit
1778 591 2091 645 absurdum

388 682 639 749 credere,
690 681 760 736 ad
801 680 1052 751 primam
1100 680 1432 733 earumdem
1476 680 1669 748 legum
1716 678 1925 732 famam
1975 683 2090 732 Au-

388 770 685 843 gustinum
727 772 943 823 Donato
984 767 1273 838 scripsisse
1313 767 1618 838 epistolam
1657 768 1837 836 illam,
1880 783 1994 838 qua
2038 766 2090 820 ei

390 859 732 931 persuadere
762 856 987 923 nititur,
1019 862 1083 910 ut
1109 856 1415 911 Donatistis
1440 872 1535 910 eas
1563 856 1741 927 leges,
1772 872 1914 927 quas
1943 855 2090 909 anti-

392 950 593 1021 quatas
623 945 1029 1017 pradicabant,
1055 945 1167 999 vim
1198 961 1360 999 suam
1391 945 1577 1000 adhuc
1608 944 1865 999 obtinere
1897 960 2093 1015 quam-

396 1037 650 1109 primum
693 1034 877 1088 edieto
918 1034 1200 1104 signiﬁcet
1239 1035 1436 1103 (Epist.
1476 1036 1598 1100 100,
1644 1049 1699 1087 η.
1743 1032 1820 1102 ’7).
1855 1034 1931 1086 De
1972 1032 2091 1086 ido-

397 1124 615 1180 Iolatris
641 1122 782 1178 nihil
818 1122 996 1190 addit,
1024 1138 1153 1177 cum
1183 1122 1338 1192 leges
1366 1123 1471 1176 hoc
1502 1137 1651 1175 anno
1681 1122 1810 1175 lata
1839 1137 1906 1175 ea
1935 1120 2004 1174 de
2034 1136 2093 1172 re

397 1213 583 1269 verbis
609 1211 891 1283 expressis
918 1227 1034 1265 non
1063 1209 1301 1281 perinde
1330 1208 1730 1280 praciperent,
1763 1212 1933 1280 atque
1971 1207 2090 1275 illa,

395 1318 524 1373 qua
553 1300 812 1372 proxime
838 1298 1101 1370 sequenti
1130 1298 1490 1369 promulgata
1514 1302 1619 1352 est.
1651 1296 1867 1352 Obnixe
1898 1313 1960 1351 ac
1990 1312 2090 1349 ve-

392 1392 691 1445 hementer
712 1388 875 1443 illum
906 1388 1181 1454 obsecrat,
1207 1391 1269 1440 ut
1297 1402 1370 1440 ne
1399 1401 1574 1456 quem
1596 1389 1834 1456 propter
1861 1384 1976 1438 vim
2001 1385 2094 1438 Ec-

393 1478 578 1533 clesia
614 1477 831 1532 illatam
860 1475 1060 1547 capitis
1102 1474 1337 1529 damnet
1377 1474 1560 1544 (Ibid,
1605 1489 1698 1527 nn.
1754 1477 1803 1540 1,
1830 1473 1901 1543 2).
1931 1471 2096 1537 Quod

392 1567 592 1638 utique
634 1566 694 1620 in
724 1565 1033 1637 praeteritis
1078 1563 1415 1618 criminibus
1458 1578 1755 1617 necessum
1791 1578 1909 1616 non
1949 1566 2090 1627 erat,

391 1659 521 1726 post
544 1655 728 1726 legem
777 1653 999 1708 decimo
1050 1657 1244 1707 octavo
1282 1651 1554 1706 kalendas
1596 1650 1912 1705 februarias
1957 1649 2094 1704 anni

392 1740 940 1815 quadringentesimi
969 1740 1106 1793 noni
1137 1740 1359 1806 datam;
1389 1739 1603 1810 quippe
1629 1755 1779 1810 qua,
1813 1743 2092 1810 quantum

391 1832 461 1887 ad
490 1830 607 1897 illa,
639 1829 943 1900 capitalem
990 1843 1219 1898 poenam
1267 1832 1619 1893 removeret;
1652 1827 1853 1881 eadem
1900 1832 2094 1881 tamen

387 1919 501 1975 illis
530 1917 839 1989 proposita,
875 1916 977 1988 qui
1009 1916 1122 1971 tale
1148 1914 1450 1987 quidpiam
1491 1915 1550 1968 in
1580 1920 1875 1986 posterum
1907 1919 2090 1968 atten-

388 2010 620 2063 tassent.
654 2006 928 2071 Donatus,
963 2003 1048 2059 uti
1072 2003 1320 2066 videtur,
1353 2004 1661 2075 proconsul
1691 2003 1842 2057 haud
1874 2002 1954 2056 ita
1982 2001 2093 2072 pri-

388 2095 519 2151 dem
550 2094 726 2149 factus
755 2094 967 2162 fuerat,
994 2106 1129 2146 cum
1157 2091 1374 2145 litteras
1404 2091 1622 2162 accepit
1649 2091 1719 2147 ab
1747 2090 2087 2163 Augustino.

389 2180 782 2236 Intercedebat
809 2177 978 2233 alteri
1015 2193 1147 2231 cum
1178 2178 1359 2232 altero
1396 2182 1557 2232 vetus
1586 2178 1852 2248 quaedam
1885 2194 1947 2231 ac
1975 2176 2091 2231 sin-

390 2269 606 2342 gularis
633 2266 997 2322 necessitudo
1030 2267 1232 2335 (Epist.
1270 2270 1387 2331 H2,
1422 2282 1473 2320 n.
1514 2270 1559 2335 l)
1594 2283 1606 2319 :
1652 2266 1733 2320 ita
1768 2272 1834 2320 ut
1871 2266 2092 2320 etiamsi

389 2356 744 2429 Augustinus
773 2353 1081 2425 episcopali
1110 2352 1391 2424 dignitate
1415 2357 1655 2420 careret,
1682 2354 1931 2407 Donatus
1959 2369 2090 2407 vero

389 2445 631 2516 gradum
658 2444 1062 2514 proconsulatu
1112 2442 1295 2495 multo
1325 2440 1587 2495 altiorem
1616 2441 1919 2502 obtineret,
1960 2441 2094 2496 huic

388 2537 582 2587 tamen
610 2531 763 2602 apud
791 2530 957 2584 illum
990 2530 1244 2584 licuisset
1271 2546 1544 2601 magnam
1572 2529 1895 2585 libertatem
1927 2546 2093 2584 usur-

389 2636 526 2692 pare
555 2620 751 2692 (Epist.
799 2621 919 2685 100,
949 2635 1005 2673 n.
1056 2617 1131 2689 2).
1167 2618 1444 2673 Eumdem
1494 2618 1944 2673 sincerissimum
1992 2619 2090 2673 Ee-

389 2707 573 2764 clesia
614 2706 910 2762 catholica
952 2706 1138 2761 ﬁlium
1170 2706 1449 2778 appellat;
1483 2706 1819 2777 putavitque
1865 2707 2002 2761 dum
2042 2706 2091 2760 is

386 2793 779 2865 proconsulari
829 2793 1162 2849 auctoritate
1202 2796 1465 2865 polleret,
1504 2794 1784 2849 Africana
1830 2793 2090 2849 Ecclesia

390 2883 588 2937 datum
620 2882 912 2948 divinitus,
937 2883 1038 2954 qui
1060 2883 1329 2937 solatium
1352 2882 1403 2938 ei
1425 2883 1724 2938 adhiberet
1744 2883 2010 2937 maximis
2031 2882 2090 2936 in

387 2972 577 3040 malis,
609 2988 672 3026 ac
719 2971 1086 3026 inimicorum
1137 2972 1291 3026 illius
1333 2972 1631 3027 audaciam
1682 2972 1990 3044 frangeret.
2028 2973 2089 3026 ld

386 3072 567 3111 unum
591 3058 659 3112 ab
693 3059 741 3128 ej
753 3076 816 3112 us
842 3059 901 3113 in
925 3059 1211 3129 justitiam
1240 3059 1426 3114 studio
1447 3060 1757 3126 metuebat,
1779 3076 1851 3114 ne
1877 3060 2090 3115 scilicet

387 3145 632 3199 admissa
661 3151 858 3201 contra
886 3147 1191 3201 Ecclesiam
1221 3163 1464 3211 summa,
1494 3164 1669 3218 quam
1698 3149 2088 3214 merebantur,

388 3232 709 3300 severitate,
743 3233 802 3288 id
828 3239 934 3300 est,
966 3240 1220 3289 extremo
1259 3235 1538 3305 supplicio
1564 3234 1894 3291 vindicaret.
1928 3235 2090 3300 Quod

387 3337 460 3375 ne
489 3320 829 3387 committat,
858 3320 1047 3392 ipsum
1076 3323 1209 3377 Jesu
1238 3322 1443 3379 Christi
1486 3323 1719 3378 nomine
1747 3323 2089 3392 interposito

388 3408 704 3463 obtestatur
736 3425 749 3462 :
783 3408 920 3463 hinc
948 3409 1234 3481 siquidem
1259 3411 1403 3479 fore,
1434 3416 1499 3465 ut
1527 3427 1594 3466 ea
1619 3412 1809 3466 clerici
1831 3412 1901 3467 ad
1926 3412 2089 3467 illum

387 3496 608 3551 deferre
631 3497 752 3567 jam
782 3513 897 3551 non
936 3499 1202 3560 audeant,
1245 3516 1310 3553 ac
1350 3498 1568 3554 cateris
1605 3499 1746 3555 illud
1793 3500 1967 3555 ofﬁcii
1996 3517 2091 3555 ne-

388 3584 738 3656 gligentibus
767 3585 1055 3656 impunita
1097 3587 1195 3641 illa
1232 3592 1587 3657 remaneant,
1632 3588 1982 3661 insuperque
2020 3590 2090 3645 ad

388 3673 590 3728 eadem
619 3675 1002 3745 perpetranda
1028 3677 1258 3730 accedat
1288 3677 1623 3731 adversariis
1655 3678 1915 3732 Ecclesia
1948 3695 2092 3733 nova

388 3761 643 3817 audacia.
675 3764 890 3831 Corrigi
912 3780 996 3819 eos
1020 3768 1287 3836 cupimus,
1320 3765 1419 3832 ait,
1442 3782 1550 3821 non
1575 3769 1775 3833 necari,
1797 3784 1891 3822 nec
1922 3768 2089 3822 disci-

382 3852 599 3922 plinam
626 3854 771 3907 circa
796 3868 880 3907 eos
905 3856 1113 3922 negligi
1135 3856 1400 3922 volumus,
1440 3871 1533 3910 nec
1577 3858 1864 3927 suppliciis
1893 3857 2091 3927 quibus
2108 3899 2130 3914 .

388 3941 547 4008 digni
567 3948 693 3996 sunt
723 3944 980 3997 exerceri.
1013 3944 1102 3999 Sic
1130 3947 1307 4013 igitur
1338 3960 1521 3999 eorum
1548 3951 1776 4015 peccata
1804 3961 2087 4015 compesce,

387 4033 447 4083 ut
475 4032 588 4084 sint
618 4045 749 4100 quos
770 4032 1032 4100 pamiteat
1053 4046 1302 4100 peccasse
1330 4033 1519 4100 (Ibid.,
1541 4049 1603 4088 η.
1647 4032 1714 4093 1).
1738 4034 1851 4088 Nec
1877 4033 2091 4088 minori

387 4118 577 4173 studio
608 4134 741 4172 eum
772 4118 1065 4185 admonet,
1087 4135 1160 4172 ne
1192 4106 1613 4174 Donatistarum
1642 4120 2010 4175 vanissimam
2036 4125 2092 4176 et

385 4205 583 4276 impia
614 4205 899 4276 superbia
928 4206 1318 4277 plenissimam
1363 4212 1575 4261 sectam
1605 4207 1684 4261 ita
1721 4213 1881 4263 curet
1906 4208 2090 4279 impe-

388 4293 626 4348 rialibus
651 4294 876 4366 legibus
913 4293 1237 4364 comprimi,
1271 4300 1331 4349 ut
1359 4296 1446 4349 vel
1473 4294 1581 4349 sibi
1607 4295 1690 4351 vel
1717 4296 1832 4350 suis
1860 4296 2090 4352 videan-

388 4387 486 4437 tur
512 4382 959 4453 qualescumque
1009 4383 1301 4438 molestias
1330 4400 1433 4455 pro
1481 4384 1716 4439 veritate
1758 4386 1846 4439 vel
1869 4385 2093 4456 justitia

391 4470 672 4525 sustinere
697 4487 710 4524 :
740 4470 987 4542 ideoque
1016 4470 1063 4524 si
1089 4471 1218 4542 quis
1239 4488 1439 4526 eorum
1463 4472 1627 4544 jussu
1648 4472 1827 4544 ipsius
1850 4474 2090 4529 attinea-

389 4564 505 4627 tur,
537 4558 703 4614 illum
741 4574 774 4612 a
803 4559 1125 4627 Catholicis,
1156 4560 1255 4615 ubi
1286 4560 1580 4631 petierint,
1612 4561 2092 4616 manifestissimis

393 4662 590 4701 rerum
618 4652 903 4702 certarum
928 4648 1285 4703 documentis
1306 4648 1460 4719 apud
1479 4651 1618 4703 Acta
1636 4648 1897 4704 convinci
1920 4654 2092 4721 atque

390 4733 594 4788 instrui
631 4735 908 4806 patiatur.
955 4738 1242 4793 Onerosior
1288 4742 1367 4791 est
1409 4740 1629 4808 quippe,
1678 4737 1887 4810 inquit,
1929 4754 2093 4808 quam

390 4823 580 4877 utilior
608 4823 915 4893 diligentia,
944 4828 1193 4894 quamvis
1213 4837 1272 4881 ut
1292 4842 1549 4895 magnum
1566 4827 1848 4882 deseratur
1866 4829 2088 4894 malum,

390 4915 442 4964 et
469 4925 726 4978 magnum
757 4916 1001 4967 teneatur
1041 4912 1255 4981 bonum,
1286 4918 1406 4984 cogi
1440 4920 1654 4971 tantum
1699 4918 1957 4982 homines,
1986 4932 2093 4971 non

391 4999 573 5054 doceri
598 4998 792 5067 (Ibid.,
831 5016 889 5055 π.
929 5002 1002 5063 2).
1035 5002 1316 5067 Quoniam
1364 5007 1557 5058 autem
1604 5005 1914 5076 perspectis
1957 5022 2091 5076 pro-

392 5088 643 5142 consulis
672 5088 910 5158 hujusce
940 5089 1172 5144 dotibus
1196 5096 1369 5162 atque
1398 5093 1774 5161 ornamentis,
1807 5093 2091 5148 existima-

392 5175 492 5231 bat
518 5176 870 5247 Augustinus
893 5176 1166 5232 idoneum
1212 5178 1317 5232 viri
1346 5184 1567 5249 pectus,
1596 5181 1688 5234 cui
1733 5197 1791 5235 se
1840 5182 2093 5236 Christus

320 5258 329 5271 ⁸
391 5264 714 5336 largissime
760 5264 1107 5331 infunderet,
1156 5272 1463 5337 propterea
1517 5268 1794 5324 desiderio
1846 5271 1969 5342 ejus
2016 5270 2094 5324 vi-

393 5352 566 5407 dendi
592 5369 765 5425 quam
813 5353 1315 5409 vehementissimo
1354 5356 1702 5412 tenebatur:
1734 5374 1934 5413 verum
1972 5359 2094 5429 ejus

398 5441 685 5510 explendi,
715 5442 903 5513 quoad
932 5442 1027 5496 ille
1056 5442 1457 5513 magistratum
1487 5444 1679 5515 gessit,
1712 5446 1971 5516 quamvis
2000 5447 2093 5503 Ti-

393 5527 562 5583 bilim
596 5529 881 5600 Hippone-
897 5531 1098 5602 Regio,
1131 5536 1193 5585 ut
1219 5548 1325 5603 par
1348 5537 1432 5587 est
1461 5533 1712 5603 credere,
1742 5550 1861 5589 non
1904 5535 2098 5591 admo-

2203 413 2340 468 dum
2396 416 2678 467 remotam
2733 410 2994 472 venisset,
3052 408 3408 464 occasionem
3466 426 3767 483 nunquam
3827 416 3919 465 est

2203 502 2441 572 adeptus
2472 502 2672 570 (Epist.
2710 503 2831 566 H2,
2877 516 2931 553 η.
2971 500 3042 567 1).
3093 501 3168 552 At
3210 497 3311 552 ubi
3347 499 3590 553 terrenis
3639 498 3796 553 curis
3826 515 3917 552 so-

2202 590 2388 644 lutum
2414 588 2579 643 illum
2609 604 2671 642 ac
2719 587 2963 642 liberum
2994 586 3158 655 vidit,
3204 586 3424 658 aliquid
3471 603 3599 641 cum
3633 603 3703 642 eo
3750 603 3915 642 com-

2203 676 2399 732 mercii
2428 676 2579 731 coire
2608 676 2810 730 dandis
2840 680 3011 746 atque
3062 673 3405 745 accipiendis
3456 676 3607 729 ultro
3647 676 3916 747 citroque

2202 766 2404 822 litteris
2432 765 2687 820 tentavit.
2722 767 2785 819 ln
2826 763 2914 818 his
2960 763 3032 817 ad
3081 763 3334 818 studium
3372 763 3621 829 virtutis,
3653 780 3768 819 non
3801 766 3914 819 hu-

2203 870 2389 909 mana
2414 852 2851 908 existimationis
2874 852 3176 907 laudumve
3200 851 3536 922 cupiditate,
3561 853 3655 907 sed
3682 852 3916 907 virtutis

2205 940 2385 1012 ipsius
2411 957 2473 995 ac
2502 940 2788 1011 aquitatis
2838 956 3031 994 amore
3060 939 3398 994 inflammat.
3440 943 3670 1008 Intuere,
3701 941 3798 1004 ait,
3849 948 3917 996 ut

2205 1031 2435 1099 cepisti,
2465 1030 2773 1096 fortissima
2794 1028 2973 1083 cordis
3001 1030 3117 1081 acie
3139 1030 3421 1083 Dominum
3443 1036 3685 1085 nostrum
3712 1032 3913 1084 Jesum

2204 1119 2496 1179 Christum,
2528 1122 2578 1172 et
2621 1117 2689 1171 ab
2728 1119 2873 1171 omni
2909 1118 3067 1170 inani
3100 1119 3256 1183 fastu
3289 1119 3504 1171 omnino
3546 1117 3913 1172 detumescens

2204 1220 2427 1273 assurge
2454 1209 2512 1261 in
2539 1207 2713 1271 illum,
2747 1208 2844 1274 qui
2877 1220 2983 1258 non
3020 1209 3231 1259 ventose
3271 1205 3471 1273 allevat
3511 1221 3787 1261 conversos
3836 1207 3915 1260 ad

2204 1308 2278 1360 se,
2308 1295 2403 1348 sed
2447 1296 2607 1348 certis
2636 1295 2766 1363 ﬁdei
2789 1294 3041 1362 passibus
3084 1295 3373 1347 innitentes
3401 1298 3564 1362 atque
3609 1295 3913 1350 ascenden-

2206 1387 2281 1436 tes
2310 1384 2532 1437 collocat
2556 1384 2616 1436 in
2645 1384 2965 1451 seinpiterno
2992 1384 3221 1449 fastigio
3250 1383 3473 1436 ca'lestis
3503 1387 3666 1451 atque
3693 1384 3913 1450 angeli-

2205 1486 2278 1526 ca
2324 1471 2613 1539 dignitatis
2670 1470 2852 1541 (Ibid,
2913 1486 2969 1524 η.
3027 1473 3098 1537 3).
3154 1470 3217 1524 Ei
3264 1470 3334 1524 de
3385 1474 3550 1541 patre
3598 1470 3658 1524 in
3718 1472 3915 1526 Eccle-

2205 1559 2302 1614 sia
2330 1559 2551 1630 gremio
2582 1558 2761 1629 ipsius
2805 1574 2980 1629 opera
3008 1557 3199 1627 genito
3249 1560 3585 1627 gratulatur.
3618 1559 3918 1630 Supplicat

2206 1648 2380 1702 etiam
2410 1653 2472 1701 ut
2498 1663 2556 1701 se
2586 1646 2903 1713 conveniat,
2929 1663 3042 1717 quo
3063 1646 3190 1717 pari
3217 1645 3453 1700 consilio
3485 1646 3753 1702 laborent
3778 1664 3918 1718 pro-

2205 1736 2470 1791 curandae
2521 1736 2692 1790 saluti
2739 1735 3146 1807 quorumdam,
3205 1734 3422 1806 pradia
3477 1736 3599 1804 ejus
3652 1736 3715 1789 in
3773 1752 3915 1807 agro

2204 1824 2478 1879 Sinitensi
2508 1828 2674 1896 atque
2706 1823 3061 1895 Hipponensi
3097 1823 3287 1894 posita
3306 1812 3669 1890 'colcntium;
3701 1824 3916 1895 quibus

2202 1916 2269 1966 ut
2295 1912 2525 1967 interim
2557 1913 2782 1973 scribat,
2817 1928 3025 1983 eosque
3055 1912 3129 1967 ad
3168 1912 3619 1983 amplectendam
3651 1912 3916 1968 Ecclesia

2204 2001 2499 2056 catholica
2538 2001 3005 2055 communionem
3052 1999 3300 2071 benigne
3353 2004 3523 2071 atque
3579 2000 3921 2055 humaniter

2204 2089 2429 2158 excitet,
2458 2105 2667 2159 cupere
2710 2105 2768 2143 se
2796 2092 3057 2144 testatur.
3099 2088 3475 2154 Quandonam
3513 2089 3918 2159 proconsulari

2203 2176 2481 2248 dignitate
2515 2179 2765 2232 Donatus
2793 2176 3015 2245 abierit,
3046 2192 3167 2230 non
3202 2176 3386 2247 liquet
3417 2192 3430 2231 :
3462 2176 3520 2231 id
3548 2181 3748 2231 tamen
3788 2177 3915 2247 pla-

2203 2281 2343 2319 num
2365 2269 2449 2319 est
2469 2265 2775 2336 contigisse
2794 2270 2925 2319 ante
2955 2264 3263 2337 septimum
3282 2264 3555 2319 kalendas
3570 2264 3750 2335 julias
3771 2264 3909 2319 anni

2204 2353 2755 2425 quadringentesimi
2795 2353 3031 2421 decimi;
3063 2369 3176 2425 quo
3207 2350 3297 2408 die
3347 2352 3537 2407 datam
3579 2352 3650 2407 ad
3691 2353 3911 2407 Macro-

2201 2441 2363 2495 bium
2403 2442 2807 2512 proconsulem
2852 2442 3056 2497 Africa
3093 2442 3282 2514 legem
3326 2440 3646 2512 reperimus
3698 2441 3912 2511 (Codice

2207 2531 2430 2599 Theod.,
2460 2531 2526 2584 de
2551 2530 2755 2599 Indul.,
2790 2532 2900 2597 lege
2929 2531 3001 2601 6).

2270 2623 2323 2673 7.
2355 2619 2477 2683 Quo
2506 2622 2767 2688 tempore
2795 2617 3145 2689 Augustinus
3175 2616 3438 2689 Olympio
3477 2619 3715 2672 alteram
3740 2633 3906 2672 suam

2202 2705 2505 2777 epistolam
2537 2706 2799 2761 mittebat
2821 2706 3017 2778 (Epist.
3052 2710 3160 2775 9'7),
3194 2722 3308 2777 qua
3335 2707 3554 2776 legatos
3578 2705 3808 2760 concilii
3832 2706 3906 2759 si-

2202 2794 2509 2865 gnificabat
2528 2795 2687 2849 brevi
2707 2796 2945 2849 Romam
2974 2810 3094 2849 esse
3115 2799 3521 2865 perventuros;
3546 2794 3718 2864 hujus
3745 2793 3909 2847 urbis

2202 2882 2585 2937 obsessionem
2604 2884 2865 2937 nondum
2895 2883 3174 2951 audierat,
3195 2898 3324 2937 cum
3350 2882 3501 2937 illius
3521 2883 3680 2936 nulla
3700 2881 3781 2936 ibi
3808 2882 3907 2936 ﬁat

2201 2972 2417 3027 mentio
2441 2988 2454 3027 :
2475 2988 2674 3026 verum
2704 2971 2763 3026 id
2792 2988 2910 3026 non
2936 2971 3014 3025 ita
3033 2974 3215 3026 multo
3247 2976 3373 3042 post
3399 2971 3604 3025 evenit.
3634 2970 3904 3041 Legimus

2202 3061 2484 3132 siquidem
2524 3062 2725 3117 Roma
2776 3061 3053 3131 prasules
3087 3060 3383 3115 Africanos
3425 3060 3702 3114 exstitisse
3751 3065 3901 3125 tum,

2201 3166 2332 3205 cum
2363 3150 2566 3205 eadem
2597 3150 2735 3204 urbs
2773 3151 3013 3221 ejusque
3042 3148 3287 3204 conﬁnia
3324 3148 3672 3220 gravissimis
3712 3148 3906 3219 premi

2162 3237 2619 3299 (calamitatibus
2674 3253 2739 3292 ac
2797 3237 3022 3292 damnis
3078 3236 3494 3292 nuntiabantur
3550 3237 3749 3307 (Epist.
3809 3240 3901 3303 99,

2200 3342 2256 3380 η.
2296 3327 2359 3395 1).
2396 3326 2463 3380 Et
2492 3330 2643 3380 certe
2668 3325 2716 3378 si
2747 3325 3032 3380 Zosimum
3076 3324 3427 3380 audiendum
3462 3328 3752 3395 putemus,
3799 3339 3905 3376 ne-

2201 3429 2353 3468 cesse
2365 3413 2538 3469 fuerit
2550 3413 2905 3469 obsidionem
2926 3413 3084 3467 illam
3109 3413 3170 3467 in
3191 3413 3324 3467 anni
3346 3411 3909 3483 quadringentesimi

2202 3502 2383 3556 octavi
2413 3502 2627 3556 exitum
2676 3502 2888 3556 referre
2920 3504 3197 3569 (Zosimus,
3230 3503 3486 3556 Historiae
3533 3501 3627 3554 lib.
3662 3500 3735 3569 5).
3778 3499 3906 3555 Cir-

2201 3607 2487 3645 cumsessa
2516 3593 2695 3647 Roma
2716 3590 2787 3644 ad
2807 3594 3117 3644 extremam
3148 3589 3405 3643 ciborum
3431 3593 3908 3660 commeatusque

2200 3678 2524 3749 pecuniam,
2560 3695 2735 3750 quam
2765 3678 2889 3750 ipsa
2926 3694 3157 3750 quoque
3182 3677 3360 3749 pestis
3398 3675 3638 3749 excepit,
3670 3677 3906 3732 redacta

2203 3771 2306 3821 est.
2334 3766 2722 3839 Augustinum
2749 3767 2819 3823 de
2857 3767 3180 3823 miserrimo
3221 3767 3377 3821 illius
3418 3767 3579 3821 urbis
3619 3769 3767 3820 statu
3801 3766 3907 3820 do-

2202 3860 2444 3908 cuerunt
2506 3854 2769 3920 fratrum,
2821 3859 2885 3908 ut
2937 3854 3167 3921 indicat,
3226 3854 3630 3925 episcoporum
3693 3853 3907 3907 littera

2200 3943 2402 4012 (Epist.
2437 3946 2530 4010 99,
2562 3959 2618 3997 η.
2653 3942 2722 4014 1).
2759 3945 2834 3998 Ex
2871 3943 2960 3998 his
2998 3943 3229 4015 quidem
3267 3943 3363 3997 ille
3396 3943 3637 3997 molesta
3665 3947 3722 3996 et
3758 3942 3909 3996 dura

2200 4031 2500 4103 comperit,
2533 4032 2632 4086 sed
2681 4031 2891 4103 quibus
2918 4032 3135 4087 addidit
3173 4032 3436 4102 vulgatus
3481 4046 3681 4085 rumor
3721 4031 3909 4084 multo

2202 4120 2388 4174 adhuc
2441 4118 2755 4174 acerbiora.
2800 4120 3031 4190 Accepit
3082 4119 3215 4174 dein
3268 4118 3477 4173 Italica
3528 4117 3737 4173 nobilis
3789 4118 3906 4172 Ro-

2203 4224 2388 4263 mana
2414 4208 2653 4275 litteras,
2687 4224 2817 4279 qua
2846 4208 2988 4264 nihil
3016 4225 3249 4281 prorsus
3278 4208 3331 4264 ei
3356 4210 3462 4263 hac
3490 4208 3558 4263 de
3585 4224 3649 4262 re
3677 4207 3911 4262 nuntia-

2201 4297 2325 4351 bat.
2358 4297 2420 4350 ld
2448 4297 2826 4368 Augustinus,
2850 4314 3023 4369 quem
3044 4314 3147 4353 sua
3175 4297 3420 4352 charitas
3447 4314 3562 4351 non
3582 4296 3911 4368 patiebatur

2202 4385 2468 4440 fraternis
2490 4385 2768 4439 arumnis
2790 4402 2905 4440 non
2934 4385 3105 4451 afﬁci,
3126 4386 3367 4440 miratus
3390 4390 3494 4453 est,
3522 4386 3621 4440 sed
3640 4401 3745 4439 nec
3762 4384 3907 4440 illud

2201 4473 2413 4540 minus,
2465 4478 2690 4527 sanctos
2734 4473 2999 4530 videlicet
3036 4475 3339 4546 episcopos
3385 4474 3699 4545 (Africanos
3748 4474 3909 4528 haud

2202 4560 2393 4627 dubie,
2423 4561 2525 4632 qui
2555 4565 2681 4616 tum
2711 4561 2773 4615 in
2814 4562 2928 4617 illis
2955 4562 3214 4634 partibus
3243 4562 3635 4630 versabantur)
3665 4577 3771 4633 per
3798 4561 3909 4616 do-

2204 4650 2467 4705 mesticos
2514 4652 2726 4707 Italica
2770 4668 2887 4707 non
2929 4651 3301 4724 rescripsisse.
3336 4653 3495 4706 Patet
3535 4650 3699 4707 Urbis
3743 4666 3908 4704 com-

2202 4739 2483 4794 mercium
2515 4744 2653 4794 tunc
2697 4740 3069 4795 interclusum
3117 4741 3454 4812 neutiquam
3504 4738 3701 4794 fuisse.
3744 4739 3909 4794 Unde

2203 4829 2490 4899 intelligas
2536 4828 2592 4883 id
2641 4829 2729 4882 vel
2767 4828 3103 4900 priusquam
3150 4828 3407 4883 Alarieus
3445 4828 3663 4883 Tiberis
3711 4828 3907 4883 aditus

2204 4916 2547 4983 occlusisset,
2579 4916 2689 4971 hoc
2717 4921 2823 4983 cst,
2853 4916 3017 4971 initio
3050 4916 3381 4983 obsidionis,
3412 4917 3501 4971 vel
3546 4916 3781 4971 nonnisi
3806 4916 3912 4971 illa

2198 5005 2318 5075 jam
2345 5010 2650 5072 transacta,
2698 5004 2933 5060 factum.
2966 5006 3102 5059 Eam
3129 5021 3256 5060 rem
3298 5006 3583 5077 pertinere
3614 5005 3685 5061 ad
3727 5021 3912 5077 expu-

2204 5093 2539 5164 gnationem
2572 5092 2734 5149 Urbis
2762 5093 2946 5162 illam,
2979 5109 3108 5165 qua
3144 5109 3296 5149 anno
3335 5093 3911 5166 quadringentesimo

2211 5182 2434 5237 decimo
2457 5182 2718 5254 contigit,
2742 5183 3011 5253 opinatur
3032 5182 3327 5237 Baronius.
3352 5186 3421 5237 At
3434 5198 3569 5237 vero
3595 5182 3685 5236 lex
3710 5187 3916 5238 contra

2204 5270 2501 5324 hareticos
2531 5270 2865 5326 Heracliano
2894 5270 3191 5342 inscripta,
3222 5287 3394 5342 quam
3424 5286 3543 5324 non
3584 5269 3709 5324 sine
3738 5287 3916 5327 causa

2204 5359 2527 5429 legatorum
2561 5358 2842 5414 Africanae
2873 5359 3129 5414 Ecclesia
3156 5358 3421 5431 precibus
3448 5375 3781 5415 concessam
3808 5376 3915 5416 vo-

2202 5446 2351 5516 lunt,
2399 5446 2552 5503 diem
2583 5451 2845 5501 octavum
2890 5447 3164 5502 kalendas
3209 5447 3566 5518 septembris,
3615 5464 3736 5519 quo
3784 5449 3915 5520 ipso

2204 5540 2466 5608 tempore
2514 5541 2841 5607 expugnata
2881 5540 2966 5591 est
3014 5527 3218 5601 Roma,
3261 5553 3381 5609 pra
3428 5552 3488 5591 se
3537 5537 3648 5591 fert
3696 5538 3920 5607 (Codice

4039 394 4051 648 ι

4039 952 4051 1249 ἓ

4039 1324 4048 1703 ζ

4039 1870 4050 2152 ἰ

4040 2476 4053 2915 ζ

4039 3112 4053 3527 ¹

4039 3866 4053 4273 ἱ

4039 4466 4055 4855 ρ

4039 4932 4052 5330 i
