4062 6352
123 341 214 395 381
350 406 357 411 _
840 342 867 359 υ
1609 342 1811 397 uersu

2002 341 2122 396 ,‘L’S.

125 460 364 528 Theod.,
396 460 462 515 de
498 459 799 528 Hm'eticis,
839 462 950 529 lege
998 460 1114 532 51).
1164 460 1285 525 Quo
1321 466 1488 534 pacto
1529 462 1704 533 igitur
1746 464 1826 519 ibi

122 553 267 614 tum,
302 564 438 602 cum
476 553 639 619 capta
671 552 773 615 est,
805 550 981 618 legati
1008 549 1181 604 fuisse
1213 550 1438 606 dicendi
1472 554 1649 607 sunt?
1682 554 1827 608 Nam

122 634 275 704 quod
298 634 610 702 ad1annum
626 635 1257 706 quadringentesimum
1280 653 1517 704 nonum,
1551 655 1664 710 quo
1686 639 1827 695 item

124 738 276 776 anno
311 723 524 777 Urbem
553 723 808 778 Alaricus
850 724 1028 794 copiis
1068 725 1264 791 cinxit,
1304 726 1572 780 Afrorum
1609 728 1826 782 antisti-

124 817 247 864 tum
296 809 360 863 in
407 811 603 878 Italia,
664 813 819 882 quod
871 812 1102 883 quidem
1148 814 1387 885 legendo
1436 814 1823 885 didicerimus,

125 898 321 953 nullus
346 898 478 954 fuit.
515 899 769 953 Italicam
801 900 980 965 illam,
1012 918 1185 972 quam
1213 903 1563 972 Augustinus
1591 903 1825 975 religio-

124 986 407 1041 sissimam
437 1003 502 1041 ac
526 988 731 1042 merito
757 988 1103 1043 laudabilem
1137 990 1237 1044 Dei
1274 990 1549 1045 famulam
1579 993 1830 1063 appellat

126 1076 319 1144 (Epist.
355 1076 465 1144 99),
496 1092 614 1129 non
645 1075 743 1129 abs
769 1092 832 1130 rc
863 1077 1124 1132 eamdem
1155 1094 1276 1133 esse
1315 1084 1605 1150 putamus,
1652 1096 1826 1152 quam

127 1164 591 1234 Chrysostomus,
617 1164 1035 1218 malevolorum
1065 1160 1379 1236 exagitatus
1416 1168 1693 1238 nequitia,
1726 1183 1831 1238 per

125 1252 346 1306 litteras
377 1252 447 1306 ad
479 1268 713 1322 operam
740 1269 901 1307 suam
932 1255 1344 1324 componendis
1387 1256 1686 1311 Orientalis
1730 1258 1828 1312 Ec-

125 1340 310 1393 clesiae
348 1338 601 1393 discidiis
644 1340 1027 1410 praestandam
1057 1342 1464 1397 adhortabatur
1507 1346 1826 1412 (Clirysost.,

123 1428 301 1496 Epist.
349 1427 464 1498 70).
527 1428 663 1481 Eam
722 1428 917 1482 Romae
968 1434 1105 1483 tunc
1134 1429 1411 1485 exstitisse
1461 1431 1687 1487 disertis
1733 1433 1830 1488 ille

125 1515 307 1570 verbis
336 1514 682 1580 indicat,'sed
703 1521 979 1585 praeterea
1006 1517 1151 1572 nihil
1181 1518 1355 1575 addit.
1390 1520 1562 1575 Erant
1578 1520 1631 1575 ei
1660 1526 1829 1576 astate

128 1603 389 1658 nondum
422 1602 615 1657 adulta
643 1603 829 1670 liberi,
876 1620 1040 1675 quos,
1091 1607 1381 1675 prasterita
1439 1608 1631 1663 mariti
1665 1626 1830 1663 men-

126 1691 301 1757 tione,
332 1691 396 1745 in
425 1707 699 1762 responso
717 1692 787 1746 ad
809 1709 935 1747 eam
956 1710 1108 1748 nunc
1128 1694 1302 1750 misso
1331 1696 1543 1751 salutat
1562 1698 1830 1768 Augusti-

127 1796 232 1833 nus
262 1780 464 1849 (Epist.
500 1782 586 1844 99,
620 1797 676 1834 τι.
708 1781 780 1849 3).
809 1782 874 1835 Et
899 1781 1050 1849 hinc,
1076 1783 1197 1852 jam
1221 1788 1350 1838 ante
1380 1785 1715 1856 ademptum
1744 1786 1830 1840 illi

127 1867 299 1922 fuisse
329 1868 662 1938 conjugem,
692 1868 910 1940 liquido
960 1874 1213 1938 constat;
1258 1873 1635 1944 eamdemque
1680 1874 1829 1928 hanc

130 1972 271 2023 esse,
304 1972 485 2027 quam
514 1956 583 2011 de
613 1957 872 2028 conjugis
908 1957 1070 2013 obitu
1113 1959 1173 2013 in
1204 1960 1436 2015 exordio
1480 1961 1713 2016 alterius
1758 1962 1829 2017 ad

129 2044 379 2099 Italicam
405 2043 663 2114 epistolae
690 2046 1018 2100 consolatur
1048 2048 1243 2116 (Epist.
1275 2050 1364 2115 92,
1394 2065 1449 2103 n.
1482 2048 1551 2117 1),
1584 2049 1685 2104 ubi
1708 2050 1829 2119 ejus

130 2126 570 2199 quoqueliberis
582 2128 818 2182 salutem
854 2128 1038 2183 verbis
1050 2130 1165 2183 suis
1190 2131 1444 2186 nuntiari
1459 2132 1625 2202 jubet
1645 2134 1826 2203 (lbid.,

128 2234 181 2271 n.
214 2217 288 2286 6).
323 2216 389 2269 In
420 2215 527 2270 hac
556 2231 727 2286 porro
757 2221 912 2270 totus
941 2216 1119 2271 ferme
1167 2222 1250 2273 est
1278 2218 1337 2272 in
1376 2219 1703 2274 refellendis
1735 2221 1825 2289 iis,

130 2303 227 2375 qui
256 2304 444 2358 Deum
473 2302 654 2358 videri
684 2303 863 2357 oculis
897 2304 1186 2374 corporeis
1231 2322 1396 2377 posse
1446 2307 1825 2364 afﬁrmabant.

131 2391 375 2457 Quinam
417 2390 512 2445 isti
541 2396 751 2457 essent,
778 2393 1039 2447 consulto
1079 2409 1199 2448 non
1244 2393 1493 2449 indicat:
1534 2412 1669 2450 nam
1708 2400 1830 2451 erat

131 2479 277 2533 inter
315 2494 417 2533 eos
443 2477 745 2532 Africanus
783 2478 1018 2549 quidam
1047 2479 1370 2551 episcopus,
1404 2481 1566 2552 cujus
1606 2482 1831 2537 nomini

129 2567 483 2638 parcendum
540 2565 883 2621 existimavit
921 2569 1118 2636 (Epist.
1183 2571 1302 2627 148.
1361 2585 1452 2623 nn.
1500 2574 1550 2638 1,
1615 2571 1702 2637 4);
1765 2588 1828 2626 ac

130 2671 326 2709 eorum
367 2653 551 2721 aliqui
592 2671 722 2708 cum
775 2659 944 2710 antea
991 2660 1219 2710 tantum
1267 2656 1557 2725 dixissent,
1608 2659 1826 2714 Christo

129 2741 455 2813 praestitum
483 2746 548 2796 ut
597 2742 850 2812 corporis
898 2743 1111 2797 intuitu
1158 2743 1409 2799 divinam
1451 2747 1827 2803 substantiam

129 2830 502 2901 conspiceret,
535 2846 602 2883 eo
633 2832 868 2885 demum
912 2832 1201 2903 progressi
1232 2833 1479 2901 fuerant,
1511 2840 1577 2889 ut
1624 2852 1827 2891 omnes

127 2922 254 2986 post
302 2918 780 2973 resurrectionem
838 2924 1061 2974 sanctos
1117 2920 1320 2974 eodem
1385 2921 1556 2975 modo
1608 2923 1826 2977 visuros

133 3006 309 3060 Deum
340 3011 682 3074 assererent,
714 3006 831 3061 imo
863 3007 1027 3063 istam
1059 3008 1233 3063 etiam
1261 3009 1455 3081 impiis
1477 3011 1703 3066 videndi
1727 3013 1827 3067 Dei

127 3095 569 3164 possibilitatem
603 3098 887 3150 donarent
924 3098 1125 3165 (Epist.
1160 3100 1248 3163 92,
1279 3113 1336 3152 n.
1390 3099 1465 3166 4).
1516 3100 1627 3152 llos
1669 3098 1826 3154 duris

129 3183 440 3238 admodum
466 3188 634 3255 atque
655 3184 985 3254 asperrimis
1004 3185 1190 3240 verbis
1217 3186 1476 3257 castigat,
1500 3186 1712 3242 veritus
1733 3186 1828 3241 sci-

128 3272 255 3327 licet
294 3289 368 3327 ne
399 3272 639 3328 subinde
684 3274 833 3327 Dens
869 3273 990 3345 ipse
1034 3290 1339 3345 corporeus
1381 3280 1438 3330 et
1478 3292 1584 3347 per
1625 3276 1826 3331 localia

128 3360 305 3431 spatia
334 3360 637 3419 divisibilis
659 3362 986 3417 crederetur
1007 3362 1196 3431 (Ibid.,
1228 3379 1285 3419 n.
1320 3366 1371 3431 3,
1393 3370 1443 3418 et
1486 3366 1664 3434 Epist.
1703 3367 1825 3434 148,

129 3450 258 3517 η.1).
290 3450 474 3520 Rogat
502 3450 758 3504 Italicam
783 3455 846 3505 ut
874 3450 975 3517 eis,
1017 3450 1300 3523 siquidem
1329 3452 1482 3523 ipsos
1500 3453 1646 3523 apud
1668 3452 1825 3507 illam

127 3536 193 3590 de
239 3537 357 3591 suis
414 3537 801 3592 deliramentis
846 3539 1122 3594 disserere
1168 3540 1479 3613 contingat,
1530 3541 1823 3612 epistolam

126 3625 269 3679 hanc
300 3642 466 3681 suam
496 3627 665 3697 legat,
697 3627 918 3697 sibique
949 3625 1021 3682 ad
1058 3643 1184 3683 eam
1238 3628 1375 3699 quid
1404 3629 1823 3699 responderint,

126 3713 398 3769 rescribat
429 3718 623 3784 (Epist.
653 3718 742 3781 92,
769 3732 824 3769 n.
858 3715 935 3783 6).
970 3716 1034 3770 In
1065 3716 1175 3770 alia
1212 3716 1528 3786 posteriore
1568 3718 1636 3772 ad
1669 3734 1824 3772 eam-

124 3800 250 3855 dem
280 3802 542 3874 epistola,
572 3808 853 3874 quantum
871 3804 1129 3858 dolorem
1150 3821 1217 3858 ex
1248 3804 1410 3859 Urbis
1439 3804 1821 3860 incommodis

125 3889 328 3961 capiat,
364 3892 613 3945 ostendit
643 3894 836 3961 (Epist.
872 3894 960 3957 99,
991 3907 1048 3946 n.
1085 3892 1155 3964 t).
1188 3894 1444 3963 Itemque
1475 3893 1826 3947 animadver-

123 3977 189 4032 tit
216 3978 429 4033 Italicre
460 3978 688 4045 liberos,
739 3994 805 4032 ex
835 3978 905 4033 iis
954 3995 1083 4050 qua:
1129 3980 1490 4050 contingunt,
1532 3982 1653 4051 jam
1693 3986 1817 4035 tum

122 4081 283 4136 posse
323 4064 385 4118 in
413 4065 644 4119 aetatula
690 4065 831 4120 adeo
882 4070 1075 4121 tenera
1120 4066 1465 4138 intelligere,
1522 4084 1696 4139 quam
1749 4070 1824 4124 sit

123 4171 283 4213 amor
309 4153 483 4225 hujus
512 4154 706 4209 saeculi
733 4152 1089 4225 periculosus
1123 4161 1181 4211 et
1210 4157 1433 4212 noxius.
1483 4160 1663 4227 Atque
1716 4161 1823 4213 uti-

121 4258 268 4309 nam,
302 4241 514 4314 inquit,
544 4258 664 4297 cum
706 4258 908 4310 magna
936 4247 985 4298 et
1013 4243 1154 4299 dura
1182 4248 1526 4314 quatiuntur,
1554 4263 1733 4317 parva
1774 4252 1826 4302 et

122 4332 383 4397 ﬂexibilia
413 4333 761 4398 corrigantur
790 4332 975 4402 (Ibid.,
1004 4348 1061 4387 n.
1095 4334 1171 4403 3).

787 4420 1012 4475 CAPUT
1050 4421 1169 4475 VII.

128 4508 145 4559 1
191 4507 355 4574 Leges
383 4506 641 4561 adversus
669 4509 926 4563 Ethnicos
963 4512 1013 4563 et
1040 4511 1326 4565 Haereticos
1365 4509 1505 4565 latas
1546 4514 1825 4582 conﬁrmat

190 4595 495 4661 Honorius;
525 4611 846 4664 rursumque
874 4597 1158 4653 Neciarius
1192 4599 1562 4665 Augustinum
1590 4614 1689 4669 pro
1722 4602 1822 4656 Ca-

192 4682 517 4738 lamensibus
546 4689 723 4751 rogat.
751 4686 784 4737 2
810 4684 1057 4739 Libertas
1084 4687 1363 4740 ereticis
1401 4691 1452 4741 et
1486 4689 1727 4756 Pagauis
1755 4689 1822 4742 ab

191 4773 426 4828 Honorio
454 4773 689 4827 indulta.
726 4778 756 4828 3
778 4774 872 4828 Ad
899 4776 1211 4829 Donatistas
1235 4775 1428 4829 scribit
1456 4776 1821 4842 Augustinus.

191 4862 224 4914 4
252 4863 469 4917 Necnon
497 4863 572 4916 ad
605 4864 837 4917 Festum.
886 4866 916 4917 5
947 4863 1289 4932 Summopere
1333 4863 1606 4918 contendit
1633 4880 1668 4918 a
1695 4866 1821 4920 Ma-

191 4948 392 5016 crobio,
440 4954 503 5004 ut
543 4965 609 5004 ne
653 4952 1029 5006 Rusticianum
1082 4951 1470 5006 subdiaconum
1516 4957 1823 5020 apostatam

194 5039 512 5109 rebaptizet.
564 5042 595 5094 6
644 5041 879 5094 Litteras
926 5040 1002 5094 ad
1035 5042 1217 5095 varios
1262 5040 1452 5095 scribit
1481 5041 1541 5093 in
1577 5043 1824 5096 Faventii

193 5131 447 5193 gratiam.
477 5132 508 5181 7
524 5129 892 5183 Victorianum
921 5127 985 5182 ob
1024 5128 1387 5184 intolerabiles
1415 5128 1557 5184 orbis
1596 5130 1820 5184 calami-

195 5218 327 5271 tates
347 5218 527 5270 animo
554 5217 792 5282 fractum
822 5215 1146 5271 corroborat.

198 5304 245 5357 1.
268 5303 475 5375 Legem
505 5303 669 5358 nobis
702 5303 1126 5358 Theodosianus
1154 5304 1330 5359 codex
1351 5305 1681 5376 suppeditat
1697 5305 1820 5377 jam

130 5403 161 5441 a
174 5389 390 5447 decimo
403 5392 648 5463 septimo
665 5390 939 5445 kalendas
953 5392 1266 5447 februarias
1280 5393 1818 5465 anniquadringen-

127 5476 311 5532 tesimi
347 5481 483 5534 noni
511 5480 580 5534 ab
623 5480 870 5534 Honorio
900 5479 1091 5535 datam
1119 5480 1325 5549 (Codice
1356 5482 1577 5548 Theod.,
1606 5482 1671 5537 de
1694 5484 1816 5537 Hae-

131 5565 326 5633 reticis,
355 5568 466 5635 lege
493 5568 621 5638 46);
651 5582 825 5639 quam
863 5566 1097 5640 quidem
1140 5567 1504 5639 impetratam
1546 5574 1816 5641 putamus

3523 342 3627 395 382

1932 463 2193 535 precibus
2222 462 2559 529 antistitum,
2592 461 2692 533 qui
2722 462 2793 516 ad
2827 461 3021 532 ipsum
3067 461 3295 516 decreto
3341 462 3639 534 Carthagi-

1935 552 2126 607 nensis
2172 551 2397 605 concilii
2438 549 2606 605 tertio
2660 549 2786 604 idus
2833 549 3082 604 octobris
3147 550 3286 604 anni
3333 550 3642 621 superioris

1937 642 2107 711 legati
2125 644 2277 705 sunt,
2300 637 2635 710 praesidium
2665 653 2950 709 opemque
2963 636 3308 708 postulaturi
3332 642 3531 693 contra
3544 641 3638 693 Pa-

1941 742 2119 797 ganos
2147 731 2319 797 atque
2347 725 2666 792 haereticos,
2693 741 2728 778 a
2765 725 2974 796 quibus
3004 726 3156 795 leges
3194 724 3253 779 in
3281 741 3339 780 se
3378 726 3638 796 promul-

1944 819 2100 885 gatas
2126 813 2433 869 Stilichone
2463 813 2738 867 exstincto
2784 813 2973 884 vigere
3018 812 3252 867 desiisse
3293 813 3635 883 jactabatur.

1939 905 2016 958 Ne
2047 902 2332 974 siquidem
2383 900 2692 956 Donatista:
2740 900 2904 954 aliive
2932 900 3206 967 haeretici,
3262 901 3499 972 Pagani,
3540 907 3640 955 aut

1931 990 2115 1046 Judaei
2146 989 2215 1045 de
2243 989 2608 1061 abrogatione
2639 1004 2837 1042 earum
2866 989 3058 1060 legum
3089 988 3197 1043 sibi
3237 989 3625 1057 blandiantur,

1936 1078 2249 1149 imperator
2280 1076 2552 1131 universis
2576 1076 2885 1148 judicibus,
2919 1081 2981 1131 ut
3028 1077 3252 1131 easdem
3300 1083 3634 1148 sequantur,

1937 1171 2109 1238 atque
2148 1165 2377 1219 illarum
2394 1164 2738 1219 exsecutioni
2762 1180 2936 1235 quam
2957 1164 3388 1236 diligentissime
3418 1165 3634 1237 prospi-

1937 1255 2110 1317 ciant,
2145 1254 2351 1320 edicit;
2384 1253 2493 1320 his,
2545 1252 2645 1324 qui
2688 1253 2971 1324 imperata
3012 1254 3196 1307 facere
3253 1253 3639 1324 negligercnt,

1937 1342 2235 1414 proposita
2264 1342 2494 1395 mulctaa
2547 1340 2911 1412 pecuniariae,
2955 1340 3291 1412 privationis
3330 1341 3639 1409 honorum,

1940 1447 2164 1486 necnon
2191 1431 2363 1485 etiam
2390 1431 2675 1485 bonorum
2720 1429 3121 1501 publicationis
3151 1435 3207 1485 et
3236 1430 3417 1485 exsilii
3447 1447 3641 1503 poena.

1939 1521 2082 1575 Cum
2112 1523 2304 1572 autem
2334 1518 2466 1573 inde
2495 1517 2793 1597 perspicue
2825 1517 3263 1590 intelligeretur,
3297 1535 3471 1589 quam
3495 1520 3642 1574 bene

1936 1606 1998 1661 in
2030 1605 2331 1661 Ecclesiam
2355 1605 2637 1659 animatus
2668 1610 2814 1660 esset
2841 1605 3192 1677 imperator;
3221 1611 3341 1660 erat
3366 1622 3500 1660 sane
3540 1621 3642 1660 cur

1936 1698 2270 1747 vererentur
2287 1692 2601 1748 idololatria
2630 1694 3009 1760 Calamenses,
3037 1710 3110 1747 ne
3138 1693 3370 1747 meritas
3408 1697 3643 1764 propter

1937 1781 2245 1851 superioris
2264 1782 2403 1835 anni
2424 1782 2669 1836 nefarios
2699 1785 2932 1835 conatus
2957 1797 3155 1850 poenas
3187 1781 3422 1834 luerent.
3459 1780 3639 1843 Quam

1937 1869 2009 1923 ob
2038 1885 2158 1923 rem
2178 1854 2439 1923 animum
2460 1868 2683 1924 induxit
2713 1868 3025 1935 Nectarius,
3048 1869 3120 1922 ad
3147 1883 3316 1937 opem
3336 1867 3643 1938 Augustini

1937 1957 2128 2012 denuo
2141 1959 2471 2028 confugere,
2505 1963 2562 2012 et
2590 1958 2832 2028 acceptis
2846 1958 2916 2011 ab
2942 1973 3009 2011 eo
3040 1961 3170 2011 ante
3202 1962 3421 2027 septem
3440 1964 3635 2013 octove

1936 2061 2158 2100 menses
2188 2046 2391 2100 litteris
2421 2046 2766 2116 respondere
2798 2045 2993 2115 (Epist.
3020 2046 3139 2111 IOi,
3160 2061 3215 2100 η.
3244 2048 3308 2114 1).
3347 2046 3631 2101 Universis

1935 2132 2055 2201 ille,
2087 2133 2188 2205 qui
2226 2150 2459 2204 quoquo
2491 2134 2659 2188 modo
2691 2133 2889 2187 sceleri
2918 2132 3012 2188 isti
3038 2133 3238 2187 afﬁnes
3266 2133 3512 2201 fuerant,
3534 2150 3629 2188 ve-

1936 2220 2093 2275 niam
2121 2221 2430 2291 impetrare
2463 2221 2683 2287 nititur,
2718 2222 2871 2275 falsaa
2900 2221 3073 2291 hujus
3104 2220 3397 2292 opinionis
3422 2222 3637 2278 benefi-

1935 2309 2046 2374 cio,
2077 2310 2228 2380 quod
2260 2309 2454 2364 omnia
2483 2314 2713 2379 peccata
2740 2308 2898 2380 paria
2940 2309 3055 2363 sint
3085 2311 3279 2379 (Epist.
3318 2312 3440 2374 103,
3470 2327 3525 2365 n.
3561 2311 3635 2381 3).

1938 2399 2072 2469 Ejus
2102 2398 2399 2469 epistolam
2429 2397 2785 2468 Augustinus
2822 2402 2978 2451 sexto
3002 2398 3275 2453 kalendas
3311 2397 3507 2469 aprilis
3538 2414 3627 2452 ac-

1938 2484 2122 2556 cepit:
2156 2486 2227 2541 ad
2259 2502 2434 2557 quam
2463 2486 2833 2556 respondens,
2866 2484 3146 2556 principio
3167 2485 3333 2539 illum
3352 2490 3536 2555 rogat,
3575 2489 3640 2540 ut

1938 2575 1985 2628 si
2008 2575 2159 2646 quod
2182 2574 2431 2630 edictum
2456 2591 2621 2645 aequo
2642 2574 2894 2629 severius
2923 2573 3295 2644 impetratum
3323 2590 3357 2627 a
3380 2573 3636 2629 Possidio

1935 2662 2111 2717 fuisse
2141 2663 2292 2717 fama
2321 2663 2668 2734 praevolante
2699 2661 2980 2729 didicerit,
3008 2661 3066 2716 id
3096 2661 3201 2716 sibi
3234 2662 3487 2730 nuntiet,
3522 2678 3636 2726 quo

1937 2750 2261 2821 prospicere
2295 2752 2491 2811 valeat,
2531 2751 2619 2805 vel
2667 2750 2800 2821 quid
2850 2750 3137 2820 agendum
3193 2765 3265 2804 ne
3317 2749 3632 2820 quidquam

1936 2837 2194 2909 asperius
2213 2839 2331 2904 fiat,
2364 2838 2450 2892 vel
2476 2838 2613 2908 quid
2644 2837 3110 2908 respondendum
3139 2837 3210 2890 iis
3244 2836 3344 2907 qui
3370 2836 3512 2890 falso
3537 2852 3632 2889 ru-

1934 2925 2083 2979 mori
2112 2929 2325 2979 temere
2364 2924 2751 2979 credidissent.
2799 2924 2957 2988 Quod
2988 2938 3119 2976 vero
3157 2922 3231 2977 ad
3279 2920 3643 2992 pecuniarias

1934 3014 2173 3067 mulctas
2224 3012 2446 3079 attinet,
2480 3028 2725 3084 quarum
2771 3010 3134 3065 incommoda
3181 3008 3393 3063 mirum
3450 3024 3636 3079 quan-

1933 3104 2058 3156 tum
2089 3101 2464 3172 ampliﬁcarat
2494 3100 2808 3168 Nectarius,
2853 3099 2926 3163 ei,
2960 3114 3134 3169 quam
3180 3098 3315 3151 sine
3350 3112 3519 3150 causa
3567 3098 3637 3151 de

1934 3188 2004 3243 iis
2058 3192 2355 3259 tantopere
2408 3189 2713 3253 laboraret,
2767 3186 2908 3257 ipsis
2944 3185 3422 3256 philosophorum
3463 3184 3635 3239 docu-

1932 3276 2143 3332 mentis
2170 3276 2520 3348 Augustinus
2549 3276 2915 3330 demonstrat.
2951 3276 3343 3345 Praeterquam
3390 3273 3543 3343 quod
3583 3271 3645 3326 is‘

1934 3380 2054 3418 non
2084 3368 2205 3419 erat
2252 3364 2705 3419 Christianorum
2738 3362 2982 3429 animus,
3039 3367 3101 3417 ut
3153 3377 3279 3415 reos
3327 3361 3398 3414 ad
3443 3375 3635 3414 rerum

1934 3452 2197 3523 inopiam
2236 3451 2689 3506 necessariarum
2734 3448 2947 3505 vellant
2988 3449 3269 3520 redigere.
3324 3450 3435 3503 Nec
3481 3447 3637 3502 enim

1933 3540 2050 3595 illis
2080 3541 2455 3612 propositum,
2489 3539 2683 3595 ulcisci
2712 3539 3083 3605 adversarios,
3116 3538 3211 3592 sed
3257 3553 3460 3591 eorum
3503 3552 3636 3590 con-

1935 3630 2120 3684 sulere
2152 3630 2342 3684 saluti.
2373 3630 2537 3691 Tum,
2569 3628 2722 3698 quod
2744 3627 2839 3681 illc
2870 3628 2939 3682 de
2962 3630 3323 3698 peccatorum
3354 3624 3639 3696 parilitate

1935 3717 2175 3785 dixerat,
2206 3721 2431 3770 sanctus
2463 3717 2667 3769 Doctor
2681 3716 2966 3769 confutat:
3000 3730 3063 3767 ac
3077 3729 3208 3766 eum
3234 3728 3637 3784 sunmmopere

1938 3805 2007 3859 ad
2060 3804 2497 3874 amplexandam
2552 3803 2729 3857 ﬁdem
2775 3801 3139 3855 christianum
3183 3801 3466 3855 hortatur.
3528 3801 3635 3853 Po-

1934 3897 2145 3946 stremo
2177 3892 2247 3946 de
2277 3890 2395 3944 ﬁlio
2427 3891 2570 3960 ejus,
2602 3889 2693 3944 cui
2745 3904 2958 3942 nomen
3012 3888 3322 3954 Paradoxo,
3377 3886 3625 3940 mentio-

1932 3996 2066 4035 nem
2103 3978 2337 4045 faciens,
2368 3993 2598 4033 rursum
2628 3993 2802 4048 quam
2830 3976 3152 4047 periculosa
3193 3974 3267 4029 sit
3315 3991 3446 4029 mox
3477 3974 3623 4030 dicta

1930 4067 2243 4123 Stoicorum
2295 4066 2365 4122 de
2411 4065 2655 4136 peccatis
2729 4065 3008 4133 doctrina,
3067 4064 3294 4119 dextere
3348 4064 3628 4134 approbat

1934 4157 2133 4228 (Epist.
2171 4155 2312 4227 104).

2002 4248 2054 4300 2.
2095 4246 2310 4299 Praeter
2337 4243 2460 4297 haec
2488 4242 2776 4298 Honorius
2817 4242 3075 4298 Ecclesiae
3106 4240 3287 4312 gratia
3333 4243 3487 4295 sexto
3533 4239 3633 4293 ka-

1929 4334 2130 4388 lendas
2147 4333 2324 4404 julias
2355 4331 2492 4386 anni
2523 4331 2758 4401 hujusce
2784 4328 3334 4402 quadringentesimi
3364 4327 3503 4382 noni
3537 4327 3636 4382 de-

1931 4421 2124 4486 crevit,
2160 4425 2241 4485 ut,
2274 4437 2404 4492 quas
2434 4420 2502 4474 ad
2536 4419 2695 4473 illam
2718 4418 3090 4490 pertinerent,
3117 4418 3336 4487 judices
3365 4416 3485 4469 sine
3516 4416 3634 4469 ulla

1930 4509 2446 4580 procrastinatione
2463 4512 2807 4563 statuerent:
2842 4511 3017 4577 utque
3040 4504 3241 4571 edicta,
3265 4504 3312 4558 si
3342 4520 3453 4574 qua
3483 4502 3632 4558 forte

1930 4600 2152 4671 legibus
2178 4600 2237 4653 in
2257 4597 2554 4654 haereticos
2569 4599 2691 4669 jam
2715 4596 2880 4650 toties
2909 4594 3125 4650 iteratis
3147 4593 3428 4648 contraria
3451 4593 3548 4648 abs
3569 4610 3629 4647 se

1930 4688 2393 4758 impetrarentur,
2428 4686 2589 4739 omni
2619 4702 2711 4739 om
2731 4683 2870 4738 nino
2891 4683 2945 4737 vi
2990 4700 3055 4736 ac
3101 4680 3436 4735 auctoritate
3476 4697 3633 4737 care-

1928 4779 2079 4844 rent,
2111 4790 2213 4829 nec
2231 4775 2350 4829 ullo
2380 4773 2550 4828 modo
2590 4771 2936 4827 exsecutioni
2982 4771 3392 4825 mandarentur
3431 4771 3639 4839 (Codice

1933 4863 2158 4929 Theod.,
2195 4863 2259 4915 de
2291 4863 2589 4928 Haercticis,
2624 4862 2735 4927 lege
2764 4859 2874 4929 47).
2929 4860 3070 4913 Fore
3114 4857 3493 4929 praesagiebat
3529 4858 3638 4912 for-

1929 4952 2098 5018 sitan,
2130 4955 2196 5004 ut
2224 4950 2284 5004 in
2306 4954 2461 5004 tanta
2480 4947 2709 5018 imperii
2734 4946 3122 5002 imbecillitate
3150 4950 3384 5017 tamque
3411 4945 3634 5000 afﬂictis

1929 5039 2046 5095 suis
2099 5039 2292 5105 rebus,
2349 5037 2501 5092 inter
2546 5035 2865 5107 praecipuos
2917 5052 3051 5090 suos
3098 5034 3466 5089 administros
3518 5049 3635 5086 non

1928 5129 2212 5193 deessent,
2247 5142 2490 5198 quorum
2524 5124 2714 5197 pravis
2770 5124 3130 5178 suasionibus
3178 5123 3246 5178 ad
3295 5121 3509 5192 aliquid
3566 5137 3626 5174 se

1929 5231 2145 5286 suaque
2172 5214 2446 5285 religione
2467 5213 2773 5285 indignum
2801 5213 3201 5269 adduceretur.
3232 5211 3342 5264 Nec
3361 5210 3492 5262 eum
3520 5209 3628 5261 hac

1925 5304 1985 5359 in
2016 5320 2076 5358 re
2106 5303 2306 5358 fefellit
2334 5302 2579 5358 animus.
2617 5302 2839 5357 Etenim
2878 5318 2948 5356 ex
2994 5298 3233 5355 concilio
3281 5294 3623 5365 Carthagine

1926 5392 2145 5448 decimo
2174 5397 2367 5447 octavo
2406 5391 2682 5447 kalendas
2714 5390 2888 5461 julias
2918 5388 3054 5443 anni
3087 5381 3633 5458 quadringentesimi

1923 5480 2127 5536 decimi
2157 5480 2348 5535 habito
2375 5484 2614 5541 constat,
2643 5479 2700 5533 id
2728 5476 3003 5547 temporis
3034 5477 3157 5543 lege
3187 5478 3414 5525 cautum
3474 5487 3616 5531 esse,

1925 5586 1999 5624 ne
2026 5568 2152 5641 quis
2183 5569 2291 5624 nisi
2319 5570 2497 5625 libera
2523 5569 2815 5623 voluntate
2844 5562 3164 5619 christiana
3195 5558 3487 5629 religionis
3511 5562 3630 5617 cul-
