4062 6360
413 291 514 342 383

408 416 534 465 tum
567 409 1010 479 amplecteretur
1035 408 1247 476 (Codice
1277 409 1549 464 Canonum
1576 410 1784 476 Afr-ie,
1816 425 1936 462 can.
1965 408 2102 476 107).

405 498 568 563 Quod
597 496 830 567 quidem
859 512 977 549 non
1008 496 1162 551 aliud
1195 501 1336 566 erat,
1367 513 1540 567 quam
1567 497 1743 552 cuivis
1772 496 2107 567 religionem

407 585 727 657 quamlibet
755 584 1031 655 sequendi
1063 585 1358 654 optionem
1387 585 1736 656 relinquere,
1770 601 1991 638 necnon
2023 601 2110 637 ea-

410 675 541 728 dem
580 689 754 743 opera
783 672 1065 743 quidquid
1093 673 1163 726 ad
1192 689 1319 726 eam
1367 672 1521 727 diem
1569 679 1768 727 contra
1813 672 2110 727 haereticos

413 763 737 832 Paganosve
766 761 1140 814 constitutum
1188 761 1392 827 fuerat,
1451 761 1772 829 antiquare.
1813 763 1877 815 In
1926 761 2110 814 edicto

411 853 608 904 octavo
655 848 927 902 kalendas
980 848 1315 918 septembris
1381 849 1519 902 anni
1567 847 2112 920 quadringentesimi

412 937 620 992 decimi
646 937 776 991 dato
805 938 1060 1008 agnoscit
1098 937 1397 1004 Honorius,
1430 939 1726 991 haereticos
1778 937 2115 1008 rescriptum

413 1027 482 1080 ab
513 1042 571 1080 se
600 1042 703 1096 per
733 1027 928 1080 dolum
956 1026 1318 1096 expressisse,
1351 1043 1463 1096 quo
1493 1043 1622 1080 suos
1668 1025 1776 1080 sibi
1804 1031 2112 1079 conventus

412 1115 699 1168 celebrare
738 1115 932 1168 liceret
964 1115 1172 1181 (Codice
1221 1115 1441 1180 Theod.,
1473 1115 1537 1167 de
1576 1117 1793 1181 liceret,
1854 1116 1964 1182 lege
2003 1111 2110 1183 51).

412 1205 555 1257 Item
586 1203 646 1257 in
676 1203 810 1272 alio,
842 1203 993 1274 quod
1020 1203 1205 1272 pridie
1233 1203 1358 1257 idus
1388 1202 1632 1257 octobris
1661 1203 1833 1266 dedit,
1869 1203 2116 1257 declarat

409 1292 744 1362 imperator,
775 1291 822 1345 si
864 1291 1002 1362 quid
1045 1291 1325 1357 statuerit,
1358 1291 1512 1361 quod
1540 1291 1600 1344 in
1629 1307 1749 1344 rem
1781 1307 1944 1344 suam
1991 1307 2112 1344 esse

414 1381 732 1434 existiment
766 1380 968 1434 Donati
996 1383 1320 1448 sectatores,
1349 1379 1404 1433 id
1437 1380 1496 1433 in
1529 1379 1637 1433 hoc
1663 1385 1889 1434 tantum
1920 1379 2112 1434 animo

413 1469 625 1522 factum
653 1468 846 1535 fuisse,
878 1472 943 1523 ut
969 1468 1197 1522 suavius
1229 1484 1427 1522 eorum
1456 1473 1674 1522 mentes
1722 1469 1791 1523 ad
1835 1468 2110 1538 supersti-

414 1556 604 1610 tiones
631 1555 977 1625 abjiciendas
1015 1556 1498 1626 corrigendosque
1537 1572 1758 1610 errores
1789 1555 2115 1625 impelleret

414 1645 594 1715 (Ibid.,
628 1646 694 1697 de
733 1646 930 1711 Relig.,
978 1645 1076 1698 sub
1123 1645 1232 1711 lege
1266 1647 1334 1713 3).
1389 1646 1597 1715 Legem
1642 1644 1798 1698 illam
1832 1644 2115 1698 libertatis

411 1737 675 1786 autumat
705 1731 980 1785 Baronius
1029 1731 1265 1785 consilio
1315 1733 1490 1786 latam
1549 1733 1868 1786 Heracliani
1914 1733 2115 1786 Africzr.

410 1820 634 1875 comitis
662 1823 717 1873 et
739 1818 1005 1874 Macrobii
1034 1821 1429 1890 proconsulem
1451 1820 1532 1874 ibi
1553 1837 1704 1874 anno
1727 1821 2115 1891 quadringen-

409 1907 613 1963 tesimo
645 1906 863 1960 decimo
895 1907 1154 1976 agentis:
1186 1911 1251 1960 ut
1279 1924 1351 1961 ne
1383 1908 1644 1962 videlicet
1689 1909 2117 1962 Donatistarum

411 1996 719 2053 factionem
743 1995 1132 2065 gentilemque
1164 2000 1374 2050 sectam
1421 1996 1599 2050 nimia
1629 1996 1992 2067 superiorum
2036 1997 2115 2049 le-

412 2101 552 2157 gum
607 2083 904 2137 severitate
958 2083 1294 2148 abalienari,
1353 2085 1424 2139 ab
1475 2085 1746 2151 Honorio,
1805 2089 1976 2156 atque
2047 2085 2117 2138 ad

413 2173 587 2229 Attali
607 2177 798 2242 partes
829 2171 1052 2225 traduci
1065 2171 1442 2242 contingeret.
1467 2174 1831 2227 Heraclianus
1859 2174 2116 2243 quidem,

413 2263 644 2332 qualem
673 2277 805 2314 eum
834 2260 1210 2330 Hieronymus
1240 2261 1496 2330 depingit
1526 2265 1784 2331 (Hieron,
1815 2264 1992 2330 Epist.
2044 2265 2116 2329 8),

412 2366 480 2404 eo
513 2353 635 2403 erat
664 2348 922 2419 ingenio,
954 2353 1020 2402 ut
1049 2348 1106 2402 id
1137 2349 1359 2402 consilii
1409 2366 1522 2402 non
1571 2349 1874 2404 difficulter
1919 2350 2116 2404 daret:

415 2436 730 2494 Macrobius
758 2452 892 2489 vero
926 2436 992 2502 si,
1026 2437 1178 2506 quod
1232 2437 1492 2490 nonnulli
1540 2442 1767 2507 putant,
1812 2437 1966 2491 idem
2013 2442 2119 2506 est,

415 2526 518 2597 qui
546 2525 932 2579 Saturnalium
961 2524 1138 2578 libros
1169 2524 1363 2590 edidit,
1391 2525 1544 2579 haud
1571 2525 1807 2579 obscure
1833 2525 2120 2579 idolorum

415 2612 590 2666 cultui
641 2612 904 2667 addictus
958 2612 1424 2682 deprehenditur.
1483 2613 1565 2667 Ad
1623 2613 1882 2668 eamdem
1935 2614 2120 2683 legem

418 2704 700 2771 spectasse
747 2699 972 2754 videtur
1014 2701 1291 2760 Zosimus,
1335 2700 1437 2755 ubi
1498 2700 1734 2755 tradidit
1789 2701 2006 2756 aditum
2054 2702 2122 2756 ad

421 2788 729 2859 dignitates
761 2793 882 2842 tum
915 2789 1184 2854 forenses,
1243 2794 1364 2842 tum
1423 2789 1699 2842 militares
1751 2790 1822 2844 ab
1872 2790 2120 2844 Honorio

417 2877 708 2944 omnibus,
741 2881 960 2930 retenta
1003 2893 1104 2930 sua
1132 2877 1407 2948 cujusque
1445 2877 1746 2947 religione,
1780 2878 2120 2947 patefactum

418 2983 573 3033 esse;
603 2970 771 3036 atque
803 2965 874 3018 ob
906 2982 1034 3019 eam
1066 2982 1208 3032 rem,
1241 2967 1444 3037 legem,
1479 2982 1653 3036 quam
1683 2966 1900 3020 decimo
1931 2971 2122 3020 octavo

417 3054 691 3110 kalendas
719 3054 1038 3108 decembris
1069 3054 1206 3108 anni
1235 3053 1783 3125 quadringentesimi
1813 3054 1996 3109 octavi
2029 3062 2120 3108 lu-

419 3146 561 3199 lerat
593 3145 874 3208 (Zosimus,
906 3145 1050 3196 Hist.
1095 3143 1187 3196 lib.
1220 3144 1291 3210 5),
1344 3143 1692 3213 abrogatam.
1743 3143 1883 3196 Huic
1931 3148 2122 3196 autem

419 3230 792 3299 abrogationi
809 3245 1039 3284 causam
1061 3229 1282 3284 dedisse
1299 3231 1548 3283 affirmat
1567 3230 1907 3284 Generidum
1924 3245 2125 3300 quem-

430 3320 565 3373 dam
595 3317 873 3388 religione
893 3333 1390 3388 paganum,quem
1417 3334 1546 3372 cum
1570 3320 1887 3388 Imperator
1904 3319 2126 3372 Dalma-

426 3406 552 3461 ticis
580 3405 902 3476 legionibus
932 3406 1220 3476 praeficere
1251 3406 1536 3472 voluisset,
1569 3407 1715 3460 facta
1742 3407 1795 3460 ei
1824 3407 1986 3478 legis,
2013 3423 2126 3477 qua

425 3496 646 3550 honore
676 3493 774 3547 illo
796 3494 1222 3565 excludebatur,
1252 3495 1453 3566 gratia,
1483 3497 1729 3550 delatam
1760 3496 1854 3550 ille
1882 3497 2119 3566 dignita-

425 3585 563 3650 tem,
594 3580 705 3634 nisi
735 3598 800 3635 ea
838 3582 926 3636 lex
974 3582 1211 3636 omnino
1257 3584 1673 3654 antiquaretur,
1715 3585 2005 3638 recusarit.
2064 3585 2123 3638 Id

423 3669 522 3724 ille
553 3669 855 3739 contigisse
886 3671 1062 3724 tradit
1098 3673 1269 3741 paulo
1301 3677 1608 3744 antequam
1648 3673 1718 3727 ab
1757 3674 1980 3726 Alarico
2011 3675 2123 3726 Im-

425 3761 658 3827 perator
687 3764 978 3812 crearetur
993 3759 1215 3813 Attalus
1241 3776 1252 3813 :
1279 3765 1448 3831 atque
1480 3761 1622 3815 adeo
1656 3777 1768 3814 non
1801 3761 2042 3815 absurde
2064 3761 2124 3814 in

425 3845 684 3899 medium
728 3863 945 3902 annum
985 3848 1614 3919 quadringentesimum
1662 3866 1878 3904 nonum
1925 3850 2124 3904 referri

425 3939 633 4004 posset.
665 3936 729 3989 Et
759 3952 895 3990 sane
924 3942 1132 4008 putant
1161 3938 1393 3992 Honorii
1424 3939 1483 3992 in
1509 3940 1802 3993 haereticos
1828 3939 2127 4009 indulgen-

425 4021 565 4076 tiam
596 4027 916 4093 postremos
946 4025 1082 4078 anni
1122 4026 1676 4096 quadringentesimi
1714 4027 1850 4081 noni
1903 4043 2130 4081 menses

424 4113 678 4178 durasse,
702 4129 764 4165 ac
786 4113 1098 4182 sequentis,
1122 4129 1330 4184 nempe
1347 4115 1900 4185 quadringentesimi
1925 4115 2132 4170 decimi

427 4199 662 4271 primos.
691 4199 985 4270 Olympius
1016 4217 1083 4254 eo
1111 4206 1367 4272 tempore
1391 4204 1752 4273 Imperatoris
1783 4204 1967 4274 gratia
1995 4204 2134 4260 exci.

433 4289 610 4353 derat,
655 4291 710 4340 et
729 4287 1006 4358 dignitate
1030 4295 1230 4343 exutus
1260 4291 1319 4343 in
1338 4291 1673 4348 Dalmatiam
1699 4292 1959 4346 secedere
1982 4309 2105 4346 com
2121 4322 2134 4332 -

439 4376 638 4446 pulsus
667 4375 884 4442 fuerat;
910 4380 1080 4446 atque
1101 4378 1172 4431 ob
1200 4394 1324 4432 eam
1347 4395 1464 4432 rem
1498 4379 1828 4450 neutiquam
1847 4380 2130 4446 eilicebat,

446 4464 762 4520 Honorium
791 4480 825 4517 a
852 4466 1060 4534 pravis,
1096 4482 1224 4536 qua:
1269 4467 1379 4537 ipsi
1429 4469 1896 4538 suggerebantur,
1949 4469 2135 4523 consi-

441 4552 532 4606 liis
563 4556 816 4606 avertere
846 4553 1028 4623 (Ibid).
1064 4551 1179 4607 Illis
1205 4559 1395 4610 tamen
1426 4572 1543 4610 non
1583 4557 1679 4611 diu
1708 4557 1901 4628 paruit
1951 4560 2130 4628 Impe-

443 4645 621 4707 rator,
646 4656 711 4694 ac
737 4641 1000 4711 proximo
1023 4659 1172 4697 anno
1205 4644 1379 4698 visuri
1404 4661 1620 4714 sumus,
1651 4647 2137 4717 quemadmodum

434 4729 493 4782 in
546 4728 685 4799 ipsis
738 4731 1246 4787 turbulentissimis
1287 4734 1476 4802 rebus,
1519 4752 1642 4789 eam
1699 4736 1905 4807 legem,
1965 4753 2138 4808 quam

440 4816 543 4872 abs
573 4834 632 4870 se
660 4820 986 4890 extorqueri
1034 4823 1396 4893 praeposteris
1424 4824 1671 4878 consiliis
1700 4842 1898 4896 passus
1934 4825 2137 4891 fuerat,

434 4904 821 4975 abrogaverit.

518 4996 569 5049 3.
617 4994 816 5049 Datam
849 4997 1134 5053 credimus
1175 4999 1245 5053 ab
1287 5001 1607 5071 Augustino
1652 5004 1757 5057 sub
1795 5003 1967 5074 hujus
2008 5004 2142 5058 anni

453 5081 684 5135 initium
714 5083 1034 5153 epistolam,
1059 5102 1187 5156 qum
1217 5090 1816 5159 generatimfomnibus
1837 5092 2140 5145 Donatistis

447 5170 793 5225 inscribitur
823 5174 1014 5242 (Epist.
1054 5177 1194 5244 105).
1235 5177 1300 5229 In
1342 5194 1404 5231 ea
1429 5178 1584 5232 enim
1632 5179 1844 5233 mentio
1882 5181 1946 5234 t
1986 5180 2141 5234 falsae

447 5259 606 5314 illius
657 5260 1030 5332 indulgentiae
1068 5280 1167 5318 seu
1215 5265 1604 5336 abrogationis
1645 5269 1890 5321 latarum
1939 5269 2001 5321 in
2048 5285 2144 5322 eos

442 5347 659 5418 legum,
685 5350 846 5420 cujus
884 5349 970 5404 illi
997 5350 1208 5406 famam
1239 5358 1492 5408 vertente
1523 5371 1671 5409 anno
1697 5355 2142 5426 quadringente-

446 5435 594 5489 simo
627 5442 823 5492 octavo
850 5444 1210 5508 sparserant;
1259 5441 1454 5512 ibique
1495 5443 1698 5512 recipit
1744 5448 1969 5498 sanctus
2014 5444 2143 5515 Epi-

448 5539 673 5593 scopus,
708 5527 1229 5584 demonstraturum
1261 5547 1342 5600 se,
1373 5531 1544 5586 modo
1573 5531 1685 5602 ipsi
1723 5532 1915 5586 venire
1944 5533 2005 5587 in
2025 5534 2142 5588 col-

1662 286 1814 338 VI'I'A
1867 285 1922 340 S.
1966 285 2339 341 AUGUSTINI
2380 284 2706 339 EPISCOPI.

3827 284 3928 336 383

2219 408 2628 478 loquiumnon
2651 405 2984 470 detrectent,
3005 403 3268 474 quaedam
3298 403 3366 457 ad
3387 402 3675 464 Caeciliani
3695 417 3930 456 causam

2219 495 2593 566 pertinentia,
2635 509 2762 564 quae
2802 493 3090 563 praecipua
3135 491 3373 545 materia
3400 492 3558 545 fuere
3606 490 3932 546 collationis

2221 583 2722 654 Carthaginensis:
2757 582 2826 636 de
2857 598 2971 652 qua
2995 580 3227 651 quidem
3258 580 3561 634 collatione
3598 597 3713 634 non
3745 579 3929 651 signi-

2221 675 2353 727 cat
2381 671 2681 744 quidpiam
2713 671 2896 724 adhuc
2920 669 3094 723 fuisse
3123 668 3516 722 constitutum.
3549 669 3843 723 Plurimos
3873 668 3930 721 in

2223 761 2497 832 epistolm,
2552 761 2764 813 calcem
2820 757 3077 828 congerit
3139 756 3446 826 Scriptura!
3495 757 3664 820 locos,
3717 755 3933 827 quibus

2227 849 2537 903 Ecclesiam
2559 848 2896 901 catholicam
2921 863 3022 915 per
3036 861 3233 898 omnes
3257 849 3454 914 gentes
3465 845 3732 898 diffusam
3744 850 3933 898 osten-

2229 937 2369 991 dat:
2403 938 2740 1006 ejnstamen
2771 935 3078 990 maximam
3109 939 3328 1003 partem
3379 950 3446 985 eo
3496 934 3690 1001 refert,
3747 937 3815 987 ut
3863 934 3934 987 ab

2227 1042 2426 1080 corum
2455 1024 2952 1079 criminationibus
2969 1024 3163 1093 legum
3182 1021 3418 1076 Honorii
3434 1021 3791 1076 severitatem
3813 1021 3934 1074 vin-

2223 1114 2408 1168 dicet:
2443 1115 2594 1168 unde
2637 1113 2690 1167 id
2749 1114 3025 1182 scriptum
3078 1112 3364 1182 intelligas
3415 1115 3547 1164 ante
3603 1110 3931 1164 libertatem

2225 1201 2528 1273 cujuslibet
2556 1202 2810 1256 colendae
2853 1200 3149 1270 religionis
3180 1200 3249 1254 ab
3301 1198 3552 1253 Honorio
3603 1214 3930 1252 concessam

2225 1297 2477 1345 extremo
2501 1291 2606 1344 isto
2629 1307 2776 1344 anno
2799 1288 3366 1361 quadringentesimo
3389 1304 3560 1341 nono.
3582 1287 3719 1341 Huic
3733 1290 3933 1341 autem

2225 1380 2540 1434 scribenda:
2573 1379 2826 1450 epistola:
2857 1379 3208 1432 occasionem
3231 1377 3607 1448 praebuerunt
3635 1376 3872 1447 quidam
3902 1392 3935 1429 e

2226 1469 2431 1523 Donati
2451 1473 2613 1539 parte
2641 1466 2984 1538 presbyteri,
3017 1465 3114 1537 qui
3136 1464 3454 1518 renuntiari
3481 1464 3800 1530 Augustino
3813 1465 3935 1532 jus-

2225 1573 2348 1610 sere
2382 1556 2668 1626 ipsissima
2703 1556 2824 1608 haec
2859 1555 3067 1608 verba:
3101 1554 3345 1608 Rcceditc
3434 1552 3681 1621 plebibus
3706 1555 3930 1616 nostris,

2223 1645 2274 1696 si
2294 1657 2398 1694 non
2418 1642 2582 1694 vultis
2612 1644 2669 1693 ut
2695 1641 3080 1708 interciamus
3109 1652 3199 1690 vos
3232 1635 3416 1706 (Ibid.,
3500 1678 3510 1689 .
3538 1635 3606 1705 1).

2295 1733 2345 1784 4.
2391 1730 2628 1788 Insanos.
2688 1744 2816 1798 qua:
2867 1727 2929 1780 in
2985 1725 3213 1780 exordio
3270 1723 3524 1794 epistolae
3576 1725 3646 1778 ad
3702 1726 3934 1778 Festum

2226 1821 2765 1881 commemorantur,
2789 1813 3212 1869 Donatistarum
3231 1813 3407 1866 mina:
3430 1813 3627 1882 (Ep-ist.
3653 1815 3742 1877 89,
3765 1829 3823 1866 .
3857 1816 3927 1879 1).

2226 1906 2465 1961 forsitan
2485 1906 2624 1976 ipsa:
2655 1909 2804 1966 sunt,
2827 1921 2967 1974 quas
2994 1919 3062 1957 ex
3091 1901 3255 1956 dictis
3276 1900 3583 1971 Augustini
3603 1901 3674 1954 ad
3703 1901 3934 1955 eosdem

2227 1995 2433 2050 litteris
2464 1994 2639 2048 modo
2661 1992 2986 2047 retulimus.
3023 1989 3386 2045 Tentationes
3415 2005 3569 2055 vero,
3602 1989 3816 2060 quibus
3836 2005 3938 2044 eos

2226 2083 2502 2155 probatos
2556 2081 2715 2149 dicit,
2769 2081 2870 2152 qui
2909 2081 2969 2134 in
3008 2079 3294 2150 gremium
3343 2078 3602 2133 Ecclesia:
3647 2077 3939 2132 redierant

2231 2173 2414 2242 (Ibid.,
2429 2189 2484 2225 .
2501 2171 2576 2241 7),
2595 2186 2866 2241 peraque
2894 2169 2964 2223 ad
2996 2184 3062 2222 ea
3082 2183 3211 2238 quin
3233 2171 3332 2220 aut
3361 2165 3690 2221 Stilichonis
3711 2181 3933 2229 necem,

2231 2265 2329 2314 aut
2375 2259 2608 2314 Honorii
2658 2260 2928 2313 adversus
2977 2255 3294 2311 Donatistas
3328 2255 3613 2326 jussiones
3666 2255 3738 2308 ab
3787 2271 3936 2308 anno

2230 2347 2798 2419 quadringentesimo
2829 2346 3030 2416 quinto
3072 2348 3370 2400 consecuta
3420 2343 3691 2409 diximus,
3734 2343 3936 2397 referri

2230 2441 2468 2508 queunt.
2515 2439 2655 2490 Nam
2687 2452 2800 2506 quo
2838 2441 3096 2504 tempore
3123 2435 3252 2489 data
3275 2433 3383 2487 fuit
3416 2434 3538 2487 haec
3569 2432 3834 2502 epistola,
3871 2449 3936 2486 co

2231 2530 2379 2580 certe
2394 2526 2454 2578 in
2478 2525 2605 2578 illos
2636 2541 2705 2579 ex
2734 2523 3129 2594 imperialibus
3160 2522 3354 2576 edictis
3381 2538 3499 2575 non
3529 2521 3782 2591 segniter
3798 2537 3935 2590 age-

2228 2616 2395 2669 batur
2423 2614 2614 2682 (lbid.,
2656 2630 2749 2667 nn.
2788 2616 2834 2681 l,
2875 2615 2928 2678 2,
2962 2616 3015 2681 3,
3058 2615 3124 2672 6).
3153 2609 3484 2666 Collationis
3515 2614 3708 2664 autem
3737 2609 3937 2680 inipsa

2229 2702 2387 2755 nulla
2413 2701 2655 2754 mentio.
2693 2702 2888 2754 Festus
2943 2715 3118 2769 porro
3163 2699 3340 2753 laicus
3371 2702 3513 2766 erat,
3566 2715 3631 2752 ac
3686 2698 3935 2768 publicis

2231 2789 2496 2867 gerendis
2527 2789 2864 2844 muneribus
2885 2789 3225 2860 implicatus.
3261 2787 3401 2842 Huic
3431 2793 3594 2842 erant
3621 2788 3678 2841 in
3720 2788 3935 2859 Hippo-

2232 2879 2395 2934 nensi
2419 2883 2596 2933 tractu
2629 2895 2660 2932 e
2693 2877 2896 2932 Donati
2926 2882 3075 2931 secta
3111 2877 3324 2931 subditi
3352 2877 3537 2945 (Ibid.,
3567 2893 3623 2930 .
3653 2878 3743 2943 8):
3791 2893 3936 2947 quos

2232 2967 2465 3037 quidem
2496 2968 2588 3020 ille
2623 2966 2845 3037 scriptis
2889 2965 3093 3019 litteris
3124 2965 3196 3019 ad
3235 2965 3753 3019 reconciliationem
3804 2981 3933 3018 cum

2233 3057 2476 3110 Ecclesia
2517 3057 2704 3110 fuerat
2760 3055 3129 3120 cohortatus;
3178 3070 3376 3107 verum
3419 3053 3732 3124 quominus
3767 3053 3825 3105 id
3867 3069 3936 3106 ex

2233 3149 2362 3198 voto
2392 3144 2733 3210 succederet,
2766 3142 3032 3197 nonnihil
3077 3141 3335 3196 fortassis
3365 3142 3682 3196 obstiterat.
3718 3143 3938 3195 Horum

2233 3232 2428 3286 salutis
2454 3232 2738 3286 studiosus
2768 3235 2888 3284 erat
2924 3231 3296 3302 Augustinus,
3330 3230 3726 3300 nonipsorum
3763 3228 3940 3282 modo

2234 3322 2530 3388 causa,sed
2550 3321 2724 3376 etiam
2743 3320 2972 3374 illorum
2999 3319 3099 3390 qui
3126 3335 3257 3373 cum
3287 3319 3357 3373 ad
3388 3318 3728 3373 catholicam
3760 3317 3939 3371 fidem

2234 3427 2292 3464 se
2318 3409 2682 3480 recepissent,
2711 3407 2974 3462 nonnihil
3005 3407 3304 3478 capiebant
3335 3424 3401 3461 ex
3445 3406 3692 3460 aliorum
3732 3405 3944 3458 vicinia

2235 3497 2580 3552 detrimenti.
2622 3499 2818 3568 Itaque
2869 3498 2936 3551 ad
2970 3498 3195 3551 Festum
3227 3496 3441 3550 litteras
3499 3495 3672 3559 dedit,
3725 3510 3943 3564 rogans

2237 3591 2298 3640 ut
2327 3587 2574 3656 aliquem
2608 3585 2787 3640 fidum
2809 3603 2872 3639 ex
2920 3585 3260 3646 domesticis,
3295 3585 3378 3638 vel
3421 3600 3488 3638 ex
3517 3583 3710 3637 amicis
3760 3582 3943 3637 desti-

2234 3680 2416 3742 naret,
2451 3674 2550 3746 qui
2581 3691 2646 3728 eo
2675 3691 2791 3728 non
2819 3678 2972 3728 recta
3000 3691 3264 3744 pergens,
3296 3674 3366 3727 ad
3409 3689 3466 3726 se
3499 3672 3716 3726 caeteris
3745 3671 3944 3725 insciis

2238 3765 2566 3831 diverteret,
2605 3779 2718 3833 quo
2763 3762 3196 3816 communicatis
3244 3761 3508 3823 consiliis,
3559 3776 3673 3831 qua
3711 3758 3942 3830 potissi-

2237 3869 2396 3907 mum
2426 3852 2648 3906 ratione
2668 3851 2863 3922 pellici
2891 3851 2960 3906 ad
2994 3850 3298 3904 Ecclesiam
3329 3854 3565 3920 possent
3602 3849 3946 3902 decernere-

2236 3945 2348 3995 tur.
2377 3942 2442 3994 Et
2461 3957 2532 3994 ne
2562 3940 2691 4012 quis
2715 3941 2941 3994 Festum
2973 3939 3042 3992 ab
3074 3955 3140 3992 eo
3170 3938 3576 3992 dehortaretur
3593 3935 3802 4002 studio,
3827 3952 3944 4006 quo

2239 4027 2567 4084 revocandis
2606 4028 2676 4082 ad
2722 4027 2898 4081 dem
2961 4025 3204 4081 subditis
3251 4041 3485 4095 operam
3534 4040 3740 4078 navare
3778 4040 3945 4078 suam

2240 4123 2506 4188 coeperat,
2539 4132 2766 4170 causam
2794 4115 2976 4169 eidem
2995 4114 3228 4185 exponit
3257 4112 3596 4178 schismatis,
3621 4129 3946 4182 quonamve

2241 4207 2413 4260 modo
2444 4206 2516 4259 ad
2545 4221 2603 4258 se
2650 4206 2952 4259 redeuntes
2994 4202 3237 4257 Ecclesia
3285 4200 3539 4271 recipiat.
3583 4201 3664 4255 Ad
3713 4202 3947 4255 Festum

2242 4299 2436 4348 contra
2466 4293 2783 4348 Donatistas
2805 4292 2985 4346 sancti
3015 4290 3281 4347 Praesulis
3312 4288 3816 4344 commonitorium
3843 4291 3946 4344 ad-

2243 4386 2404 4437 notat
2427 4381 2712 4436 Possidius
2743 4383 2822 4451 (1n
2850 4381 3110 4445 Indiculo,
3133 4395 3248 4448 cap.
3282 4379 3359 4447 3).

2313 4474 2364 4524 5.
2387 4469 2882 4533 Quemadmodum
2901 4467 3254 4537 Augustinus
3281 4465 3342 4519 in
3363 4465 3418 4519 id
3439 4463 3804 4518 incumbebat
3825 4467 3947 4518 toto

2246 4558 2437 4612 animo
2468 4563 2524 4611 et
2548 4557 2734 4612 studio
2765 4555 2946 4622 omni,
2991 4559 3055 4610 ut
3109 4573 3139 4609 e
3182 4571 3283 4609 sua
3326 4552 3677 4624 Hipponensi
3719 4551 3953 4607 dimcesi

2245 4646 2502 4700 funditus
2533 4645 2942 4716 exstirparetur
2972 4642 3397 4698 Donatistarum
3435 4640 3702 4695 haeresis:
3734 4640 3813 4694 sic
3838 4641 3952 4695 Do-

2247 4735 2467 4789 natistae
2488 4733 2734 4787 vicissim
2761 4733 2876 4786 illic
2905 4737 2968 4786 ut
2992 4749 3058 4786 ea
3086 4732 3416 4785 rmaretur
3445 4735 3614 4801 atque
3660 4729 3833 4784 etiam
3867 4729 3954 4783 in-

2247 4827 2600 4878 crementum
2632 4825 2879 4892 caperet,
2921 4838 3026 4892 pro
3055 4820 3274 4874 viribus
3323 4819 3705 4874 enitebantur.
3752 4819 3955 4888 Neque

2248 4913 2502 4984 profecto
2531 4911 2711 4966 valuit
2735 4909 3157 4981 vigilantissimi
3205 4925 3342 4963 cura
3386 4908 3660 4978 laborque
3706 4907 3956 4977 pastoris

2248 5001 2549 5072 impedire,
2583 4999 2890 5071 quominus
2924 4999 2994 5053 de
3022 5015 3125 5053 suo
3157 5014 3332 5069 grege
3361 4996 3702 5068 profligatns
3723 4995 3957 5066 aliquis,

2250 5097 2308 5143 et
2339 5091 2542 5144 scelere
2571 5089 2832 5160 perditus
2863 5103 2924 5142 ac
2949 5091 3217 5158 egestate,
3257 5086 3328 5141 ad
3359 5101 3558 5140 eorum
3598 5085 3791 5138 caulas
3819 5101 3956 5154 per-

2249 5182 2489 5250 fugeret.
2517 5183 2658 5234 Nem
2683 5195 2786 5250 per
2814 5179 2924 5233 hoc
2969 5178 3182 5248 ipsum,
3216 5178 3279 5232 in
3307 5193 3422 5248 quo
3461 5190 3781 5240 versamur,
3814 5180 3960 5229 tem-

2251 5287 2359 5340 pus
2384 5269 2744 5324 Rustisianus
2771 5267 3008 5338 quidam
3039 5266 3423 5337 Hipponensis
3447 5263 3704 5320 dimcesis
3734 5264 3961 5319 subdia-

2251 5374 2426 5412 conus
2456 5357 2789 5422 catholicus,
2819 5356 2918 5427 qui
2949 5356 3020 5410 ob
3063 5355 3361 5425 improbos
3406 5368 3591 5407 mores
3630 5369 3963 5408 excommu-

2252 5446 2472 5500 nicatns
2487 5462 2520 5499 a
2548 5446 2881 5516 presbytero
2904 5461 3006 5498 suo
3029 5449 3170 5509 erat,
3197 5459 3424 5498 necnon
3452 5442 3770 5495 multorum
3786 5442 3962 5496 etiam

2257 5535 2319 5589 in
2356 5534 2455 5588 illa
2484 5533 2717 5603 regione
2745 5533 2964 5588 debitor
3008 5532 3210 5598 factus,
3245 5531 3385 5587 dum
3423 5529 3637 5600 aliquid
3681 5531 3961 5602 praesidii,
