4062 6358
149 305 258 354 38ῑί
1684 301 1843 355 LIBE

2000 300 2230 356 EXTUS.

140 438 284 476 cum
338 422 607 476 adversus
648 421 953 476 creditores
1000 436 1153 485 suos,
1196 426 1322 475 tum
1361 426 1560 475 contra
1605 423 1862 476 Ecclesia:

140 511 522 582 disciplinam
536 527 739 580 parare
765 510 873 564 sibi
897 509 1073 580 cupit,
1098 510 1380 581 optimum
1405 511 1550 565 factu
1565 511 1858 580 judicavit,

141 599 316 654 adire
351 599 421 654 ad
451 599 800 653 Macrobium
835 599 1328 653 schismaticorum
1353 600 1505 669 apud
1539 601 1862 671 Hipponem

142 689 510 759 episc0pum,
553 692 610 742 ct
639 688 884 741 alterum
931 687 1002 741 ab
1034 703 1099 740 eo
1145 687 1501 758 Baptismum
1528 689 1812 758 suscipere
1843 705 1856 742 :

143 793 267 846 quo
296 776 576 830 nimirum
609 777 790 843 lieret,
817 780 883 828 ut
912 776 980 828 ab
1010 775 1577 830 Circumcellionibus
1606 777 1866 847 diligere-

143 871 246 919 tur
284 866 448 919 velut
489 864 921 929 mundissimus,
970 869 1026 918 et
1071 864 1475 919 defenderetur
1507 867 1705 934 (Epist.
1747 869 1864 933 €08,

141 969 203 1006 τι.
243 955 362 1020 19).
397 951 750 1022 Augustinus
781 967 916 1022 ergo
941 952 1038 1006 ubi
1069 953 1317 1022 primum
1346 953 1649 1007 concilium
1682 953 1868 1007 Rusti-

144 1039 307 1093 ciani
335 1039 634 1100 intellexit,
668 1037 889 1091 litteras
914 1037 1139 1109 scripsit
1162 1038 1232 1092 ad
1264 1040 1629 1106 Macrobium,
1666 1041 1863 1094 breves

143 1128 279 1181 illas
327 1127 584 1198 quidem,
631 1127 727 1180 sed
775 1126 1154 1181 nihilominus
1202 1128 1600 1196 vehementes;
1661 1129 1866 1198 quibus

141 1211 318 1270 illum
347 1232 452 1286 per
479 1215 719 1269 salutem
751 1215 962 1269 animee
990 1217 1236 1285 adjurat,
1268 1233 1339 1270 ne
1372 1216 1642 1270 iteratum
1675 1217 1864 1287 Bapti-

143 1319 346 1358 smum
371 1303 462 1357 isti
477 1303 822 1357 subdiacono
853 1303 1129 1368 conferat,
1147 1308 1244 1357 aut
1269 1305 1466 1357 saltem
1483 1308 1549 1358 ut
1562 1303 1866 1374 quaestioni

143 1392 217 1446 de
271 1391 640 1461 Baptismate,
691 1392 844 1462 quod
896 1391 1214 1446 Felicianus
1261 1392 1763 1446 administraverat
1805 1393 1863 1445 in

146 1480 486 1534 Maximiani
519 1480 842 1539 schismate,
897 1480 1258 1550 respondeat.
1301 1481 1463 1543 Quod
1509 1486 1863 1551 postremum

147 1569 195 1621 si
223 1569 328 1622 ille
361 1569 713 1638 prmstiterit,
737 1572 1002 1638 paratum
1027 1585 1087 1622 se
1110 1573 1335 1622 sanctus
1365 1569 1567 1622 Doctor
1595 1569 1862 1636 affirmat,

150 1657 221 1710 ad
276 1657 640 1727 Baptismum
690 1657 878 1710 denuo
920 1657 1348 1727 suspiciendum
1396 1675 1408 1711 :
1457 1657 1545 1710 sin
1575 1663 1763 1712 autem
1797 1659 1864 1713 de

153 1745 433 1799 Feliciani
479 1745 626 1798 facto
667 1745 909 1811 dubitet,
942 1745 996 1799 id
1027 1762 1084 1798 se
1113 1745 1487 1815 probaturum
1517 1763 1584 1799 ea
1624 1746 1746 1816 lege
1778 1764 1866 1799 re-

151 1833 318 1903 cipit,
354 1839 420 1888 ut
446 1834 505 1886 ni
533 1834 753 1900 fecerit,
785 1834 1119 1903 episcopatu
1149 1851 1252 1887 suo
1283 1834 1444 1888 cadat
1476 1836 1678 1903 (Epist.
1717 1836 1861 1904 106).

152 1921 402 1974 Maximo
433 1925 489 1974 et
524 1920 819 1974 Theodoro
867 1920 1166 1990 epistolam
1211 1921 1357 1975 hanc
1405 1922 1475 1975 ad
1520 1923 1863 1976 Macrobium

152 2010 536 2064 deferendam
564 2009 819 2063 tradidit.
855 2009 954 2062 Hic
991 2009 1245 2079 primum
1275 2009 1425 2072 illos,
1457 2025 1529 2063 ne
1562 2010 1865 2080 Augustini

149 2097 378 2152 litteras
413 2097 466 2150 ei
496 2097 822 2165 recitarent,
853 2097 1152 2150 admittere
1183 2095 1243 2149 in
1273 2096 1623 2166 colloquium
1655 2097 1861 2161 noluit;

152 2187 256 2240 sed
306 2186 543 2240 tandem
595 2185 936 2254 urgentibus
981 2185 1209 2249 cedens,
1261 2201 1356 2237 eas
1395 2184 1499 2237 sibi
1528 2185 1640 2254 legi
1671 2201 1866 2254 passus

154 2280 260 2330 est.
295 2275 384 2329 Ad
417 2290 559 2345 quas
579 2274 697 2328 haec
723 2275 846 2343 ejus
880 2273 989 2326 fuit
1027 2271 1322 2341 responsio
1348 2288 1360 2324 :
1386 2273 1501 2326 Non
1522 2286 1735 2340 possum
1759 2272 1871 2323 nisi

153 2365 231 2419 ad
259 2380 346 2417 me
369 2366 639 2416 venientes
669 2365 960 2430 suscipere,
992 2366 1042 2413 et
1079 2360 1271 2413 iisdem
1298 2359 1457 2427 ﬁdem
1497 2375 1658 2431 quani
1679 2363 1865 2426 postu-

156 2455 398 2507 laverint
443 2452 574 2506 dare
617 2467 629 2504 :
682 2451 794 2504 hoc
824 2454 909 2503 est
952 2448 1220 2502 iteratum
1268 2446 1574 2517 Baptisma.
1608 2446 1769 2510 Quod
1795 2445 1867 2499 ad

158 2543 526 2598 Primianum
575 2546 814 2612 spectat,
863 2557 896 2594 a
944 2555 1057 2610 quo
1090 2543 1144 2592 et
1177 2537 1489 2592 Felicianus
1519 2541 1574 2591 et
1601 2553 1744 2607 quos
1776 2535 1867 2589 hic

158 2631 556 2702 baptizaverat
580 2628 812 2684 admissi
839 2629 1087 2696 fuerant,
1110 2643 1239 2681 cum
1262 2627 1331 2681 ad
1351 2627 1589 2681 Maximo
1610 2643 1673 2679 ac
1693 2626 1869 2679 Theo-

155 2720 299 2774 doro
332 2720 728 2789 interrogatus
757 2721 921 2779 esset,
968 2716 1105 2788 quid
1134 2715 1392 2786 responsi
1421 2715 1491 2768 ad
1523 2715 1580 2768 id
1611 2715 1863 2779 afferret;

152 2808 300 2863 dixit
333 2825 346 2862 :
381 2809 454 2862 Se
481 2824 652 2877 nuper
691 2807 1006 2860 ordinatum
1033 2807 1215 2874 patris
1257 2805 1346 2857 sui
1361 2803 1602 2872 judicem
1631 2818 1740 2856 esse
1760 2818 1867 2857 non

149 2913 331 2966 posse,
365 2897 461 2952 sed
492 2900 547 2950 in
576 2897 635 2949 id
665 2895 808 2964 quod
835 2911 870 2947 a
914 2895 1190 2963 prioribus
1221 2895 1332 2947 suis
1362 2894 1622 2960 acceperit
1646 2907 1865 2959 perma-

151 3002 280 3039 nere
330 2988 531 3056 (Epist.
590 2984 730 3052 107).
784 2985 938 3037 Hanc
978 2981 1245 3037 Macrobii
1274 2980 1704 3050 responsionem
1735 2995 1865 3033 cum

156 3073 239 3128 illi
269 3073 594 3144 Augustino
621 3072 1061 3142 significassent,
1096 3070 1142 3123 is
1169 3069 1374 3124 timore
1393 3069 1562 3122 simul
1584 3074 1639 3121 et
1668 3068 1864 3122 dolore

152 3168 461 3232 permotus
489 3162 561 3216 ad
591 3161 857 3215 eumdem
889 3159 1148 3231 pluribus
1179 3158 1543 3212 scribendum
1570 3156 1862 3226 judicavit.

156 3252 272 3305 Hac
301 3252 468 3306 illum
501 3250 560 3304 iu
591 3249 853 3320 cpistola,
896 3250 1231 3318 argumento
1263 3262 1326 3299 ex
1358 3246 1560 3299 eodem
1587 3245 1733 3298 facto
1766 3246 1866 3298 Fe-

155 3339 354 3393 liciani
384 3343 554 3409 atque
584 3355 650 3392 ex
680 3338 802 3408 ipsa
835 3337 1108 3391 Primiani
1138 3339 1195 3390 et
1224 3334 1548 3389 Maximiani
1577 3350 1745 3387 causa
1772 3350 1867 3403 pe-

153 3426 283 3492 tito,
333 3443 542 3498 urgere
593 3426 797 3496 pergit,
851 3425 1144 3495 magisque
1199 3440 1433 3495 operose
1491 3423 1864 3490 demonstrat,

157 3515 449 3586 quidquid
501 3515 570 3569 ab
610 3531 676 3567 eo
705 3517 904 3568 contra
936 3513 1236 3566 Ecclesiam
1270 3511 1460 3566 afferri
1490 3510 1864 3580 excogitarive

157 3607 375 3673 posset,
415 3603 473 3657 id
519 3619 689 3656 omne
731 3602 837 3655 hac
886 3601 1052 3654 unica
1098 3599 1334 3654 historia
1375 3599 1634 3664 convelli,
1692 3613 1866 3668 quam

155 3696 468 3763 propterea
485 3692 781 3762 speculum
803 3690 941 3760 ipsis
961 3688 1325 3743 correctionis
1348 3704 1380 3741 a
1402 3687 1593 3741 divina
1617 3687 1864 3740 clemen-

157 3781 237 3834 tia
288 3781 364 3835 ob
412 3782 604 3834 oculos
645 3771 901 3849 positum
933 3784 1094 3832 vocat
1147 3795 1159 3832 :
1201 3777 1279 3831 ita
1317 3781 1382 3830 ut
1412 3776 1598 3830 omnis
1631 3777 1865 3828 omnino

157 3869 470 3924 difﬁcultas
513 3869 734 3922 sublata
782 3867 873 3922 sit.
921 3867 1119 3936 Itaque
1159 3882 1290 3920 eum
1321 3865 1668 3930 cohortatur,
1702 3867 1764 3916 ut
1798 3863 1866 3916 de

153 3957 438 4027 pradicta
483 3955 804 4025 objectione
851 3958 1176 4024 cognoscat,
1232 3954 1523 4022 illamque,
1572 3951 1617 4003 si
1663 3951 1862 4020 possit,

153 4044 346 4098 diluat
374 4061 387 4098 :
421 4043 512 4096 sin
541 4058 674 4096 vero
704 4058 821 4095 non
849 4041 1050 4111 possit,
1084 4057 1154 4094 ne
1186 4044 1478 4110 susceptas
1510 4039 1711 4092 Donati
1741 4055 1867 4110 par-

154 4137 240 4187 tes
274 4132 380 4186 Dei
411 4131 604 4185 timori
631 4129 998 4201 proprizeque
1031 4129 1196 4182 saluti
1225 4131 1554 4198 anteponat.
1584 4127 1764 4190 Quam
1795 4128 1866 4181 ob

154 4237 393 4277 causam
445 4220 498 4275 ei
547 4225 671 4274 tum
719 4217 1038 4272 schismatis
1089 4217 1241 4271 mala
1279 4216 1530 4286 exponit,
1562 4221 1686 4270 tum
1718 4217 1868 4271 bona

155 4310 399 4364 unitatis
450 4311 648 4380 (Epist.
709 4311 848 4369 t08).
892 4306 1126 4361 Dicendi
1173 4322 1355 4376 genus
1404 4321 1614 4375 magna
1650 4305 1866 4376 ubique

158 4400 394 4454 lenitate
424 4402 807 4469 temperatum
839 4413 954 4450 non
985 4397 1132 4450 male
1162 4396 1406 4468 quadrat
1437 4395 1493 4448 in
1526 4400 1752 4464 tempus
1783 4395 1862 4448 in-

159 4488 336 4542 dulta:
367 4503 470 4557 per
500 4486 816 4541 Honorium
844 4485 1144 4546 libertatis,
1173 4485 1244 4538 ad
1271 4500 1444 4555 quam
1477 4483 1629 4538 haud
1657 4483 1867 4537 scimus

161 4591 235 4628 an
257 4575 557 4646 quidpiam
582 4579 733 4628 vetet
763 4572 960 4627 referri
983 4573 1136 4643 quod
1161 4571 1238 4625 ait
1268 4587 1281 4624 :
1314 4573 1457 4624 Ante
1487 4573 1649 4625 istam
1678 4572 1865 4639 legem,

162 4680 271 4732 qua
289 4665 540 4732 gaudetis
560 4663 708 4717 vobis
723 4661 992 4716 redditam
1008 4661 1326 4714 libertatem.
1347 4659 1539 4728 Neque
1554 4658 1705 4712 enim
1721 4659 1864 4728 jam,

161 4757 226 4805 ut
255 4753 327 4806 ab
367 4753 624 4806 iterando
659 4750 1003 4821 Baptismatc
1035 4749 1338 4812 deterreat,
1374 4747 1566 4817 legum
1599 4747 1868 4800 severita-

162 4843 279 4894 tem
333 4841 633 4907 Macrobio,
677 4838 1168 4912 quemadmodum
1207 4837 1292 4889 vel
1326 4841 1455 4889 ante
1501 4835 1642 4888 latas
1673 4840 1863 4905 postc-

164 4929 346 4982 riores
402 4929 685 4999 Crispino,
744 4927 1046 4981 minitatur
1097 4923 1472 4996 Augustinus.
1525 4924 1864 4993 Quanquam

164 5016 416 5072 fortassis
453 5034 587 5087 erga
625 5017 788 5071 illum
830 5016 908 5070 ita
938 5032 994 5069 se
1035 5014 1290 5085 gesserit,
1324 5028 1395 5065 ne
1427 5011 1576 5065 illius
1607 5010 1864 5064 animum

165 5107 548 5171 exacerbaret,
589 5104 846 5158 futurum
881 5119 1132 5174 sperans,
1165 5107 1232 5155 ut
1259 5098 1699 5154 mansuetudine
1731 5098 1862 5152 faci-

166 5193 272 5246 lius
299 5197 740 5265 eXpugnaretur.
776 5194 1164 5262 Praeterquam
1196 5189 1345 5261 quod
1383 5187 1726 5243 Macrobium
1757 5186 1865 5239 cxi-

168 5282 432 5337 stimabat
480 5283 646 5336 bona:
697 5279 1202 5350 indolisjuvenem
1236 5296 1248 5332 :
1279 5277 1368 5332 cui
1395 5275 1614 5347 ingenii
1636 5291 1862 5346 quoque

169 5386 229 5423 ac
259 5371 600 5442 eloquentiae
632 5369 858 5423 laudem
891 5368 1123 5422 tribuit.
1160 5368 1210 5421 Is
1239 5383 1434 5437 porro,
1467 5381 1596 5420 cum
1630 5365 1699 5419 ad
1731 5381 1864 5419 cum

169 5459 516 5527 Augustinus
555 5459 776 5512 litteras
823 5455 998 5517 dedit,
1045 5471 1161 5509 non
1211 5455 1289 5508 ita
1317 5454 1541 5524 pridem
1571 5453 1864 5506 ordinatus

171 5545 369 5613 fuerat,
397 5547 714 5618 Hipponem
747 5543 988 5599 solemni
1019 5559 1234 5614 pompa
1265 5543 1570 5612 perductus
1597 5545 1698 5608 est,
1733 5541 1847 5611 epi-

3571 316 3671 368 386

1977 421 2187 492 scopali
2213 421 2293 474 ibi
2323 438 2561 476 munere
2583 423 2880 478 functurus
2902 427 3111 496 (Collat.
3142 430 3400 497 Carthag.
3429 436 3477 496 1,
3507 450 3663 502 capp.

1980 513 2100 576 138,
2132 511 2258 578 201)
2290 527 2302 564 :
2336 510 2393 563 in
2424 511 2526 564 hac
2557 512 2770 583 quippe
2797 513 3018 567 civitate
3044 515 3270 583 plebem
3300 533 3459 572 suam
3491 519 3670 573 habe-

1974 598 2072 652 bat
2117 601 2319 667 (Epist.
2372 602 2492 664 108,
2535 617 2627 655 nn.
2684 603 2904 670 17,20).
2941 603 3362 673 Ingredientem
3401 607 3565 661 illum
3610 609 3667 662 in

1976 687 2175 740 urbem
2209 687 2746 743 Circumcellionum
2777 691 2945 744 duces
2974 693 3302 746 cohortibus
3334 693 3450 746 suis
3492 694 3666 765 stipa-

1974 777 2095 826 tum
2129 774 2434 839 deduxere,
2471 777 2583 829 Deo
2614 777 2834 831 laudesl
2886 778 3035 831 inter
3071 779 3285 832 cantica
3311 782 3671 836 conclaman-

1974 865 2057 914 tes
2085 863 2253 932 (Ibid.
2285 880 2346 917 η.
2390 865 2502 932 ili);
2535 865 2742 934 quibus
2757 865 3006 932 vocibus,
3031 873 3303 938 tanquam
3334 869 3665 938 praeliorum

1976 966 2208 1003 suorum
2239 951 2394 1017 tuba,
2429 953 2683 1006 solebant
2709 969 2766 1006 se
2799 954 2866 1007 ad
2907 955 3089 1008 credes
3123 962 3323 1010 mutuo
3355 958 3661 1012 cohortari.

1977 1038 2289 1091 Macrobius
2332 1044 2524 1094 tamen
2571 1057 2769 1094 eorum
2815 1043 3130 1111 petulantia
3177 1045 3360 1114 magis
3397 1045 3664 1113 offensus,

1977 1141 2150 1195 quam
2196 1125 2481 1196 obsequiis
2522 1127 2849 1192 delectatus,
2898 1145 3096 1199 aspera
3149 1130 3209 1184 in
3255 1147 3351 1184 eos
3396 1133 3666 1202 postridie

1974 1228 2079 1282 per
2095 1213 2466 1283 interpretem
2489 1215 2700 1285 linguas
2715 1217 2937 1285 punicae
2955 1219 3122 1271 verba
3144 1219 3669 1291 protulit,indigna-

1976 1301 2192 1355 tionem
2223 1319 2382 1356 suam
2415 1303 2701 1372 professus
2732 1321 2797 1358 ea
2827 1305 3108 1371 libertate,
3142 1323 3269 1376 quin
3295 1309 3480 1362 virum
3507 1309 3665 1380 inge-

1976 1405 2155 1442 nuum
2184 1395 2355 1460 atque
2383 1391 2687 1444 honestum
2714 1391 2937 1447 deceret
2970 1410 2982 1447 :
3014 1395 3168 1464 quod
3201 1396 3340 1449 adeo
3372 1396 3668 1467 impatien-

1975 1482 2062 1530 ter
2108 1480 2380 1544 tulerunt,
2431 1485 2494 1533 ut
2539 1484 2668 1532 ante
2716 1481 2958 1534 solutam
3005 1483 3336 1537 concionem
3377 1501 3490 1538 non
3545 1486 3668 1540 sine

1977 1567 2222 1620 motibus
2252 1567 2660 1637 indignationis
2693 1585 2754 1622 ac
2775 1570 2983 1624 furoris
3008 1570 3288 1626 indicibus
3315 1573 3668 1628 excederent.

1980 1655 2156 1724 Hujus
2215 1655 2297 1708 rei
2344 1661 2514 1710 testes
2566 1657 2872 1711 adfuerunt
2920 1659 3338 1714 Catholicorum
3387 1663 3669 1728 nonnulli,

1975 1744 2182 1811 quibus
2228 1743 2442 1813 pariter
2489 1746 2747 1814 egressis,
2801 1746 3192 1814 pavimentum
3236 1749 3329 1800 ubi
3375 1753 3668 1814 steterant,

1977 1833 2123 1884 salsa
2186 1847 2335 1902 aqua
2387 1833 2651 1885 Macrobii
2700 1833 2888 1886 clerici
2916 1834 3240 1899 abluerunt,
3273 1836 3423 1904 quod
3478 1835 3666 1906 ipsum

1977 1919 2257 1972 familiare
2284 1919 2396 1972 illis
2425 1919 2595 1973 fuisse
2618 1920 2775 1973 testis
2801 1925 2885 1973 est
2908 1922 3142 1991 Optatus
3169 1923 3434 1991 (Optatus,
3455 1926 3549 1978 lib.
3575 1926 3627 1996 6)
3655 1943 3668 1980 :

1979 2023 2147 2077 quem
2195 2023 2327 2060 vero
2374 2009 2560 2060 locum
2604 2008 3100 2062 Circumcelliones
3149 2017 3578 2081 occupaverant,
3624 2015 3670 2066 is

1976 2095 2046 2147 ad
2078 2095 2342 2149 eumdem
2369 2095 2607 2148 modum
2629 2112 2988 2167 nequaquam
3016 2098 3273 2167 expiatus
3304 2099 3430 2154 fuit.

2047 2187 2104 2238 6.
2166 2184 2444 2238 Honorius
2489 2185 2825 2238 duodecimo
2863 2185 3135 2239 kalendas
3165 2187 3480 2242 februarias
3521 2205 3669 2259 prte-

1977 2271 2151 2324 sentis
2189 2271 2325 2324 anni
2355 2273 2539 2342 legem
2568 2273 2780 2342 posuit,
2813 2290 2927 2344 qua
2960 2274 3108 2327 inter
3137 2281 3341 2330 caetera
3363 2277 3542 2346 jubet,
3577 2295 3674 2332 eos

1979 2359 2078 2429 qui
2096 2359 2445 2426 detinentur,
2470 2361 2682 2431 quique
2697 2363 2808 2414 alio
2826 2363 3193 2432 postmodum
3217 2369 3348 2418 sunt
3369 2366 3669 2421 traducen-

1977 2448 2033 2502 di
2063 2453 2128 2502 ut
2147 2449 2373 2518 judiciis
2407 2450 2804 2519 exhibeantur,
2844 2450 3004 2520 prius
3045 2451 3234 2523 rogari
3266 2469 3457 2507 coram
3488 2456 3669 2526 magi-

1977 2537 2265 2604 stratibus,
2315 2539 2566 2593 velintne
2608 2539 2727 2593 dies
2759 2539 2997 2610 triginta
3025 2540 3086 2594 in
3117 2557 3180 2596 ea
3211 2542 3434 2596 civitate
3465 2543 3522 2597 in
3561 2561 3673 2615 qua

1978 2627 2374 2696 comprehensi
2416 2632 2567 2694 sunt,
2618 2628 2722 2682 sub
2769 2629 3062 2683 moderata
3104 2631 3360 2685 custodia
3399 2632 3670 2697 residere,

1977 2717 2099 2767 tum
2118 2715 2513 2770 utdomesticis
2531 2717 2845 2771 rationibus
2866 2719 3186 2784 consulant,
3201 2723 3323 2774 tum
3338 2724 3676 2792 utsumptus

1978 2801 2086 2855 sibi
2115 2804 2459 2857 necessarios
2489 2810 2719 2874 parent;
2751 2805 2934 2875 iisque
2965 2806 3107 2860 illud
3138 2808 3327 2876 spatii,
3359 2809 3404 2862 si
3434 2825 3499 2862 eo
3531 2811 3673 2863 velle

1978 2890 2060 2942 uti
2091 2889 2429 2960 significent,
2471 2908 2538 2945 ex
2578 2892 2703 2960 lege
2735 2910 2767 2945 a
2797 2894 3136 2959 Theodosio,
3185 2895 3354 2948 tertio
3403 2896 3676 2951 kalendas

1970 2978 2261 3047 januarias
2282 2980 2416 3032 anni
2434 2981 2809 3034 trecentesimi
2828 2983 3162 3052 octogesimi
3183 2985 3545 3053 promulgata
3558 3002 3673 3039 non

1976 3067 2174 3137 negari
2191 3068 2352 3137 (Cod.
2375 3069 2666 3136 Theod.,de
2679 3071 2979 3124 Exibendis
3001 3072 3082 3123 vel
3096 3073 3528 3127 transmittendis
3539 3075 3667 3138 reis,

1977 3157 2087 3222 lege
2117 3159 2164 3226 6)
2201 3173 2212 3210 :
2249 3156 2336 3210 sin
2366 3173 2548 3227 secus,
2592 3157 2719 3211 illos
2751 3175 2780 3211 e
2824 3159 3055 3227 vestigio
3095 3176 3224 3214 cum
3251 3163 3668 3216 accusatoribus

1974 3244 2208 3313 perduci
2231 3261 2360 3298 eum
2384 3246 2443 3299 in
2465 3247 2673 3311 locum,
2699 3247 3029 3317 quijudicio
3056 3249 3126 3301 sit
3145 3249 3458 3303 destinatus
3477 3251 3673 3320 (Ibid.,

1977 3334 2088 3399 lege
2117 3337 2184 3401 3).
2222 3334 2399 3404 Hujus
2431 3335 2776 3404 Augustinus
2808 3335 2949 3405 legis
2987 3337 3044 3388 in
3094 3337 3353 3406 pluribus
3396 3339 3674 3408 epistolis,

1977 3437 2151 3474 unam
2174 3423 2550 3494 eamdemque
2569 3424 2638 3477 ob
2662 3440 2887 3478 causam
2911 3425 3154 3495 scriptis,
3182 3426 3442 3480 meminit
3466 3429 3667 3496 (Epist.

1981 3511 2254 3581 ll3-ll-5).
2283 3511 2578 3566 Faventius
2608 3527 2743 3581 ergo
2773 3512 3006 3582 quidam
3034 3514 3312 3567 conducto
3345 3515 3514 3581 saltu,
3543 3532 3673 3570 cum

1978 3599 2048 3652 ab
2079 3600 2200 3668 ejus
2227 3616 2550 3669 possessore
2583 3599 2882 3670 quidpiam
2913 3601 3019 3653 sibi
3050 3601 3297 3667 timeret,
3331 3604 3588 3673 confugit
3617 3603 3676 3657 in

1976 3687 2269 3740 ecclesiam
2296 3688 2738 3756 llipponensem,
2762 3686 2956 3756 ibique
2987 3688 3264 3758 tantisper
3288 3696 3674 3745 commoratus

1977 3779 2084 3841 est,
2117 3775 2254 3827 dum
2286 3775 2580 3843 negotium
2607 3775 2768 3839 illud,
2792 3780 3016 3827 sanctus
3040 3777 3252 3829 Praesul
3282 3783 3672 3846 componeret.

1978 3864 2058 3915 He
2088 3867 2278 3916 autem
2309 3877 2528 3915 moram
2557 3862 2839 3926 trahente,
2872 3862 3082 3915 sensim
3113 3863 3290 3915 factus
3321 3864 3485 3933 quasi
3516 3883 3674 3919 secu-

1977 3950 2114 4018 rior,
2159 3949 2246 4002 sui
2291 3949 2554 4004 servandi
2600 3955 2768 4020 atque
2798 3949 2945 4003 intra
2978 3950 3186 4004 limites
3218 3952 3466 4006 ecclesiae
3497 3955 3675 4008 conti-

1978 4038 2151 4092 nendi
2189 4055 2385 4092 curam
2434 4039 2610 4092 ferme
2657 4039 2960 4108 adjeccrat.
3011 4039 3152 4093 Hinc
3191 4040 3423 4102 factum,
3455 4046 3518 4095 ut
3546 4059 3675 4096 cum

1977 4126 2284 4196 aliquando
2315 4126 2383 4180 ab
2414 4127 2617 4192 amico,
2651 4142 2896 4196 quocum
2927 4143 3040 4180 una
3069 4133 3406 4194 coeuaverat,
3441 4129 3670 4196 rediret,

1978 4231 2111 4268 eum
2159 4215 2516 4270 Florentinus
2565 4215 2796 4286 quidam
2845 4215 3078 4270 Comitis
3134 4217 3334 4270 Africze
3386 4218 3676 4289 apparitor

1978 4319 2105 4357 cum
2140 4303 2372 4357 militari
2396 4321 2567 4358 manu
2588 4305 2971 4375 interciperet,
2993 4309 3067 4371 et,
3093 4305 3369 4360 incertum
3401 4324 3672 4378 quo,per-

1978 4392 2246 4446 traheret.
2293 4391 2414 4456 Qua
2443 4392 2504 4446 in
2533 4408 2592 4446 re
2619 4409 2734 4446 non
2778 4398 3026 4447 servatas
3069 4394 3240 4447 fuisse
3270 4395 3444 4464 leges,
3477 4396 3676 4450 asserit

1977 4480 2330 4550 Augustinus
2379 4484 2578 4550 (Epist.
2624 4486 2761 4549 11ἰὶ).
2806 4483 2877 4547 Is,
2911 4481 3009 4535 ubi
3041 4481 3293 4552 primum
3322 4483 3559 4552 hujusce
3590 4501 3676 4538 ra-

1977 4573 2107 4638 ptus
2155 4569 2332 4623 factus
2386 4574 2470 4622 est
2518 4569 2742 4636 certior,
2795 4569 2956 4622 illum
2996 4571 3183 4624 statim
3215 4587 3317 4641 per
3346 4573 3672 4627 schedulam

1978 4657 2278 4710 Cresconio
2325 4656 2576 4722 tribuno,
2628 4657 2718 4710 cui
2766 4657 3060 4727 provincia
3104 4659 3297 4712 tuendi
3325 4660 3674 4715 maritimam

1978 4761 2136 4798 oram
2170 4745 2470 4798 commissa
2499 4745 2703 4810 fuerat,
2737 4744 3241 4814 nuntiavit(Epist.
3281 4749 3396 4810 H3)
3434 4766 3446 4802 :
3478 4749 3548 4802 ab
3570 4750 3673 4804 hoc

1977 4832 2135 4886 missi
2181 4832 2400 4903 aliquot
2443 4849 2471 4885 e
2503 4832 2641 4901 suis,
2674 4832 2813 4886 nihil
2846 4849 3108 4902 reperere
3144 4837 3350 4903 (Epist.
3394 4841 3530 4906 115).
3568 4840 3671 4892 Ρο-

1977 4925 2126 4974 stero
2157 4920 2248 4974 die
2289 4937 2420 4974 cum
2452 4919 2766 4989 diluxisset,
2794 4923 3120 4976 Faventium
3151 4923 3206 4976 iu
3233 4925 3403 4978 domo
3426 4927 3670 4996 quadam

1977 5012 2198 5062 noctem
2231 5007 2434 5078 egisse,
2477 5025 2539 5061 ac
2581 5025 2807 5064 summo
2839 5026 3007 5064 mane
3038 5016 3256 5066 certum
3304 5013 3361 5066 in
3414 5015 3597 5067 locum
3641 5033 3668 5067 τι

1977 5096 2302 5151 Florentino
2332 5097 2652 5150 traductum
2686 5097 2857 5150 fuisse
2885 5100 3236 5169 Augustinus
3266 5101 3561 5170 comperit.
3597 5103 3668 5154 Eo

1975 5186 2276 5240 confestim
2308 5185 2512 5240 direxit
2537 5201 2718 5240 unum
2746 5203 2774 5239 e
2805 5187 2920 5241 suis
2939 5189 3284 5259 presbyteris
3303 5189 3530 5242 nomine
3556 5190 3671 5242 Coe-

1977 5275 2266 5343 lestinum,
2309 5275 2432 5344 lege
2475 5275 2840 5345 Imperatoris
2873 5275 3234 5342 instructum,
3268 5277 3364 5346 qui
3398 5277 3667 5329 Florenti-

1978 5378 2116 5416 num
2157 5363 2225 5417 de
2268 5363 2366 5417 illa
2397 5363 2749 5418 observanda
2777 5366 3163 5436 compellaret.
3200 5363 3474 5418 Recitavit
3504 5365 3556 5416 ei
3589 5365 3666 5418 le-

1977 5468 2106 5522 gem
2158 5451 2522 5517 Coclestinus;
2568 5451 2662 5506 sed
2695 5469 2765 5505 ne
2806 5453 2992 5524 potuit
3021 5453 3249 5524 quidem
3281 5450 3349 5503 ab
3378 5466 3443 5503 co
3483 5450 3668 5522 impe-

1978 5546 2148 5607 trare,
2199 5544 2262 5594 ut
2291 5540 2396 5594 sibi
2425 5541 2708 5611 captivum
2745 5541 2970 5596 videndi
3004 5543 3248 5610 potestas
3278 5537 3438 5592 fieret
3466 5540 3662 5608 (Epist.
