4062 6370
415 265 517 318 38ῒ

417 383 559 454 114).
590 381 866 438 Postridie
887 380 1010 452 ejus
1027 379 1144 435 diei
1161 378 1377 434 litteras
1407 378 1479 433 ad
1509 379 1774 433 eumdem
1802 377 1957 432 misit
1980 394 2109 431 cum

411 473 511 527 illa
540 472 664 541 ipsa
694 473 816 541 lege
836 470 1186 540 conjunctas,
1213 484 1421 539 rogans
1447 471 1503 521 et
1525 484 1628 538 per
1652 467 1897 537 propriae
1929 466 2112 521 existi-

413 559 679 614 mationis
705 575 898 613 curam
921 564 977 613 et
1005 573 1108 628 per
1138 557 1393 611 debitum
1421 555 1689 627 Principi,
1714 556 1874 625 cujus
1894 556 1987 608 ille
2010 555 2112 608 mi-

413 649 591 702 nister
630 653 769 713 erat,
821 646 1180 718 obsequium,
1223 650 1284 699 ut
1314 645 1567 714 episcopi
1596 660 1827 716 quoque
1859 643 2110 697 interve-

411 735 621 790 nientis
666 752 731 789 ac
760 736 1005 805 benigne
1038 734 1392 804 deprecantis
1421 733 1643 787 ratione
1674 732 1889 796 habita,
1921 733 2109 785 vincto

411 841 529 878 non
561 826 888 895 denegaret,
920 824 1075 895 quod
1110 823 1161 876 ei
1195 823 1335 893 legis
1365 838 1629 876 concessu
1665 820 1997 875 debebatur.
2023 819 2106 874 Si-

411 914 530 966 mul
563 917 619 966 et
643 913 811 966 aliam
842 911 1163 982 epistolam,
1184 911 1294 964 nisi
1315 911 1456 964 forte
1478 911 1530 964 id
1545 912 1663 980 jam
1686 909 1867 979 pridie
1890 908 2111 978 praesti-

415 1006 582 1070 terat,
605 1002 763 1055 dedit
781 1001 1078 1054 Cresconio
1103 999 1494 1066 deferendam,
1523 999 1603 1051 illi
1627 997 1900 1050 nimirum
1924 997 2110 1050 tribu-

409 1107 509 1158 no,
557 1090 648 1143 cui
687 1089 942 1143 custodia
972 1088 1180 1142 littoris
1212 1088 1550 1142 demandata
1582 1087 1794 1150 fuerat;
1830 1101 1962 1138 nam
1988 1084 2108 1154 jam

409 1182 538 1232 ante
563 1178 632 1232 ad
663 1177 826 1232 illum
852 1176 1054 1230 eadem
1077 1176 1146 1230 de
1165 1192 1222 1229 re
1243 1175 1544 1244 scripserat
1564 1174 1934 1243 Augustinus.
1970 1173 2110 1226 Huic

407 1282 578 1337 porro
611 1266 879 1331 declarat,
919 1281 1050 1318 cum
1093 1264 1392 1318 Faventius
1423 1264 1489 1318 ad
1524 1263 1779 1317 Ecclesiae
1809 1279 1925 1316 sua:
1955 1278 2108 1332 prm-

409 1354 619 1408 sidium
648 1353 989 1422 confugerit,
1023 1353 1134 1406 sibi
1161 1353 1407 1407 liberum
1437 1368 1553 1405 non
1582 1368 1725 1419 esse,
1757 1352 1919 1404 illum
1951 1351 2108 1404 dese-

410 1458 556 1508 rere,
601 1458 664 1495 ac
701 1459 818 1497 non
849 1441 1150 1496 defendere
1189 1457 1293 1511 pro
1323 1440 1540 1494 viribus
1572 1457 1584 1494 :
1618 1457 1689 1494 ne
1721 1440 1873 1510 apud
1904 1441 2102 1502 Deum,

409 1530 526 1584 imo
554 1535 608 1584 et
633 1531 787 1600 apud
817 1546 946 1584 eum
975 1530 1186 1600 ipsum,
1221 1547 1252 1583 a
1283 1547 1393 1600 quo
1423 1529 1517 1582 ille
1547 1528 1957 1598 exagitabatur,
1988 1525 2108 1579 cul—

413 1634 548 1688 pam
579 1617 930 1684 incurreret;
984 1617 1451 1688 quandoquidem
1494 1616 1613 1686 ipse
1643 1616 1792 1669 haud
1825 1614 2109 1668 immerito

404 1705 808 1775 suspicaretur,
855 1721 977 1759 sese
1026 1706 1096 1758 ab
1141 1705 1386 1759 Ecclesia
1432 1705 1648 1774 pariter
1685 1702 2110 1756 destituendum

406 1793 602 1857 fuisse,
633 1793 681 1846 si
711 1793 781 1846 ad
815 1808 940 1846 eam
968 1792 1140 1845 simili
1169 1792 1225 1845 in
1257 1808 1390 1845 casu
1421 1793 1727 1861 confugere
1755 1789 2105 1860 contigisset.

406 1882 552 1951 Ergo
595 1897 728 1934 eum
766 1885 950 1951 rogat,
983 1885 1048 1933 ut
1079 1880 1186 1933 sibi
1215 1880 1442 1933 accedat
1471 1878 1785 1949 postulanti
1815 1895 1846 1932 a
1878 1878 2106 1932 Floren-

407 1969 527 2035 tino
553 1968 896 2040 apparitore,
923 1983 994 2030 n_e
1017 1967 1304 2038 captivum
1335 1967 1610 2021 beneficio
1642 1966 1780 2036 legis
1811 1966 1889 2019 uti
1919 1965 2108 2035 prohi-

407 2058 569 2124 beat;
605 2073 835 2128 sperare
864 2057 1018 2111 enim
1050 2073 1131 2119 se,
1164 2072 1284 2110 rem
1317 2055 1497 2109 amice
1527 2056 1674 2108 intra
1704 2054 1845 2108 illud
1875 2054 2108 2125 triginta

408 2146 630 2200 dierum
673 2145 920 2216 spatium
963 2161 1128 2215 posse
1176 2144 1445 2213 componi
1484 2145 1682 2213 (Epist.
1720 2144 1856 2212 113).
1898 2144 2107 2196 Verum

411 2234 596 2287 omnis
639 2235 764 2303 ejus
802 2233 1102 2302 diligentia
1131 2233 1341 2285 frustra
1370 2231 1496 2284 fuit.
1532 2231 1752 2284 Etenim
1784 2232 1938 2284 nulla
1968 2231 2108 2300 legis

408 2322 630 2376 ratione
650 2321 865 2386 habita,
891 2321 1249 2374 Florentinus
1269 2319 1433 2374 illum
1454 2319 1514 2372 in
1536 2319 1896 2372 remotiorem
1920 2320 2106 2372 locum

409 2410 673 2476 deduxit;
727 2426 862 2480 quo,
910 2409 996 2462 uti
1041 2409 1324 2463 creditum
1371 2412 1476 2474 est,
1509 2407 1805 2460 sisteretur
1833 2407 2107 2461 tribunali

408 2498 692 2552 Numidiae
743 2497 1076 2552 consularis.
1112 2497 1251 2551 Huic
1279 2512 1489 2551 nomen
1529 2502 1648 2550 erat
1693 2498 2010 2564 Generoso;
2043 2513 2107 2552 ac

409 2602 540 2640 eum
570 2586 829 2639 ferebant
858 2585 1129 2656 aequitate
1161 2601 1385 2640 summa
1405 2589 1573 2655 atque
1595 2584 1924 2654 integritate
1949 2585 2106 2654 judi-

407 2689 533 2726 cem
558 2673 685 2727 :sed
715 2688 843 2726 cum
867 2673 1131 2726 Faventio
1153 2688 1241 2726 res
1265 2676 1411 2726 esset
1433 2687 1563 2725 cum
1583 2671 1817 2724 homine
1841 2671 2107 2741 pecunio-

406 2761 653 2824 sissimo,
689 2761 987 2814 subtimuit
1014 2761 1112 2815 Vir
1141 2765 1389 2826 sanctus,
1422 2776 1494 2814 ne
1519 2760 1656 2831 quid
1678 2759 1772 2813 ille
1791 2764 2000 2830 praeter
2023 2760 2105 2814 fas

406 2854 458 2904 et
491 2867 718 2920 acquum
750 2854 1042 2919 pateretur
1069 2849 1141 2903 ab
1173 2848 1443 2903 Generosi
1473 2848 1776 2912 ministris.
1810 2849 2004 2918 Itaque
2035 2849 2103 2903 ad

408 2953 537 2992 cum
570 2954 743 3008 super
772 2953 838 2991 ea
866 2953 927 2992 re
958 2937 1173 2991 litteras
1202 2937 1360 2991 dedit
1382 2939 1580 3006 (Epist.
1617 2939 1755 3004 116),
1790 2953 1889 2990 nec
1911 2942 2104 2991 tamen

405 3026 669 3096 exposuit
697 3026 834 3096 quid
857 3027 964 3080 hoc
987 3031 1137 3080 esset
1163 3024 1402 3095 negotii,
1429 3040 1639 3094 rogans
1661 3031 1776 3078 uta
1799 3026 2103 3079 Fortunato

405 3115 648 3170 Cirtensi
679 3115 965 3184 episcopo,
1005 3114 1166 3184 cujus
1208 3114 1304 3167 ille
1335 3112 1597 3166 manibus
1628 3113 1774 3166 hanc
1803 3113 2101 3182 epistolam

403 3205 735 3269 accepturus
757 3205 898 3266 erat,
929 3204 985 3253 et
1007 3200 1078 3253 ad
1108 3215 1278 3270 quem
1309 3199 1478 3252 aliam
1509 3199 1630 3267 ipse
1658 3197 1890 3250 miserat
1918 3198 2102 3252 eidem

406 3290 689 3341 Generoso
738 3287 1111 3355 recitandam,
1146 3287 1214 3340 de
1245 3290 1363 3340 tota
1389 3285 1494 3339 hac
1523 3302 1693 3338 causa
1723 3285 1912 3339 doceri
1943 3303 2001 3339 se
2032 3302 2103 3341 ne

404 3379 740 3444 gravaretur
788 3377 984 3444 (Epist.
1019 3374 1158 3442 115).
1195 3373 1442 3444 Epistola
1470 3373 1648 3444 igitur
1679 3375 1984 3428 Fortunato
2013 3373 2102 3427 in-

409 3464 620 3533 scripta
647 3467 822 3518 totam
848 3463 932 3516 rei
964 3462 1166 3516 seriem
1193 3461 1442 3525 exhibet,
1471 3461 1867 3532 significatque
1896 3479 2102 3533 cupere

406 3569 484 3616 se,
520 3556 581 3604 ut
609 3567 786 3605 morae
808 3556 864 3605 et
884 3549 1275 3620 ampliationis
1305 3548 1524 3620 aliquid
1553 3549 1813 3619 cognitor
1833 3551 2104 3604 concedat

407 3639 704 3704 Faventio;
735 3638 949 3709 quippe
988 3637 1088 3708 qui
1119 3636 1338 3690 violatis
1379 3636 1603 3708 legibus
1638 3637 1906 3708 abreptus
1936 3643 2097 3704 esset,

403 3743 467 3781 ac
497 3726 781 3782 dilationis
810 3725 1086 3781 beneﬁcio
1116 3725 1442 3780 frustratus.

469 3820 522 3870 7.
559 3817 674 3870 Hoc
703 3832 854 3870 anno
903 3814 1100 3868 multis
1129 3819 1185 3869 et
1211 3814 1433 3885 magnis
1457 3814 1874 3869 calamitatibus
1903 3816 2099 3869 confli-

401 3907 612 3958 ctatum
645 3905 902 3976 undique
925 3909 1010 3958 est
1033 3903 1353 3958 Occidentis
1378 3903 1711 3973 Imperium.
1735 3903 1989 3957 Alaricus
2010 3905 2100 3958 cui

403 3993 694 4063 superiore
707 4010 856 4047 anno
880 4009 1009 4047 suas
1030 4007 1187 4062 opes,
1211 3996 1328 4044 uta
1353 3991 1674 4061 direptione
1693 4007 1750 4043 se
1773 3991 2099 4062 redimeret,

398 4081 580 4134 Roma
623 4081 876 4145 dederat,
925 4080 1114 4150 ipsum
1158 4079 1338 4132 Italiae
1387 4079 1774 4133 meditullium
1807 4096 1935 4134 cum
1983 4081 2099 4136 suis

401 4169 582 4238 copiis
613 4185 838 4238 semper
867 4169 1124 4233 tenebat;
1167 4183 1414 4237 cumque
1449 4168 1662 4220 nullam
1690 4184 1820 4221 cum
1853 4169 2097 4223 Honorio

401 4256 724 4325 paciscendi
767 4255 875 4310 sibi
918 4256 1268 4326 propositam
1313 4254 1595 4309 rationem
1641 4255 1776 4308 satis
1807 4257 2096 4324 probaret,

403 4345 610 4398 Urbem
659 4344 847 4398 denuo
894 4343 1049 4396 venit
1093 4344 1405 4409 obsessum,
1453 4348 1620 4414 atque
1671 4360 1795 4396 eam
1828 4345 1896 4398 ad
1927 4346 2099 4398 susci-

396 4431 674 4501 piendum
724 4432 976 4486 Attalum
1006 4431 1408 4500 imperatorem
1442 4431 1729 4501 compulit.
1761 4432 1946 4487 Novus
1977 4434 2095 4487 Ca3-

398 4536 490 4572 sar
531 4519 806 4591 quasdam
855 4520 927 4574 ad
973 4520 1223 4574 Africam
1255 4520 1639 4590 occupandam
1672 4520 1865 4590 copias
1891 4521 2046 4574 misit
2080 4537 2092 4575 :

395 4608 495 4662 sed
529 4608 747 4679 periere
790 4608 902 4662 illa:
953 4607 1203 4662 consiliis
1233 4625 1296 4661 ac
1326 4607 1630 4677 prudentia
1670 4608 1890 4662 comitis
1923 4610 2094 4663 Hera-

397 4696 588 4765 cliani,
616 4696 715 4767 qui
743 4697 1010 4768 prmsidio
1033 4690 1354 4768 quibusque
1375 4696 1682 4767 provinciae
1703 4697 1982 4768 portubus
1999 4715 2096 4768 po-

396 4784 528 4849 sito,
581 4787 820 4839 Romam
865 4786 1020 4840 brevi
1069 4786 1141 4839 ad
1181 4793 1488 4840 extremam
1522 4786 1764 4840 anno'nze
1793 4787 2094 4856 penuriam

399 4871 639 4943 redegit,
662 4877 716 4926 et
745 4873 1054 4928 Honorium
1079 4873 1374 4944 dignitatis
1400 4874 1649 4945 insignia
1671 4875 1992 4946 deponendi
2018 4881 2095 4930 at-

395 4978 506 5033 que
530 4961 589 5014 in
610 4961 900 5016 Orientem
925 4961 1179 5032 fugiendi
1199 4963 1527 5017 necessitate
1551 4963 2093 5034 liberavit.Amplius

389 5052 510 5122 jam
553 5050 777 5104 duobus
821 5050 984 5103 annis
1033 5051 1224 5105 Gallia:
1254 5052 1630 5106 barbarorum
1661 5053 2091 5109 innumerorum

397 5138 820 5193 incursionibus
850 5138 1143 5206 patebant,
1187 5155 1248 5191 ac
1279 5138 1514 5208 insuper
1539 5139 1718 5192 civilis
1749 5140 1902 5206 belli,
1938 5142 2090 5212 quod

395 5227 612 5281 ibidem
643 5225 1044 5282 Constantinus
1074 5225 1428 5291 excitaverat,
1453 5226 1773 5296 flagrabant
1801 5227 2085 5284 incendio.

397 5317 459 5368 ln
489 5315 784 5385 Hispanias
813 5317 1063 5368 extremo
1092 5313 1420 5384 septembri,
1441 5319 1538 5368 aut
1559 5315 1729 5384 paulo
1755 5316 1933 5370 serius
1958 5317 2088 5370 bar-

394 5403 515 5457 bari
561 5406 963 5475 l’yrcnzeorum
1009 5404 1290 5456 montium
1343 5403 1630 5472 angustias
1672 5403 1793 5458 sine
1825 5405 2088 5474 praesidio

395 5491 566 5558 nacti,
595 5492 674 5546 ita
699 5509 820 5547 sese
851 5491 1195 5554 effuderunt,
1223 5494 1287 5545 ut
1315 5490 1445 5545 inde
1477 5491 1602 5545 illos
1633 5493 1914 5562 expellere
1944 5509 2085 5548 nun-

1649 256 1812 310 VITA
1850 254 1904 309 S.
1947 254 2323 310 AUGUSTINI
2365 253 2696 309 EPISCOPI.

3822 256 3932 308 388

2222 392 2396 448 quam
2422 381 2620 446 postea
2648 374 2937 446 quiverint
2955 373 3198 429 Romani
3230 390 3243 428 :
3277 389 3417 444 quas
3448 377 3638 429 autem
3669 375 3771 428 illa
3800 391 3934 444 pro-

2221 466 2407 520 vincia
2448 466 2636 520 clades
2681 464 2751 518 ab
2791 465 2863 518 iis
2893 481 3056 535 passa
3095 463 3190 532 sit,
3225 462 3336 518 dici
3364 463 3453 517 vix
3483 468 3692 534 potest.
3737 464 3934 518 Africa

2222 571 2452 626 quoque
2500 553 2934 608 luctuosissimis
2984 552 3097 606 illis
3140 551 3494 622 temporibus
3530 552 3687 606 haud
3713 553 3933 606 intacta

2221 644 2330 697 fuit
2361 660 2373 697 :
2407 659 2594 714 neque
2625 642 2776 696 enim
2804 641 3064 695 dubitare
3084 639 3233 706 licet,
3253 641 3396 711 quin
3420 640 3488 694 de
3520 641 3796 712 quapiam
3827 641 3932 694 hu-

2214 732 2465 802 jusmodi
2484 731 2802 784 calamitate
2825 729 3117 799 scripserit
3147 728 3215 782 ad
3247 728 3630 798 Augustinum
3656 730 3931 782 Victoria-

2221 837 2327 873 nus
2373 819 2692 890 presbyter,
2743 817 2814 871 ad
2863 833 3034 887 quem
3075 816 3170 870 ille
3217 817 3390 886 paulo
3439 821 3569 886 post
3609 817 3924 886 rescripsit.

2223 910 2384 965 Certe
2411 914 2650 962 tractum
2687 906 3135 976 Hipponensem,
3165 906 3256 960 cui
3276 911 3650 976 pepercerant
3672 906 3927 973 barbari,

2218 1015 2291 1052 ne
2340 996 2534 1051 mitius
2579 995 2800 1049 caeteris
2845 977 3174 1064 regionibus
3211 998 3571 1060 tractaretur,
3613 995 3832 1048 foedum
3867 995 3927 1048 in

2219 1085 2456 1140 modum
2493 1084 2916 1138 Donatistarum
2956 1099 3018 1135 ac
3049 1082 3584 1138 Circumcellionum
3616 1083 3927 1154 exagitavit

2218 1173 2405 1228 furor.
2436 1173 2557 1237 Qua
2585 1173 2654 1227 de
2675 1188 2736 1225 re
2764 1172 2977 1226 dictum
2995 1171 3116 1241 jam
3142 1187 3175 1224 a
3193 1170 3360 1224 nobis
3382 1171 3663 1241 superius.
3689 1172 3801 1226 Sed
3822 1189 3928 1242 per

2219 1262 2324 1316 hoc
2349 1261 2538 1332 ipsum
2564 1266 2815 1332 tempus,
2848 1275 2978 1313 cum
3007 1259 3195 1328 prima
3221 1258 3562 1312 efferrentur
3591 1260 3797 1313 nuntia
3827 1277 3924 1313 ex-

2219 1366 2448 1404 scensus
2477 1349 2848 1404 barbarorum
2872 1348 2931 1401 in
2965 1346 3311 1418 Hispaniam,
3341 1346 3514 1418 idque
3544 1347 3690 1401 forte
3723 1349 3830 1402 sub
3858 1349 3926 1402 fi-

2223 1451 2354 1489 nem
2398 1435 2674 1502 octobris;
2707 1452 2822 1489 uno
2853 1435 2912 1489 in
2945 1435 3066 1489 loco
3097 1434 3477 1506 quadraginta
3507 1441 3632 1490 octo
3663 1437 3926 1490 homines

2221 1525 2291 1577 ab
2319 1524 2442 1577 istis
2472 1523 2752 1578 haereticis
2783 1523 2963 1578 coacti
2991 1528 3126 1578 sunt
3154 1523 3506 1594 baptismum
3537 1525 3725 1578 denuo
3751 1527 3926 1578 susci-

2218 1628 2375 1681 pere.
2406 1611 2745 1665 Mmstissimi
2769 1611 2920 1665 illius
2955 1628 3116 1665 casus
3147 1611 3350 1666 certior
3375 1617 3460 1665 est
3485 1612 3665 1667 factus
3693 1619 3924 1668 sanctus

2223 1701 2436 1753 Praasul
2466 1700 2650 1770 pridie
2679 1715 2852 1770 quam
2893 1699 3214 1753 Victoriano
3244 1701 3578 1770 presbytero
3624 1718 3797 1771 super
3825 1703 3924 1756 illa

2219 1788 2588 1859 responderet
2616 1788 2992 1842 barbarorum
3032 1788 3403 1857 grassatione,
3444 1804 3580 1859 qua,
3613 1794 3676 1842 ut
3706 1790 3754 1843 is
3784 1807 3920 1844 nar-

2221 1877 2400 1943 rabat,
2433 1877 2669 1947 quidam
2699 1876 2842 1930 servi
2872 1877 2990 1942 Dei,
3014 1877 3069 1930 id
3101 1882 3184 1930 est
3216 1877 3497 1943 monachi,
3531 1878 3760 1932 fuerant
3790 1884 3918 1931 tru-

2218 1965 2408 2030 cidati,
2432 1981 2654 2019 necnon
2679 1982 2851 2019 sacras
2868 1965 3116 2036 virgines
3135 1967 3195 2019 in
3218 1966 3604 2036 captivitatem
3635 1966 3921 2034 abductae,

2209 2057 2385 2124 atque
2408 2053 2708 2107 hominum
2725 2054 3002 2124 religione
3019 2055 3174 2107 omni
3197 2071 3260 2108 ac
3278 2055 3492 2125 pudore
3513 2055 3921 2111 destitutorum

2220 2141 2450 2210 objectae
2485 2141 2730 2196 libidini.
2768 2143 3026 2212 Rogabat
3053 2143 3435 2213 Augustinum
3462 2144 3839 2206 Victorianus,
3859 2150 3923 2199 ut

2217 2229 2324 2282 sibi
2349 2230 2494 2283 hanc
2524 2229 2582 2282 in
2617 2245 2738 2283 rem
2766 2232 2936 2300 paulo
2966 2230 3146 2284 fusius
3179 2231 3567 2300 responderet.
3600 2233 3686 2286 vel
3719 2249 3786 2286 ea
3809 2249 3921 2302 po-

2217 2317 2504 2372 tissimum
2551 2319 2619 2372 de
2649 2335 2836 2386 causa,
2869 2320 3023 2390 quod
3061 2335 3259 2374 ansam
3289 2319 3423 2373 hinc
3452 2321 3665 2390 Pagani
3696 2322 3920 2392 arripe-

2217 2411 2344 2458 rent
2369 2406 2717 2476 blasphemis
2729 2407 2962 2461 vocibus
2981 2409 3156 2461 Deum
3174 2407 3249 2461 im
3257 2407 3508 2477 petendi,
3532 2423 3754 2461 necnon
3772 2411 3924 2461 mala

2216 2493 2315 2546 illa
2353 2494 2682 2548 conferendi
2729 2495 2789 2548 in
2836 2495 3175 2566 religionem
3219 2495 3610 2549 Christianam.
3662 2496 3922 2566 Respon-

2217 2598 2347 2636 sum
2377 2582 2532 2636 dedit
2561 2583 2613 2636 ei
2645 2583 2740 2636 Vir
2769 2589 3130 2654 sanctus,pro
3153 2585 3270 2638 suis
3290 2585 3779 2656 occupationibus,
3802 2602 3923 2639 am-

2221 2671 2404 2740 plum,
2445 2675 2502 2724 et
2545 2671 2696 2740 quod
2726 2671 2796 2725 ad
2829 2688 2949 2725 rem
2993 2677 3078 2726 sat
3106 2677 3271 2726 esset.
3307 2673 3369 2726 In
3399 2673 3506 2726 hoc
3536 2673 3919 2741 demonstrat,

2220 2758 2499 2812 nihiltum
2517 2759 2762 2813 Ethnicis
2782 2765 2906 2814 tum
2933 2760 3268 2814 Christianis
3281 2761 3468 2831 aptius
3490 2762 3919 2816 commodiusve

2215 2863 2380 2916 posse
2403 2848 2624 2917 reponi,
2659 2864 2832 2918 quam
2861 2848 2907 2902 si
2939 2849 3192 2903 dicamus
3223 2849 3580 2920 gravioribus
3614 2850 3799 2920 pmnis
3831 2851 3918 2905 di-

2214 2952 2358 3006 gnos
2384 2952 2526 2998 esse,
2559 2937 2658 3004 qui
2689 2936 2912 2991 Domini
2939 2939 3314 3006 voluntatem,
3337 2955 3510 3009 quam
3533 2938 3802 3009 ignorare
3822 2956 3919 2993 ne-

2214 3029 2452 3096 queunt,
2481 3031 2877 3095 aspernantur,
2903 3043 3074 3099 quam
3097 3027 3159 3097 ii,
3187 3028 3395 3098 quibus
3411 3028 3479 3082 de
3500 3028 3594 3083 illa
3617 3045 3913 3100 nunquam

2214 3114 2530 3184 quidquam
2555 3115 2752 3169 audire
2783 3116 3020 3186 contigit
3053 3133 3065 3170 :
3095 3115 3218 3186 pios
3235 3133 3388 3184 vero,
3409 3118 3765 3188 quantalibet
3786 3119 3915 3172 vitm

2213 3203 2589 3256 sanctimonia
2610 3204 2884 3273 fulgeant,
2901 3204 3341 3275 ncquaquamin
3363 3205 3687 3276 integritate
3710 3223 3775 3260 ac
3797 3223 3916 3260 mo-

2214 3306 2342 3344 rum
2358 3290 2677 3346 innocentia
2695 3292 2907 3362 primas
2929 3293 3035 3346 sibi
3061 3309 3328 3363 arrogare
3348 3310 3513 3364 posse
3534 3311 3654 3364 prae.
3680 3295 3912 3348 Daniele

2213 3394 2277 3431 ac
2295 3378 2460 3432 sociis
2481 3379 2603 3447 ejus
2621 3381 2990 3434 sanctissimis
3009 3381 3118 3434 illis
3131 3382 3605 3448 adolescentibus,
3628 3384 3712 3436 vel
3738 3384 3914 3438 etiam

2215 3466 2574 3533 Machabaeis;
2627 3468 2726 3539 qui
2786 3473 2977 3524 tamen
3018 3487 3216 3524 omnes
3275 3471 3558 3525 atrocibus
3605 3472 3914 3526 conflictati

2213 3557 2479 3621 miseriis,
2507 3557 2700 3628 puniri
2729 3575 2786 3612 se
2814 3559 2985 3628 digne
3017 3565 3071 3613 et
3093 3559 3249 3628 juste
3269 3575 3373 3628 pro
3398 3559 3513 3612 suis
3536 3559 3917 3629 ipsorummet

2211 3645 2456 3714 peccatis
2484 3645 2892 3715 praedicarunt.
2934 3647 3316 3710 Quamobrem
3354 3647 3739 3703 Victorianum
3772 3651 3912 3703 hor-

2211 3738 2386 3801 tatur,
2419 3737 2480 3786 ut
2505 3740 2698 3788 caveat
2724 3751 2830 3805 pro
2860 3735 3095 3797 viribus,
3129 3736 3565 3807 prohibeatque,
3601 3739 3913 3807 quominus

2211 3818 2271 3872 in
2297 3819 2451 3875 hisce
2483 3822 2738 3876 cladibus
2765 3838 2829 3876 ac
2856 3823 3079 3878 damnis
3103 3824 3247 3877 Deus
3270 3824 3520 3895 indignis
3537 3826 3911 3896 querimoniis

2212 3906 2468 3962 irritetur
2500 3926 2511 3963 :
2545 3914 2668 3963 tum
2699 3927 2770 3964 ne
2801 3917 2978 3965 cesset
3003 3912 3070 3966 ad
3103 3928 3233 3966 eum
3265 3929 3370 3983 pro
3400 3913 3637 3984 captivis
3666 3915 3908 3985 virgini-

2210 3995 2316 4049 bus
2341 3997 2744 4068 ingemiscere;
2777 3999 2915 4070 quid
2958 4000 3026 4054 de
3069 3999 3180 4054 illis
3219 4002 3428 4055 factum
3461 4001 3552 4068 sit,
3581 4008 3678 4057 ant
3705 4019 3820 4074 qua
3851 4005 3908 4057 in

2211 4100 2270 4136 re
2294 4085 2481 4154 juvari
2512 4087 2750 4157 possint,
2793 4103 3019 4141 summa
3045 4088 3337 4159 diligentia
3364 4089 3617 4160 inquirat
3645 4107 3659 4143 :
3691 4108 3756 4145 ac
3779 4096 3907 4146 tan-

2209 4171 2341 4226 dem
2363 4181 2554 4244 speret
2583 4175 2726 4241 fore,
2757 4180 2821 4230 ut
2850 4193 3018 4246 opem
3048 4177 3161 4230 illis
3187 4179 3333 4231 Deus
3352 4178 3565 4242 afferat,
3598 4181 3687 4233 vel
3716 4180 3907 4250 prohi-

2208 4260 2325 4314 bita
2355 4264 2424 4316 ab
2455 4279 2650 4317 earum
2676 4265 3011 4335 corporibus
3036 4264 3270 4336 injuria,
3303 4267 3390 4321 vel
3421 4268 3774 4322 confirmatis
3803 4285 3910 4339 per

2209 4349 2451 4418 gratiam
2483 4352 2812 4406 earumdem
2846 4353 3075 4422 animis,
3107 4357 3171 4407 ut
3200 4371 3370 4426 quam
3403 4355 3512 4425 ipsi
3542 4361 3673 4410 voto
3690 4373 3908 4411 nuncu-

2208 4441 2435 4506 parunt,
2466 4439 2852 4509 virginitatem
2875 4441 3175 4496 retineant.
3202 4443 3296 4496 His
3324 4442 3481 4498 addit
3510 4444 3766 4499 futurum
3795 4446 3909 4499 for-

2208 4529 2373 4592 tasse,
2426 4531 2488 4580 ut
2529 4527 2674 4581 hanc
2715 4529 3048 4584 ancillarum
3079 4547 3312 4586 suarum
3341 4532 3724 4603 captivitatem
3758 4535 3907 4587 Deus

2207 4618 2328 4667 tum
2352 4614 2589 4670 insuam
2610 4617 2786 4688 ipsius
2808 4618 3073 4689 gloriam,
3099 4623 3220 4673 tum
3250 4619 3309 4674 in
3337 4620 3566 4675 illarum
3597 4621 3903 4676 utilitatem

2206 4719 2317 4756 non
2342 4703 2462 4758 sine
2493 4721 2700 4775 magno
2731 4707 2924 4761 fenore
2953 4711 3263 4762 convertat.
3296 4709 3467 4780 Cujus
3493 4710 3576 4763 rei
3601 4711 3906 4765 documen-

2204 4793 2327 4841 tum
2352 4795 2544 4862 narrat
2587 4791 2645 4844 in
2672 4791 2892 4862 virgine
2923 4793 3169 4863 quadam
3199 4795 3619 4849 sanctimoniali
3648 4795 3904 4866 regionis

2205 4876 2503 4944 Sitifensis,
2548 4879 2739 4934 Severi
2786 4881 3036 4951 episcopi
3083 4887 3278 4951 nepte,
3317 4887 3445 4937 ante
3485 4900 3692 4953 paucos
3721 4901 3903 4938 annos

2204 4966 2538 5020 exhibitum.
2581 4971 2776 5022 Domus
2816 4971 2955 5022 cnim
2987 4971 3104 5036 illa,
3139 4969 3346 5042 inquit,
3382 4972 3756 5041 barbarorum,
3806 4974 3904 5027 ubi

2203 5057 2421 5123 captiva
2451 5059 2695 5124 ingressa
2723 5061 2816 5117 est,
2841 5058 3023 5110 subita
3045 5060 3206 5127 carpit
3229 5060 3563 5114 dominorum
3587 5064 3905 5130 inﬁrmitate

2195 5141 2427 5210 jactari,
2455 5144 2535 5195 ita
2573 5147 2633 5195 ut
2662 5158 2837 5196 omnes
2866 5145 2976 5212 ipsi
3013 5145 3256 5211 barbari,
3292 5151 3423 5211 tres,
3455 5151 3565 5200 nisi
3588 5150 3776 5215 fallor,
3820 5151 3906 5204 rel

2201 5230 2437 5298 amplius
2474 5233 2700 5298 fratres,
2731 5233 3191 5299 periculosissima
3219 5237 3539 5304 inﬁrmitate
3569 5237 3902 5293 laborarent.

2201 5318 2434 5383 Quorum
2453 5323 2626 5372 mater
2646 5320 3036 5375 animadvertit
3049 5324 3291 5390 puellam
3314 5326 3416 5377 Deo
3434 5323 3696 5388 deditam,
3720 5330 3770 5378 et
3791 5341 3905 5379 cre-

2199 5406 2342 5460 didit
2369 5407 2512 5474 quod
2536 5407 2652 5476 ejus
2681 5410 3017 5464 orationibus
3041 5413 3130 5464 sui
3145 5412 3253 5480 filii
3284 5417 3502 5480 possent
3527 5412 3594 5465 ab
3621 5415 3908 5468 imminen-

2199 5496 2268 5547 tis
2291 5495 2413 5563 jam
2441 5497 2628 5548 mortis
2672 5499 2913 5565 periculo
2961 5500 3213 5567 liberari;
3257 5503 3456 5568 petivit
3493 5505 3552 5554 ut
3586 5508 3767 5556 oraret
3803 5519 3909 5572 pro
