4062 6348
157 284 262 335 389

153 403 253 469 eis,
284 402 557 471 pollicens.
589 402 742 471 quod
763 405 814 461 si
837 403 980 459 salvi
996 405 1137 471 facti
1163 407 1353 471 essent,
1385 419 1503 458 eam
1527 406 1642 459 suis
1665 420 1860 474 paren-

156 490 304 543 tibus
331 489 636 544 redderent.
658 490 937 559 Jejunavit
958 493 1076 562 illa,
1100 496 1150 546 et
1168 494 1367 560 oravit,
1393 496 1444 545 et
1459 492 1721 547 exaudita
1741 508 1859 547 con-

155 580 309 631 tinuo
339 581 435 631 est.
465 577 557 632 Ad
578 579 672 632 hoc
692 580 832 632 enim
860 580 1070 646 factum
1093 584 1230 645 erat,
1262 586 1524 649 quantum
1552 584 1730 635 exitus
1760 581 1859 635 do-

154 667 288 718 cuit.
316 666 402 719 Ita
425 666 514 719 illi
543 670 652 720 tam
682 669 959 735 repentino
984 670 1083 722 Dei
1110 669 1356 737 beneficio
1384 671 1557 723 salute
1585 674 1856 739 percepta,

152 756 418 808 mirantes
430 770 544 807 eam
561 759 610 808 et
628 755 968 821 honorantes,
986 757 1131 825 quod
1150 773 1331 812 eorum
1350 762 1521 812 mater
1534 761 1861 828 promiserat

154 843 534 912 impleverunt.
565 844 766 914 Itaque
791 860 894 914 per
922 844 1245 899 mirabilem
1281 846 1379 900 Dei
1409 846 1859 902 misericordiam

154 946 289 985 cum
317 931 535 985 honore
566 947 779 1002 magno
812 933 927 987 suis
961 934 1292 1005 parentibus
1329 936 1588 990 restituta
1617 941 1721 991 est.
1757 938 1861 990 De-

156 1034 319 1073 mum
346 1018 597 1090 subjicit,
617 1024 843 1075 tantum
867 1020 926 1075 in
948 1026 1138 1077 mente
1159 1024 1346 1077 valere
1366 1024 1750 1094 integritatem
1774 1041 1861 1077 ca-

157 1106 386 1176 stitatis,
413 1111 477 1161 ut
502 1106 602 1161 illa
625 1106 918 1179 inviolata,
940 1126 1044 1164 nec
1067 1110 1129 1165 in
1156 1126 1394 1183 corpore
1422 1112 1605 1183 possit
1630 1111 1857 1183 pudici-

155 1195 237 1250 tia
262 1194 465 1250 violari
495 1196 696 1265 (Epist.
735 1196 881 1267 111).

806 1286 939 1340 CAP
949 1287 1032 1342 UT
1070 1288 1212 1342 VIII.

160 1375 208 1427 1.
240 1373 404 1426 Anno
431 1372 961 1442 quadringentesimo
990 1374 1212 1442 decimo,
1244 1381 1559 1445 expugnata
1588 1377 1744 1443 Urbe,
1776 1392 1862 1431 va-

227 1462 339 1515 rios
363 1477 426 1515 ea
452 1461 518 1515 de
544 1477 604 1515 re
640 1477 905 1517 sermones
935 1463 1095 1518 habet
1121 1464 1198 1518 ad
1223 1465 1452 1533 plebem.
1484 1467 1517 1519 2
1548 1467 1859 1535 Hipponen-

224 1548 377 1602 sibus
400 1549 698 1603 absentiam
720 1565 874 1605 suam
902 1556 1147 1620 emcusat,
1170 1555 1333 1620 utque
1356 1552 1422 1606 de
1444 1553 1734 1607 vestiendis
1761 1568 1859 1621 pro

226 1651 327 1691 suo
354 1652 498 1691 more
528 1638 869 1707 pauperibus
909 1640 1160 1705 cogitent,
1202 1640 1471 1694 hortatur.
1505 1643 1535 1695 3
1588 1645 1630 1696 Α
1680 1642 1860 1696 morbo

228 1726 596 1779 conualescens
626 1728 749 1779 ruri
770 1727 1057 1796 respondet
1095 1730 1345 1782 Dioscoro
1374 1728 1440 1782 de
1476 1730 1859 1797 quaestionibus

228 1814 298 1867 ab
323 1829 380 1867 eo
408 1816 609 1869 missis.
640 1816 674 1869 4
705 1816 1043 1871 Consentium
1072 1818 1246 1870 animi
1273 1818 1626 1888 simplicitate
1654 1834 1716 1872 ac
1745 1820 1861 1872 sine

228 1904 553 1968 arrogantia
598 1907 867 1957 errantem
904 1904 1140 1970 dedocet,
1184 1904 1482 1974 imbuitque
1524 1908 1731 1960 seniori
1762 1906 1859 1960 do-

227 1992 427 2045 ctrina.
457 1994 487 2044 5
519 1990 759 2047 Colendae
788 2006 898 2046 sua:
924 1993 1116 2060 cuique
1140 1993 1418 2059 religionis
1444 1993 1742 2048 libertatem
1770 1994 1861 2047 da-

229 2083 345 2132 tam
384 2079 525 2133 tollit
570 2080 856 2133 Honorius.
893 2082 925 2133 6
968 2080 1114 2134 Idem
1149 2080 1306 2149 jubet
1346 2085 1408 2135 ut
1451 2081 1713 2136 Catholici
1741 2094 1859 2133 cum

231 2168 528 2220 Donatistis
568 2169 626 2219 in
664 2168 984 2235 colloquium
1025 2170 1260 2221 veniant.
1291 2171 1322 2220 7
1366 2167 1619 2223 Curanda
1655 2168 1860 2232 futura

228 2255 545 2310 Collationis
574 2254 727 2309 modo
755 2271 818 2309 ac
847 2255 1029 2309 ordini
1050 2255 1357 2327 praeﬁcitur
1384 2257 1748 2310 Marcellinus.

231 2347 281 2398 1.
318 2342 624 2414 Superiore
652 2359 803 2397 anno
830 2342 1214 2399 Victoriauum
1236 2344 1307 2397 ob
1329 2343 1707 2398 intolerabilia
1736 2359 1857 2398 ma-

160 2430 233 2499 la,
250 2445 384 2501 quas
406 2430 783 2485 barbarorum
804 2429 1229 2485 incursionibus
1244 2429 1492 2501 Imperio
1512 2429 1855 2497 acciderant,

160 2518 356 2573 animo
386 2518 625 2573 fractum
665 2518 1003 2574 conﬁrmare
1037 2519 1299 2574 studebat
1335 2518 1686 2590 Augustinus
1721 2534 1733 2571 :
1763 2534 1857 2571 ve-

160 2623 289 2661 rum
313 2607 376 2662 id
413 2623 595 2678 genus
625 2606 910 2671 remediis,
945 2624 1075 2678 quas
1114 2607 1225 2679 ipsi
1250 2624 1536 2680 propensa
1564 2606 1623 2662 in
1661 2623 1859 2662 omnes

157 2695 345 2766 pietas
366 2695 783 2767 suppeditabat,
809 2696 996 2767 magis
1016 2696 1269 2767 indiguit
1288 2701 1514 2751 sanctus
1534 2697 1782 2751 Antistes
1798 2696 1859 2749 in

155 2780 268 2834 illis
294 2781 589 2847 aerumnis,
613 2797 752 2852 quas
778 2797 961 2835 annus
985 2782 1587 2852 quadringentesimus
1607 2781 1858 2836 decimus

155 2869 322 2935 tulit;
340 2885 453 2941 quo
475 2870 733 2924 videlicet
752 2886 904 2924 anno
926 2870 1239 2924 Gothorum
1257 2887 1351 2924 rex
1372 2870 1628 2924 Alaricus
1651 2871 1858 2924 Urbem

157 2957 456 3013 obsidione
505 2957 699 3024 cinxit,
745 2962 803 3012 et
848 2974 1003 3012 nono
1040 2957 1316 3013 kalendas
1355 2957 1692 3028 septembris
1729 2962 1857 3011 tan-

157 3046 289 3101 dem
323 3046 687 3117 expugnavit.
723 3047 877 3101 llanc
907 3045 1063 3100 enim
1093 3045 1263 3101 militi
1290 3045 1563 3101 barbarus
1592 3044 1860 3117 diripien-

156 3135 289 3189 dam
316 3135 614 3206 permisit;
646 3151 979 3207 quanquam
1010 3150 1077 3189 ea
1113 3135 1299 3206 posita
1328 3136 1475 3206 lege,
1503 3139 1568 3190 ut
1609 3140 1667 3189 et
1707 3134 1857 3188 chri-

157 3222 346 3278 stiano
388 3222 656 3294 sanguini
688 3228 965 3295 parceret,
1000 3228 1059 3279 et
1107 3240 1303 3279 eorum
1334 3240 1462 3295 quas
1507 3224 1566 3278 in
1611 3223 1860 3278 basilicis

156 3311 476 3382 praesertim
505 3313 896 3383 apostolorum
928 3312 1079 3367 Petri
1097 3316 1155 3367 et
1176 3312 1334 3367 Pauli
1352 3316 1574 3383 recepta
1594 3312 1858 3381 fuissent,

156 3400 492 3472 contingere
512 3400 827 3472 quidquam
856 3416 973 3456 non
1004 3401 1254 3456 auderet.
1282 3401 1703 3468 Calamitatum,
1728 3417 1858 3473 quae

156 3488 576 3544 nobilissimam
613 3489 771 3544 illam
811 3490 1015 3544 urbem
1059 3490 1347 3562 populatae
1386 3491 1629 3552 fuerant.
1671 3490 1861 3544 tristes

158 3577 351 3631 nuntii
369 3576 466 3648 pio
486 3576 739 3632 Antistiti
759 3576 987 3631 crebros
1004 3593 1033 3630 e
1053 3581 1278 3648 pectore
1300 3575 1566 3647 gemitus,
1590 3591 1861 3647 magnam

158 3679 226 3719 ex
250 3664 430 3719 oculis
458 3666 842 3737 lacrymarum
871 3664 986 3719 vim
1030 3668 1435 3735 expresserunt
1466 3681 1480 3719 :
1512 3667 1684 3734 atque
1728 3664 1863 3718 hinc

157 3753 430 3809 solatium
458 3770 660 3825 capere
680 3769 738 3807 se
760 3754 853 3807 vix
878 3753 1134 3824 potuisse
1154 3753 1458 3823 proﬁtetur
1479 3753 1569 3823 (De
1595 3752 1754 3807 Urbis
1773 3768 1863 3806 ea:-

157 3841 325 3910 cidio,
356 3858 410 3896 η.
444 3844 521 3912 3).
555 3844 627 3896 At
662 3841 715 3895 ei
743 3857 865 3911 pra:
896 3840 1117 3895 caeteris
1144 3840 1206 3894 in
1244 3841 1547 3894 molestum
1580 3844 1720 3906 erat,
1756 3842 1863 3893 Pa-

156 3944 337 3999 ganos
367 3934 425 3983 et
444 3945 510 3983 ex
540 3928 676 3999 ipsis
699 3944 797 3982 eos
827 3928 1003 3982 etiam
1027 3943 1274 3999 quorum
1296 3927 1483 3991 saluti,
1505 3926 1616 3981 nisi
1635 3943 1694 3981 se
1716 3926 1864 3980 chri-

154 4017 368 4071 stianos
396 4016 621 4071 mentiti
664 4018 872 4082 essent,
915 4020 1015 4069 aut
1052 4016 1111 4068 in
1152 4014 1604 4069 Christianorum
1644 4013 1863 4085 templa

153 4103 575 4175 confugissent,
612 4102 935 4157 consultum
976 4101 1230 4167 omnino,
1256 4118 1372 4156 non
1411 4102 1631 4170 fuisset,
1665 4106 1862 4157 tamen

154 4193 298 4248 adeo
327 4208 505 4246 caecos
533 4195 703 4263 atque
724 4190 1093 4245 immemores
1115 4189 1383 4244 beneﬁcii
1406 4206 1463 4244 se
1493 4190 1772 4260 praebere,
1797 4194 1864 4245 ut

156 4280 390 4352 imperii
430 4281 638 4335 damna
673 4278 998 4333 christiana:
1040 4277 1311 4349 religioni
1338 4278 1713 4348 imputarent,
1757 4280 1862 4333 Ur-

155 4369 407 4441 bemque
431 4385 542 4424 non
565 4368 637 4424 ob
659 4368 835 4436 aliud,
861 4383 1034 4438 quam
1056 4370 1293 4439 propter
1322 4382 1516 4421 eversa
1537 4367 1862 4437 simulacra,

159 4461 541 4529 expugnatam
589 4456 761 4511 fuisse
807 4454 1202 4526 praedicarent.
1257 4456 1429 4509 Ilasce
1478 4455 1863 4526 blasphemias

159 4546 430 4617 frequens
468 4545 765 4600 refellebat
801 4544 861 4599 in
901 4544 1015 4599 suis
1053 4544 1123 4599 ad
1152 4545 1431 4616 populum
1469 4544 1860 4611 Sermonibus,

161 4650 231 4690 ex
259 4634 468 4707 quibus
497 4651 615 4689 non
640 4632 808 4704 pauci
828 4638 1137 4704 supersunt
1168 4634 1374 4700 adhuc,
1398 4636 1455 4687 et
1482 4649 1631 4687 unus
1661 4632 1722 4687 in
1748 4633 1863 4705 pri-

163 4723 291 4790 mis,
322 4723 382 4777 in
414 4739 527 4794 quo
559 4721 865 4792 signiﬁcat,
898 4720 1007 4775 sibi
1047 4737 1080 4775 a
1108 4720 1429 4776 Gentilibus
1456 4721 1706 4776 nimium
1738 4738 1859 4776 cre-

159 4810 326 4866 bram
353 4811 623 4866 Romanaa
652 4810 829 4864 cladis
860 4809 1214 4864 mentionem
1236 4809 1587 4880 exprobrari,
1611 4809 1771 4879 quasi
1800 4809 1862 4864 in

164 4901 358 4954 animo
387 4900 623 4954 haberet
649 4898 769 4969 ipse
790 4897 991 4953 alienis
1016 4897 1255 4953 illudere
1276 4901 1447 4969 atque
1475 4897 1751 4953 insultare
1780 4898 1863 4952 in-

161 4988 429 5044 fortuniis
461 5005 474 5042 :
504 5003 632 5058 quae
659 5002 746 5041 res
777 4987 846 5041 ab
875 4988 997 5058 ejus
1028 4986 1260 5057 ingenio
1292 5001 1464 5057 quam
1494 4986 1736 5041 maxime
1761 4986 1860 5041 ab-

162 5075 429 5131 horrebat
459 5075 648 5145 (Serm.
678 5076 797 5140 105,
828 5089 921 5129 nn.
960 5077 1042 5141 l2,
1085 5074 1187 5144 l3).
1223 5074 1289 5128 Et
1317 5086 1452 5127 sane
1476 5073 1583 5128 hoc
1612 5074 1711 5128 illo
1744 5090 1861 5128 ser-

164 5178 351 5226 mone,
372 5162 471 5218 ubi
493 5162 687 5216 ﬁdeles
708 5161 873 5215 docet
894 5178 1005 5233 qua
1023 5162 1243 5216 ratione
1264 5162 1334 5216 ab
1355 5161 1496 5232 ipsis
1525 5162 1862 5233 excipienda

164 5252 278 5306 sint
303 5252 446 5306 dura
474 5254 530 5306 et
560 5249 815 5316 adversa,
848 5250 1054 5321 quidve
1100 5266 1207 5322 pro
1245 5267 1347 5305 sua
1383 5266 1482 5322 spe
1515 5250 1862 5322 responden-

167 5340 304 5395 dum
332 5340 572 5412 Paganis
601 5338 1036 5394 insultatoribus
1066 5344 1125 5394 et
1165 5339 1717 5411 blasphematoribus
1760 5356 1860 5393 no-

167 5429 336 5483 minis
378 5427 691 5495 christiani,
722 5427 928 5482 horum
976 5428 1158 5482 vicem
1197 5428 1366 5482 simul
1407 5427 1655 5499 graviter
1685 5427 1859 5494 dolet,

170 5520 336 5587 atque
365 5521 431 5571 ut
458 5517 526 5571 ad
555 5517 724 5571 ﬁdem
750 5514 1027 5581 conversi,
1061 5520 1334 5570 aeternam
1359 5518 1604 5572 salutem
1624 5515 1862 5587 adipisci

1631 282 1837 338 LIBER
1874 281 2154 338 SEXTUS.
3563 293 3667 346 390

1967 405 2213 471 valeant,
2245 409 2375 459 vota
2402 404 2552 460 facit.
2582 405 2735 461 Alias
2763 407 3024 461 eamdem
3047 408 3288 478 jamjam
3319 409 3661 478 adfuturam,

1968 499 2066 548 aut
2093 494 2285 564 potius
2322 493 2540 548 illatam
2580 511 2777 549 recens
2816 496 3013 550 Roma:
3050 497 3370 552 vastitatem
3410 499 3665 555 oratione

1969 598 2337 653 persequens,
2371 582 2659 638 auditores
2688 584 2794 638 sub
2823 584 3114 638 concionis
3135 585 3310 639 ﬁnem
3331 587 3662 655 obtestatur,

1970 674 2031 723 ut
2060 686 2173 740 quo
2206 668 2388 741 magis
2417 670 2476 725 in
2506 671 2615 725 ista
2643 671 2940 725 occasione
2970 672 3430 743 peregrinorum,
3462 690 3667 744 egeno-

1968 774 2118 824 rum,
2154 757 2559 822 laborantium.
2613 760 2810 831 augeri
2856 776 3165 815 numerum
3203 766 3521 827 cernerent,
3563 762 3671 815 boc

1969 845 2138 900 etiam
2172 845 2352 916 magis
2380 847 2716 901 cliaritatem
2755 847 2863 918 ipsi
2902 863 2965 902 ac
2994 848 3444 903 misericordiam
3479 848 3667 904 inten-

1970 934 2170 988 derent
2198 950 2393 1001 suam;
2427 934 2506 989 sic
2535 935 2689 989 enim
2719 936 3052 990 Christianis
3083 937 3288 992 Christi
3317 943 3666 1009 praeceptum

1970 1022 2362 1092 implentibus,
2392 1023 2509 1077 fore
2547 1028 2611 1077 ut
2638 1025 3000 1095 Paganorum
3039 1024 3232 1095 impiae
3270 1026 3329 1080 in
3362 1028 3541 1081 Deum
3579 1043 3670 1081 vo-

1969 1124 2081 1177 ces,
2112 1108 2340 1163 nonnisi
2385 1109 2445 1163 in
2492 1126 2656 1164 suam
2696 1110 2952 1181 ipsorum
2997 1116 3290 1166 vertantur
3329 1112 3665 1182 perniciem.

1968 1197 2121 1263 Quod
2139 1197 2295 1266 jubet
2322 1198 2590 1267 Christus,
2619 1198 2827 1269 inquit,
2853 1201 3068 1266 faciant
3098 1202 3424 1267 Christiani;
3458 1205 3508 1255 et
3537 1206 3667 1255 tan—

1970 1289 2083 1339 tum
2150 1300 2247 1341 suo
2310 1287 2452 1341 malo
2519 1287 2893 1356 blasphemant
2953 1288 3168 1355 Pagani
3242 1289 3511 1358 (Sermone
3574 1291 3664 1355 81,

1968 1389 2024 1427 n.
2077 1373 2152 1443 9).
2207 1375 2395 1429 Exstat
2442 1379 2499 1428 et
2544 1391 2732 1429 sermo
2780 1376 2927 1430 alius
2974 1375 3036 1429 in
3080 1382 3363 1431 recentem
3410 1377 3667 1446 ejusdem

1972 1461 2132 1515 urbis
2169 1461 2553 1532 direptionem
2580 1463 2825 1526 habitus,
2858 1463 3019 1534 cujus
3051 1463 3177 1535 ipsa
3215 1463 3506 1535 inscriptio
3535 1468 3621 1518 est
3652 1480 3667 1518 :

1970 1551 2044 1603 De
2076 1550 2235 1604 Urbis
2264 1551 2517 1605 Excidio.
2560 1552 2622 1605 In
2667 1567 2733 1605 eo
2770 1556 2964 1606 autem
3002 1551 3358 1606 demonstrat
3395 1552 3489 1606 Vir
3528 1568 3663 1606 san-

1970 1641 2115 1706 ctus,
2144 1637 2466 1692 istiusmodi
2512 1639 2698 1693 clades
2746 1640 2997 1710 peccatis
3022 1640 3231 1694 nostris
3278 1644 3533 1711 acceptas
3575 1657 3666 1694 re-

1971 1724 2107 1778 ferri
2150 1725 2393 1793 debere;
2440 1743 2505 1780 ac
2547 1726 2699 1780 inter
2738 1728 3008 1781 mortales
3053 1727 3344 1781 neminem
3397 1727 3554 1780 omni
3596 1743 3665 1780 ex

1970 1818 2130 1884 parte
2152 1814 2375 1884 justum
2404 1818 2575 1885 atque
2604 1830 2638 1867 a
2668 1814 2858 1868 delicti
2886 1814 3225 1884 contagione
3244 1814 3491 1869 liberum
3521 1830 3663 1876 esse,

1969 1901 2165 1955 multis
2194 1902 2443 1956 ostendit
2471 1901 2824 1972 argumentis
2865 1907 2918 1955 et
2948 1902 3224 1972 exemplis
3267 1918 3279 1955 :
3314 1903 3466 1973 quod
3498 1903 3568 1957 ab
3596 1919 3664 1957 eo

1968 1988 2193 2042 videtur
2222 1988 2455 2054 factum,
2480 1994 2540 2043 ut
2567 1987 2943 2043 exorientium
2977 1990 3414 2060 Pelagianorum
3443 1990 3665 2062 placitis

1969 2081 2309 2131 occurreret.
2332 2076 2478 2131 Inibi
2500 2093 2730 2149 quoque
2752 2078 3103 2132 mentionem
3127 2078 3261 2132 facit
3281 2078 3480 2149 ignitae
3508 2077 3665 2133 illius

1968 2165 2158 2232 nubis,
2192 2182 2318 2236 quin
2365 2181 2516 2219 anno
2563 2182 2739 2235 supra
2782 2166 3245 2220 trecentesimum
3292 2167 3665 2239 nonagesimo

1970 2259 2127 2307 sexto
2157 2253 2425 2324 apparuit
2450 2253 2940 2324 Constantinopoli
2961 2254 3319 2324 impendens.
3345 2256 3513 2309 Plura
3533 2255 3668 2309 hinc

1968 2358 2086 2396 non
2110 2342 2354 2397 dicimus
2380 2358 2392 2395 :
2423 2358 2560 2396 suus
2582 2341 2730 2396 infra
2747 2358 2805 2396 se
2828 2342 2985 2396 dabit
3002 2344 3159 2397 locus
3181 2343 3520 2414 explicandi,
3544 2358 3660 2414 quo

1967 2434 2132 2501 pacto
2163 2429 2473 2486 Gentilium
2503 2429 2697 2500 impiis
2726 2429 2798 2484 ob
2830 2436 3212 2501 expugnatam
3244 2432 3452 2486 Urbem
3479 2432 3670 2503 queri-

1967 2518 2179 2573 moniis
2208 2523 2503 2590 permotus
2534 2518 2604 2573 ad
2634 2518 3089 2590 aggrediendum
3109 2519 3406 2591 egregium
3424 2536 3567 2591 opus
3596 2519 3667 2573 de

1970 2607 2207 2662 Civitate
2241 2607 2340 2662 Dei
2370 2607 2625 2662 animum
2655 2606 2959 2678 appulerit.

2038 2699 2093 2751 2.
2128 2694 2394 2766 Contigit,
2427 2700 2682 2750 sanctum
2717 2696 3055 2766 Episcopum
3079 2695 3409 2767 aliquandiu
3443 2713 3547 2768 per
3573 2698 3666 2752 lu-

1970 2782 2326 2837 ctuosissima
2353 2782 2451 2836 illa
2476 2787 2735 2853 tempora
2761 2783 2957 2837 abesse
2989 2783 3269 2854 Hippone,
3292 2801 3406 2855 quo
3439 2786 3670 2840 nonnisi

1968 2875 2150 2941 empta
2179 2870 2368 2924 hieme
2396 2886 2685 2940 regressus
2715 2876 2818 2925 est.
2853 2872 2975 2935 Qua
3004 2872 3298 2925 occasione
3339 2876 3533 2926 autem
3568 2874 3667 2926 Ec-

1969 2957 2197 3012 clesiam
2229 2973 2389 3011 suam
2426 2963 2548 3011 tum
2593 2958 2927 3020 deseruerit,
2958 2975 3090 3013 cum
3133 2959 3204 3013 ob
3248 2959 3481 3029 Imperii
3512 2976 3662 3013 aeru-

1972 3062 2134 3100 mnas
2162 3045 2530 3117 praesentiam
2555 3046 2678 3117 ejus
2704 3046 2887 3117 magis
2924 3046 3025 3101 illa
3052 3046 3401 3118 requirebat,
3440 3046 3669 3118 ignora-

1970 3150 2098 3188 mus
2122 3150 2135 3188 :
2159 3137 2217 3188 at
2236 3137 2385 3189 certe
2405 3149 2704 3205 nunquam
2734 3134 2803 3188 ab
2834 3151 2934 3188 sua
2956 3134 3183 3189 dimcesi
3204 3134 3385 3189 abfuit
3404 3133 3670 3190 liberiore

1970 3222 2217 3288 licentia,
2250 3222 2348 3277 sed
2384 3223 2503 3277 sola
2520 3222 2762 3294 juvandi
2789 3223 2932 3277 alios
2971 3224 3304 3278 necessitate
3342 3225 3673 3296 cmnpulsus'

1973 3312 2167 3381 (Epist.
2204 3312 2329 3381 122,
2349 3326 2407 3367 n.
2434 3313 2486 3381 1)
2510 3327 2524 3366 :
2551 3327 2738 3383 neque
2766 3311 3006 3367 dubium
3036 3316 3139 3379 est,
3163 3312 3304 3383 quin
3329 3313 3403 3367 ad
3431 3312 3541 3368 iter
3564 3314 3674 3367 hoc

1969 3401 2338 3473 potissimum
2366 3405 2625 3472 tempore
2665 3401 3094 3472 suscipiendum
3133 3417 3305 3456 causa
3332 3418 3464 3457 eum
3504 3401 3672 3457 solito

1973 3488 2269 3561 urgentior
2310 3490 2587 3561 adegerit.
2623 3490 2761 3544 Nam
2787 3478 3022 3560 populus
3053 3492 3431 3560 Hipponensis,
3466 3490 3674 3562 inquit,

1971 3581 2059 3633 cui
2083 3594 2163 3632 me
2189 3581 2449 3633 Dominus
2475 3594 2686 3633 servum
2730 3579 2901 3645 dedit,
2947 3595 3067 3634 cum
3104 3593 3171 3633 ea:
3215 3595 3417 3648 magna
3455 3584 3505 3634 et
3540 3594 3676 3648 pene

1974 3683 2041 3721 ea:
2069 3669 2215 3720 omni
2233 3671 2390 3736 parte
2408 3669 2489 3721 ita
2509 3669 2757 3735 inﬁrmus
2778 3669 2870 3729 sit.
2894 3671 2953 3720 ut
2970 3681 3238 3735 pressura
3266 3670 3430 3722 etiam
3455 3669 3673 3722 levioris

1973 3755 2344 3809 tribulationis
2365 3756 2540 3823 possit
2569 3756 2814 3821 graviter
2837 3758 3120 3821 mgrotarc,
3160 3769 3303 3808 nunc
3333 3758 3443 3808 tam
3471 3770 3674 3823 magna

1975 3842 2321 3896 tribulatione
2348 3840 2596 3905 caeditur,
2624 3845 2684 3894 ut
2722 3843 2938 3893 etiamsi
2972 3856 3079 3894 non
3117 3842 3195 3894 sic
3235 3846 3371 3895 esset
3399 3844 3673 3910 inﬁrmus,

1972 3930 2069 3983 vis:
2096 3943 2214 3982 eam
2231 3943 2350 3982 cum
2368 3929 2558 3995 aliqua
2578 3927 2752 3981 salute
2775 3928 2952 3981 animi
2977 3928 3283 3981 sustineret.
3310 3930 3447 3982 Eum
3473 3932 3672 3994 autem,

1972 4014 2162 4087 pergit
2188 4014 2340 4069 idem
2371 4018 2617 4081 sanctus,
2647 4014 2803 4069 modo
2832 4030 2951 4069 cum
2977 4029 3252 4083 regressus
3282 4030 3420 4081 sum,
3449 4017 3675 4084 pericu-

1974 4105 2232 4158 losissime
2255 4103 2692 4158 scandalizatum
2719 4105 2951 4171 comperi
2975 4103 3040 4157 de
3067 4103 3315 4157 absentia
3340 4119 3457 4157 mea
3491 4119 3503 4156 :
3531 4118 3674 4172 prae-

1973 4195 2158 4248 sertim
2200 4194 2457 4262 quoniam
2498 4193 2659 4247 multi
2695 4196 2821 4246 sunt
2852 4192 2959 4254 hic,
2995 4193 3093 4261 qui
3130 4191 3460 4246 detrahendo
3500 4192 3674 4259 nobis,

1974 4285 2283 4336 czeterorum
2299 4282 2527 4343 animos,
2551 4297 2586 4335 a
2607 4280 2803 4349 quibus
2825 4279 2991 4348 diligi
3008 4280 3277 4348 videmur,
3301 4280 3561 4335 adversus
3581 4296 3678 4335 nos

1968 4369 2293 4440 perturbare
2321 4373 2605 4436 conantur,
2652 4374 2714 4423 ut
2758 4370 2929 4423 locum
2970 4370 3029 4423 in
3066 4370 3143 4423 eis
3190 4368 3405 4423 diabolo
3442 4371 3675 4437 faciant.

1973 4459 2104 4515 Cum
2135 4464 2312 4513 autem
2338 4461 2653 4514 irascuntur
2680 4458 2856 4525 nobis,
2899 4458 2964 4511 de
3004 4473 3232 4525 quorum
3257 4459 3433 4512 salute
3460 4460 3677 4526 satagi—

1973 4561 2113 4615 mus,
2142 4562 2399 4615 magnum
2427 4547 2858 4602 illis'consitium
2886 4545 3228 4613 vindicandi,
3259 4550 3336 4600 est
3365 4546 3534 4600 libido
3564 4561 3678 4600 mo-

1971 4637 2174 4702 riendi,
2197 4650 2305 4690 non
2332 4638 2391 4689 in
2418 4650 2653 4704 corpore,
2687 4634 2781 4689 sed
2810 4636 2867 4687 in
2898 4634 3054 4688 corde
3074 4633 3277 4705 (Epist.
3315 4635 3438 4703 124,
3474 4649 3536 4690 n.
3574 4634 3628 4704 2)
3661 4648 3674 4688 ;

1973 4723 2183 4793 quibus
2198 4724 2451 4794 quidem,
2466 4728 2531 4777 ut
2552 4723 2877 4793 opinamur,
2902 4721 3070 4776 tacite
3091 4721 3303 4788 innuit,
3318 4721 3560 4776 transire
3582 4738 3678 4776 eos

1975 4811 2046 4865 ad
2077 4810 2504 4865 Donatistarum
2533 4814 2724 4881 partes
2762 4809 2923 4863 velle.
2972 4809 3134 4873 Quod
3178 4809 3368 4880 ipsum
3411 4810 3471 4863 in
3511 4826 3679 4864 causa
3774 4851 3778 4855 .

1972 4898 2103 4962 fuit,
2133 4914 2234 4952 cur
2261 4902 2380 4952 tota
2408 4897 2598 4952 hieme
2625 4914 2695 4951 ne
2721 4897 2924 4967 pedem
2957 4897 3192 4968 quidem
3226 4897 3488 4968 llippone
3519 4897 3678 4951 ell‘er—

1973 4992 2080 5041 ret.
2113 4989 2219 5041 Per
2246 4986 2389 5041 illud
2420 4986 2610 5057 ipsum
2651 4985 2923 5041 absentiae
2962 5002 3079 5040 suae
3126 4990 3348 5058 tempus
3378 4986 3674 5057 epistolam

1973 5076 2042 5130 ad
2074 5076 2289 5129 clerum
2318 5079 2375 5130 et
2411 5076 2692 5147 populum
2738 5074 3165 5146 Hipponensem
3203 5075 3490 5146 scripsisse
3520 5074 3670 5127 vide-

1971 5169 2068 5219 tur
2096 5163 2295 5233 (Epist.
2334 5162 2457 5233 I22)
2490 5180 2503 5218 :
2535 5164 2641 5218 hac
2670 5163 2823 5218 enim
2846 5163 3197 5218 calamitates
3218 5163 3277 5217 in
3300 5163 3494 5216 orbem
3524 5176 3671 5230 pene

1972 5252 2304 5307 universum
2334 5252 2632 5308 saevientes
2662 5256 2961 5318 memorat,
2987 5253 3194 5323 quibus
3226 5252 3296 5304 ad
3323 5248 3673 5319 prospicien-

1974 5340 2134 5409 dum,
2165 5357 2235 5396 ne
2265 5341 2469 5396 iisdem
2500 5340 2763 5396 similiter
2790 5340 3272 5412 opprimerentur,
3304 5335 3535 5391 excitari
3563 5351 3668 5390 ne-

1974 5444 2127 5483 cesse
2154 5433 2275 5484 erat
2296 5430 2705 5501 Ilipponenses.
2730 5429 2953 5483 Etenim
2980 5427 3203 5496 direpta
3228 5426 3408 5479 Roma
3428 5427 3674 5479 vastata-

1975 5532 2087 5587 que
2105 5517 2271 5573 Italia
2288 5517 2545 5573 Alaricus
2564 5516 2824 5588 trajicere
2849 5516 2908 5569 in
2930 5513 3177 5569 Siciliam
3191 5510 3509 5566 destinabat
3529 5511 3675 5571 (Oro-
