4062 6354
406 283 499 335 391
1650 276 1808 331 VITA
1846 275 1903 330 S.
1942 273 2315 332 AUGUSTINI
2356 275 2684 332 EPISCOPI.

402 410 540 475 sius,
573 406 713 460 Hist.
748 402 843 457 lib.
865 406 922 469 7,
945 416 1067 472 cap.
1094 399 1213 471 43),
1237 399 1371 456 inde
1391 399 1453 454 in
1471 398 1739 466 Africam,
1763 398 1810 452 si
1827 397 2102 455 Jornandi

402 494 710 561 credimus,
740 492 1038 546 invasurus
1085 489 1430 560 (Jornandes,
1480 488 1572 543 lib.
1614 488 1681 542 de
1716 489 1845 545 Reb.
1896 489 2100 558 60th.).

402 586 580 640 Porro
611 582 899 635 malorum
942 580 1185 633 istorum
1214 583 1371 632 metu
1403 576 1612 631 civium
1646 576 2100 648 Hipponensium

401 672 669 728 nonnihil
690 668 953 740 refriguit
970 667 1171 739 pietas.
1194 666 1380 722 Multis
1395 667 1515 737 jam
1536 670 1689 720 retro
1711 665 1875 720 annis
1897 664 2101 720 vestire

400 775 684 832 pauperes
714 762 879 813 erant
911 756 1082 821 soliti,
1113 755 1270 827 quod
1312 754 1485 809 etiam
1528 756 1762 809 absente
1792 753 2100 825 aliquando

400 846 719 919 Augustino
745 848 1019 917 praestare
1053 860 1169 897 non
1200 844 1530 898 omiserant.
1564 844 1669 897 Eos
1699 847 1927 897 sanctus
1958 844 2100 896 Prae-

402 938 491 992 sul
512 939 814 1007 antequam
839 949 958 987 sese
977 932 1037 986 in
1058 932 1209 986 viam
1233 932 1414 1000 daret,
1437 931 1743 1001 diligenter
1767 930 2100 984 adhortatus

342 1036 345 1039 '
401 1026 608 1091 fuerat,
638 1028 704 1078 ut
731 1022 893 1093 pium
921 1021 1062 1075 illud
1092 1036 1239 1091 opus
1267 1036 1369 1074 suo
1402 1036 1561 1073 more
1593 1022 2093 1090 prosequerentur,

401 1111 779 1169 nihilominus
803 1114 998 1165 tamen
1019 1109 1074 1163 id
1098 1108 1375 1180 comperit
1392 1109 1717 1179 neglectum
1740 1107 1943 1161 abillis
1969 1106 2101 1162 fuis-

403 1219 478 1257 se.
518 1200 899 1267 Quamobrem
942 1213 1047 1269 per
1085 1198 1303 1252 litteras
1349 1197 1431 1252 eis
1478 1200 1738 1251 amanter
1784 1195 2097 1250 admodum

398 1295 638 1345 conatur
663 1287 1028 1361 persuadere,
1053 1290 1115 1341 ut
1145 1286 1296 1341 idem
1326 1285 1646 1340 christianaa
1669 1284 1957 1339 charitatis
1978 1283 2101 1337 ofﬁ-

398 1379 552 1434 cium
582 1394 688 1449 pro
718 1377 834 1431 suis
873 1375 1114 1447 quisque
1154 1374 1379 1444 opibus,
1410 1374 1494 1429 uti
1523 1374 1741 1429 solebat
1762 1377 1963 1438 antea;
1982 1388 2097 1426 non

398 1468 670 1523 detrectet
684 1465 950 1521 exhibere
968 1463 1339 1534 impendente
1358 1463 1473 1534 jam
1501 1462 1669 1517 ruina
1685 1466 1741 1517 et
1752 1461 2097 1517 contritione

399 1556 618 1612 mundi.
650 1555 915 1609 Imitetur
935 1552 1130 1624 potius
1149 1552 1295 1617 illos,
1322 1552 1423 1624 qui
1444 1552 1657 1607 aedibus
1678 1552 1902 1605 ruinam
1924 1550 2095 1605 mini-

396 1645 667 1711 tantibus,
698 1643 953 1697 fortunas
973 1657 1102 1695 suas
1116 1641 1391 1695 tutiorem
1414 1640 1472 1694 in
1500 1641 1689 1695 locum
1717 1640 2094 1706 transferunt;

395 1748 619 1787 memor
656 1731 868 1786 scilicet
908 1729 1205 1800 apostolici
1240 1728 1394 1783 illius
1434 1728 1811 1799 pronuntiati,
1840 1729 2096 1781 Dominus

391 1824 453 1876 in
474 1822 729 1891 proximo
767 1809 865 1888 est,
896 1819 1038 1873 nihil
1063 1819 1287 1873 solliciti
1311 1817 1539 1885 fueritis
1580 1818 1797 1888 (Philip.
1832 1833 1905 1879 IV,
1935 1820 1987 1882 5,
2021 1815 2092 1880 6).

391 1910 564 1965 Suam
594 1908 707 1963 illis
736 1906 1054 1962 absentiam
1084 1911 1294 1978 purgat
1320 1907 1378 1960 in
1408 1905 1693 1977 principio
1719 1905 1996 1975 epistolae,
2022 1904 2095 1959 ad

392 2014 521 2053 eam
546 2000 802 2052 coactum
835 2012 892 2050 se
924 2011 1044 2050 esse
1076 2011 1403 2049 asseverans
1431 1994 1557 2049 aliis
1587 1993 1793 2049 Christi
1822 1991 2094 2047 membris

392 2085 768 2141 subveniendi
807 2083 1172 2149 necessitate;
1214 2100 1329 2154 qua
1370 2083 1570 2145 etiam,
1603 2081 1714 2136 nisi
1751 2080 2093 2135 valetudinis

391 2173 725 2228 inﬁrmitate
754 2171 953 2227 fuisset
988 2170 1335 2241 prohibitus,
1366 2170 1455 2223 ad'
1477 2169 1880 2241 trajiciendum
1911 2183 2090 2236 mare,

390 2263 545 2333 quod
573 2278 691 2316 non
727 2276 857 2314 raro
901 2258 992 2313 sui
1038 2259 1269 2328 collegze
1313 2258 1584 2324 fecerant,
1619 2257 1884 2312 inductus
1915 2260 2084 2312 esset.

392 2353 589 2422 Neque
624 2348 745 2403 illic
780 2346 1102 2403 dissimulat
1132 2345 1448 2401 absentiam
1485 2346 1633 2400 hanc
1665 2361 1826 2399 suam
1863 2361 2095 2417 permo-

390 2441 530 2494 leste
563 2438 757 2493 tulisse
790 2436 1180 2507 Hipponenses
1222 2451 1235 2490 :
1283 2435 1440 2506 quod
1481 2434 1671 2505 ipsum
1710 2449 1825 2488 non
1854 2434 2002 2488 male
2032 2433 2093 2487 in

392 2543 631 2594 annum,
649 2529 714 2580 ut
741 2541 873 2579 mox
904 2524 1249 2590 dicebamus,
1285 2522 1913 2594 quadringentesimum
1947 2522 2095 2577 deci-

391 2631 552 2671 mum
581 2613 842 2686 quadrat.
875 2612 1030 2667 Adde
1061 2627 1293 2683 quoque
1333 2612 1438 2666 sub
1477 2610 1685 2666 hiemis
1714 2610 1946 2665 initium
1977 2611 2092 2665 lar—

391 2703 599 2775 gienda
627 2701 798 2756 fuisse
825 2699 1176 2772 pauperibus
1204 2699 1569 2756 vestimenta.

465 2795 513 2847 3.
541 2792 653 2846 Hoc
669 2793 793 2861 ipso
814 2789 1071 2844 fortassis
1096 2788 1663 2859 quadringentesimo
1687 2787 1907 2843 decimo
1930 2787 2090 2844 Chri-

395 2880 467 2935 sti
496 2896 646 2935 anno
670 2877 1081 2950 quaestionibus
1104 2877 1355 2932 Dioscori
1375 2877 1561 2932 facere
1583 2878 1717 2931 satis
1739 2876 2091 2948 Augustinus

392 2969 725 3042 aggreditur
756 2984 769 3022 :
802 2967 1271 3040 quandoquidem
1294 2983 1351 3021 se
1378 2968 1498 3039 jam
1523 2971 1648 3022 tum
1671 2972 1835 3023 aetate
1862 2984 2089 3035 canum,

392 3059 547 3132 quod
574 3058 633 3112 in
665 3057 959 3112 hominem
993 3056 1415 3128 quinquaginta
1444 3072 1537 3111 sex
1564 3072 1744 3110 annos
1769 3061 1967 3111 natum
1999 3074 2090 3111 ca-

392 3149 525 3204 dere
549 3150 755 3219 pot‘est,
787 3161 908 3200 esse
930 3147 1178 3201 testatur
1207 3146 1402 3215 (Epist.
1430 3146 1554 3213 118,
1575 3161 1630 3199 n.
1666 3145 1750 3214 9);
1775 3150 1945 3216 atque
1968 3151 2093 3201 orta

388 3236 485 3290 hic
513 3214 806 3289 occasione
837 3233 1062 3288 dicendi
1094 3232 1165 3287 de
1193 3232 1498 3302 haereticis,
1524 3233 1622 3303 qui
1648 3249 1750 3304 per
1776 3233 1835 3289 id
1852 3214 2093 3305 tempus

391 3321 892 3379 tumultuabantur
947 3320 1008 3374 in
1052 3319 1260 3387 Africa,
1294 3320 1480 3391 deque
1528 3320 1918 3391 opinionibus,
1951 3338 2092 3393 quas

393 3428 584 3483 operae
613 3409 863 3482 pretium
892 3414 1015 3463 erat
1042 3424 1404 3480 cognoscere,
1438 3408 1777 3475 Donatistas,
1801 3410 2091 3466 Maximia-

276 3515 284 3521 '
391 3500 588 3566 nistas,
635 3504 693 3553 et
743 3497 1080 3552 Manicheeos
1124 3497 1385 3551 nominat
1432 3497 1615 3569 (Ibid.,
1668 3514 1725 3552 n.
1776 3500 1888 3568 t2),
1933 3500 2093 3553 nulla

392 3589 683 3645 mentione
711 3587 923 3660 injecta
949 3587 1394 3659 Pelagianorum
1424 3587 1859 3643 inimicorumve
1890 3588 2090 3659 gratiae

392 3677 618 3746 Christi,
651 3677 712 3733 in
758 3693 905 3749 quos
953 3676 1263 3731 concilium
1295 3693 1443 3731 anno
1474 3677 1738 3748 sequenti
1767 3678 2091 3748 cogendum

389 3764 514 3820 fuit.
540 3767 718 3820 Porro
748 3765 1052 3819 Dioscorus
1072 3763 1170 3817 ille
1193 3762 1420 3834 juvenis
1441 3768 1580 3829 erat,
1606 3780 1636 3818 e
1658 3764 1873 3818 Grmcia
1900 3764 2093 3819 oriun-

389 3854 515 3923 dus,
539 3853 637 3925 qui
657 3857 956 3925 postquam
974 3852 1164 3925 prima
1180 3852 1510 3924 graecanicae
1532 3851 1749 3923 linguae
1765 3851 2092 3907 rudimenta

387 3942 726 4010 imbibisset,
760 3943 1004 3997 Romam
1035 3957 1098 3996 ac
1126 3940 1260 3996 dein
1291 3941 1712 4012 Carthaginem,
1737 3957 1852 4011 qua
1878 3944 2000 3995 tum
2029 3940 2089 3995 in

390 4031 532 4086 urbe
579 4030 933 4097 morabatur,
965 4033 1199 4084 venerat
1245 4029 1438 4083 latinis
1485 4028 1690 4083 litteris
1745 4028 2091 4083 erudiendas

390 4118 574 4188 (Ibid.,
604 4133 699 4172 nn.
731 4119 785 4185 9,
820 4117 931 4185 l0).
964 4116 1066 4171 llic
1105 4116 1228 4170 aliis
1255 4116 1608 4186 quibuslibet
1637 4115 1910 4170 doctrinis
1939 4116 2090 4171 chri—

387 4205 634 4260 stianam
663 4204 1027 4276 prmferebat,
1058 4220 1301 4275 eamque
1331 4204 1710 4274 proﬁtebatur
1737 4220 1859 4258 esse
1890 4205 2090 4272 solam,

389 4310 504 4364 qua
541 4298 735 4364 posset
773 4296 1004 4347 aeternae
1042 4293 1173 4346 vitae
1205 4307 1333 4362 spes
1364 4292 1557 4346 afferri
1594 4292 1779 4363 (lbid.,
1809 4308 1866 4346 n.
1905 4291 2008 4361 ll).
2040 4294 2093 4345 Is

388 4383 565 4453 igitur
593 4398 724 4437 cum
754 4398 885 4436 suos
931 4380 1221 4436 revisurus
1246 4381 1367 4451 jam
1408 4385 1556 4434 esset
1586 4380 1648 4435 in
1694 4379 1994 4451 procinctu
2022 4381 2090 4435 ad

386 4471 755 4542 repetendam
813 4468 1090 4525 Graeciam
1147 4468 1327 4537 (Ibid,
1378 4483 1473 4523 nn.
1532 4471 1583 4537 l,
1639 4471 1717 4536 2),
1774 4467 2092 4538 Augustino

389 4558 697 4631 quemdam
726 4557 961 4613 nomine
985 4556 1302 4612 Cerdonem
1333 4554 1656 4623 destinavit,
1681 4556 2092 4628 qumstionibus

390 4649 659 4701 onustum
680 4646 851 4717 longe
869 4644 1245 4711 difﬁcillimis,
1268 4648 1391 4699 tum
1411 4645 1471 4698 in
1499 4644 1756 4715 dialogos
1778 4644 2091 4714 Ciceronis,

390 4739 455 4807 ut
491 4734 673 4789 varias
710 4733 1189 4805 philosophorum
1229 4732 1531 4804 opiniones
1568 4733 1933 4805 intelligeret,
1966 4738 2087 4788 tum

389 4823 564 4879 etiam
587 4822 650 4877 in
678 4822 975 4877 Oratorem
1013 4822 1272 4893 ejusdem
1302 4821 1493 4888 Tullii,
1531 4837 1594 4876 ac
1629 4821 1808 4876 libros
1852 4822 1921 4877 de
1953 4822 2089 4877 Ora-

388 4915 512 4966 tore
536 4911 739 4981 (Epist.
763 4910 903 4980 tt7).
931 4911 1253 4965 Permirum
1275 4910 1598 4983 Augustino
1612 4911 1797 4965 visum
1818 4916 1918 4975 est,
1937 4911 2093 4982 quod

390 5000 497 5056 sibi
524 5004 609 5055 tot
637 4999 786 5055 curis
814 5003 1039 5054 tantum
1059 5015 1175 5054 non
1204 5000 1408 5055 obruto
1432 5000 1773 5071 quaestiones
1801 5015 2089 5072 propone-

388 5094 589 5145 rentur
614 5088 755 5144 adeo
782 5088 1063 5155 difficiles,
1095 5088 1164 5143 ab
1195 5088 1447 5160 episcopi
1480 5089 1687 5144 studiis
1712 5094 1882 5160 atque
1917 5103 2089 5145 occu-

387 5179 718 5251 pationibus
747 5177 889 5232 adeo
921 5177 1328 5249 discrepantes,
1362 5193 1427 5231 ac
1455 5177 1515 5231 in
1551 5192 1620 5231 ea
1647 5177 1879 5232 demum
1914 5194 2091 5249 argu-

387 5271 601 5335 menta,
634 5282 763 5338 quae
798 5265 880 5320 vel
908 5268 1043 5319 astas
1078 5281 1146 5319 ex
1175 5265 1454 5319 memoria
1481 5264 1804 5333 delevisset,
1838 5265 1927 5320 vel
1969 5266 2092 5336 ipsa

388 5356 778 5428 cognitionum
808 5352 992 5425 magis
1020 5353 1251 5408 utilium
1283 5352 1668 5408 oblitterasset
1693 5352 2086 5424 investigatio;

387 5460 631 5516 quaeque
664 5443 868 5498 idcirco
902 5442 963 5496 in
988 5444 1240 5496 mentem
1271 5439 1381 5512 ipsi
1413 5440 1727 5495 revocanda
1754 5440 1998 5495 fuissent
2023 5457 2089 5495 ex

386 5532 569 5598 libris,
609 5548 754 5602 quos
788 5547 859 5586 ne
904 5530 1154 5602 reperire
1196 5528 1431 5601 quidem
1472 5528 1735 5600 Hippone
1772 5529 2076 5600 potuisset.

3750 261 3754 264 4
3810 286 3919 339 392

2210 399 2351 454 Cum
2389 402 2580 454 autem
2628 399 2742 453 illae
2790 398 2862 455 ad
2911 400 3249 472 explendam
3288 401 3471 457 animi
3518 403 3915 460 curiositatem

2210 491 2533 559 spectarent
2557 504 2776 557 omnes,
2808 490 3122 544 maximum
3152 490 3214 545 in
3250 491 3488 546 modum
3518 492 3919 548 abhorrebant

2209 578 2279 631 ab
2307 577 2583 632 institutis
2614 577 2864 649 episcopi
2892 596 2904 633 :
2929 580 3090 650 cujus
3118 579 3260 634 illud
3283 580 3343 634 in
3372 580 3573 651 primis
3603 581 3798 650 refert,
3820 599 3916 637 cu-

2208 665 2450 720 riositati
2470 665 2713 720 nimium
2735 667 3097 738 indulgentes
3123 668 3408 724 cohibere.
3434 671 3615 725 Deum
3636 670 3829 743 ipsum
3852 672 3914 727 in

2208 754 2449 825 epistola
2478 770 2581 809 sua
2616 759 2821 810 testem
2860 756 3177 810 adducebat
3214 754 3536 824 Dioscorus,
3569 758 3812 812 omnino
3851 774 3913 813 se

2209 844 2277 898 ad
2313 859 2446 898 eum
2475 842 2946 913 interrogandum
2989 861 3162 915 super
3189 845 3342 899 hisce
3374 845 3544 900 rebus
3570 847 3912 903 necessitate

2206 931 2587 1002 compulsum.
2619 932 2979 1003 Quapropter
3009 949 3137 1004 quas
3169 932 3609 988 obtestationem
3635 934 3794 988 illam
3828 952 3912 990 se-

2206 1020 2548 1090 quebantur,
2578 1036 2750 1091 quam
2803 1020 3176 1075 attentissime
3227 1021 3472 1093 perlegit
3508 1023 3606 1100 Yir
3651 1008 3907 1089 sanctus,

2207 1108 2477 1162 nimirum
2502 1113 2584 1175 ut,
2599 1108 2737 1179 quid
2758 1108 2926 1163 isthic
2946 1113 3092 1163 esset
3113 1113 3228 1164 tam
3252 1110 3510 1181 urgentis
3532 1112 3906 1180 necessitatis,

2205 1200 2583 1267 cognosceret.
2616 1197 2790 1268 Atqui
2820 1198 2983 1252 facile
3016 1198 3395 1269 deprehendit
3416 1198 3470 1254 id
3501 1215 3737 1269 prorsus
3754 1201 3905 1256 nihil

2204 1284 2361 1339 aliud
2389 1300 2530 1351 esse,
2565 1284 2677 1338 nisi
2700 1285 2851 1356 quod
2882 1286 3183 1341 verebatur
3197 1287 3444 1358 juvenis,
3467 1304 3540 1343 ne
3563 1305 3823 1344 reversus
3842 1290 3904 1345 in

2202 1373 2468 1445 patriam,
2500 1372 2547 1427 si
2574 1373 2717 1427 forte
2761 1373 2883 1428 istis
2931 1374 3345 1446 quaestionibus
3388 1377 3735 1447 respondere
3783 1395 3906 1433 non

2203 1465 2412 1532 posset,
2442 1477 2546 1531 pro
2570 1462 2734 1516 tardo
2766 1478 2830 1516 ac
2865 1463 3068 1518 stolido
3112 1464 3438 1520 haberetur.
3476 1469 3584 1521 Hoc
3631 1468 3739 1522 loco
3776 1484 3906 1524 vero

2203 1552 2408 1617 exarsi,
2440 1549 2517 1603 ait
2545 1549 2918 1620 Augustinus,
2952 1552 3026 1605 ad
3053 1553 3451 1607 rescribendum
3481 1555 3617 1609 tibi:
3638 1556 3735 1610 hoc
3760 1560 3904 1612 enim

2204 1641 2461 1706 languore
2485 1641 2657 1692 animi
2684 1641 2767 1693 tui
2780 1642 3082 1708 pcnetrasti
3107 1642 3242 1694 mihi
3266 1645 3541 1710 peclus,et
3565 1645 3822 1713 irrupisti
3843 1648 3903 1700 in

2203 1743 2287 1782 cur
2302 1742 2362 1781 as
2399 1741 2566 1795 meas,
2606 1731 2666 1781 ut
2707 1727 3056 1782 dissimulare
3099 1743 3206 1783 non
3244 1744 3474 1798 possem,
3517 1737 3779 1799 quantum
3820 1750 3906 1787 me

2203 1817 2339 1869 Deus
2369 1816 2676 1885 adjuvaret,
2698 1816 2902 1870 mederi
2929 1818 3060 1881 tibi;
3082 1832 3188 1870 non
3207 1822 3268 1871 ut
3296 1818 3363 1871 de
3386 1820 3495 1873 tuis
3515 1821 3904 1888 quaestionibus

2202 1904 2500 1959 enodandis
2539 1905 2983 1973 explicandisque
3029 1908 3341 1975 cogitarem,
3366 1906 3462 1960 sed
3487 1912 3547 1961 ut
3583 1909 3905 1974 felicitatem

2203 1996 2351 2047 tuam
2377 1992 2690 2062 pendentem
2719 2009 2785 2047 ex
2816 1994 3017 2062 linguis
3047 1995 3322 2049 hominum
3360 2001 3521 2064 atque
3557 2002 3837 2053 nutantem
3870 2016 3904 2054 a

2204 2085 2315 2135 tam
2326 2080 2538 2149 infelici
2547 2083 2843 2135 retinaculo
2860 2083 3309 2152 abrumperem,et
3323 2084 3535 2139 cuidam
3556 2086 3675 2140 sedi
3685 2091 3904 2143 omnino

2201 2170 2525 2223 inconcussa:
2562 2168 2854 2237 stabilique
2890 2170 3176 2235 religarem
3206 2170 3402 2240 (Epist.
3442 2174 3560 2241 ll8,
3588 2188 3646 2227 n.
3688 2173 3765 2243 3).
3800 2176 3903 2229 Hic

2201 2256 2379 2327 igitur
2418 2257 2786 2323 demonstrat,
2823 2258 3194 2328 cupiditatem
3229 2259 3352 2329 ejus
3386 2276 3605 2316 meram
3649 2279 3770 2318 esse
3808 2281 3902 2319 va-

2200 2345 2462 2412 nitatem,
2494 2345 2586 2399 cui
2632 2346 2702 2400 ab
2734 2345 3013 2418 episcopis
3049 2362 3174 2401 mos
3210 2348 3371 2403 nullo
3424 2353 3586 2419 pacto
3615 2354 3902 2423 gerendus

2203 2439 2369 2489 esset.
2403 2434 2550 2499 Quin
2581 2434 2754 2489 etiam
2786 2435 3042 2490 eamdem
3072 2436 3219 2490 nulli
3239 2436 3658 2509 usuifuturam,
3679 2457 3809 2496 cum
3831 2460 3900 2497 eo

2200 2526 2458 2592 tempore
2489 2522 2837 2593 reperiretur
2883 2539 3077 2591 nemo,
3110 2524 3209 2596 qui
3253 2524 3573 2595 priscorum
3616 2528 3672 2582 id
3718 2546 3902 2601 genus

2199 2609 2696 2681 philosophorum,
2729 2627 2977 2682 quorum
3005 2612 3121 2667 fere
3146 2614 3231 2667 vel
3257 2614 3492 2669 nomina
3511 2616 3797 2672 oblivione
3818 2636 3898 2672 se.

2199 2699 2364 2769 pulta
2396 2702 2603 2766 essent,
2637 2699 2912 2755 rimandis
2932 2700 3431 2774 disquirendisque
3455 2706 3750 2760 sententiis
3770 2723 3905 2778 ope-

2202 2802 2324 2841 ram
2354 2787 2578 2843 luderet
2607 2805 2770 2843 suam
2799 2804 2813 2843 :
2843 2789 2927 2844 illi
2967 2790 3201 2862 quidem
3226 2792 3493 2847 nonnihil
3525 2793 3902 2851 existimatio-

2201 2874 2287 2928 nis
2317 2891 2381 2929 ac
2412 2875 2682 2939 nominis,
2709 2876 2755 2930 si
2780 2893 2891 2948 qua
2921 2878 3045 2949 ejus
3069 2878 3153 2931 rei
3177 2894 3313 2933 cura
3335 2879 3559 2935 homini
3589 2882 3903 2938 christiano

2201 2980 2322 3018 esse
2368 2964 2619 3031 deberet,
2669 2965 2936 3020 accedere
2980 2983 3145 3037 posse
3186 2966 3468 3039 legendis,
3500 2969 3603 3041 qui
3650 2972 3904 3026 celebres

2200 3053 2514 3108 etiamnum
2547 3057 2728 3125 erant,
2761 3053 2966 3108 Graecis
2991 3054 3375 3127 philosophis;
3401 3060 3459 3111 at
3485 3074 3621 3113 vero
3652 3061 3802 3131 quod
3830 3062 3902 3117 ad

2202 3139 2489 3195 Ciceronis
2510 3140 2705 3209 libros,
2735 3141 2832 3212 qui
2862 3146 2986 3196 tum
3004 3142 3370 3215 negligenter
3393 3144 3703 3200 admodum
3727 3148 3903 3203 habe-

2198 3229 2411 3284 bantur
2437 3230 2587 3300 apud
2621 3231 2869 3301 Latinos,
2903 3231 2961 3285 id
2988 3248 3121 3286 eum
3156 3248 3263 3303 pro
3293 3238 3444 3288 certo
3483 3238 3681 3289 tenere
3710 3253 3901 3306 posse,

2200 3324 2494 3390 repertum
2523 3318 2593 3373 iri
2620 3319 2931 3387 neminem,
2965 3320 3064 3390 qui
3095 3337 3291 3376 eorum
3324 3322 3384 3376 in
3412 3323 3626 3378 Graecia
3654 3325 3903 3380 mentio-

2201 3424 2335 3462 nem
2364 3406 2606 3477 injiciat.
2641 3409 2878 3462 Facilius
2910 3411 3130 3478 quippe,
3161 3409 3352 3481 inquit
3379 3411 3476 3465 Vir
3506 3416 3756 3479 sanctus,
3790 3430 3905 3468 cor-

2198 3496 2419 3552 niculas
2440 3498 2497 3550 in
2521 3496 2717 3562 Africa
2737 3498 3000 3567 audieris,
3030 3512 3193 3566 quam
3212 3501 3271 3552 in
3291 3501 3402 3554 illis
3419 3501 3670 3569 partibus
3698 3503 3794 3557 hoc
3818 3519 3906 3571 ge-

2198 3599 2301 3638 nus
2332 3585 2473 3637 vocis
2506 3583 2646 3653 (Ibid
2674 3623 2688 3650 ,
2718 3598 2775 3637 η.
2808 3587 2882 3653 9).
2917 3584 3100 3648 Quare
3131 3584 3183 3638 ei
3211 3584 3414 3640 nititur
3440 3587 3806 3656 persuadere,
3841 3593 3905 3643 ut

2201 3672 2451 3726 scientia:
2489 3670 2740 3741 cuipiam
2777 3672 2961 3742 magis
3000 3672 3332 3727 necessariae
3372 3674 3617 3743 studeat,
3650 3678 3903 3748 exempli

2200 3775 2371 3815 causa
2398 3759 2694 3813 haereseon
2723 3758 3086 3828 cognitioni;
3116 3764 3350 3831 propter
3378 3777 3471 3814 eas
3502 3762 3736 3829 scilicet,
3768 3778 3901 3834 quae

2199 3852 2325 3903 tum
2369 3846 2682 3914 Orientem,
2723 3863 2836 3918 quo
2872 3846 2981 3901 iter
3016 3847 3112 3901 ille
3142 3848 3482 3910 destinabat,
3514 3849 3892 3906 infestabant.

2202 3936 2309 3992 Sed
2339 3935 2503 3991 illum
2533 3935 2707 3990 etiam
2738 3940 2909 4006 atque
2931 3936 3101 3990 etiam
3132 3935 3489 4002 adhortatur,
3520 3938 3797 4009 utpietati
3819 3939 3902 3995 in-

2201 4025 2453 4093 cumbat,
2476 4028 2533 4080 et
2553 4023 2867 4079 humilitati
2884 4024 2944 4079 in
2972 4024 3197 4095 primis,
3217 4026 3308 4080 cui
3326 4025 3525 4081 virtuti
3540 4025 3726 4082 inanis
3746 4027 3904 4082 illius

2200 4113 2578 4186 philosophia:
2618 4112 2873 4168 studium
2911 4115 3282 4168 vehementer
3327 4115 3676 4170 adversatur.
3715 4117 3776 4170 Ei
3815 4121 3901 4171 ta-

2201 4219 2334 4257 men
2359 4200 2633 4274 quasdam
2650 4201 3125 4274 philosophorum
3148 4202 3449 4275 opiniones
3475 4204 3726 4275 exponit,
3742 4210 3798 4259 et
3821 4194 3902 4260 sic

2199 4292 2351 4346 velut
2397 4292 2458 4345 in
2495 4296 2824 4346 transcursu
2867 4292 2990 4362 ejus
3030 4292 3241 4362 partim
3268 4292 3479 4347 enodat
3517 4293 3899 4365 quaestiones;

2201 4396 2331 4452 quae
2358 4396 2492 4434 vero
2522 4379 2591 4434 de
2630 4379 2935 4434 Platonicis
2962 4380 3159 4448 tradit,
3190 4397 3256 4434 ea
3291 4385 3424 4436 sunt
3469 4382 3770 4436 observatu
3810 4382 3898 4437 di-

2200 4468 2493 4540 gnissima.
2526 4467 2674 4533 Quin
2704 4467 2874 4523 etiam
2910 4468 2983 4523 ad
3014 4472 3218 4524 caetera
3247 4469 3629 4541 philosophias
3666 4471 3902 4542 proble-

2200 4562 2374 4624 mata,
2398 4573 2527 4629 qua:
2557 4573 2658 4611 sua
2687 4556 2748 4611 in
2775 4557 3145 4628 responsione
3174 4574 3290 4613 non
3323 4558 3605 4630 attigerat,
3640 4558 3903 4613 observa-

2199 4647 2480 4701 tiunculas
2502 4646 2808 4701 nonnullas
2836 4645 3071 4701 addidit.
3107 4647 3216 4700 Has
3244 4646 3303 4700 in
3323 4645 3527 4700 iisdem
3550 4646 3903 4700 membranis

2201 4734 2445 4807 scripsit,
2486 4735 2546 4788 in
2586 4735 2795 4806 quibus
2838 4734 3071 4788 miserat
3107 4734 3207 4788 ille
3250 4749 3381 4789 suas
3429 4733 3792 4805 quaestiones.
3838 4736 3905 4788 At

2198 4840 2331 4880 vero
2365 4841 2493 4895 quae
2524 4824 2590 4879 ad
2622 4823 2960 4878 rhetoricam
3001 4822 3352 4893 spectabant,
3380 4838 3447 4876 ea
3485 4822 3530 4876 si
3562 4822 3903 4891 suscepisset

2200 4913 2573 4984 explananda,
2607 4916 2837 4983 tempus
2865 4913 2926 4966 in
2955 4910 3128 4966 meris
3157 4911 3328 4982 nugis
3355 4914 3526 4983 atque
3555 4910 3788 4981 ineptiis
3813 4914 3902 4965 te-

2199 5018 2325 5056 rere
2347 5001 2457 5056 sibi
2478 5000 2632 5055 visus
2661 5004 2827 5056 esset.
2852 4999 3123 5055 Dioscoro
3145 4998 3429 5071 signiﬁcat
3443 4999 3611 5071 plura
3629 5004 3904 5070 prmstare

2201 5087 2310 5143 sibi
2339 5104 2453 5141 non
2482 5087 2707 5142 licuisse
2731 5103 2745 5141 :
2774 5086 2892 5141 imo
2922 5103 3028 5142 nec
3058 5104 3123 5142 ea
3147 5088 3271 5159 ipsa
3291 5088 3461 5143 fuisse
3482 5087 3903 5160 praestiturum,

2198 5176 2312 5230 nisi
2342 5175 2573 5230 morbus
2598 5175 2699 5229 ubi
2726 5176 2966 5246 paulum
2992 5176 3320 5243 remisisset,
3345 5194 3477 5232 eum
3506 5177 3579 5231 ad
3612 5176 3909 5231 disceden-

2199 5265 2340 5319 dum
2370 5263 2630 5335 Hippone
2667 5263 2965 5319 rcﬁciendi
2992 5265 3246 5336 corporis
3276 5265 3459 5337 gratia
3490 5263 3897 5335 compulisset.

2199 5352 2348 5408 Petit
2375 5369 2407 5406 a
2438 5351 2724 5420 Dioscoro,
2758 5357 2845 5421 ut,
2880 5370 2993 5425 qua
3022 5353 3248 5408 ratione
3274 5354 3573 5425 epistolam
3607 5368 3772 5406 suam
3805 5368 3905 5407 ac-

2199 5439 2432 5511 ceperit,
2472 5439 2579 5495 sibi
2616 5440 2863 5496 nuntiet.
2906 5443 3080 5496 Porro
3111 5457 3227 5512 quo
3266 5444 3525 5512 tempore
3568 5439 3909 5495 tabellarius

2200 5529 2498 5600 epistolam
2529 5527 2782 5584 Dioscori
2801 5530 2871 5585 ad
2903 5546 3034 5584 eum
3059 5528 3316 5599 pertulit,
3342 5528 3572 5584 inﬁrma
3590 5524 3780 5585 adhuc
3811 5545 3909 5583 va-
