4062 6352
143 278 262 331 393

137 397 410 453 letndine
432 396 794 453 detinebatur
825 413 839 452 :
861 404 917 453 et
938 402 1133 470 postea
1152 399 1325 454 etiam
1346 399 1471 472 ipso
1499 402 1560 455 in
1589 401 1737 469 loco,
1758 403 1857 458 ubi

137 485 440 541 liberioris
469 486 613 540 aeris
640 486 823 557 gratia
860 488 1256 554 rusticabatur,
1290 488 1435 544 febri
1463 485 1565 561 per
1592 489 1713 545 dies
1750 490 1854 545 ali-

140 580 296 646 quot
328 574 602 646 repetitus
630 575 758 630 fuit.

212 662 273 715 4.
304 662 611 733 Epistolam
644 679 874 735 quoque
903 664 975 719 ad
1006 665 1376 721 Consentium
1405 666 1675 738 scriptam
1697 683 1849 735 rure,

137 764 264 819 quo
317 755 545 804 sanctus
583 751 679 805 Vir
725 752 796 807 ad
834 758 1060 825 tempus
1096 755 1358 809 secedere
1407 771 1703 809 necessum
1749 755 1851 809 ha-

135 837 357 893 buerat
384 840 585 910 (Epist.
623 844 742 906 119,
768 856 831 896 n.
878 842 950 912 l),
980 842 1118 897 dum
1145 842 1328 897 adhuc
1358 842 1538 898 libros
1568 843 1638 897 de
1670 842 1848 898 Trini-

136 931 263 981 tate
301 928 683 998 componebat
708 932 902 1000 (Epist.
941 933 1058 999 120,
1090 947 1146 985 η.
1174 931 1282 1001 13),
1313 936 1485 1002 atque
1515 935 1639 985 tum
1661 931 1852 986 datam

136 1030 269 1069 esse
330 1032 461 1070 cum
522 1017 854 1087 reparanda:
902 1018 1215 1073 valetudini
1264 1019 1517 1084 vacabat,
1578 1018 1853 1089 suspicari

137 1102 299 1157 licet.
339 1105 547 1158 Verum
582 1109 708 1159 utut
729 1110 815 1159 est
841 1105 910 1159 de
948 1110 1228 1177 tempore,
1267 1122 1369 1161 cur
1396 1123 1464 1161 ea
1489 1106 1848 1173 scriberetur,

136 1190 196 1245 id
225 1192 293 1246 in
323 1209 491 1247 causa
519 1192 692 1247 fuisse
722 1193 1060 1264 reperimus.
1094 1193 1431 1249 Consentius
1455 1194 1551 1249 ille
1572 1195 1631 1249 in
1653 1195 1852 1249 insulis

136 1279 516 1350 quibusdam,
545 1280 643 1335 ubi
668 1280 973 1335 verisimile
1004 1282 1238 1352 quidem
1268 1287 1353 1336 est
1378 1298 1512 1337 eum
1539 1283 1850 1337 solitariam

136 1368 322 1423 vitam
338 1368 585 1436 duxisse,
599 1385 729 1423 cum
743 1369 937 1423 multis
949 1369 1074 1424 aliis
1092 1370 1296 1441 agebat
1317 1371 1511 1440 (Epist.
1541 1373 1662 1437 H9,
1684 1387 1738 1425 η.
1773 1370 1846 1441 6).

136 1457 457 1511 lnduxerat
486 1462 677 1511 autem
709 1457 967 1512 animum
998 1458 1174 1513 libros
1206 1459 1395 1524 edere,
1430 1457 1527 1511 ubi
1560 1459 1738 1512 Deum
1769 1458 1853 1512 in-

135 1551 261 1599 star
304 1545 604 1600 immensos
645 1545 941 1617 cujusdam
979 1546 1141 1613 lucis,
1183 1547 1279 1601 sed
1317 1552 1513 1601 tamen
1541 1562 1847 1617 corporeae,

134 1633 458 1706 eflingebat
488 1650 502 1688 :
528 1650 641 1705 quo
674 1634 949 1706 ﬁgmento
979 1634 1245 1706 principii
1274 1635 1396 1689 loco
1429 1640 1617 1703 utens,
1637 1634 1852 1689 niteba-

135 1727 234 1776 tur
262 1739 374 1793 pro
409 1738 512 1777 suo
543 1728 711 1794 captu
736 1739 866 1777 cum
887 1722 1062 1778 trium
1085 1722 1146 1776 in
1178 1724 1291 1777 Deo
1313 1739 1705 1793 personarum,
1726 1727 1848 1777 tum

135 1810 566 1865 Incarnationis
593 1810 952 1880 mysterium,
984 1809 1261 1881 explicare
1292 1809 1475 1880 (Ibid.,
1506 1825 1564 1864 η.
1597 1809 1672 1880 3).
1717 1809 1849 1879 Ejus

135 1914 275 1953 vero
303 1898 366 1952 in
395 1897 756 1969 simplicitate
786 1915 917 1953 cum
952 1903 1177 1953 tantum
1210 1897 1424 1952 inesset
1455 1896 1755 1969 probitatis
1785 1912 1851 1949 ac

134 1985 505 2040 demissionis
534 1986 735 2054 animi,
766 1992 827 2041 ut
864 1986 937 2041 ad
964 1986 1215 2041 veritatis
1253 1986 1638 2056 cognitionem
1662 2000 1847 2039 mere-

135 2078 304 2129 retur
333 2073 576 2141 admitti,
611 2074 789 2130 libros
816 2091 949 2129 suos
991 2075 1063 2128 ad
1106 2075 1491 2145 Augustinum
1524 2072 1846 2138 destinavit,

135 2162 198 2217 in
230 2179 302 2217 ea
336 2162 593 2233 epistola,
624 2178 754 2233 qua:
785 2161 1139 2232 prmfationis
1168 2162 1288 2216 vice
1319 2164 1462 2228 erat,
1485 2165 1723 2215 testatus
1741 2158 1850 2213 sibi

135 2251 523 2321 propositum,
576 2249 950 2304 fluctuantem
995 2265 1157 2303 suam
1195 2248 1368 2303 ﬁdem
1406 2248 1528 2319 ejus
1571 2246 1850 2302 sententia

136 2338 423 2408 stabilire,
462 2354 650 2410 neque
688 2338 816 2392 illos
849 2337 1023 2392 libros
1063 2353 1130 2391 eo
1158 2340 1384 2391 tantum
1413 2337 1512 2390 abs
1540 2352 1599 2389 se
1647 2336 1847 2389 missos

135 2431 203 2480 ut
233 2427 589 2497 legerentur,
633 2425 738 2480 sed
781 2430 847 2480 ut
880 2425 1025 2479 tanti
1066 2423 1320 2478 Doctoris
1345 2422 1563 2494 judicio
1605 2422 1847 2493 subjice-

135 2519 345 2568 rentur
371 2519 541 2585 atque
564 2513 1010 2567 emendarentur
1037 2511 1234 2582 (Epist.
1283 2515 1402 2575 l20,
1433 2527 1494 2565 η.
1542 2510 1610 2582 1).
1647 2511 1847 2564 Utrum

135 2619 274 2657 eum
316 2608 513 2673 postea
550 2619 614 2657 ex
650 2601 945 2657 occasione
971 2600 1070 2654 Vir
1100 2605 1326 2655 sanctus
1350 2599 1577 2664 viderit,
1619 2604 1718 2654 aut
1747 2600 1846 2654 lit-

135 2691 275 2745 teris
318 2696 543 2745 tantum
592 2691 868 2745 allocutus
919 2687 1112 2756 fuerit,
1154 2691 1508 2759 compertum
1562 2704 1676 2741 non
1722 2693 1843 2756 est;

134 2779 367 2833 tametsi
396 2778 648 2850 primum
679 2794 713 2831 a
740 2777 849 2831 ﬁde
878 2775 1116 2846 propius
1154 2776 1379 2831 recedat
1405 2790 1419 2840 ;
1453 2791 1649 2829 verum
1694 2779 1843 2829 utra-

134 2865 284 2921 libet
312 2865 538 2921 ratione
569 2866 780 2920 factum
806 2864 897 2931 sit,
931 2863 985 2918 ei
1013 2864 1160 2917 clare
1191 2867 1498 2934 aperteque
1521 2862 1846 2930 declaravit,

136 2954 264 3024 ejus
295 2970 528 3009 sensum
557 2954 619 3008 in
638 2952 976 3008 idololatriae
992 2951 1302 3006 caecitatem
1333 2950 1624 3004 incurrere
1646 2951 1843 3022 (Epist.

141 3046 268 3107 119,
321 3060 377 3097 n.
441 3043 525 3111 6);
581 3059 685 3097 nec
724 3043 904 3096 Deum
939 3040 1195 3110 corporis
1233 3039 1415 3094 instar
1449 3039 1608 3094 nobis
1653 3040 1845 3093 animo

137 3131 512 3203 cogitandum
543 3147 683 3198 esse,
734 3128 833 3183 sed
871 3127 933 3182 in
962 3128 1199 3182 modum
1223 3126 1459 3198 justitia:
1500 3143 1563 3181 ac
1594 3126 1842 3198 pietatis,

141 3237 396 3291 quarum
427 3219 584 3274 nulla
607 3225 692 3273 est
712 3217 901 3289 imago
923 3232 1197 3287 corporea
1228 3216 1411 3282 (lbid.,
1433 3232 1489 3269 n.
1521 3216 1593 3284 5).
1628 3216 1694 3269 Et
1717 3231 1847 3269 cum

145 3307 414 3379 alioquin
442 3306 938 3371 animadverteret,
971 3304 1275 3359 Consentio
1310 3320 1425 3358 non
1455 3305 1642 3358 solum
1672 3304 1846 3357 virtu-

145 3399 265 3450 tem
293 3412 417 3449 esse
448 3412 563 3449 non
597 3394 964 3462 mediocrem,
995 3392 1094 3448 sed
1133 3392 1307 3447 etiam
1332 3392 1635 3463 ingenium
1658 3391 1846 3446 neuti-

146 3500 323 3554 quam
353 3482 796 3555 aspernandum,
831 3486 888 3536 et
916 3481 987 3535 iis
1017 3497 1267 3552 quoque,
1301 3496 1430 3551 quae
1460 3485 1611 3535 recte
1644 3496 1847 3534 conce-

144 3568 345 3638 pisset,
387 3567 596 3638 scripto
637 3566 1020 3638 exprimendis
1051 3565 1346 3629 idoneum,
1379 3581 1575 3620 curam
1601 3566 1723 3635 ejus
1752 3581 1849 3636 ge-

146 3670 275 3708 rere
316 3653 611 3709 constituit
674 3651 1038 3723 peculiarem.
1095 3652 1280 3715 Quare
1311 3667 1443 3705 eum
1496 3656 1755 3705 amanter
1786 3666 1851 3703 ac

144 3756 266 3795 non
315 3743 492 3796 semel
523 3740 801 3809 invitavit,
840 3743 905 3794 ut
942 3739 1013 3793 ad
1059 3754 1117 3792 se
1156 3737 1395 3803 veniret,
1429 3738 1693 3808 quaadam
1720 3753 1849 3808 qua:

148 3830 266 3885 suis
324 3848 394 3885 ex
433 3829 720 3901 opusculis
762 3827 943 3898 magis
998 3825 1084 3880 illi
1122 3824 1504 3880 conducibilia
1533 3825 1848 3895 judicabat,

146 3918 403 3974 lecturus
452 3918 515 3972 in
570 3914 1057 3971 emendatioribus
1125 3912 1414 3967 codicibus
1482 3912 1851 3983 (querebatur

146 4007 309 4062 enim
341 4004 696 4069 Consentius,
737 4020 796 4056 se
828 4003 887 4056 in
917 4000 1376 4055 mendosissimos
1405 3999 1731 4068 incidisse):
1786 4014 1850 4052 ac

144 4095 249 4150 ubi
281 4093 583 4165 quidpiam
604 4090 943 4145 ostendisset
969 4088 1141 4160 paulo
1173 4088 1483 4150 obscurius.
1519 4089 1641 4158 ejus
1670 4103 1849 4157 expo-

121 4184 418 4238 sitionem
448 4180 519 4235 ab
566 4196 624 4233 se
673 4194 863 4233 coram
895 4176 1228 4241 auditurus;
1282 4191 1396 4245 quo
1428 4174 1507 4227 sic
1544 4174 1665 4227 viva
1691 4190 1849 4240 voce,

146 4270 341 4342 quoad
372 4268 565 4324 divina
594 4266 818 4322 bonitas
843 4264 1142 4329 tribueret,
1166 4261 1423 4316 eruditus
1451 4262 1509 4315 in
1538 4261 1699 4316 libris
1729 4261 1851 4332 ipse

146 4358 266 4413 suis
299 4356 533 4429 propria
561 4359 748 4410 errata
771 4370 874 4425 per
898 4368 957 4406 se
986 4349 1312 4421 corrigeret.
1353 4350 1501 4414 Quin
1528 4350 1700 4404 etiam
1722 4350 1849 4420 jus-

149 4446 222 4501 sit
280 4462 434 4512 eum,
490 4444 671 4499 donec
724 4442 1049 4512 Hipponem
1089 4442 1315 4492 vacaret
1346 4437 1630 4504 accedere,
1689 4442 1852 4491 notas

149 4535 372 4606 aliquas
402 4534 699 4605 prmﬁgere
754 4530 824 4584 iis
871 4527 1029 4597 locis,
1073 4543 1215 4598 quos
1239 4525 1433 4579 minus
1462 4524 1849 4593 intellexisset,

150 4628 215 4678 ut
244 4623 375 4678 illos
429 4622 799 4693 postmodum
852 4631 1105 4687 praesens
1162 4612 1433 4685 prmsenti
1481 4617 1847 4684 proponeret.

150 4711 313 4777 Quod
359 4708 661 4785 Consentio
709 4704 1053 4761 beneficium
1085 4700 1375 4769 offerebat,
1406 4700 1464 4755 id
1510 4716 1643 4755 sane
1696 4701 1852 4755 haud

154 4815 443 4871 quaquam
481 4798 711 4867 vulgare
737 4798 857 4849 erat
886 4789 1349 4847 existimandum.
1386 4788 1527 4841 Nam
1553 4787 1852 4858 quantavis

154 4892 305 4942 esset
331 4886 569 4952 utilitas,
602 4900 730 4954 quae
761 4881 1136 4952 colligebatur
1165 4894 1230 4932 ex
1269 4875 1573 4947 Augustini
1603 4874 1855 4945 scriptio-

156 4975 342 5042 nibus,
374 4990 500 5028 eam
528 4978 722 5026 tamen
759 4971 938 5024 multo
969 4964 1409 5022 luculentiorem
1438 4962 1850 5034 percipiebant,

156 5059 255 5130 qui
310 5060 398 5114 vel
429 5058 500 5113 ad
548 5056 776 5127 plebem
804 5054 967 5109 illu‘m
1000 5052 1170 5107 verba
1207 5050 1532 5115 facientem,
1562 5049 1649 5102 vel
1680 5048 1739 5101 in
1771 5048 1852 5101 fa-

156 5147 367 5202 miliari
431 5160 739 5215 congressu
790 5142 1071 5197 dicentem
1125 5138 1435 5195 audiebant
1489 5136 1741 5202 (Possid.,
1797 5138 1855 5189 in

162 5237 292 5290 Vita
317 5237 576 5303 August,
606 5247 658 5286 c.
687 5229 797 5301 3t).
820 5230 1073 5284 Delatam
1100 5227 1207 5282 sibi
1235 5227 1476 5297 gratiam
1500 5224 1650 5279 haud
1681 5224 1854 5278 dubie

157 5323 302 5377 tanti
329 5320 527 5394 quanti
557 5334 661 5391 par
701 5317 828 5382 fuit,
865 5316 996 5371 fecit
1024 5314 1387 5370 Consentius:
1418 5328 1617 5367 verum
1666 5310 1856 5365 doceri

161 5428 216 5463 se
248 5411 315 5465 ab
346 5427 410 5464 eo
447 5413 565 5463 tam
599 5406 722 5460 viva
759 5420 893 5459 voce
925 5419 1096 5474 quam
1129 5401 1340 5472 scripto
1380 5400 1671 5471 cupiebat;
1700 5399 1855 5468 quod

161 5497 307 5554 inter
330 5513 447 5564 eos,
480 5493 580 5568 qui
616 5508 809 5549 secum
857 5490 1073 5545 insulas
1120 5488 1247 5543 illas
1270 5487 1624 5554 habitabant,
1656 5487 1854 5542 eodem

461 5591 741 5660 Parnon.
793 5586 1039 5656 XXXII.

1656 281 1865 337 LIBER
1901 281 2167 338 SEXTUS.

3561 296 3667 349 394

1970 419 2159 458 errore
2191 407 2525 458 tenerentur
2576 421 2693 459 non
2750 407 2913 476 pauci
2944 410 3138 476 (Epist.
3178 412 3298 477 119,
3336 425 3392 464 η.
3441 412 3516 481 6).
3556 413 3665 467 Be-

1968 491 2098 546 duci
2128 507 2186 546 se
2214 490 2274 545 in
2302 491 2455 546 viam
2493 494 2674 548 sancti
2702 493 2857 549 illius
2889 494 3119 549 monitis
3145 495 3297 550 haud
3328 497 3461 551 satis
3491 499 3665 554 habe-

1966 579 2083 645 bat,
2115 579 2222 634 nisi
2250 580 2350 650 qui
2380 581 2581 635 eodem
2611 582 2940 653 adjumento
2979 582 3335 654 indigebant,
3367 585 3408 639 ii
3436 602 3666 659 quoque

1966 668 2064 722 illo
2090 668 2442 739 neutiquam
2478 669 2938 726 destituerentur.
2970 671 3213 742 Optabat
3242 672 3513 728 fratribus
3547 676 3665 732 suis

1965 770 2135 809 suum
2164 754 2336 809 etiam
2366 772 2486 810 esse
2527 759 2931 829 Augustinum,
2960 761 3122 831 cujus
3152 761 3475 816 auctoritati
3502 764 3665 817 cede-

1962 847 2111 909 rent,
2141 849 2412 913 parerent
2440 843 2733 913 doctrinm,
2768 863 2993 901 summo
3026 865 3146 902 sese
3172 849 3481 904 subderent
3509 851 3668 922 inge-

1966 930 2086 986 nio.
2128 931 2414 985 Familiari
2439 932 2867 1004 disceptatione,
2908 952 3083 1006 quam
3114 936 3167 990 ei
3197 943 3422 991 sanctus
3452 940 3666 994 Praesul

1961 1034 2067 1088 pro
2106 1023 2345 1089 paterna
2390 1035 2493 1074 sua
2549 1020 2899 1091 benignitate
2954 1024 3242 1088 offerebat,
3288 1026 3411 1096 ejus
3458 1027 3667 1097 pudori

1964 1106 2146 1176 magis
2172 1108 2493 1161 consultum
2522 1108 2740 1171 fuisset,
2775 1126 2946 1180 quam
2975 1112 3315 1166 refutatione
3345 1114 3591 1184 publica:
3618 1115 3664 1169 is

1964 1209 2117 1259 vero,
2159 1210 2288 1247 cum
2338 1193 2543 1250 animaz
2578 1213 2695 1250 sua:
2731 1197 3053 1264 utilitatem,
3086 1216 3203 1253 non
3232 1201 3424 1255 smculi
3443 1203 3662 1272 fumos,

1962 1297 2136 1351 quam
2164 1281 2558 1337 ardentissime
2589 1290 2895 1355 expeteret,
2931 1286 3110 1340 amari
3131 1288 3273 1341 nihil
3296 1288 3479 1343 inesse
3506 1289 3566 1343 in
3597 1308 3663 1345 eo

1960 1369 2214 1423 remedio
2232 1370 2489 1440 putabat,
2513 1372 2666 1442 quod
2688 1373 2834 1427 foret
2863 1374 3365 1445 sibiconducibile,
3391 1378 3660 1449 quodque

1961 1460 2086 1510 tum
2115 1457 2253 1520 sibi,
2284 1462 2405 1512 tum
2446 1458 2572 1512 aliis
2614 1460 2900 1515 caelestem
2938 1462 3135 1529 vitam,
3194 1480 3258 1518 ac
3288 1465 3529 1520 solidam
3567 1482 3663 1521 ve-

1960 1560 2197 1616 ramque
2234 1545 2463 1600 laudem
2501 1547 2810 1602 allaturum
2843 1553 3009 1604 esset.
3055 1550 3249 1621 Neque
3283 1552 3440 1606 enim
3471 1554 3659 1608 existi-

1961 1633 2154 1688 mabat
2182 1634 2444 1689 homines
2469 1634 2589 1689 fore
2622 1636 2764 1690 adeo
2794 1636 3021 1709 iniquos
3050 1654 3239 1694 rerum
3262 1640 3657 1705 mstimatores,

1961 1714 2027 1774 ut
2054 1736 2208 1787 eum,
2236 1721 2388 1791 quod
2432 1721 2843 1793 aliquantisper
2872 1724 2929 1777 in
2961 1740 3151 1778 errore
3188 1724 3405 1791 fuisset,
3438 1728 3659 1798 vitupe-

1960 1814 2156 1862 rarent
2206 1808 2419 1878 potius,
2474 1826 2649 1879 quam
2706 1810 2863 1880 quod
2916 1810 3047 1865 inde
3091 1811 3160 1864 ad
3191 1812 3441 1867 veritatis
3471 1817 3656 1870 lucem

1960 1895 2299 1961 emersisset,
2360 1897 2845 1950 commendarent.
2909 1897 3108 1968 Alypio
3143 1898 3430 1970 episcopo,
3481 1918 3658 1972 quem

1959 1988 2084 2039 tum
2112 1983 2380 2037 reducem
2411 1999 2441 2038 e
2471 2000 2572 2037 sua
2601 1983 2661 2037 in
2690 1984 3083 2039 Mauritaniam
3109 1987 3462 2057 profectione
3484 1990 3657 2045 fuisse

1959 2071 2186 2125 credere
2216 2070 2363 2137 licet,
2399 2075 2648 2125 mentem
2675 2088 2836 2126 suam
2876 2072 3118 2143 aperuit,
3144 2090 3389 2146 eumque
3413 2078 3653 2147 rogavit.

1958 2164 2024 2213 ut
2060 2158 2167 2213 sibi
2213 2159 2318 2213 hoc
2348 2159 2610 2214 beneﬁcii
2639 2160 2974 2230 impetraret
3001 2161 3071 2216 ab
3110 2164 3429 2233 Augustino
3463 2166 3651 2235 (Ibid.,

1958 2263 2014 2301 n.
2057 2247 2126 2317 1).
2175 2248 2334 2300 Hunc
2386 2246 2505 2317 ipse
2539 2252 2730 2317 postea
2762 2248 3070 2319 qumsitum
3101 2249 3286 2304 venit:
3318 2256 3377 2305 at
3404 2268 3519 2306 non
3553 2269 3657 2323 po-

1961 2334 2072 2387 tuit
2125 2334 2245 2404 ejus
2272 2340 2597 2405 conspectu.
2630 2336 2841 2389 nedum
2870 2337 3154 2408 colloquio
3191 2337 3323 2393 frui.
3357 2340 3496 2394 Nam
3527 2358 3659 2395 san-

1960 2425 2079 2475 ctus
2112 2423 2323 2476 Prmsul
2373 2440 2489 2489 rus,
2552 2423 2649 2476 ubi
2680 2423 2882 2478 eodem
2923 2424 2981 2478 in
3035 2425 3160 2479 loco
3219 2442 3350 2480 eum
3381 2428 3524 2483 forte
3566 2428 3661 2483 ali-

1959 2509 2217 2579 quandiu
2270 2511 2481 2564 morari
2544 2512 2860 2581 oportebat,
2916 2519 3270 2567 concesserat
3325 2516 3658 2571 necessitate

1960 2597 2207 2667 quadam
2242 2599 2589 2668 compulsus.
2634 2600 2777 2670 Ergo
2826 2600 3100 2668 longioris
3139 2618 3316 2655 mora:
3352 2602 3660 2673 impatiens

1959 2684 2298 2739 Consentius
2326 2703 2428 2757 per
2472 2686 2686 2740 litteras
2730 2687 2800 2742 ab
2832 2687 2929 2741 illo
2956 2688 3141 2757 petiit,
3177 2694 3238 2742 ut
3268 2690 3563 2761 opiniones
3594 2709 3660 2746 ac

1958 2771 2133 2826 libros
2174 2789 2306 2827 suos
2331 2773 2540 2844 scripto
2572 2774 2875 2828 emendare
2905 2792 3016 2829 non
3042 2781 3397 2846 gravaretur.
3440 2779 3656 2843 Quibus

1959 2859 2117 2913 addit
2144 2864 2201 2913 et
2228 2859 2327 2913 illa
2356 2861 2528 2913 verba
2551 2877 2563 2915 :
2589 2862 2705 2915 Cur
2733 2877 2877 2929 ergo,
2904 2866 3008 2927 vir,
3043 2863 3299 2918 doctrina:
3323 2865 3506 2933 hujus,
3540 2883 3659 2935 qua:

1956 2950 2015 3001 in
2054 2948 2275 3002 Christo
2318 2953 2415 3014 est,
2449 2949 2673 3010 culmen,
2705 2965 2945 3015 arguere
2959 2951 3149 3018 palam
3187 2953 3563 3019 corrigendum
3592 2955 3657 3007 de

1959 3039 2142 3088 cetera
2186 3036 2360 3103 ﬁlium
2400 3035 2639 3101 dubitas,
2672 3052 2792 3090 cum
2822 3040 3095 3091 sentcntiae
3126 3043 3229 3092 tua:
3257 3040 3515 3108 anchora,
3545 3042 3657 3094 nisi

1956 3138 2192 3176 morsum
2225 3124 2389 3177 altius
2412 3125 2689 3192 presserit,
2717 3140 2810 3177 nos
2841 3127 3035 3179 cirtius
3065 3126 3311 3181 stabilire
3338 3143 3445 3181 non
3481 3131 3655 3197 possit

1958 3211 2142 3278 (lbid.,
2182 3228 2236 3265 τι.
2272 3214 2365 3279 6)?
2392 3212 2646 3282 Reliqua:
2677 3211 2889 3282 pariter
2916 3213 3149 3283 hujusce
3180 3214 3437 3283 epistola:
3466 3220 3654 3286 partes

1958 3298 2340 3353 humilitatem
2364 3298 2652 3354 Consentii
2682 3300 2960 3368 referunt,
2994 3305 3053 3354 et
3082 3318 3196 3371 quo
3223 3300 3343 3370 ipse
3388 3302 3509 3357 loco
3536 3307 3654 3358 Au-

1958 3386 2175 3457 gustini
2196 3388 2587 3442 auctoritatem
2612 3387 3025 3459 ingeniumque
3042 3388 3324 3455 habuerit,
3340 3391 3660 3461 magniﬁcis

1960 3480 2015 3528 et
2063 3475 2353 3545 prmclaris
2379 3476 2592 3546 passim
2642 3476 2891 3530 declarat
2921 3475 3120 3531 verbis.
3150 3478 3402 3548 Ingenue
3435 3481 3662 3533 conﬁte-

1958 3563 2148 3633 batur,
2202 3580 2281 3630 se,
2334 3581 2445 3635 qua
2475 3564 2690 3618 ratione
2740 3564 3127 3619 substantialis
3182 3583 3245 3620 ac
3277 3567 3399 3621 viva
3453 3569 3524 3621 sit
3570 3569 3658 3639 ju-

1960 3650 2135 3717 stitia,
2165 3651 2425 3725 nondum
2482 3651 2827 3722 cogitatione
2856 3658 3175 3706 assecutum
3205 3670 3219 3707 :
3247 3654 3502 3725 adeoque
3541 3673 3656 3710 non

1959 3737 2211 3807 potuisse
2240 3719 2512 3791 hactenus
2541 3740 2737 3804 Deum,
2770 3738 2825 3792 id
2851 3744 2952 3805 est,
2983 3740 3262 3794 viventem
3286 3746 3549 3796 naturam
3570 3743 3658 3812 ju-

1960 3823 2127 3878 stitiaz
2155 3823 2402 3877 similem
2437 3824 2708 3894 cogitare.
2751 3825 3111 3895 Quapropter
3140 3828 3526 3896 Augustinum
3554 3830 3658 3883 ob-

1961 3910 2214 3964 secrabat
2242 3909 2302 3963 in
2338 3910 2558 3980 primis,
2590 3915 2656 3964 ut
2685 3910 2791 3964 sibi
2829 3912 2899 3965 ad
2929 3914 3376 3981 cognoscendam
3412 3915 3510 3968 Dei
3538 3915 3661 3969 uni-

1959 4002 2133 4052 tatem
2174 4016 2238 4052 ac
2277 3998 2675 4053 discretionem
2721 4016 3096 4071 personarum
3153 4001 3332 4055 facem
3368 4004 3662 4073 praeferret

1962 4086 2160 4156 (Epist.
2202 4089 2319 4151 l'20,
2348 4103 2403 4141 η.
2459 4088 2537 4158 2).
2594 4090 2720 4142 Jam
2776 4093 2967 4141 autem
3000 4089 3152 4158 apud
3182 4090 3440 4145 animum
3490 4108 3659 4146 suum

1963 4177 2257 4239 statuerat,
2302 4173 2493 4228 divina
2523 4176 2790 4245 mysteria
2820 4176 3036 4230 lumine
3064 4175 3219 4243 ﬁdei,
3254 4194 3368 4231 non
3400 4179 3659 4246 rationis,

1963 4278 2084 4316 esse
2113 4262 2525 4332 cognoscenda.
2568 4262 2783 4334 Optatis
2827 4264 2950 4334 ejus
2988 4269 3216 4318 sanctus
3265 4265 3470 4320 Doctor
3498 4268 3661 4322 satis-

1962 4349 2095 4403 fecit
2150 4349 2355 4420 scripta
2382 4350 2453 4404 ad
2505 4368 2635 4405 eum
2692 4352 2837 4405 bene
2867 4351 3038 4423 longa
3096 4353 3359 4423 epistola,
3395 4356 3555 4427 cujus
3595 4374 3663 4411 ex

1961 4437 2204 4492 lectione
2276 4442 2445 4508 atque
2474 4437 2703 4493 aliunde
2761 4439 2932 4493 etiam
2972 4440 3164 4510 petitis
3201 4441 3663 4510 institutionibus

1964 4526 2211 4596 adjutus,
2294 4504 2744 4581 lucubrationem
2820 4504 2990 4581 suam.
3037 4504 3255 4582 facilius
3334 4533 3665 4587 emendazet

1964 4613 2150 4683 (Ibid.,
2181 4629 2235 4666 η.
2295 4614 2403 4682 20).
2455 4613 2740 4684 Principio
2796 4614 3065 4683 ostendit,
3124 4632 3241 4669 nou
3280 4621 3427 4671 recte
3479 4618 3663 4673 facere

1961 4699 2148 4763 illum,
2181 4699 2280 4769 qui
2309 4699 2506 4753 divina
2537 4700 2808 4771 mysteria
2838 4700 3156 4771 intelligere
3188 4719 3247 4756 se
3275 4720 3440 4774 posse
3470 4708 3663 4761 animo

1964 4788 2379 4857 desponderet:
2433 4788 2617 4858 ipsam
2661 4788 2817 4844 enim
2866 4790 3036 4844 fidem
3067 4791 3284 4845 ratione
3321 4792 3450 4860 niti,
3500 4796 3667 4850 ratio-

1964 4890 2211 4945 nemque
2248 4874 2319 4929 ad
2349 4874 2719 4945 percipienda
2754 4876 3051 4946 religionis
3112 4895 3338 4946 arcana,
3384 4888 3665 4953 quantum

1965 4961 2207 5032 quisque
2247 4960 2626 5032 intelligentia
2662 4962 2830 5030 valet,
2863 4965 3196 5033 conducere,
3228 4966 3540 5023 dummodo
3569 4971 3662 5024 illa

1964 5049 2280 5119 prudenter
2308 5055 2559 5116 utamur,
2591 5066 2777 5121 neque
2805 5068 3045 5122 usquam
3067 5054 3502 5111 fundamentum
3531 5057 3666 5111 ﬁdei

1966 5137 2313 5191 deseramus.
2347 5137 2530 5202 Quam
2569 5138 2643 5193 ob
2668 5155 2893 5193 causam
2927 5140 3022 5194 ille
3052 5147 3247 5196 auctor
3276 5148 3379 5212 est,
3412 5149 3472 5196 ut
3498 5144 3663 5197 istam

1966 5230 2114 5278 recte
2144 5223 2497 5295 intelligendi
2548 5226 2875 5282 facultatem
2907 5229 3237 5283 ardentibus
3278 5247 3341 5283 ac
3372 5230 3480 5284 ﬁde
3520 5230 3668 5283 nixis

1964 5311 2228 5382 precibus
2258 5330 2291 5367 a
2321 5314 2436 5367 Deo
2468 5315 2763 5385 eftlagitet.
2804 5316 2935 5383 Ora,
2973 5316 3179 5387 inquit,
3211 5318 3429 5382 fortiter
3451 5322 3500 5369 et
3527 5318 3664 5385 ﬁde-

1967 5401 2111 5466 liter,
2146 5404 2207 5453 ut
2246 5401 2333 5454 det
2363 5402 2465 5455 tibi
2490 5404 2745 5457 Dominus
2781 5405 3251 5470 illmninationem,
3278 5419 3340 5456 ac
3368 5406 3419 5457 si
3451 5419 3511 5455 ea
3550 5420 3669 5473 qua:

1962 5490 2263 5553 forinsecus
2311 5488 2531 5542 adhibet
2560 5489 2843 5556 diligentia
2880 5492 3225 5558 prazccploris
3253 5491 3366 5541 sive
3413 5489 3666 5583 doctoris,

3049 5585 3133 5664 (Τ
3127 5581 3350 5667 reize.)
