4062 6382
424 310 523 360 395

415 430 627 498 possint
650 440 762 481 esse
777 429 1060 492 fructuosa
1084 426 1290 496 (Epist.
1344 427 1462 485 I20,
1487 439 1542 477 n.
1570 423 1676 493 14).
1700 424 1883 494 Atque
1911 421 2120 493 utipse

422 515 596 570 etiam
636 531 742 586 pro
789 530 892 568 sua
917 518 1079 584 parte
1124 511 1321 586 afferat
1368 511 1668 566 Consentio
1699 512 2114 582 adjumentum,

420 603 595 658 tradit
624 602 680 657 ei
706 601 847 674 quid
870 601 1205 656 inconcussa
1240 600 1352 655 ﬁde
1382 600 1694 655 tenendum
1717 599 1790 654 sit
1819 600 1889 654 de
1928 598 2116 654 Trini-

419 695 559 755 tate,
580 707 646 746 ac
662 689 832 745 simul
844 706 911 744 ea
921 706 1034 761 qua
1053 688 1272 743 ratione
1292 687 1530 760 cogitari
1544 689 1690 743 Deus
1705 687 1896 742 animo
1912 681 2114 741 valeat.

325 768 329 772 ’
422 780 565 834 Eum
592 777 804 833 iterum
838 776 1117 842 hortatur,
1150 780 1216 831 ut
1244 775 1315 831 ad
1335 792 1393 829 se
1421 774 1613 831 veniat
1638 775 1760 831 dies
1788 774 2009 846 aliquot
2041 790 2120 827 se.

420 882 551 920 cum
579 865 963 934 traducturus,
994 879 1058 918 ac
1095 862 1164 917 de
1212 861 1453 933 singulis
1482 879 1612 935 qua:
1638 879 1771 918 eum
1801 864 2115 929 moverent,

417 955 782 1028 quaesiturus.
809 953 957 1018 Quin
973 952 1147 1008 etiam
1168 952 1500 1008 humaniter
1525 951 1733 1024 arguit,
1762 950 1915 1022 quod
1940 950 2119 1004 hacte-

415 1060 526 1098 nus
545 1043 606 1099 id
630 1041 870 1097 minime
889 1040 1237 1113 praestiterit.
1270 1042 1417 1095 Recte
1432 1042 1633 1109 quippe
1655 1038 2113 1099 verecundareris,

416 1130 625 1203 inquit,
654 1147 718 1185 ac
760 1135 810 1184 te
835 1132 1045 1200 pigeret
1090 1128 1152 1182 id
1182 1143 1359 1195 agere,
1392 1130 1442 1182 si
1465 1128 1548 1182 vcl
1574 1127 1731 1181 semel
1753 1127 2031 1191 voluisses,
2067 1129 2117 1178 et

414 1236 496 1275 me
541 1220 807 1287 diﬁcilem
842 1220 1130 1288 reperisses
1160 1216 1347 1284 (lbid.,
1377 1231 1433 1269 n.
1472 1216 1539 1283 l).
1579 1213 1796 1279 Quibus
1828 1230 1892 1268 ex
1929 1212 2116 1268 verbis

413 1307 836 1365 humanitatem
865 1306 1041 1360 sancti
1061 1304 1200 1368 Viri,
1226 1308 1395 1375 atque
1408 1302 1796 1358 atfabilitatem
1822 1318 2112 1373 agnoscas.

413 1395 670 1468 Spondet
689 1410 921 1467 quoque
946 1398 1279 1448 curaturum
1298 1408 1376 1458 se,
1404 1396 1471 1446 ut
1489 1390 1830 1446 Consentius
1858 1391 2118 1461 perlegat

414 1483 697 1557 quidquid
744 1483 812 1537 de
858 1482 1155 1548 Trinitate,
1217 1481 1404 1552 deque
1432 1478 1679 1534 videndo
1711 1480 1847 1545 Deo,
1876 1483 1974 1534 aut
1994 1479 2116 1549 jam

416 1572 783 1638 lucubrasset,
816 1574 915 1624 aut
939 1570 1113 1624 etiam
1141 1573 1266 1623 tum
1295 1567 1654 1635 lucubraret;
1682 1582 1813 1621 cum
1836 1566 2113 1632 nondum,

413 1664 647 1731 propter
701 1657 1137 1728 amplitudinem
1195 1656 1704 1726 difﬁcultatemque
1769 1652 2112 1725 argumenti,

414 1746 714 1819 pervenire
742 1744 1022 1817 potuisses
1041 1744 1114 1798 ad
1136 1743 1325 1814 operis
1340 1745 1516 1799 tinem
1548 1742 1806 1813 (lbid.,n.
1844 1742 1931 1811 13)
1956 1757 1969 1795 :
2002 1757 2116 1812 quo

416 1851 550 1889 sane
606 1850 725 1889 non
774 1832 916 1887 alios
969 1848 1144 1903 quam
1197 1831 1370 1886 libros
1420 1831 1490 1886 de
1542 1829 1814 1886 Trinitate
1853 1828 2114 1897 indicari,

414 1922 779 1995 perspicuum
806 1924 910 1976 est.

485 2015 539 2066 5.
575 2009 891 2066 Honorium
920 2007 1108 2079 pravis
1134 2007 1511 2078 quorumdam
1538 2006 1790 2061 consiliis
1817 2006 2115 2061 inductum

415 2103 635 2155 sanctas
675 2114 741 2153 ac
769 2098 1045 2152 salutares
1070 2097 1246 2167 leges,
1276 2112 1418 2166 quas
1447 2099 1615 2150 antea
1633 2100 1833 2150 contra
1856 2097 2114 2165 Paganos

415 2192 585 2259 atque
623 2184 922 2241 haereticos
972 2184 1201 2253 tulerat,
1260 2200 1458 2238 omnes
1492 2182 1915 2254 quodammodo
1971 2181 2116 2236 anti-

414 2291 638 2347 quasse,
669 2289 935 2329 concesso
964 2272 1171 2344 cuique
1214 2270 1491 2343 eligendae
1520 2270 1818 2342 religionis
1853 2270 2113 2339 arbitrio,

414 2380 583 2434 supra
611 2360 877 2417 vidimus.
940 2362 1068 2415 Haec
1100 2364 1294 2415 autem
1322 2358 1666 2430 religionum
1695 2358 1923 2414 licentia
1975 2359 2113 2413 dum

414 2453 720 2520 obtineret,
768 2450 1019 2506 Africani
1054 2450 1328 2521 praesules
1361 2449 1579 2504 decimo
1608 2452 1803 2503 octavo
1841 2448 2114 2503 kalendas

407 2540 581 2613 julias
612 2539 745 2595 anni
794 2537 1342 2613 quadringentesimi
1377 2536 1584 2591 decimi
1613 2536 2011 2607 Carthaginem
2051 2536 2114 2590 in

413 2628 707 2684 basilicam
760 2628 1023 2682 secunda:
1080 2625 1351 2698 Regionis
1398 2630 1804 2680 convenerunt.
1864 2626 1902 2679 Ε
1952 2625 2114 2695 cujus

412 2716 634 2771 concilii
655 2715 791 2771 actis
822 2715 880 2770 id
908 2715 1092 2769 solum
1120 2713 1466 2781 invenimus,
1496 2712 1801 2781 Florentio,
1837 2712 2110 2781 Possidio,

415 2804 681 2860 Praesidio
710 2821 776 2859 ac
813 2805 1099 2859 Benenato
1136 2801 1417 2873 episcopis
1446 2800 1796 2873 legationem
1824 2801 1895 2855 ad
1924 2802 2109 2872 Impe-

412 2898 656 2948 ratorem
688 2910 721 2947 a
743 2892 982 2947 concilio
1013 2891 1415 2971 demandatam
1440 2906 1560 2945 esse
1592 2890 1809 2961 (Codice
1827 2892 2112 2944 Canonum

410 2984 617 3050 Afric.,
649 2997 769 3036 can.
807 2982 955 3050 107).
986 2980 1167 3044 Quam
1198 2980 1270 3034 ob
1300 2995 1529 3033 causam
1578 2977 1841 3033 instituta
1877 2978 1951 3033 sit
1990 2978 2112 3032 haec

415 3068 648 3140 legatio,
681 3068 953 3139 colligere
981 3072 1067 3121 est
1096 3082 1160 3121 ex
1186 3066 1593 3121 constitutione
1631 3065 1869 3120 Honorii
1897 3065 1967 3120 ad
2003 3067 2109 3119 He-

409 3157 724 3211 raclianum
749 3155 1020 3210 comitem
1040 3154 1241 3209 Africa:
1262 3158 1457 3208 octavo
1486 3153 1759 3208 kalendas
1775 3153 2112 3223 septembris

413 3244 565 3313 data,
596 3259 711 3315 qua
750 3243 845 3312 jus
876 3241 1177 3296 exercendi
1204 3257 1362 3295 sacra
1389 3239 1622 3312 propria
1649 3240 1930 3295 haereticis
1968 3258 2108 3295 con-

414 3346 639 3386 cessum
676 3331 846 3401 plene
873 3331 1160 3401 planeque
1192 3329 1524 3399 abrogatur,
1563 3332 1619 3383 et
1648 3329 1950 3383 constituta
1980 3346 2110 3400 pro-

410 3417 734 3489 scriptionis
758 3416 1048 3472 autetiam
1072 3415 1272 3487 capitis
1301 3432 1487 3486 pama,
1502 3432 1574 3471 ne
1604 3415 1898 3487 publicum
1928 3418 2107 3471 ullum

410 3509 753 3561 conventum
777 3504 1027 3559 habeant
1045 3503 1634 3574 interdicitur(Codice
1647 3504 1873 3572 Theod.,
1901 3505 1966 3559 de
1987 3508 2109 3560 Ha:-

408 3596 617 3662 reticis,
649 3595 759 3661 lege
810 3592 922 3663 51).
954 3593 1089 3646 Eam
1135 3590 1293 3646 enim
1348 3592 1535 3664 legem
1562 3592 1886 3663 legatorum
1940 3593 2110 3664 hujus

409 3679 635 3736 concilii
659 3679 953 3736 industria:
980 3696 1045 3734 ac
1063 3679 1373 3752 diligentiae
1403 3696 1520 3735 non
1545 3679 1834 3735 immerito
1858 3680 2111 3736 tribuen-

410 3770 543 3824 dam
580 3774 806 3841 pntant.
858 3770 1013 3823 Hanc
1057 3768 1241 3839 ipsam
1282 3767 1533 3839 reperire
1580 3772 1665 3824 est
1709 3768 2002 3824 laudatam
2047 3769 2110 3824 in

408 3857 681 3913 mandato
735 3856 805 3912 ad
845 3857 1234 3912 Marcellinum
1272 3856 1341 3912 de
1393 3857 1750 3928 procuranda
1805 3858 2109 3913 collatione

407 3944 616 4017 scripto
643 3944 831 4017 pridie
860 3944 989 4000 idus
1019 3944 1265 4000 octobris
1313 3945 1570 4016 ejusdem
1599 3944 1765 4013 anni;
1798 3962 1913 4017 quo
1944 3963 2106 4001 man-

406 4034 540 4089 dato
570 4033 853 4088 Honorius
883 4034 1174 4103 conceptis
1202 4033 1411 4098 verbis,
1445 4034 1723 4105 quidquid
1752 4034 1839 4088 vel
1869 4035 1991 4105 ipse
2023 4034 2107 4088 vel

407 4120 730 4192 superiores
748 4120 1120 4197 imperatores
1149 4120 1439 4175 catholicae
1468 4120 1761 4192 religionis
1784 4122 1969 4192 gratia
1994 4126 2106 4177 sta-

406 4208 668 4273 tuissent,
710 4222 886 4278 quam
917 4206 1270 4262 exactissime
1319 4208 1609 4263 observari
1654 4209 1913 4280 praecipit
1958 4209 2110 4280 (Col-

408 4296 504 4349 lat.
535 4295 807 4363 Carthag.
840 4298 890 4362 l,
923 4309 1045 4364 cap.
1084 4295 1161 4365 4).
1196 4294 1354 4349 Unde
1379 4311 1486 4354 suo
1513 4296 1868 4351 Marcellinus
1897 4296 2102 4362 edicto,

408 4382 565 4454 quod
589 4381 694 4437 sub
711 4380 943 4436 initium
955 4382 1147 4436 martii
1158 4398 1307 4437 anno
1324 4382 1627 4437 undecimo
1647 4400 1819 4454 supra
1831 4384 2106 4455 quadrin-

407 4469 789 4540 gentesimum
816 4470 998 4538 dedit,
1048 4474 1310 4538 testatur,
1352 4486 1455 4541 per
1491 4470 1813 4543 provincias
1855 4471 2106 4543 singulas

406 4564 588 4614 certos
622 4558 919 4630 quosdam,
951 4558 1052 4630 qui
1110 4557 1313 4613 Donati
1338 4562 1646 4614 sectatores
1690 4574 2103 4630 persequeren-

404 4651 502 4701 tur
529 4645 643 4701 sive
681 4647 1074 4717 convenirent,
1112 4646 1419 4702 destinatos
1446 4646 1619 4702 fuisse
1659 4647 1839 4717 (Ibid.,
1874 4664 1996 4718 cap.
2029 4648 2099 4718 5).

477 4738 528 4789 6.
559 4734 816 4806 Episcopi
869 4735 1059 4806 legati,
1115 4733 1216 4807 qui
1252 4734 1528 4789 libertatis
1572 4734 1932 4789 heterodoxis
1970 4752 2104 4790 con-

404 4838 575 4877 cessas
632 4822 1027 4877 rescissionem
1085 4822 1471 4886 obtinuerant,
1520 4822 1696 4877 iidem
1750 4840 1980 4895 quoque
2043 4824 2101 4879 in

404 4909 687 4965 mandatis
713 4910 999 4965 habebant
1024 4910 1109 4965 rei
1138 4911 1294 4966 haud
1331 4910 1560 4966 levioris
1588 4912 1868 4967 momenti
1904 4928 2103 4982 procu-

403 4999 704 5055 rationem.
739 5000 934 5070 Neque
968 4999 1124 5054 enim
1153 5004 1256 5069 est,
1311 5016 1413 5055 cur
1438 5000 1785 5070 dubitemus,
1839 5001 1974 5072 quia
2013 5018 2103 5056 eo-

401 5087 668 5143 rumdem
696 5086 962 5158 precibus
987 5087 1263 5142 debeatur
1287 5087 1619 5143 Collationis
1636 5089 1785 5159 apud
1805 5089 2099 5161 Carthagi-

401 5192 535 5230 nem
562 5174 831 5230 ineundte
862 5174 1194 5229 mandatum
1220 5174 1407 5245 pridie
1444 5175 1573 5230 idus
1603 5176 1848 5230 octobris
1887 5177 1957 5231 ab
1988 5178 2099 5231 Ho-

402 5263 564 5318 norio
584 5263 782 5318 datum
805 5262 982 5330 (lbid.,
1001 5278 1122 5331 cap.
1151 5263 1227 5331 4).
1258 5261 1515 5318 Vidimus
1539 5263 1659 5335 jam
1675 5280 1847 5334 supra
1871 5265 2100 5337 quantis

399 5352 602 5407 studiis
644 5350 965 5405 Donatistas
1002 5350 1069 5405 ad
1100 5348 1553 5406 conveniendum
1582 5367 1775 5408 secum
1822 5352 1893 5407 de
1926 5354 2098 5408 collo-

399 5439 535 5510 quio
574 5437 835 5493 catholici
863 5436 1142 5492 antistites
1164 5453 1316 5492 anno
1335 5438 1899 5510 quadringentesimo
1927 5440 2097 5495 tertio

399 5530 456 5581 et
480 5526 1042 5597 quadringentesimo
1073 5531 1276 5597 quarto
1302 5525 1690 5583 sollicitarint:
1723 5532 1940 5599 quanto
1969 5544 2099 5583 con-

1662 301 1819 353 Vl'l‘A
1859 301 1913 353 S.
1953 299 2327 354 AUGUSTINI
2374 298 2713 354 EPISCOPI.

3829 302 3931 353 396

2229 425 2316 476 tra
2359 420 2661 499 superqilio
2707 420 2853 476 illud
2903 420 3219 476 recusarint
3250 421 3589 487 Donatistae;
3636 423 3698 475 et
3732 424 3934 475 tamen

2229 525 2381 564 anno
2400 511 2631 565 demum
2661 508 3228 581 quadringentesimo
3256 508 3535 564 sextohuc
3563 508 3781 563 redacti
3802 510 3933 564 fue-

2228 597 2362 666 rint,
2398 603 2463 653 ut
2498 614 2619 653 sese
2650 597 2708 652 id
2745 598 2889 652 velle
2929 602 2986 652 et
3009 613 3217 669 cupere
3246 597 3598 653 simularent.
3648 597 3934 652 Arbitrati

2227 690 2362 741 sunt
2390 684 2684 751 Catholici,
2714 686 2864 741 bono
2886 685 3006 753 illo,
3039 691 3102 741 ut
3127 684 3444 753 videbatur,
3470 685 3931 741 adversariorum

2227 774 2420 829 animo
2472 774 2749 829 utendum
2807 790 2928 829 esse
2955 775 3176 846 (Collat.
3218 776 3489 843 Carthag‘.
3525 778 3576 841 3,
3627 790 3750 844 cap.
3806 778 3930 841 ΗΟ,

2225 867 2275 917 et
2328 865 2537 919 Brevic.
2570 863 2760 919 Collat.
2803 864 2855 929 3,
2884 877 2940 917 η.
2983 864 3064 932 4).
3098 862 3439 929 Carnebant,
3471 880 3501 915 e
3539 861 3783 932 plebeiis
3816 862 3932 915 Do-

2227 950 2473 1005 natianu:
2507 956 2670 1004 sectas
2700 950 3043 1021 complures,
3077 954 3133 1005 et
3160 966 3306 1021 pene
3335 965 3534 1004 omnes
3565 949 3757 1004 dicere
3786 947 3930 1003 soli-

2224 1042 2353 1093 tos:
2389 1040 2432 1094 Ο
2476 1038 2528 1093 si
2564 1041 2621 1093 in
2652 1054 2817 1093 unum
2850 1038 3020 1093 locum
3056 1039 3423 1093 convenirent!
3466 1052 3495 1091 ο
3540 1039 3591 1092 si
3627 1037 3933 1106 aliquando

2226 1128 2546 1193 conferrent,
2592 1132 2753 1195 atque
2783 1125 2896 1181 illis
2938 1126 3344 1197 disputantibus
3372 1128 3573 1180 veritas
3598 1128 3936 1194 appareret?

2223 1214 2341 1284 (Ad
2378 1217 2687 1269 Donatistas
2715 1220 2835 1285 post
2880 1214 3105 1281 Collat.,
3136 1230 3192 1268 η.
3239 1216 3354 1283 58.)
3394 1216 3658 1268 Praeterea
3710 1215 3933 1268 illorum

2222 1304 2402 1369 furor,
2437 1302 2516 1357 ait
2542 1303 2917 1374 Augustinus,
2947 1307 3300 1372 occupaverat
3328 1303 3584 1369 Africam
3613 1306 3799 1369 totam,
3833 1318 3929 1356 nec

2218 1391 2568 1462 praedicaria
2597 1393 2882 1448 Catholicis
2913 1393 3198 1445 veritatem
3227 1396 3414 1446 contra
3437 1406 3594 1445 suum
3629 1391 3931 1460 patieban—

2227 1483 2317 1534 tur
2337 1495 2599 1546 errorem;
2632 1481 2880 1534 violentis
2906 1479 3365 1546 aggressionibus,
3398 1479 3927 1544 latrocinationibus,

2225 1569 2483 1623 itinerum
2514 1568 2907 1634 obsidionibus,
2937 1570 3174 1638 rapinis,
3205 1568 3446 1635 ignibus,
3477 1566 3711 1622 czdibus
3739 1568 3930 1621 multis

2224 1660 2517 1722 vastantes,
2550 1661 2741 1711 cuncta
2770 1661 3055 1712 terrentes:
3081 1672 3199 1711 cum
3239 1656 3431 1724 quibus
3461 1655 3612 1725 apud
3630 1657 3928 1725 episcopos,

2225 1760 2358 1813 quos
2389 1760 2685 1800 communes
2713 1760 2819 1800 non
2859 1746 3202 1811 habebamus,
3232 1745 3375 1799 nihil
3403 1759 3561 1811 agere
3586 1748 3927 1813 poteramus;

2226 1834 2370 1903 quod
2396 1849 2520 1889 vero
2557 1838 2682 1887 ante
2707 1836 2877 1899 ferme
2904 1838 3109 1888 centum
3149 1848 3318 1888 annos
3345 1834 3577 1902 majores
3604 1834 3782 1887 nostri
3808 1849 3929 1886 cum

2225 1923 2300 1976 eis
2330 1926 2569 1990 egerant,
2607 1922 2728 1990 jam
2770 1922 3089 1990 populorum
3121 1922 3378 1975 memoria
3404 1936 3509 1975 non
3538 1920 3767 1975 tenebat.
3804 1922 3929 1974 Han:

2224 2010 2396 2077 igitur
2421 2012 2707 2065 necessitas
2723 2010 2999 2079 compulit,
3030 2012 3092 2062 ut
3119 2010 3308 2063 saltem
3335 2010 3498 2076 gestis
3526 2013 3715 2063 nostra
3738 2009 3928 2062 Colla-

2227 2100 2370 2154 tione
2419 2100 2671 2165 confectis
2717 2114 2896 2152 eorum
2944 2098 3385 2151 contundet-emus
3413 2097 3853 2152 inuerecundiam
3878 2103 3929 2151 et

2223 2187 2630 2254 reprimeremus
2652 2186 2941 2239 audaciam
2974 2186 3201 2253 (Contra
3220 2186 3519 2250 Iulianum,
3550 2184 3645 2239 lib.
3681 2188 3734 2251 3,
3766 2201 3822 2239 n.
3849 2186 3923 2255 5).

2227 2274 2323 2328 Hie
2352 2273 2668 2345 praesertim
2698 2274 2932 2327 fuerunt
2960 2288 3165 2341 causa},
3197 2268 3423 2343 quibus,
3455 2276 3522 2326 ut
3548 2271 3718 2326 hocce
3748 2268 3926 2327 collo;

2224 2361 2427 2433 quium
2453 2364 2796 2432 expeterent,
2820 2360 3069 2415 Ai‘ricani
3098 2361 3368 2431 przrsules
3396 2359 3758 2414 inductisunt
3780 2377 3928 2426 ;uou

2221 2466 2356 2504 vero
2389 2450 2543 2522 quod
2572 2448 2964 2503 existimarent
2990 2448 3133 2503 illud
3160 2448 3399 2503 remedii
3418 2449 3926 2517 semperadversus

2222 2539 2520 2595 haereticos
2571 2538 2836 2609 expedire
2891 2538 3099 2608 (Operis
3148 2538 3452 2607 imperfecti
3480 2537 3571 2591 lib.
3616 2540 3665 2605 l,
3716 2553 3763 2591 c.
3818 2542 3922 2608 l0).

2221 2628 2359 2682 Tam
2390 2626 2616 2698 operosi
2642 2625 2875 2696 negotii,
2911 2626 3064 2697 quod
3093 2630 3308 2680 tantem
3332 2625 3534 2680 contici
3555 2626 3927 2680 vehementer

2224 2716 2497 2771 intererat
2535 2715 2795 2770 Ecclesiae
2840 2714 3123 2785 incoeptor
3152 2719 3207 2769 et
3235 2714 3514 2784 perfector
3566 2714 3925 2785 Augustinus

2223 2804 2362 2872 fuit;
2401 2803 2527 2858 aliis
2558 2808 2750 2858 tamen
2782 2802 3058 2874 episcopis
3087 2818 3256 2857 suum
3306 2817 3536 2873 quoque
3579 2818 3924 2857 consensum

2221 2891 2645 2958 adhibentibus,
2690 2891 2958 2962 illiusque
2996 2906 3159 2944 etiras
3201 2889 3437 2961 propria
3481 2889 3926 2945 secundantibus

2221 2979 2505 3034 industria
2532 2979 2852 3048 (Possidius,
2898 2981 2955 3032 in
2990 2981 3120 3034 Vita
3146 2979 3466 3045 Augustini,
3496 2994 3545 3032 c.
3581 2977 3682 3047 13).
3715 2977 3923 3033 Directi

2220 3071 2356 3123 sunt
2373 3067 2548 3139 igitur
2568 3067 2636 3122 ad
2660 3068 3070 3137 Imperatorem
3089 3067 3282 3137 legati,
3299 3067 3399 3138 qui
3420 3070 3701 3137 peterent,
3717 3068 3925 3122 utrius-

2222 3172 2333 3226 que
2363 3156 2539 3227 partis
2587 3155 2882 3226 episcopos
2912 3154 3135 3225 iuberet
3162 3154 3462 3209 convenire
3493 3156 3919 3227 Carthaginem,

2222 3242 2322 3297 ubi
2344 3242 2547 3299 delecti
2580 3243 2869 3313 utrimque
2899 3259 2962 3296 ex
2987 3243 3143 3298 omni
3167 3259 3408 3298 numero
3438 3243 3700 3298 nonnulli
3728 3243 3924 3315 dispu-

2221 3334 2409 3385 tareut
2460 3331 2672 3399 (Collat.
2719 3332 2989 3400 Carthag.
3039 3335 3087 3398 l,
3136 3348 3257 3401 cap.
3298 3333 3397 3403 4);
3438 3318 3552 3403 quo
3583 3331 3663 3387 sic
3702 3339 3922 3404 posset,

2221 3419 2577 3490 deprehenso
2632 3418 2932 3473 manifeste
3008 3419 3325 3484 mendacio,
3380 3420 3585 3474 veritas
3640 3437 3923 3492 apparere

2222 3506 2405 3577 (lbid.,
2469 3511 2518 3574 3,
2569 3523 2696 3577 cap.
2756 3511 2898 3575 HO).
2970 3509 3262 3563 Prolatum
3330 3526 3365 3563 a
3410 3509 3612 3580 legatis
3662 3510 3772 3565 fuit
3824 3527 3925 3564 co-

2219 3610 2343 3650 ram
2394 3596 2646 3650 Honorio
2676 3600 2863 3651 actum
2907 3597 3071 3663 illud,
3128 3614 3241 3669 quo
3286 3599 3595 3653 Donatista:
3651 3597 3761 3668 ipsi
3806 3599 3925 3653 col-

2219 3683 2481 3753 loquium
2532 3698 2684 3737 anno
2740 3684 3301 3755 quadringentesimo
3376 3690 3533 3740 sexto
3590 3686 3921 3756 postulave-

2218 3774 2348 3825 rant
2376 3772 2602 3838 (Brevic.
2638 3773 2827 3827 Collat.
2862 3776 2918 3839 2,
2948 3788 3006 3826 η.
3045 3774 3118 3842 4).
3171 3772 3483 3827 Honorium
3519 3778 3731 3840 autem,
3764 3790 3919 3845 quo-

2218 3857 2410 3912 minus
2428 3860 2672 3930 petitum
2697 3876 2731 3913 a
2760 3876 2817 3914 se
2839 3864 3178 3916 conventum
3200 3861 3392 3915 animo
3424 3861 3643 3916 lubenti
3672 3861 3923 3932 prolixo-

2219 3964 2330 4019 que
2360 3952 2662 4015 annueret,
2696 3947 2931 4019 Imperii
2962 3965 3077 4003 non
3097 3949 3392 4020 prohibuit
3409 3950 3698 4004 horrenda
3725 3950 3923 4004 confu-

2217 4034 2318 4089 sio.
2353 4036 2473 4098 Qua
2522 4051 2656 4089 sane
2694 4035 2754 4089 in
2785 4052 2845 4090 re
2901 4036 3214 4090 clarissimo
3244 4036 3508 4107 probavit
3553 4041 3919 4110 argumento,

2218 4138 2336 4177 non
2362 4138 2573 4178 vanum
2601 4123 2772 4178 fuisse
2806 4125 2960 4196 quod
2997 4125 3340 4190 afﬁrmabat,
3374 4125 3673 4180 utilitatem
3706 4125 3923 4180 scilicet

2216 4211 2612 4282 honoremque
2676 4213 2967 4268 catholicae
3025 4213 3283 4268 Ecclesiae
3339 4230 3535 4268 curam
3599 4229 3763 4269 suam
3819 4219 3923 4269 aut

2218 4300 2444 4354 unicam
2474 4317 2594 4356 esse
2614 4306 2713 4356 aut
2739 4306 2888 4358 certe
2917 4302 3202 4374 primam;
3231 4302 3372 4357 nihil
3402 4302 3555 4358 aliud
3572 4319 3757 4374 neque
3778 4320 3918 4374 pace

2218 4404 2405 4459 neque
2424 4389 2573 4443 bello
2594 4406 2851 4461 quaerere
2868 4407 2949 4458 se,
2979 4390 3091 4445 nisi
3115 4395 3176 4446 ut
3204 4391 3263 4444 in
3285 4391 3598 4446 ditionibus
3627 4391 3744 4446 suis
3768 4393 3920 4446 Deus

2216 4481 2515 4546 regnaret;
2540 4477 2734 4531 dolere
2760 4477 2870 4534 sibi
2898 4478 3050 4550 quod
3077 4477 3429 4549 provinciam
3457 4479 3726 4546 Africam,
3751 4479 3919 4550 cujus

2217 4564 2420 4619 ciliciis
2460 4567 2618 4635 (puta
2646 4570 2846 4621 contra
2872 4566 3149 4635 Attalum)
3196 4565 3395 4621 fuisset
3425 4567 3671 4637 adjutus,
3714 4583 3918 4622 cerne-

2214 4657 2301 4707 ret
2321 4654 2741 4709 Donatistarum
2763 4655 2997 4711 discidio
3027 4655 3265 4711 lacerari
3295 4656 3519 4725 (Collat.
3554 4657 3823 4723 Carthag.
3863 4662 3916 4723 1,

2213 4758 2334 4812 cap.
2363 4742 2437 4812 4).
2472 4743 2751 4797 Honorius
2780 4760 2912 4799 vero
2950 4748 3290 4815 potestatem
3314 4743 3687 4799 conveniendi
3714 4744 3783 4799 ad
3805 4747 3920 4799 col-

2212 4828 2470 4902 loquium
2501 4847 2568 4886 eo
2598 4831 2855 4902 proniori
2885 4832 3175 4887 voluntate
3203 4831 3357 4899 fecit,
3389 4833 3544 4903 quod
3572 4831 3727 4886 idem
3758 4836 3917 4886 utra-

2213 4933 2324 4988 que
2353 4934 2487 4989 pars
2516 4918 2868 4990 poposcisset
2897 4918 3079 4988 (lbid.,
3105 4934 3225 4989 cap.
3260 4919 3334 4991 ὅ).
3370 4921 3561 4974 Exstat
3589 4919 3775 4974 adhuc
3796 4920 3918 4975 Ho-

2212 5005 2363 5060 norii
2389 5006 2749 5076 rescriptum,
2782 5022 2898 5076 quo
2924 5022 3123 5061 rursus
3147 5008 3439 5078 abrogata,
3471 5024 3646 5079 quam
3676 5008 3917 5062 haereti-

2212 5093 2292 5147 cis
2327 5098 2701 5161 concesserat,
2758 5094 3040 5161 libertate,
3089 5095 3467 5150 Collationem
3514 5112 3547 5149 a
3602 5094 3913 5151 Catholicis

2210 5180 2517 5252 expetitam
2547 5180 2828 5252 permittit
2859 5181 3042 5251 (1bid.,
3084 5199 3204 5253 cap.
3252 5185 3330 5253 4).
3365 5184 3503 5237 Eam
3547 5184 3610 5237 in
3652 5199 3920 5239 mensem

2208 5272 2500 5340 quartum,
2547 5285 2580 5322 a
2606 5268 3070 5339 promulgatione
3100 5271 3290 5335 edicti,
3322 5271 3547 5339 indicit;
3582 5287 3646 5326 ac
3677 5273 3917 5328 Donati-

2210 5358 2344 5415 stas,
2386 5355 2435 5409 si
2463 5354 2697 5426 quidem
2726 5355 2797 5410 ad
2821 5356 2882 5410 id
2911 5360 3137 5428 tempus
3166 5358 3468 5413 convenire
3507 5359 3916 5423 detrectarent,

2209 5442 2404 5497 statuit
2429 5442 2639 5498 iterum
2667 5459 2731 5498 ac
2752 5444 2922 5499 tertio
2946 5445 3163 5514 vocari;
3187 5463 3301 5517 qua
3328 5445 3545 5500 ratione
3575 5462 3701 5501 rem
3731 5448 3921 5503 adhuc

2208 5529 2270 5583 in
2300 5529 2441 5586 duos
2469 5547 2693 5588 menses
2735 5532 3077 5604 ampliabat;
3123 5534 3212 5590 sin
3243 5551 3376 5590 vero
3407 5551 3479 5589 ne
3508 5539 3634 5591 tum
3670 5536 3913 5608 quidem
