4062 6354
176 311 291 361 397

173 433 253 485 ad
285 438 516 503 tempus
537 435 921 490 constitutum
935 438 1216 507 adessent,
1241 440 1482 510 populos
1504 440 1736 495 demum
1767 441 1902 496 uni-

172 536 383 576 versos
417 523 485 577 ad
511 525 898 595 prastandum
927 525 1220 581 catholicis
1250 527 1530 599 episcopis
1559 530 1899 602 obsequium

171 610 681 679 teneri,restitutis
704 611 764 666 in
795 619 1115 669 eorummet
1142 619 1488 686 potestatem
1515 618 1784 672 omnibus
1815 636 1899 673 ec-

171 698 380 752 clesiis
413 701 621 769 (Collat.
655 703 913 770 Carthag.
951 706 996 769 l,
1029 718 1145 772 cap.
1193 705 1300 774 30).
1336 705 1622 776 Scriptum
1652 707 1759 760 hoc
1789 709 1897 761 Ra-

170 801 396 840 venna
419 787 616 841 datum
639 792 724 842 est
752 789 935 860 pridie
963 789 1088 844 idus
1110 790 1352 846 octobris
1381 808 1394 859 ;
1426 793 1522 848 sed
1546 798 1721 864 quoto
1751 811 1900 849 anno

172 889 303 928 non
328 874 568 929 dicitur:
602 875 758 930 haud
799 877 968 932 dubie
994 881 1188 933 tamen
1212 880 1778 950 quadringentesimo
1797 883 1896 937 de-

169 961 360 1028 cimo,
404 963 634 1034 quando
674 965 907 1036 quidem
939 983 1089 1022 anno
1131 968 1694 1039 quadringentesimo
1722 972 1898 1026 unde-

171 1049 341 1105 cimo
379 1051 576 1106 habita
605 1053 845 1107 Collalio
894 1055 1024 1111 fuit.
1058 1057 1174 1109 Huc
1205 1057 1348 1110 adde
1386 1062 1609 1128 partem
1639 1059 1896 1130 ejusdem

171 1139 448 1210 rescripti
495 1141 884 1196 Theodosiano
931 1143 1111 1197 codici
1166 1144 1464 1211 insertam,
1503 1150 1558 1200 et
1597 1147 1895 1201 consulatu

171 1227 447 1291 Varonis,
477 1228 576 1300 qui
605 1228 666 1283 in
697 1247 915 1285 annum
948 1232 1581 1303 quadringentesimum
1610 1235 1896 1290 decimum

173 1314 414 1385 incidit,
455 1321 744 1384 notatam;
794 1320 1042 1385 tametsi,
1085 1321 1237 1391 quod
1267 1321 1340 1374 ad
1370 1321 1519 1376 diem
1550 1323 1751 1377 attinet
1778 1339 1895 1378 non

171 1403 394 1474 pridie,
428 1405 523 1459 sed
563 1412 767 1477 quarto
816 1407 944 1462 idus
985 1409 1240 1479 ejusdem
1279 1410 1490 1464 mensis
1519 1410 1599 1466 ibi
1639 1412 1896 1483 signetur

167 1492 392 1559 (Codice
420 1493 639 1559 Theod.,
671 1495 738 1547 de
765 1495 961 1561 Relig.,
997 1497 1107 1562 lege
1138 1500 1210 1562 3).

241 1585 304 1633 â€˜7.
341 1581 638 1650 lmperiale
656 1588 1008 1653 praceptum
1037 1584 1107 1638 de
1134 1584 1398 1639 habenda
1422 1586 1730 1640 collatione
1761 1588 1888 1641 uni-

170 1668 362 1721 versis
375 1669 772 1724 Africanarum
789 1671 1214 1741 provinciarum
1229 1673 1520 1743 judicibus
1541 1674 1780 1728 missum
1808 1678 1894 1728 est

169 1756 396 1824 (Collat.
443 1759 692 1826 Carthag
737 1762 798 1825 3,
835 1776 935 1829 cap
988 1761 1358 1830 l40),necnon
1418 1762 1607 1816 Flavio
1657 1764 1888 1817 Marcel-

166 1844 298 1898 lino
331 1845 611 1900 directum
643 1863 772 1900 cum
800 1847 1105 1917 mandatis,
1136 1853 1200 1903 ut
1229 1849 1276 1901 is
1310 1850 1596 1904 consessui
1626 1851 1889 1921 cognitor

165 1933 520 2002 prasideret
560 1934 718 2003 (Ibid.
770 1937 816 2000 t,
852 1952 970 2004 cap.
1023 1936 1095 2003 4).
1131 1937 1484 1992 Marcellinus
1531 1938 1628 1992 ille
1672 1939 1886 2010 ubique

167 2039 200 2075 a
208 2022 780 2092 ppellaturtribunus
791 2039 855 2077 ac
870 2024 1145 2091 notarius;
1167 2041 1296 2096 qua
1309 2026 1557 2096 dignitas
1575 2027 1726 2080 haud
1743 2029 1891 2082 mul-

166 2113 298 2164 tum
335 2110 548 2165 recedit
572 2127 605 2164 a
635 2127 872 2165 munere
898 2128 1123 2178 eorum,
1149 2130 1293 2183 quos
1327 2114 1465 2185 Regi
1495 2115 1564 2169 ab
1598 2131 1885 2169 commen-

165 2198 338 2252 tariis
393 2198 775 2252 nominamus.
829 2201 1132 2254 Catholica
1182 2206 1306 2254 erat
1338 2201 1760 2255 communionis
1789 2205 1888 2273 (De

167 2288 357 2341 Gestis
382 2303 501 2341 cum
524 2289 781 2355 Emerito,
806 2305 862 2344 n.
886 2289 969 2359 2);
1003 2305 1250 2360 eumque
1280 2289 1415 2343 dicit
1443 2290 1673 2344 Orosius
1701 2290 1887 2345 virum

167 2375 230 2428 in
259 2375 467 2445 primis
495 2377 838 2445 prudentem
877 2382 933 2430 et
963 2377 1327 2441 industrium,
1362 2393 1583 2431 necnon
1616 2378 1878 2432 omnium

167 2463 501 2516 studiorum
534 2463 819 2516 bonorum
851 2464 1383 2534 appetentissimum
1416 2465 1676 2533 (Orosius,
1711 2468 1886 2520 Histo-

166 2554 269 2605 ria
298 2552 396 2606 lib.
428 2555 484 2617 '7,
516 2568 636 2620 cap.
669 2551 779 2620 42).
837 2553 1044 2605 Prima
1088 2552 1214 2606 dua
1243 2553 1402 2606 dotes
1451 2553 1662 2608 mirum
1703 2571 1884 2625 quan-

167 2642 301 2692 tum
354 2639 656 2692 eluxerunt
706 2639 766 2692 in
815 2640 1150 2713 Collatione,
1197 2640 1297 2694 ubi
1351 2657 1463 2695 non
1504 2642 1790 2712 aequitatis
1821 2660 1883 2696 ac

168 2726 584 2781 moderationis
623 2732 870 2796 tantum,
918 2729 1014 2782 sed
1045 2729 1217 2782 etiam
1243 2728 1882 2801 judicii'sapientiaque

171 2814 414 2886 egregia
444 2813 753 2885 specimina
781 2815 956 2870 dedit.
983 2817 1161 2880 Quam
1191 2821 1380 2871 autem
1410 2817 1778 2873 vehementer
1801 2837 1882 2873 es-

168 2909 260 2957 set
293 2903 618 2956 divinarum
638 2903 980 2957 Litterarum
1009 2905 1314 2970 studiosus,
1344 2905 1502 2960 testis
1518 2912 1604 2961 est
1617 2907 1883 2977 Augusti-

168 3008 282 3046 nus
315 2994 510 3061 (Epist.
535 2995 656 3060 190,
686 3007 742 3045 n.
780 2995 907 3060 20):
949 3009 1016 3046 ex
1064 3009 1176 3064 quo
1203 2994 1459 3063 ejusdem
1481 2995 1883 3066 integerrimos

171 3095 369 3133 mores
401 3085 458 3133 et
483 3079 795 3151 pretiosam
827 3084 1067 3134 mortem
1098 3097 1201 3134 suo
1231 3081 1471 3136 inferius
1499 3083 1621 3138 loco
1651 3099 1883 3138 enarra-

169 3169 290 3223 turi
335 3186 550 3224 sumus.
595 3170 736 3224 Huic
781 3171 1063 3224 llonorius
1095 3171 1366 3242 rescripto
1395 3190 1498 3227 suo
1529 3173 1791 3246 imperat,
1822 3179 1887 3230 ut

172 3257 530 3330 quicumque
561 3274 624 3312 ex
656 3258 1086 3330 magistratibus
1104 3260 1546 3332 negligentiores
1573 3279 1630 3316 se
1650 3263 1710 3316 in
1739 3279 1883 3334 pra-

170 3345 396 3398 standls
421 3345 780 3400 adminiculis
800 3347 870 3400 ad
896 3351 1242 3401 conventum
1268 3347 1598 3402 necessariis
1619 3350 1886 3419 praebue-

170 3432 318 3498 rint,
348 3449 440 3486 eos
468 3431 587 3503 ipse
620 3432 728 3487 sibi
759 3449 863 3503 per
902 3433 1142 3502 litteras,
1186 3451 1299 3505 quo
1338 3436 1673 3506 puniantur,
1706 3437 1881 3508 signi-

171 3521 328 3586 ticet,
358 3537 421 3573 ac
450 3520 636 3590 primo
667 3536 896 3591 quoque
929 3526 1188 3592 tempore
1220 3525 1565 3578 sententiam
1594 3526 1694 3580 abs
1727 3541 1784 3580 se
1826 3527 1886 3580 in

172 3625 243 3662 ea
297 3624 467 3662 causa
523 3609 697 3662 latam
729 3609 955 3664 nuntiet
1005 3612 1210 3680 (Collat.
1270 3613 1526 3681 Carthag.
1562 3616 1610 3678 t,
1654 3629 1775 3682 cap,
1808 3615 1881 3683 4).

169 3697 325 3751 Jussi
356 3700 487 3751 sunt
520 3697 692 3752 etiam
732 3699 1033 3768 proconsul
1081 3715 1145 3754 ac
1183 3699 1424 3754 vicarius
1465 3701 1668 3755 Africa
1712 3701 1885 3756 mini-

173 3789 326 3838 stros
352 3801 574 3853 omnes,
601 3786 810 3856 quibus
837 3786 932 3842 ille
962 3787 1031 3841 ad
1056 3788 1384 3842 obeundum
1406 3805 1618 3844 munus
1644 3791 1750 3844 sibi
1778 3791 1884 3844 im-

172 3873 435 3942 positum
475 3889 619 3943 opus
666 3875 919 3937 haberet,
967 3875 1019 3928 ei
1050 3876 1291 3931 tradere.
1331 3878 1472 3947 Ergo
1503 3877 1570 3930 ab
1601 3877 1886 3948 imperiali

175 3961 464 4016 Comitatu
494 3961 553 4014 in
598 3961 842 4016 Africam
873 3963 1201 4017 Collationis
1231 3981 1402 4018 causa
1443 3965 1599 4019 venit
1653 3966 1885 4019 Marcel-

173 4048 334 4103 linus
364 4048 680 4117 (Possidius,
711 4051 770 4102 in
804 4050 938 4102 Vita
974 4051 1296 4117 Augustini,
1329 4068 1374 4106 c.
1414 4053 1534 4122 t3):
1571 4068 1740 4123 quem
1770 4056 1886 4107 Au-

175 4136 444 4209 gustinus
491 4152 596 4206 pro
655 4137 912 4190 Ecclesia
951 4137 1196 4191 utilitate
1238 4139 1476 4194 missum
1510 4140 1758 4195 aï¬‚irmat
1786 4157 1799 4210 ;
1832 4147 1886 4197 et

176 4241 381 4278 causas
404 4223 804 4278 ecclesiasticas
835 4225 1018 4279 eidem
1051 4225 1406 4296 potissimum
1433 4226 1716 4298 injunctas
1743 4245 1885 4297 esse,

178 4313 262 4367 ita
295 4318 358 4366 ut
381 4313 451 4366 de
473 4313 668 4382 coeptis
690 4317 744 4367 et
766 4313 1160 4368 molitionibus
1188 4315 1590 4371 hareticorum
1608 4317 1884 4387 judicare,

179 4400 242 4454 in
274 4416 371 4454 eos
398 4417 466 4454 ex
497 4401 688 4471 legum
729 4401 1028 4455 severitate
1058 4401 1371 4472 inquirere,
1405 4420 1469 4457 ac
1505 4403 1713 4458 ultimo
1744 4421 1886 4475 quo-

181 4504 297 4559 que
326 4489 625 4559 supplicio,
658 4489 754 4543 ubi
782 4505 870 4543 res
909 4489 1182 4560 exigeret,
1217 4490 1668 4546 animadvertere
1698 4497 1891 4562 posset

185 4577 390 4645 (Epist.
415 4580 534 4643 133,
561 4593 615 4632 n.
653 4581 780 4642 t-3).
806 4579 1044 4632 Multum
1072 4578 1305 4649 quidem
1358 4579 1663 4650 voluptatis
1685 4581 1754 4634 ad
1787 4582 1887 4636 Ca-

183 4664 428 4718 tholicos
469 4665 662 4733 rediit,
703 4682 835 4720 cum
871 4666 1127 4736 primum
1169 4666 1240 4719 iis
1288 4667 1357 4721 de
1406 4668 1886 4735 reconciliatione,

187 4768 362 4823 quam
400 4753 548 4807 coire
599 4753 912 4825 imperator
957 4753 1227 4824 colloquii
1276 4754 1554 4810 beneficio
1585 4756 1890 4826 cogitabat,

188 4839 518 4895 nuntiatum
572 4841 708 4896 fuit:
759 4847 818 4896 at
866 4841 972 4896 sibi
1026 4846 1367 4912 temperare,
1416 4843 1724 4914 quominus
1753 4859 1889 4898 con-

187 4932 418 4998 ceptum
457 4945 524 4982 ea
560 4929 630 4983 de
660 4947 720 4984 re
749 4930 1004 4985 dolorem
1043 4934 1214 5001 atque
1244 4930 1640 5001 agritudinem
1681 4947 1798 5001 pra
1832 4948 1891 4985 se

189 5017 422 5086 ferrent,
454 5017 763 5073 Donatista
799 5018 1136 5091 neutiquam
1182 5019 1488 5074 valuerunt
1526 5020 1720 5089 (Serm.
1764 5023 1888 5088 357,

188 5119 252 5158 Ï„Î¹.
293 5104 368 5174 3).

859 5195 1084 5249 CAPUT
1131 5196 1218 5250 IX.

195 5280 530 5335 t'Pinianus
558 5285 607 5334 et
663 5281 901 5334 Melania
947 5299 1066 5336 cum
1118 5283 1280 5352 hujus
1320 5287 1491 5338 matre
1535 5283 1742 5337 Albina
1788 5284 1890 5338 Sa-

264 5373 477 5432 gaslam
527 5367 844 5422 adventant.
903 5373 937 5422 2
980 5372 1089 5424 Hos
1135 5372 1264 5425 illuc
1310 5373 1540 5425 invisere
1585 5372 1892 5439 Augustino

265 5470 372 5508 non
403 5456 544 5510 licet.
593 5459 623 5510 3
664 5458 961 5526 Hipponem
1000 5460 1146 5512 venit
1199 5460 1482 5512 Pinianus.
1529 5460 1562 5512 4
1610 5462 1746 5513 Eum
1787 5459 1894 5513 sibi

209 5547 228 5560 â€˜
266 5543 416 5611 plebs
442 5544 803 5614 Hipponensis
825 5547 884 5598 in
899 5545 1273 5614 presbyterum
1287 5549 1482 5616 poscit.
1507 5550 1536 5600 5
1560 5548 1748 5603 Ortum
1769 5548 1892 5601 hinc

1690 321 1903 376 LIBER
1942 321 2237 377 SEXTUS.

3601 338 3702 386 3Ï…á½¸

2080 445 2368 497 tumultum
2397 448 2679 513 compescit
2715 448 2994 512 Pinianus,
3030 450 3270 518 Hippone
3307 466 3361 503 se
3389 467 3702 507 mansurum

2065 533 2323 587 adhibito
2345 535 2706 602 jurejurando
2726 537 3020 604 pollicitus.
3070 542 3100 591 6
3128 539 3340 593 Albinae
3368 545 3529 608 atque
3559 543 3702 610 Aly-

2076 623 2160 689 pii
2199 622 2264 674 de
2303 623 2371 675 iis
2415 637 2534 690 qua
2573 624 2680 678 sibi
2723 627 2833 678 sive
2873 627 3104 680 Piniano
3132 632 3413 682 evenerant
3457 632 3699 696 querela.

2076 713 2104 761 7
2137 711 2344 776 Purgat
2384 725 2439 763 sc
2479 712 2630 778 apud
2674 727 2757 766 eos
2800 713 3163 781 Augustinus.
3210 718 3241 768 8
3291 717 3521 770 Piniano
3548 724 3702 786 post-

2076 798 2290 851 modum
2328 799 2563 852 abeundi
2603 815 2708 868 quo
2756 802 2928 867 vellet,
2980 803 3129 856 haud
3172 803 3335 857 dubie
3377 805 3596 859 licentia
3634 808 3702 860 ab

2075 886 2506 954 Hipponensibus
2553 888 2782 942 tributa.
2827 892 2857 942 9
2898 890 3306 945 Armentarium
3333 896 3383 946 et
3416 895 3702 948 Paulinam

2074 973 2148 1026 ad
2176 973 2368 1027 mundi
2403 979 2760 1044 contemptum
2812 980 2862 1029 et
2909 978 2983 1030 ad
3028 979 3336 1033 solvendum
3366 983 3703 1037 continentia

2073 1069 2252 1117 votum
2282 1065 2532 1118 hortatur
2560 1065 2920 1131 Augustinus.

2078 1156 2125 1205 1.
2153 1152 2306 1216 Quos
2335 1153 2549 1206 fructus
2575 1152 2690 1205 sive
2731 1152 3091 1222 imperatoris
3123 1154 3377 1219 Honorii,
3418 1154 3534 1209 sive
3565 1157 3702 1211 Mar-

2003 1237 2193 1290 cellini
2240 1237 2456 1291 tribuni
2503 1237 2572 1291 de
2616 1238 2998 1307 promovenda
3053 1243 3172 1292 tam
3213 1238 3308 1292 diu
3337 1256 3370 1292 a
3401 1241 3702 1296 Catholicis

2003 1325 2250 1396 expetita
2279 1326 2589 1380 Collatione
2623 1325 2875 1380 studium
2921 1331 2975 1380 et
3021 1343 3156 1380 cura
3197 1332 3444 1397 peperit,
3493 1328 3552 1382 in
3594 1330 3701 1384 liu-

2000 1413 2154 1484 jusce
2193 1413 2332 1466 anni
2361 1412 2912 1483 quadringentesimi
2941 1413 3228 1467 undecimi
3256 1414 3498 1468 decursu
3527 1431 3700 1484 expo-

2001 1505 2201 1555 netur:
2238 1501 2357 1571 jam
2389 1501 2526 1572 quid
2557 1501 2812 1571 ejusdem
2859 1501 3025 1555 initio
3070 1502 3394 1573 contigerit,
3439 1503 3699 1573 aperien-

2001 1591 2158 1644 dum.
2197 1590 2356 1643 Haud
2387 1590 2466 1643 ita
2495 1591 2678 1644 multo
2717 1595 2850 1644 ante
2889 1595 3276 1661 expugnatam
3308 1592 3536 1657 Urbem,
3568 1591 3700 1646 inde

2000 1678 2237 1733 Melania
2267 1677 2456 1731 senior
2493 1678 2770 1732 familiam
2801 1694 2984 1746 suam,
3015 1677 3278 1732 videlicet
3305 1678 3569 1732 Albinam
3598 1694 3700 1732 nu-

1998 1783 2148 1831 rum,
2171 1767 2463 1836 juniorem
2495 1765 2796 1820 Melaniam
2825 1769 3075 1835 neptem,
3110 1771 3166 1818 et
3186 1765 3490 1819 Pinianum
3509 1765 3698 1835 junio-

1999 1851 2075 1904 ris
2119 1852 2290 1922 hujus
2347 1853 2599 1907 Melania
2671 1853 2977 1922 conjugem
3052 1852 3341 1907 eduxerat.
3404 1851 3470 1906 Hi
3511 1868 3696 1921 porro

1998 1956 2219 2008 omnes,
2246 1956 2453 2010 genere
2484 1945 2654 2010 atque
2669 1940 2870 2010 opibus
2895 1939 3048 1993 inter
3067 1940 3356 1994 Romanos
3377 1939 3692 2007 clarissimi,

1996 2027 2362 2082 nobilissima
2403 2028 2556 2082 illius
2592 2027 2752 2082 urbis
2783 2029 3099 2098 voluptates
3129 2043 3291 2095 aque
3338 2027 3697 2099 reliquerunt

1997 2133 2060 2170 ac
2097 2117 2483 2171 domicilium:
2536 2116 2782 2187 hincque
2822 2131 2940 2170 non
2969 2115 3082 2170 alio
3131 2115 3457 2186 migrarunt
3503 2115 3694 2170 animo

1997 2220 2169 2274 quam
2219 2210 2284 2258 ut
2329 2221 2448 2259 sese
2499 2221 2562 2258 ac
2603 2221 2702 2258 sua
2760 2204 2979 2259 Christo
3025 2205 3436 2275 manciparent,
3520 2205 3693 2258 vitam

1996 2308 2126 2346 vere
2155 2292 2528 2346 monasticam
2567 2291 2768 2346 victuri
2800 2295 2995 2361 (Epist.
3030 2295 3153 2357 126,
3192 2309 3246 2345 n.
3281 2293 3387 2362 tl).
3421 2295 3560 2348 Cum
3591 2308 3693 2346 ex-

1994 2384 2247 2450 pugnata
2276 2396 2393 2433 non
2423 2379 2648 2450 pridem
2679 2381 2861 2434 Roma
2894 2379 3182 2448 Rhegium
3209 2381 3411 2434 urbem
3440 2378 3696 2433 Alaricus

1996 2468 2267 2533 incendit,
2301 2468 2631 2522 morabatur
2660 2468 2844 2522 adhuc
2872 2483 2989 2520 una
3015 2484 3146 2521 cum
3175 2467 3291 2521 suis
3321 2467 3381 2521 in
3399 2467 3586 2522 Sicilia
3610 2467 3696 2521 Pi-

1995 2557 2199 2611 nianus
2225 2559 2454 2626 (Valois,
2488 2559 2546 2610 in
2569 2557 2788 2622 Euseb,
2814 2573 2950 2625 pag.
2987 2559 3105 2623 129,
3139 2563 3188 2610 et
3219 2559 3401 2621 Naris,
3429 2559 3570 2610 Hist.
3604 2558 3697 2610 Pe-

1995 2646 2127 2713 lag.,
2158 2661 2288 2713 pag.
2320 2649 2432 2712 25).
2459 2644 2711 2698 Melania
2736 2643 2984 2714 junioris
3014 2643 3135 2696 Vita
3156 2643 3345 2713 prodit
3364 2643 3523 2698 illam
3551 2660 3582 2698 e
3602 2643 3693 2697 Si-

1993 2732 2123 2785 cilia
2147 2732 2546 2801 Carthaginem
2576 2731 2850 2801 primum,
2878 2735 3048 2800 atque
3079 2730 3212 2785 inde
3244 2733 3564 2801 Tagastam,
3597 2729 3699 2784 ubi

1993 2836 2122 2874 cum
2155 2820 2392 2875 Piniano
2413 2825 2468 2874 et
2490 2821 2693 2874 Albina
2717 2836 2817 2890 per
2838 2819 3086 2872 hiemem
3111 2820 3315 2888 agebat
3338 2820 3534 2888 (Epist.
3573 2821 3694 2884 124,

1993 2920 2046 2962 n:
2085 2911 2157 2979 t),
2190 2908 2474 2978 trajecisse
2506 2910 2741 2978 (Surius,
2773 2907 3002 2961 decemb.
3027 2908 3116 2960 die
3145 2911 3232 2971 31,
3263 2908 3346 2960 vel
3355 2908 3582 2975 januar.
3608 2907 3698 2960 die

1991 2997 2064 3066 2).
2089 2996 2314 3066 Optime
2345 3012 2479 3050 sane
2510 3011 2641 3049 cum
2661 2995 3100 3065 Tagastensibus
3130 2993 3320 3048 divino
3342 2998 3488 3047 nutu
3505 2998 3692 3048 actum

1993 3089 2097 3153 est,
2119 3085 2268 3155 quod
2301 3083 2570 3154 hospites,
2601 3082 2700 3154 qui
2727 3083 2833 3136 sibi
2864 3082 3133 3136 solatium
3165 3080 3547 3136 acerbissimis
3573 3081 3689 3135 illis

1992 3171 2346 3242 temporibus
2393 3172 2733 3242 praberent,
2785 3171 2937 3241 apud
2983 3186 3040 3225 se
3084 3171 3361 3225 haberent
3391 3171 3529 3225 adeo
3561 3169 3694 3224 illu-

1993 3266 2160 3317 stres.
2201 3260 2346 3325 Quid
2399 3259 2469 3313 iis
2524 3275 2655 3314 cum
2703 3259 2979 3312 natalium
3028 3259 3295 3328 splendor
3332 3263 3457 3312 tum
3491 3258 3698 3314 Christi

1994 3351 2177 3420 gratia
2222 3348 2568 3413 contulisset,
2611 3347 2733 3417 jam
2777 3352 2910 3401 ante
2959 3347 3281 3413 audierant,
3323 3346 3696 3417 auditumque

1994 3439 2266 3492 charitate
2293 3437 2434 3491 moti
2475 3436 2880 3490 crediderant:
2929 3435 3027 3488 sed
3077 3435 3285 3505 quibus
3333 3435 3533 3489 eadem
3581 3451 3696 3488 non

1995 3533 2118 3582 erat
2146 3526 2415 3593 Charitas,
2441 3525 2552 3591 his,
2588 3541 2658 3578 ne
2685 3529 2804 3578 tam
2833 3523 3063 3577 insolita
3100 3540 3190 3578 res
3221 3523 3392 3577 tidem
3421 3539 3693 3593 superare

1995 3632 2225 3670 omnem
2252 3614 2558 3687 videretur,
2591 3613 2684 3667 vix
2732 3613 2904 3666 fando
2949 3612 3304 3666 narrabatur.
3342 3610 3699 3680 Tagastensis

1994 3703 2204 3774 prasul
2233 3703 2472 3772 Alypius
2495 3701 2581 3754 vir
2610 3700 2834 3755 dicendi
2857 3699 3097 3769 peritus,
3129 3699 3342 3770 quique
3372 3703 3580 3752 sancta
3605 3716 3698 3752 cu-

1990 3792 2222 3861 jusdam
2251 3788 2591 3859 eloquentia
2645 3788 2699 3840 vi
2754 3787 2813 3840 in
2867 3787 3086 3840 animos
3141 3786 3444 3840 hominum
3497 3786 3694 3840 salutis

1995 3892 2246 3931 amorem
2299 3874 2644 3940 insinuabat,
2701 3873 2982 3944 potiorem
3032 3889 3151 3944 pra
3203 3872 3424 3926 cateris
3482 3873 3697 3928 latitia

1993 3964 2157 4018 istius
2186 3967 2406 4034 partem
2437 3961 2717 4032 capiebat,
2743 3977 2806 4014 ac
2835 3976 2952 4014 una
2982 3976 3112 4014 cum
3139 3959 3460 4029 hospitibus
3490 3959 3605 4013 suis
3637 3961 3697 4014 in

1995 4050 2212 4121 eloquii
2232 4049 2409 4105 divini
2440 4047 2814 4102 meditatione
2845 4049 3177 4102 versabatur
3207 4049 3441 4118 (Surius,
3464 4048 3693 4102 decemb.

1995 4139 2082 4193 die
2107 4143 2195 4205 31,
2231 4141 2308 4193 vel
2326 4139 2556 4207 januar.
2579 4137 2666 4190 die
2681 4139 2752 4204 2).
2779 4135 2867 4190 Illi
2888 4141 3107 4202 contra,
3139 4139 3201 4190 ut
3223 4135 3283 4188 in
3300 4135 3552 4189 Melania
3573 4135 3698 4188 Vita

1996 4229 2190 4298 legere
2222 4231 2324 4294 est,
2356 4225 2526 4280 variis
2548 4225 2900 4280 ornamentis
2927 4224 3113 4295 iisque
3143 4239 3282 4277 auro
3310 4239 3374 4277 ac
3398 4223 3699 4294 multiplici

1996 4331 2222 4386 gemma
2260 4314 2539 4369 distinctis
2568 4329 2792 4368 necnon
2822 4317 2876 4366 et
2905 4311 3134 4383 pradiis
3155 4311 3307 4366 haud
3329 4310 3548 4380 exiguis
3580 4312 3702 4382 ejus

1997 4403 2300 4458 Ecclesiam
2335 4403 2622 4458 ditat-unt:
2656 4406 2827 4472 atque
2871 4401 3041 4455 etiam
3070 4401 3322 4470 Tagasta
3352 4399 3701 4454 monasteria

1996 4492 2134 4562 duo,
2171 4493 2418 4546 alterum
2449 4491 2701 4545 virorum
2721 4489 2780 4543 in
2813 4507 2924 4560 quo
2961 4489 3223 4542 monachi
3277 4487 3585 4558 octoginta,
3618 4489 3700 4542 fe-

1999 4581 2291 4635 minarum
2323 4580 2591 4646 alterum,
2623 4579 2681 4632 in
2709 4595 2822 4649 quo
2844 4577 3094 4649 virgines
3119 4581 3346 4631 centum
3379 4581 3435 4631 et
3468 4576 3705 4646 triginta

1999 4669 2304 4739 degerent,
2339 4666 2755 4722 sufï¬cientibus
2785 4667 2849 4720 ad
2874 4666 2930 4719 id
2965 4665 3238 4720 reditibus
3261 4663 3547 4718 attributis
3575 4681 3705 4718 con-

2002 4761 2284 4810 struxere.
2316 4757 2604 4810 Testatum
2633 4770 2866 4824 quoque
2897 4752 3129 4823 reliquit
3157 4751 3529 4821 Augustinus,
3561 4751 3703 4805 varii

1999 4842 2228 4915 generis
2261 4842 2599 4897 muneribus
2634 4843 3036 4911 Tagastensem
3071 4839 3373 4894 Ecclesiam
3403 4839 3472 4892 ab
3503 4838 3573 4891 iis
3602 4839 3702 4893 do-
3779 4866 3781 4868 -

2003 4937 2201 4986 natam
2232 4931 2429 5000 fuisse,
2459 4931 2531 4985 ob
2561 4945 2805 5000 eamque
2836 4945 2956 4983 rem
2989 4929 3269 5000 populum
3294 4927 3552 4981 latitiam
3584 4942 3701 4995 pra

1998 5037 2057 5074 se
2086 5020 2280 5074 tulisse
2310 5034 2427 5073 non
2457 5019 2750 5089 vulgarem
2773 5017 3028 5088 quidem,
3056 5032 3254 5069 verum
3274 5014 3524 5086 propria
3545 5012 3701 5081 cupi-

1999 5107 2191 5162 ditatis
2221 5106 2482 5161 sordibus
2511 5122 2743 5176 prorsus
2775 5105 3021 5159 alienam
3072 5106 3272 5173 (Epist.
3345 5105 3463 5164 126,
3505 5116 3558 5152 n.
3603 5103 3694 5164 7):

1999 5194 2213 5266 quippe
2243 5194 2396 5266 quod
2426 5193 2708 5263 ejusmodi
2736 5191 3142 5246 munificentia
3175 5205 3288 5243 non
3338 5188 3406 5241 ad
3452 5185 3700 5256 privatos

1999 5282 2165 5348 cives,
2224 5283 2321 5337 sed
2366 5283 2435 5337 ad
2481 5281 2881 5336 ecclesiasticos
2912 5280 3080 5343 viros,
3114 5275 3446 5341 monachos,
3487 5273 3698 5325 sancti-

2002 5370 2284 5426 moniales
2315 5386 2378 5424 ac
2405 5386 2688 5442 pauperes
2711 5374 2832 5424 tota
2862 5367 3074 5424 rediret
3101 5365 3313 5420 utilitas
3347 5362 3540 5432 (Epist.
3579 5363 3699 5426 125,

2000 5475 2053 5512 n.
2086 5458 2166 5529 2).

2072 5550 2124 5601 2.
2161 5547 2286 5600 Non
2335 5545 2445 5600 alia
2473 5546 2542 5600 de
2579 5560 2747 5600 causa
2775 5549 2890 5598 tam
2922 5542 3094 5609 longo
3125 5537 3326 5592 itinere
3358 5535 3698 5605 splendidis-
