4062 6380
371 304 474 356 399

295 414 307 427 ’
372 421 516 475 sima
531 420 625 474 illa
654 418 979 473 cliristianaa
1008 417 1303 487 religionis
1328 416 1546 471 lumina
1565 416 1863 486 Tagastam
1892 414 2069 486 petie-

371 512 522 577 rant,
554 507 665 562 nisi
696 511 760 560 ut
802 505 1105 576 Augustini
1140 508 1448 575 conspectu
1478 501 1878 573 colloquioque
1914 502 2068 556 frue-

370 600 573 651 rentur
592 596 787 665 (Epist.
814 610 868 647 n.
893 595 1014 659 124,
1035 609 1093 647 n.
1123 593 1187 662 1).
1210 594 1426 647 Tamen
1449 591 1638 646 eidem
1659 595 1872 655 sancto,
1893 606 2072 661 quan-

368 683 581 738 tumvis
610 687 757 737 esset
785 681 1073 737 studiosus
1118 680 1430 735 amicorum
1462 680 1667 747 cultor,
1699 684 1872 750 atque
1902 679 2071 732 hosce

369 770 654 825 invisendi
679 770 863 841 gratia
893 770 1189 840 pervolare
1227 768 1411 823 maria
1441 784 1499 822 se
1530 784 1699 838 posse
1731 771 2069 837 exoptasset,

368 876 441 914 ne
468 861 764 929 Tagastam
794 857 1051 928 quidem,
1083 862 1148 911 ut
1176 861 1233 910 et
1262 873 1359 910 eos
1403 857 1677 911 salutaret
1704 860 1761 910 et
1797 854 1918 909 suis
1942 854 2072 908 civi-

368 948 476 1002 bus
508 949 578 1002 de
635 946 920 1013 felicitate,
956 961 1087 1016 quae
1134 944 1274 1015 ipsis
1318 944 1620 1016 obtigerat,
1666 943 2068 1014 gratularetur,

369 1035 627 1090 conferre
654 1049 773 1087 sese
804 1033 1095 1103 integrum
1126 1031 1251 1086 fuit.
1283 1030 1587 1086 Adversari
1633 1029 1865 1101 quidem
1912 1029 2070 1083 vide-

368 1124 538 1178 batur
564 1121 749 1176 hiems
779 1135 981 1190 aspera
1001 1125 1125 1174 tum
1154 1124 1213 1173 et
1239 1118 1528 1173 horrenda
1554 1134 1567 1184 ;
1601 1116 1814 1188 quippe
1842 1132 1973 1171 cum
2001 1132 2070 1170 co

370 1217 516 1266 esset
543 1208 884 1264 valetudinis
921 1207 1143 1275 habitu,
1197 1212 1265 1261 ut
1310 1210 1515 1261 natura
1552 1206 1731 1276 frigus
1769 1205 1917 1259 ferre
1955 1219 2070 1257 non

368 1304 589 1371 posset:
625 1314 692 1352 ea
738 1301 931 1351 tamen
978 1312 1069 1350 res
1094 1311 1224 1348 cum
1267 1310 1340 1349 ne
1365 1296 1662 1365 Tagastam
1690 1292 2073 1363 proﬁciscere-

368 1394 484 1455 tur,
517 1402 637 1441 non
665 1384 978 1450 deterruit;
1027 1384 1125 1438 sed
1177 1399 1309 1437 cum
1350 1382 1574 1437 animos
1616 1380 2071 1451 Hipponensium

366 1479 620 1529 vertente
645 1490 796 1529 anno
836 1470 1404 1543 quadringentesimo
1435 1470 1658 1525 decimo
1682 1470 1938 1524 absentia
1968 1484 2072 1523 sua

370 1563 618 1618 offensos
646 1560 1035 1632 comperisset,
1069 1558 1377 1613 arbitratus
1408 1562 1494 1613 est
1524 1557 1712 1612 ofﬁcio
1751 1573 1814 1612 ac
1842 1557 2070 1613 muneri

368 1667 429 1705 se
457 1650 789 1705 defuturum
833 1664 958 1715 suo,
1012 1647 1059 1701 si
1099 1646 1517 1718 profectionem
1563 1645 1736 1700 aliam
1783 1649 1903 1700 tam
1956 1645 2069 1699 cito

366 1736 697 1808 susciperet.
757 1735 1032 1800 Quocirca
1078 1750 1251 1804 quam
1303 1733 1636 1788 servitutem
1662 1733 1920 1787 Ecclesiae
1952 1748 2071 1786 suae

369 1825 629 1891 debebat,
689 1840 814 1878 eam
867 1822 1148 1893 judicavit
1217 1821 1518 1892 voluptati,
1592 1836 1767 1891 quam
1816 1821 2072 1890 Tagastae

365 1916 738 1983 percepturus
786 1915 953 1976 esset,
1005 1909 1488 1979 anteponendam.
1554 1908 1708 1963 Datis
1760 1907 1937 1979 igitur
2000 1907 2073 1962 ad

365 2000 655 2067 Albinam,
687 1999 989 2054 Pinianum
1019 2013 1084 2052 ac
1121 1996 1423 2052 Melanium
1454 1996 1759 2050 excusandi
1796 1995 1882 2050 sui
1932 2011 2069 2065 ergo

364 2088 592 2155 litteris,
645 2091 907 2153 testatur,
981 2086 1208 2157 culpam
1275 2101 1450 2156 quam
1512 2084 1856 2149 incurrebat,
1918 2082 2072 2154 quod

364 2176 490 2231 illos
535 2192 652 2230 non
683 2175 975 2243 inviseret,
1008 2190 1136 2228 eam
1179 2172 1364 2243 ipsam
1389 2171 1497 2226 sibi
1523 2188 1751 2242 poenam
1783 2187 1926 2238 esse,
1958 2186 2072 2241 qua

368 2264 595 2334 gravior
620 2263 843 2334 imponi
886 2265 1078 2333 posset
1109 2261 1160 2315 ei
1201 2261 1395 2317 nulla:
1421 2258 1583 2314 addit
1618 2264 1813 2313 tamen
1842 2274 2071 2329 sperare

366 2368 445 2415 se,
480 2352 527 2406 si
550 2352 785 2423 quidem
823 2349 1106 2404 infelicior
1134 2348 1227 2416 sit,
1257 2363 1433 2418 quam
1460 2352 1527 2401 ut
1564 2346 1755 2402 videre
1785 2363 1884 2400 eos
1934 2346 2075 2415 Ilip-

367 2456 515 2510 pone
544 2440 652 2494 sibi
671 2438 987 2508 contingat,
1006 2453 1124 2491 non
1155 2437 1480 2491 defuturam
1511 2434 1885 2501 occasionem,
1913 2434 2072 2503 cujus

366 2528 646 2583 beneﬁcio
678 2512 991 2597 utcumque
1035 2525 1201 2593 liber,
1232 2541 1327 2578 eos
1357 2538 1719 2594 quacumque
1748 2522 1806 2576 in
1838 2521 2071 2592 regione

367 2615 573 2670 Africae
602 2613 781 2669 futuri
811 2612 943 2679 sint,
976 2611 1295 2666 conveniat.

440 2706 492 2770 3,
536 2702 694 2757 Haud
722 2702 802 2756 ita
834 2701 1052 2763 multis,
1085 2699 1167 2754 uti
1196 2698 1444 2768 videtur,
1474 2698 1674 2754 diebus
1712 2703 1845 2769 post
1879 2698 2072 2752 datam

366 2793 580 2847 hancce
609 2789 911 2860 epistolam
943 2788 1216 2843 Pinianus
1246 2803 1376 2841 cum
1411 2787 1651 2842 Melania
1673 2787 1904 2857 juniore
1935 2786 2073 2856 Hip-

364 2895 579 2952 ponem
621 2872 798 2933 venit.
846 2879 987 2933 Cum
1016 2893 1173 2944 vero,
1225 2893 1355 2948 quae
1402 2880 1527 2931 erat
1577 2877 1701 2947 ejus
1755 2875 2070 2940 humilitas,

364 2969 609 3035 timeret,
641 2983 713 3022 ne
734 2982 910 3038 quam
940 2966 1055 3021 vim
1077 2966 1148 3020 ab
1173 2965 1525 3036 Hipponensi
1556 2964 1773 3036 populo
1801 2963 2069 3034 Augusti-

324 3078 331 3094 -
365 3073 494 3124 nus,
537 3061 593 3110 et
619 3072 652 3109 a
682 3053 1087 3110 Barcinonensi
1114 3054 1410 3121 Paulinus,
1456 3052 1608 3123 passi
1635 3053 1879 3115 fuerant,
1914 3068 2070 3106 eam-

367 3147 499 3200 dem
534 3144 657 3214 ipse
686 3158 914 3214 quoque
944 3145 1260 3211 pateretur,
1292 3140 1466 3194 ﬁdem
1496 3139 1604 3193 sibi
1650 3139 1721 3194 ab
1750 3139 2069 3210 Augustino

365 3232 492 3287 dari
515 3230 715 3297 voluit,
752 3246 873 3283 sese
893 3230 962 3284 ab
983 3245 1049 3282 eo
1079 3228 1478 3298 presbyterum
1500 3226 1746 3281 invitum
1771 3243 2070 3297 nunquam

366 3320 695 3374 ordinatum
720 3317 793 3370 iri
818 3319 1016 3386 (Epist.
1053 3319 1174 3382 126,
1205 3332 1259 3369 n.
1298 3316 1382 3384 1):
1429 3315 1571 3385 quin
1600 3320 1656 3369 et
1697 3315 1807 3384 ipsi
1845 3314 2069 3385 pollici-

368 3413 462 3462 tus
500 3411 584 3461 est
612 3410 838 3460 sanctus
877 3403 1203 3475 Episcopus,
1243 3408 1309 3457 ut
1333 3419 1459 3457 eam
1484 3402 1822 3474 dignitatem
1850 3403 2070 3473 accipe-

372 3500 481 3562 ret,
511 3498 802 3548 auctorem
834 3509 892 3546 se
931 3508 995 3545 ac
1041 3506 1331 3545 suasorem
1357 3491 1411 3544 ei
1440 3506 1557 3544 non
1594 3491 1852 3545 futurum
1885 3492 2070 3561 (Ibid.,

370 3600 426 3637 n.
477 3585 550 3651 2).
604 3581 778 3650 Cujus
822 3578 1109 3651 promissi,
1162 3580 1362 3634 saltem
1397 3580 1551 3650 quod
1592 3580 1660 3634 ad
1693 3579 2069 3657 posteriorem

371 3676 613 3742 partem,
668 3669 826 3725 testis
875 3673 1088 3740 prater
1137 3684 1340 3736 unum,
1377 3666 1527 3722 haud
1563 3667 1736 3722 dubie
1777 3667 2067 3739 Alypium,

371 3758 471 3830 qui
514 3764 638 3813 tum
666 3758 813 3812 forte
843 3772 970 3811 cum
1004 3756 1241 3811 Piniano
1272 3756 1533 3827 Hippone
1563 3756 1915 3826 versabatur,
1944 3758 2069 3810 nul-

369 3847 459 3901 lus
486 3846 610 3901 fuit.
643 3844 916 3900 Pinianus
942 3843 1137 3899 multis
1165 3844 1451 3915 variisque
1502 3844 1838 3899 muneribus
1878 3846 2070 3914 Augu-

368 3934 581 3989 stinum
610 3933 857 3995 donavit,
890 3933 1098 4004 quibus
1127 3932 1220 3987 hic
1248 3938 1420 4003 prout
1438 3932 1718 4003 judicavit
1737 3933 2067 3987 conducibi-

366 4022 477 4077 lius
519 4027 707 4089 utens,
745 4037 813 4075 ea
856 4020 1066 4091 partim
1113 4020 1330 4074 clericis
1373 4036 1437 4073 ac
1484 4020 1801 4087 monachis,
1852 4021 2066 4091 partim

366 4110 524 4166 laicis
552 4109 893 4180 quibusdam
923 4107 1317 4177 indigentibus
1346 4106 1636 4161 distribuit
1673 4107 1863 4177 (Ibid,
1892 4124 1949 4161 n.
1987 4110 2063 4176 8).

366 4200 543 4251 Porro
572 4196 727 4251 hisce
762 4195 987 4264 opibus,
1020 4210 1160 4264 quas
1188 4194 1509 4264 Augustino
1539 4199 1710 4265 atque
1741 4194 1943 4265 Alypio
1973 4196 2065 4250 Pi-

365 4284 573 4338 nianus
610 4282 891 4347 tradebat,
921 4281 1159 4347 factum,
1191 4286 1255 4334 ut
1301 4280 1467 4335 ambo
1496 4281 1581 4334 illi
1608 4288 1962 4347 vererentur,
1993 4299 2065 4337 ne

366 4373 426 4425 in
465 4370 848 4441 suspicionem
875 4368 1091 4439 iniqua:
1117 4368 1910 4439 dispensationisinciderent.
1946 4373 2067 4436 Qua

365 4460 426 4514 in
456 4475 518 4514 re
542 4475 673 4513 cum
693 4456 831 4528 ipsis
858 4457 1095 4511 minime
1118 4458 1404 4511 sufﬁceret
1427 4456 1788 4512 conscientim
1813 4459 2065 4529 propriae

365 4546 783 4609 testimonium,
813 4546 911 4600 sed
936 4545 1253 4599 curandum
1280 4549 1427 4599 esset
1450 4549 1749 4615 prmterca,
1783 4550 1864 4612 ut,
1889 4562 2066 4616 quan-

365 4640 486 4689 tum
517 4635 892 4689 abhorrerent
930 4651 961 4688 a
990 4633 1178 4688 studio
1207 4633 1447 4704 privatm
1476 4633 1761 4699 utilitatis,
1806 4633 2061 4687 homini-

365 4724 492 4790 bus,
532 4739 675 4793 quos
721 4740 789 4777 ex
841 4722 1130 4777 dominico
1164 4727 1454 4793 praecepto
1507 4722 1749 4784 erudire,
1783 4722 2063 4792 quibusve

366 4810 436 4864 ad
463 4809 734 4880 pietatem
768 4811 1028 4882 exemplo
1075 4827 1173 4865 suo
1208 4810 1416 4881 pratire
1454 4811 1814 4877 tenebantur,
1846 4810 2064 4865 clarum

361 4903 746 4968 testatumque
790 4899 1095 4953 redderent
1141 4899 1337 4969 (Epist.
1394 4902 1517 4968 123,
1558 4914 1620 4954 n.
1677 4902 1749 4966 2),
1802 4899 2063 4953 collocuti

363 4991 495 5041 sunt
523 4987 593 5041 de
634 4986 739 5041 hoc
768 4986 917 5042 inter
945 5003 1024 5049 se,
1067 4992 1124 5041 et
1177 5005 1291 5058 qua
1338 4988 1559 5042 ratione
1604 4988 1863 5043 Ecclesia:
1908 4988 2060 5057 ﬁliis,

361 5075 478 5130 imo
508 5080 566 5130 et
594 5074 949 5141 adversariis,
982 5076 1219 5144 planum
1251 5076 1523 5145 facerent,
1576 5076 1635 5129 in
1662 5076 2065 5130 administran-

359 5165 444 5220 dis
473 5164 640 5220 bonis
665 5162 1054 5218 ecclesiasticis
1100 5169 1322 5218 mentes
1354 5180 1485 5218 suas
1530 5165 1688 5218 nulla
1739 5164 2063 5235 cupiditatis

359 5258 457 5308 aut
481 5252 732 5307 avaritiae
750 5257 885 5306 nota
911 5251 1227 5321 inquinari,
1249 5268 1443 5305 coram
1481 5252 1824 5306 conferendo
1855 5251 2064 5323 inqui-

357 5340 501 5395 siere
525 5339 704 5411 (Ibid.,
736 5355 791 5394 n.
821 5342 868 5392 1.
897 5344 947 5393 et
974 5340 1153 5407 Epist.
1188 5340 1307 5405 126,
1338 5354 1394 5392 η.
1419 5338 1488 5408 9).
1515 5338 1651 5402 Quae
1672 5338 1857 5393 cautio
1887 5355 2062 5411 quam

357 5428 496 5498 ipsis
524 5427 840 5482 necessaria
869 5426 1088 5490 fuisset,
1126 5425 1311 5496 patuit
1341 5442 1404 5480 ex
1434 5425 1749 5480 tentatione
1788 5428 2056 5498 quadam,

356 5530 486 5585 quae
517 5516 618 5569 Dei
641 5516 929 5585 permissu
970 5530 1086 5569 non
1128 5516 1312 5569 multo
1341 5517 1469 5584 post
1497 5518 1757 5586 tempore
1799 5515 2055 5584 contigit.

1549 293 1720 348 Vl'l‘A
1772 292 1826 347 S.
1886 290 2271 349 AUGUSTINI
2331 292 2668 348 EPISCOPI.

3780 288 3891 340 400

2248 417 2303 470 4.
2337 415 2569 469 Factum
2598 412 2754 468 enim
2790 416 2894 478 cst,
2925 416 2991 466 ut
3017 408 3395 465 ecclesiastico
3422 408 3593 464 coetui
3622 424 3757 463 cum
3786 407 3887 463 in-

2177 506 2456 557 teressent
2486 500 2935 572 aliquando-una
2963 515 3094 553 cum
3122 497 3323 569 Alypio
3354 496 3625 552 Pinianus
3655 513 3723 551 ac
3772 497 3893 551 Mc-

2177 590 2351 660 lania,
2381 590 2646 645 universa
2671 588 2854 659 plebs,
2886 588 3129 642 necdum
3160 584 3411 641 dimissis
3434 584 3888 650 catechumenis,

2180 679 2451 734 Pinianus
2497 676 2606 732 sibi
2646 677 2707 731 in
2750 677 3152 748 presbyterum
3199 674 3460 729 ordinari
3500 672 3727 745 magnis
3768 674 3890 727 cla-

2180 768 2438 823 moribus
2466 766 2751 838 ﬂagitaret
2791 766 2995 838 (Epist.
3032 766 3152 831 126,
3182 779 3278 818 nn.
3333 766 3448 818 1-3.
3494 762 3570 833 5).
3621 761 3704 816 Ad
3753 777 3891 816 eam

2179 856 2411 910 accessit
2455 853 2830 925 Augustinus,
2877 857 2937 907 at
2972 868 3239 907 concessa
3286 866 3486 905 eorum
3536 849 3893 905 clamoribus

2178 944 2336 999 brevi
2367 960 2546 1010 mora,
2592 942 2653 996 id
2708 941 2817 996 sibi
2863 940 3155 1012 integrum
3212 954 3332 994 non
3385 954 3530 1009 esse,
3576 942 3893 1009 propterea

2179 1032 2334 1102 quod
2361 1031 2604 1085 invitum
2629 1029 2793 1083 illum
2819 1029 2889 1083 ab
2920 1045 2978 1083 se
3002 1031 3394 1083 consecratum
3421 1043 3537 1081 non
3557 1026 3630 1081 iri
3658 1026 3891 1098 promi-

2178 1118 2363 1183 sisset,
2402 1115 2736 1172 declaravit:
2768 1115 3053 1187 simulque
3101 1114 3336 1181 addidit,
3377 1114 3426 1168 si
3464 1118 3663 1169 contra
3706 1114 3891 1168 ﬁdem

2179 1223 2211 1260 a
2248 1222 2307 1260 se
2344 1205 2534 1260 datam
2559 1203 2859 1258 Piuianum
2898 1203 3177 1258 haberent
3211 1202 3632 1274 presbyterum,
3667 1203 3789 1256 fore
3821 1206 3891 1256 ut

2177 1310 2236 1348 se
2261 1294 2452 1364 ipsum
2480 1292 2812 1363 episcopum
2856 1307 2972 1346 non
3021 1291 3317 1347 haberent.
3368 1289 3584 1355 Quibus
3621 1289 3786 1345 dictis
3811 1290 3888 1344 ad

2178 1382 2372 1437 sedem
2417 1396 2580 1434 suam
2611 1396 2670 1434 se
2700 1379 2937 1450 recepit,
2969 1394 3145 1450 quam
3173 1378 3235 1433 in
3265 1395 3334 1433 eo
3364 1378 3476 1432 loci
3506 1377 3795 1445 subsellia,
3829 1382 3891 1432 et

2178 1486 2313 1525 mox
2340 1469 2595 1523 absidem
2624 1472 2823 1533 vocat;
2857 1468 3010 1538 quod
3039 1482 3223 1538 genus
3253 1470 3375 1521 erat
3404 1466 3659 1538 suggesti
3686 1465 3889 1520 multis

2178 1555 2448 1625 gradibus
2466 1554 2674 1610 editius
2688 1555 2874 1625 (Ibid,
2906 1570 2964 1608 n.
2991 1555 3062 1625 1).
3083 1554 3340 1609 Aderant
3351 1570 3581 1626 quoque
3602 1554 3885 1609 Pinianus

2179 1647 2235 1697 et
2274 1643 2534 1710 Melania,
2584 1643 2683 1697 sed
2727 1642 2991 1696 nonnihil
3042 1641 3249 1697 remoti
3296 1641 3368 1697 ab
3413 1641 3757 1711 Augustino,
3808 1642 3885 1696 ad

2178 1747 2351 1800 quem
2377 1735 2714 1802 augescente
2734 1731 2987 1785 tumultu
3016 1732 3146 1802 (nec
3170 1729 3324 1785 enim
3370 1746 3505 1785 eum
3530 1729 3747 1785 sedavit
3770 1735 3889 1785 An-

2181 1818 2374 1873 tistitis
2446 1818 2761 1889 responsio)
2823 1823 3184 1873 accesserunt
3244 1820 3440 1889 (Epist.
3502 1823 3622 1885 125,
3667 1834 3732 1876 n.
3798 1822 3887 1887 2).

2178 1908 2618 1975 Aliquantulum,
2649 1907 2840 1978 inquit
2866 1911 3092 1961 sanctus
3139 1907 3372 1973 Praesul,
3415 1909 3705 1977 inopinata
3766 1924 3892 1962 mea

2176 1998 2518 2065 responsione
2552 1997 2790 2050 cunctati
2825 2000 2987 2063 atque
3015 1995 3241 2062 turbati,
3280 1996 3425 2051 velut
3468 1999 3688 2065 ﬂamma
3729 2002 3890 2051 uento

2177 2085 2462 2153 paululum
2486 2099 2702 2153 pressa,
2725 2083 2917 2137 deinde
2937 2087 3207 2153 coeperunt
3231 2085 3398 2138 multo
3427 2084 3709 2139 ardentius
3733 2088 3889 2139 exci-

2181 2175 2292 2226 tari
2316 2190 2329 2239 ;
2363 2175 2733 2228 emistimantes
2760 2174 2881 2240 ﬁeri
2900 2186 3074 2241 posse,
3097 2177 3159 2226 ut
3186 2174 3270 2227 vel
3296 2174 3436 2228 mihi
3449 2177 3887 2243 extorqueretur,

2177 2259 2318 2315 illud
2345 2276 2451 2315 non
2505 2276 2722 2315 servare
2766 2262 3114 2330 promissum,
3152 2261 3236 2315 vel
3275 2276 3342 2314 ne
3378 2266 3582 2316 timente
3622 2265 3891 2331 promissi

2178 2347 2358 2417 ﬁdem,
2381 2347 2452 2404 ab
2481 2350 2589 2403 alio
2617 2350 2861 2417 episcopo
2896 2347 3265 2423 ordinaretur.
3293 2348 3543 2402 Dicebam
3571 2363 3665 2416 ego
3687 2350 3888 2419 quibus

2175 2441 2440 2504 poteram,
2465 2439 2562 2504 qui
2589 2436 2664 2490 ad
2687 2451 2783 2490 nos
2811 2439 2872 2490 in
2901 2435 3141 2490 absidem
3183 2437 3548 2491 honoratiores
3577 2442 3630 2491 et
3661 2441 3886 2504 gravio-

2179 2539 2263 2577 res
2293 2525 2665 2592 ascenderant,
2697 2540 2791 2579 nec
2817 2540 2852 2577 a
2874 2525 3134 2593 promissi
3161 2523 3272 2594 ﬁde
3299 2540 3382 2578 me
3403 2540 3562 2593 posse
3601 2525 3885 2592 dimoveri,

2178 2627 2272 2666 nec
2299 2612 2367 2665 ab
2398 2614 2506 2666 alio
2535 2615 2780 2681 episcopo
2811 2615 2869 2666 in
2915 2613 3154 2667 Ecclesia
3197 2614 3335 2666 mihi
3383 2612 3616 2682 tradita,
3662 2616 3776 2669 nisi
3806 2630 3889 2669 me

2179 2702 2509 2768 interrogato
2542 2715 2621 2754 ac'
2630 2702 2988 2768 permittente,
3014 2714 3172 2769 posse
3196 2692 3478 2766 ordinari;
3508 2701 3654 2769 quod
3680 2704 3733 2756 si
3758 2718 3886 2772 per—

2179 2790 2463 2856 mitterem,
2488 2804 2523 2841 a
2549 2788 2655 2856 ﬁde
2684 2789 3033 2842 nihilominus
3064 2788 3354 2843 deviarem.
3385 2788 3671 2844 Addebam
3694 2793 3885 2857 etiam,

2178 2878 2321 2931 nihil
2347 2891 2432 2930 eos
2460 2877 2611 2941 velle,
2643 2878 2695 2930 si
2721 2875 3063 2931 ordineretur
3088 2879 3315 2941 invitus,
3362 2879 3559 2932 nisiut
3596 2878 3885 2934 ordinatus

2180 2964 2502 3019 abscederet.
2544 2966 2635 3019 Illi
2653 2965 2748 3019 hoc
2772 2980 2929 3034 posse
2954 2968 3075 3034 ﬁeri
3103 2981 3212 3020 non
3240 2965 3544 3021 credebant.
3584 2968 3886 3022 Multitudo

2177 3069 2300 3107 vero
2320 3069 2424 3124 pro
2452 3053 2717 3120 gradibus
2747 3056 3060 3119 constituta,
3089 3053 3351 3108 horrendo
3384 3058 3433 3108 et
3456 3059 3884 3123 perseverantis-

2177 3144 2312 3196 simo
2340 3142 2631 3213 clamorum
2676 3143 2902 3208 fremitu
2945 3144 3005 3195 in
3048 3141 3233 3196 eadem
3259 3143 3534 3196 uoluntate
3557 3146 3885 3213 persistens,

2178 3230 2408 3284 incertos
2462 3232 2637 3284 animi
2678 3231 2997 3297 consiliique
3041 3228 3282 3296 faciebat
3327 3231 3518 3300 (Epist.
3569 3233 3687 3299 126,
3717 3249 3771 3286 n.
3809 3234 3882 3303 1).

2177 3319 2321 3371 Tum
2350 3334 2482 3372 vero
2514 3317 2761 3389 populus
2812 3319 2994 3371 multa
3033 3317 3286 3372 convicia
3313 3318 3374 3372 in
3403 3318 3671 3389 Alypium
3700 3321 3884 3392 conji-

2179 3422 2326 3472 cere,
2366 3406 2529 3477 quasi
2577 3422 2691 3460 non
2740 3406 2813 3459 ob
2859 3405 3018 3460 aliud
3063 3410 3295 3476 cuperet
3339 3406 3642 3462 Piniauum
3689 3424 3885 3464 secum

2178 3494 2450 3563 retinere,
2479 3493 2589 3547 nisi
2623 3498 2683 3547 ut
2721 3494 2844 3564 ejus
2877 3494 3329 3548 muniﬁcentiam
3375 3511 3439 3549 ac
3476 3496 3885 3552 liberalitatem

2178 3582 2240 3635 in
2266 3582 2532 3652 proprios
2560 3597 2695 3635 usus
2723 3585 3097 3636 converteret.
3131 3581 3227 3636 llis
3264 3582 3596 3652 gravissime
3630 3600 3888 3639 commo-

2178 3674 2271 3724 tus
2308 3675 2394 3724 est
2421 3669 2804 3740 Augustinus;
2835 3669 3057 3725 tametsi
3093 3686 3441 3741 quemquam
3469 3688 3500 3725 θ
3537 3672 3755 3727 clericis
3783 3679 3888 3729 aut

2179 3759 2476 3813 monachis
2513 3756 2892 3829 praesentibus
2937 3758 3091 3812 haud
3139 3758 3507 3829 comperisset
3551 3775 3673 3815 esse
3715 3776 3883 3815 reum

2176 3846 2332 3901 illius
2358 3846 2588 3918 injuriae
2620 3846 2818 3915 (Epist.
2874 3848 2972 3900 125
3014 3862 3071 3900 τι.
3105 3847 3182 3916 5).
3229 3847 3326 3901 sed
3371 3851 3596 3902 tantum
3642 3849 3882 3920 imperi-

2177 3939 2301 3988 tum
2328 3935 2555 4005 vulgus,
2587 3934 2741 4004 quod
2769 3950 3124 4005 compescere
3145 3951 3263 3989 non
3291 3936 3468 3990 valuit
3496 3937 3679 4004 (Ibid,
3709 3954 3765 3991 η.
3796 3939 3877 4007 2),

2176 4022 2444 4093 quodque
2472 4026 2591 4076 tam
2618 4021 2841 4092 ingenti
2869 4026 3026 4077 reatu
3057 4039 3162 4093 per
3193 4023 3385 4094 Alypii
3425 4025 3711 4080 orationes
3754 4042 3881 4080 me-

2176 4112 2369 4163 reatur
2423 4109 2658 4179 absolvi,
2708 4110 3072 4165 vehementer
3118 4110 3277 4181 cupit
3330 4112 3524 4182 (Epist.
3561 4115 3683 4183 126,
3710 4130 3767 4168 n.
3806 4115 3880 4183 1).

2176 4198 2242 4251 In
2269 4196 2359 4251 his
2387 4198 2590 4272 turbis,
2621 4198 2906 4269 tumipse,
2938 4203 3063 4254 tum
3091 4199 3330 4269 Alypius
3355 4217 3419 4254 ac
3451 4200 3719 4255 Pinianus
3759 4218 3880 4257 non

2174 4284 2464 4339 immerito
2528 4290 2780 4341 extrema
2841 4287 3037 4341 omnia
3086 4287 3487 4344 formidabant.
3531 4289 3877 4345 Timendum

2174 4373 2387 4443 quippe
2417 4380 2560 4440 erat,
2581 4391 2646 4428 ne
2673 4376 2852 4443 aliqui
2872 4376 3101 4444 perditi,
3131 4376 3213 4429 ait
3240 4377 3612 4446 Augustinus,
3627 4381 3725 4448 qui
3741 4380 3880 4434 mul-

2174 4462 2404 4516 titudini
2430 4465 2594 4517 etiam
2626 4463 2880 4518 bonorum
2900 4465 3217 4533 plerumque
3244 4467 3556 4535 miscentur,
3597 4469 3876 4521 occasione

2173 4550 2454 4607 seditionis
2496 4557 2546 4605 et
2575 4554 2737 4619 quasi
2752 4553 2921 4620 justa:
2948 4553 3343 4619 indignationis
3375 4555 3610 4621 inventa,
3656 4557 3717 4609 in
3757 4557 3872 4609 ali-

2174 4654 2339 4707 quam
2356 4641 2465 4693 vim
2481 4641 2794 4694 sceleratam
2808 4643 3133 4709 rapinarum
3152 4642 3452 4710 cupiditate
3459 4649 3878 4713 prorumperent

2173 4726 2371 4797 (Epist.
2404 4730 2523 4788 125,
2556 4745 2610 4782 n.
2648 4732 2700 4794 3,
2733 4733 2783 4783 et
2806 4730 2982 4798 Epist.
3015 4732 3136 4795 126,
3167 4745 3224 4784 n.
3255 4730 3325 4800 1).

2244 4819 2295 4870 5.
2320 4815 2540 4870 Adduci
2568 4832 2688 4870 non
2715 4816 2903 4886 potuit
2922 4817 3190 4886 praesenti
3213 4817 3469 4888 periculo
3497 4802 3876 4891 Augustinus,

2172 4908 2238 4959 ut
2265 4904 2352 4957 vel
2384 4904 2571 4959 obiter
2599 4904 2839 4959 Piniano
2870 4905 3154 4968 suaderet,
3197 4907 3395 4977 populi
3440 4907 3715 4962 voluntati
3748 4924 3870 4963 mo-

2171 5007 2294 5046 rem
2330 5007 2550 5063 gerere,
2590 4992 2817 5047 tametsi
2862 4993 2971 5048 hoc
2999 5008 3058 5047 se
3104 5010 3221 5048 non
3257 4995 3562 5062 facturum,
3593 5012 3711 5051 uno
3741 5001 3875 5050 tan-

2171 5082 2291 5131 tum
2320 5083 2461 5133 teste
2483 5086 2787 5148 prmsente,
2817 5085 3018 5149 pactus
3039 5083 3517 5138 esset.Abscedere
3546 5085 3873 5153 cogitabam,

2171 5164 2390 5236 inquit;
2418 5167 2513 5221 sed
2533 5167 2872 5222 metuendum
2880 5170 3092 5238 fuit,ne
3105 5168 3281 5237 magis
3299 5187 3383 5225 me
3404 5172 3620 5227 absente
3633 5176 3877 5229 atrocius

2171 5254 2307 5322 quid
2359 5256 2561 5321 faceret
2602 5260 2652 5308 et
2706 5258 3007 5311 reverentia
3044 5259 3239 5325 minor,
3282 5263 3332 5313 et
3387 5259 3539 5315 dolor
3567 5261 3873 5317 ardentior.

2168 5340 2370 5396 Deinde
2415 5343 2466 5395 si
2507 5357 2626 5396 cum
2667 5344 2847 5408 fratre
2884 5345 3088 5415 Alypio
3128 5345 3452 5401 discederem
3483 5363 3587 5418 per
3613 5351 3880 5419 populum

2169 5431 2548 5499 constipatum,
2582 5430 2879 5485 cavendum
2921 5433 3056 5502 fuit,
3088 5448 3155 5488 ne
3182 5437 3473 5503 quisquam
3498 5438 3558 5490 in
3594 5453 3717 5492 eum
3754 5455 3881 5494 ma-

2167 5530 2298 5571 num
2325 5518 2539 5571 mittere
2566 5516 2789 5572 auderet
2820 5532 2833 5572 :
2865 5521 2918 5575 si
2945 5523 3123 5575 autem
3151 5522 3265 5576 sine
3290 5522 3404 5590 illo,
3448 5537 3569 5591 quae
3593 5527 3755 5590 frons
3783 5541 3879 5580 es-
