4062 6360
166 303 269 359 401

165 428 249 478 set
277 427 738 498 existimationis,
770 434 822 486 si
866 432 1000 501 quid
1037 435 1087 487 ei
1109 435 1364 501 fortassis
1393 437 1656 492 accideret
1683 454 1696 493 :
1738 445 1788 495 et
1814 444 1893 494 vi-

168 512 325 567 deret
353 531 485 569 eum
508 521 801 586 prepterea
823 519 1138 587 deseruisse,
1166 526 1228 577 ut
1253 525 1465 589 furenti
1484 527 1681 594 populo
1712 529 1892 582 trade-

167 602 384 656 retur?
430 605 583 657 Inter
625 607 718 659 hos
767 613 928 662 aestus
973 623 1114 663 meos
1170 624 1495 680 gravemque
1532 629 1807 669 maarorem
1842 622 1894 670 et

164 690 388 743 nullius
419 695 638 746 consilii
664 697 1095 763 respirationem,
1135 713 1247 752 ecce
1274 705 1489 768 repente
1516 706 1679 771 atque
1706 705 1892 773 inopi—

166 782 303 830 nate
327 786 558 835 sanctus
584 783 733 849 ﬁlius
760 787 939 837 noster
974 787 1241 841 Pinianus
1285 790 1454 842 mittit
1477 790 1551 844 ad
1575 806 1655 844 me
1680 806 1893 847 servum

169 866 295 931 Dei,
334 867 685 934 Barnabam,
725 872 823 939 qui
850 873 987 925 mihi
1032 874 1229 928 diceret
1276 892 1392 930 eum
1429 892 1484 930 se
1533 879 1667 932 velle
1694 882 1892 950 popqu

160 953 392 1022 jurare,
432 957 579 1024 quod
596 959 648 1011 si
664 963 796 1012 esset
823 959 1107 1016 ordinatus
1136 965 1338 1017 invitus
1365 980 1432 1018 ex
1454 966 1654 1032 Africa
1670 972 1891 1024 omnino

169 1040 520 1107 discederet;
560 1046 737 1114 credo,
766 1049 1088 1103 existimans
1122 1066 1228 1117 eos,
1260 1052 1703 1122 quandoquidem
1739 1058 1889 1127 peje-

167 1146 302 1183 rare
331 1147 447 1185 non
490 1139 684 1201 posset,
724 1150 830 1189 non
850 1136 972 1204 jam
1000 1139 1226 1193 ulterius
1265 1142 1607 1207 infructuosa
1637 1160 1890 1212 perseve-

167 1222 372 1274 rantia
403 1221 756 1289 clamaturos,
782 1223 856 1276 ad
883 1226 1255 1293 expellendum
1283 1229 1407 1282 hinc
1433 1231 1716 1301 hominem,
1735 1249 1888 1301 quem

165 1309 370 1361 saltem
402 1309 714 1364 deberemus
742 1312 937 1365 habere
958 1315 1215 1369 vicinum.
1244 1318 1383 1370 Mihi
1410 1323 1609 1385 autem,
1641 1323 1771 1387 quia
1800 1324 1887 1374 vi-

166 1396 417 1451 debatur
446 1399 887 1454 vehementiorem
921 1417 1102 1456 eorum
1142 1403 1374 1459 dolorem
1398 1410 1521 1475 post
1551 1408 1689 1462 hanc
1716 1409 1887 1477 jura—

167 1487 376 1538 tionem
419 1488 595 1552 fuisse
636 1488 993 1555 metuendum,
1029 1491 1181 1559 apud
1223 1507 1305 1545 me
1352 1497 1546 1548 tacitus
1595 1496 1805 1550 habui:
1837 1503 1887 1551 et

166 1574 309 1639 quia
348 1575 523 1628 simul
560 1577 814 1643 petierat,
863 1581 924 1631 ut
965 1578 1040 1632 ad
1080 1594 1198 1633 eum
1235 1583 1488 1648 venirem,
1534 1599 1642 1638 non
1671 1584 1881 1639 distuli.

166 1662 305 1715 Cum
339 1663 489 1716 mihi
516 1661 745 1717 dixisset
765 1665 859 1719 hoc
886 1667 1085 1735 ipsum,
1116 1671 1366 1723 continuo
1390 1676 1440 1723 et
1463 1671 1604 1725 illud
1622 1671 1886 1741 adjunmit

165 1748 347 1804 eidem
390 1750 692 1818 jurationi,
748 1752 893 1820 quod
933 1756 1071 1808 mihi
1113 1755 1243 1811 dum
1282 1758 1357 1811 ad
1401 1773 1519 1812 eum
1557 1775 1743 1829 pergo,
1787 1777 1885 1830 per

168 1838 349 1891 alium
397 1840 499 1893 Dei
540 1854 775 1908 servum,
821 1840 1155 1910 Timasium,
1206 1845 1587 1916 mandaverat,
1632 1848 1698 1902 de
1733 1865 1883 1918 prae-

166 1928 350 1980 sentia
404 1927 609 1982 scilicet
663 1943 780 1993 sua,
851 1929 962 1984 hoc
1035 1936 1138 1998 est,
1211 1934 1465 2005 Hippone
1539 1951 1597 1990 se
1653 1952 1881 1991 reman-

165 2029 403 2083 surum,
431 2017 484 2068 si
517 2017 568 2068 ei
597 2016 878 2071 clericatus
906 2020 1181 2073 sarcinam
1208 2022 1411 2075 nolenti
1434 2023 1616 2076 nullus
1644 2025 1880 2091 impone-

164 2100 270 2151 ret.
316 2100 426 2152 Hie
472 2115 566 2168 ego
617 2103 673 2155 in
716 2106 883 2158 tantis
925 2109 1197 2173 angustiis
1244 2112 1405 2176 quasi
1445 2126 1583 2164 aura
1638 2114 1883 2180 spirante

164 2194 453 2241 recreatus
487 2191 673 2257 (neque
708 2191 855 2247 enim
894 2196 1049 2262 potui
1076 2197 1154 2249 sic
1182 2210 1388 2264 sapere,
1420 2203 1479 2251 ut
1512 2203 1659 2253 tanto
1684 2202 1767 2255 vel
1794 2206 1879 2255 tu-

165 2275 348 2328 multu
378 2277 469 2331 vel
497 2278 787 2346 offensione
830 2284 1007 2348 magis
1036 2286 1204 2337 everti
1242 2286 1429 2339 vellem
1469 2288 1765 2342 Ecclesium
1793 2292 1882 2342 cui

166 2365 373 2429 servio,
410 2380 578 2432 quam
606 2366 667 2420 id
692 2368 837 2436 quod
868 2385 902 2422 a
932 2370 1034 2423 tali
1057 2372 1174 2424 viro
1205 2372 1359 2426 nobis
1386 2374 1711 2442 offerebatur
1736 2378 1878 2429 acci-

165 2452 318 2522 pere)
349 2455 501 2508 nihil
520 2457 569 2508 ei
596 2457 852 2524 respondi
874 2474 887 2523 ;
922 2458 1016 2512 sed
1039 2458 1113 2512 ad
1148 2462 1379 2526 fratrem
1408 2462 1674 2531 Alypium
1699 2464 1879 2530 gradu

167 2543 531 2595 concitatiore
554 2547 798 2612 perrexi,
819 2546 973 2614 eique
1002 2546 1137 2614 quid
1165 2547 1393 2616 dixerit,
1415 2548 1559 2605 dimi.
1583 2550 1660 2604 At
1680 2551 1788 2617 ille,
1817 2556 1879 2606 ut

164 2631 450 2697 existimo,
482 2630 729 2687 devitans
756 2649 822 2687 ne
871 2635 1007 2704 quid
1052 2651 1108 2689 se
1145 2641 1360 2691 auctore
1394 2640 1563 2705 fieret,
1595 2639 1736 2691 unde
1762 2654 1876 2705 vos,

163 2716 444 2772 Albinam
477 2719 806 2791 alloquitur,
849 2724 1085 2791 putabat
1111 2724 1333 2792 offendi,
1375 2727 1510 2779 Hinc
1536 2741 1637 2791 me,
1670 2728 1872 2795 inquit,

161 2820 320 2860 nemo
351 2809 619 2862 consulat.
658 2810 770 2874 Quo
803 2810 1013 2876 audito,
1046 2811 1121 2865 ad
1158 2813 1418 2880 populum
1466 2814 1878 2869 tumultuantem

160 2897 396 2961 perrexi
424 2914 442 2949 :
473 2898 726 2965 factoque
766 2899 997 2959 silentio,
1040 2899 1178 2966 quid
1198 2901 1529 2967 promissum
1569 2905 1723 2966 esset,
1756 2917 1876 2955 cum

163 2984 530 3049 promissione
558 2987 723 3038 etiam
744 2986 1043 3054 jurationis
1074 2989 1287 3055 aperui.
1311 2988 1402 3041 Illi
1413 3004 1559 3055 vero,
1587 2991 1684 3058 qui
1708 2991 1877 3044 solum

166 3069 287 3136 ejus
313 3071 720 3141 presbyterium
759 3074 1071 3141 cogitabant
1104 3078 1268 3145 atque
1295 3076 1597 3143 cupiebant,
1626 3093 1732 3131 non
1774 3081 1874 3143 ita,

166 3160 231 3210 ut
264 3158 559 3226 putabam,
591 3160 737 3227 quod
764 3161 1004 3215 oblatum
1030 3164 1217 3228 fuerat
1244 3168 1591 3233 acceperunt;
1621 3165 1714 3218 sed
1737 3168 1877 3220 inter

170 3258 228 3299 se
253 3246 664 3314 aliquantulum
691 3251 1059 3315 mussitantes,
1078 3252 1383 3318 petiverunt
1410 3256 1472 3305 ut
1498 3252 1790 3307 adderetur
1808 3257 1877 3307 ei-

171 3333 296 3387 dem
321 3337 675 3404 promissioni
692 3341 856 3405 atque
862 3338 1156 3406 jurationi,
1174 3343 1236 3393 ut
1259 3342 1310 3393 si
1330 3340 1545 3408 quando
1565 3342 1650 3395 illi
1673 3342 1746 3396 ad
1764 3357 1877 3398 sus-

170 3423 490 3491 cipiendum
527 3425 838 3479 clericatum
882 3429 1178 3481 consentire
1216 3429 1530 3496 placuisset,
1573 3432 1792 3484 nonnisi
1818 3434 1876 3485 in

169 3511 299 3578 ipsa
347 3512 684 3580 Hipponensi
729 3514 949 3567 ecclesia
996 3517 1313 3569 consentiret
1358 3531 1372 3570 :
1425 3515 1612 3570 ethoc
1640 3532 1707 3571 ea
1754 3534 1873 3588 spe,

172 3598 312 3668 quia
343 3614 448 3668 per
475 3598 629 3654 illam
657 3601 1022 3671 praesentiam
1050 3603 1326 3656 creditum
1350 3608 1435 3657 est
1454 3620 1585 3658 eum
1604 3605 1774 3660 etiam
1804 3607 1875 3661 ad

170 3685 504 3741 clericatum
557 3688 984 3758 suscipiendum
1026 3706 1189 3761 posse
1243 3691 1699 3775 desiderantibus
1736 3709 1873 3748 con-

170 3773 411 3828 sentire.
456 3777 639 3830 Betuli
663 3776 739 3830 ad
782 3792 939 3843 eum;
988 3782 1104 3833 sine
1138 3779 1475 3833 dubitatione
1514 3773 1730 3836 annuit.
1766 3784 1874 3836 Re-

167 3864 431 3916 nuntiavi
452 3862 593 3929 illis;
626 3866 798 3918 lztati
823 3871 977 3931 sunt;
1002 3872 1052 3919 et
1067 3882 1193 3921 mox
1206 3868 1539 3934 jurationem
1572 3870 1875 3937 pollicitam

163 3955 547 4017 poposcerunt.
592 3953 804 4005 Reverti
832 3952 907 4004 ad
942 3954 1115 4021 filium
1141 3958 1403 4019 nostrum,
1435 3970 1657 4023 eumque
1693 3957 1877 4010 inveni

166 4038 543 4103 ﬂuctuantem,
592 4038 918 4106 quibusnam
945 4040 1122 4093 verbis
1151 4040 1526 4108 comprehendi
1561 4046 1740 4110 posset
1774 4044 1876 4097 illa

167 4140 294 4179 cum
312 4125 595 4193 juratione
617 4127 930 4195 promissio,
966 4132 1193 4196 propter
1219 4130 1557 4183 necessitates
1585 4132 1873 4200 irruentes,

171 4228 297 4281 quae
326 4217 540 4281 possent
558 4229 678 4267 eum
695 4218 757 4268 ut
783 4214 1086 4269 abscederet
1113 4231 1315 4283 cogere.
1348 4218 1522 4273 Simul
1550 4220 1715 4272 etiam
1740 4219 1876 4287 quid

173 4303 389 4354 timeret
416 4302 665 4370 ostendit,
701 4318 768 4356 ne
796 4305 920 4370 quis
948 4305 1199 4359 irruisset
1227 4304 1437 4359 hostilis
1478 4308 1747 4372 incursus,
1779 4309 1877 4375 qui

173 4393 310 4443 esset
335 4388 656 4444 discessione
677 4391 954 4445 vitandus.
993 4392 1213 4446 Volebat
1240 4393 1378 4447 addi
1399 4398 1589 4448 sancta
1618 4396 1873 4464 Melania,

173 4482 225 4531 et
254 4479 402 4531 aeris
428 4478 666 4532 morbidi
684 4482 1047 4534 causationem
1073 4499 1089 4535 :
1121 4481 1216 4535 sed
1244 4483 1394 4536 illius
1420 4486 1761 4552 responsione
1785 4499 1874 4537 re-

171 4566 442 4633 prehensa
477 4571 572 4620 est.
612 4570 728 4636 Ego
767 4573 945 4622 autem
984 4569 1128 4634 dimi,
1167 4585 1386 4637 gravem
1423 4571 1491 4625 ab
1537 4572 1630 4626 illo
1672 4577 1723 4626 et
1767 4588 1874 4627 non

175 4654 614 4709 contemnendam
656 4671 874 4711 causam
900 4660 1234 4712 necessitatis
1271 4660 1555 4726 ingestam,
1588 4674 1706 4727 qua:
1733 4662 1872 4715 cives

176 4742 343 4795 etiam
381 4743 645 4809 emigrare
682 4745 1058 4815 compelleret:
1106 4745 1200 4816 sed
1244 4747 1294 4800 si
1330 4747 1439 4799 hac
1483 4748 1680 4815 populo
1728 4748 1869 4802 dice—

174 4833 383 4898 rentur,
418 4832 714 4886 timendum
734 4847 865 4898 esse,
894 4848 960 4887 ne
987 4834 1127 4888 male
1159 4848 1255 4887 nos
1291 4835 1526 4887 ominari
1544 4835 1869 4899 videremur;

175 4920 225 4970 si
293 4923 473 4973 autem
527 4920 625 4974 sub
704 4924 1037 4977 necessitatis
1103 4923 1316 4975 nomine
1367 4924 1516 4991 ﬁeret
1573 4926 1869 4989 excusatio,

175 5009 395 5061 nonnisi
459 5008 871 5074 fraudulentam
938 5012 1303 5064 necessitatem
1372 5011 1578 5077 putari.
1658 5012 1871 5065 Placuit

181 5099 365 5150 tamen
409 5101 470 5151 ut
510 5096 575 5149 de
617 5097 718 5151 hac
761 5114 819 5151 re
866 5099 1056 5168 populi
1094 5100 1337 5153 animum
1381 5100 1779 5167 experiremur;
1823 5104 1872 5153 et

176 5186 319 5239 nihil
372 5185 529 5238 aliud
570 5200 733 5252 quam
778 5186 857 5250 id,
916 5186 1061 5255 quod
1098 5191 1506 5255 putaveramus,
1548 5188 1870 5243 invenimus.

180 5274 317 5327 Nam
344 5289 465 5328 cum
501 5273 618 5342 ejus
665 5274 829 5327 verba
879 5290 915 5327 a
959 5275 1184 5329 diacono
1229 5275 1377 5329 dicta
1405 5278 1782 5342 recitarentur,
1822 5282 1871 5329 et

181 5362 361 5414 omnia
408 5362 767 5430 placuissent;
819 5361 916 5415 ubi
942 5376 1130 5415 nomen
1172 5364 1507 5431 interposita
1541 5365 1873 5418 necessitatis

181 5450 439 5518 insonuit,
465 5453 718 5505 continuo
750 5450 1101 5505 reclamatum
1133 5454 1231 5516 est,
1267 5453 1655 5519 promissioque
1683 5451 1873 5520 displi-

186 5540 313 5603 cuit,
344 5539 576 5593 tumultu
611 5538 1027 5602 recrudescente,
1055 5543 1107 5589 et
1132 5538 1273 5591 nihil
1302 5539 1457 5591 aliud
1480 5554 1643 5605 quam
1671 5539 1872 5604 fraude

1692 317 1895 374 LIBER
1934 318 2206 375 SEXTUS.

3597 329 3703 385 402

2002 458 2177 496 secum
2216 445 2310 509 agi
2345 446 2542 513 populo
2587 446 2952 499 existimante.
2999 446 3112 512 Quo
3153 461 3273 501 cum
3310 453 3529 503 sanctus
3556 453 3702 519 ﬁlius

2001 538 2181 585 noster
2203 532 2447 596 vidisset,
2483 533 2654 600 jussit
2682 532 2808 586 inde
2844 534 3068 599 auferri
3104 549 3295 588 nomen
3324 540 3703 604 necessitatis;

2000 634 2324 687 rursumque
2344 621 2417 672 ad
2437 621 2683 673 lztiliam
2702 621 2940 689 populus
2954 624 3230 675 remeavit.
3253 625 3457 677 Etcum
3480 626 3700 680 lassitu-

2001 707 2180 761 dinem
2208 723 2541 771 ercusarem,
2564 709 2679 762 sine
2705 724 2787 761 me
2808 709 2882 761 ad
2906 710 3111 778 plebem
3131 710 3378 764 accedere
3397 712 3570 766 noluit
3599 730 3611 767 :
3634 716 3702 768 si-

1998 794 2112 847 mul
2140 797 2476 850 accessimus.
2512 798 2667 850 Ducit
2695 800 2762 861 ei,
2789 814 2907 866 qua:
2933 814 2967 851 a
2991 799 3214 853 diacono
3242 800 3436 853 audita
3455 806 3629 868 erant,
3647 817 3702 856 se

1998 882 2304 948 mandasse,
2321 898 2375 937 se
2383 884 2624 953 jurasse,
2648 901 2813 953 eaque
2835 902 2889 940 se
2906 902 3016 941 esse
3030 889 3326 953 facturum.
3345 891 3701 957 continuoque

1999 973 2178 1024 omnia
2201 987 2258 1025 eo
2289 976 2483 1039 tenore,
2518 988 2622 1040 quo
2651 974 2971 1039 dictaverat,
3000 981 3313 1044 prosecutus
3342 981 3439 1031 est.
3471 979 3699 1046 Respon-

1998 1073 2115 1113 sum
2130 1064 2227 1125 est,
2244 1062 2346 1113 Deo
2362 1063 2596 1127 gratias,
2616 1066 2664 1115 et
2678 1064 2906 1130 petitum
2927 1068 2987 1117 ut
3007 1067 3174 1117 totum
3189 1066 3450 1132 scriptum
3468 1065 3701 1119 subscri-

1999 1147 2225 1201 beretur.
2258 1150 2573 1203 Dimisimus
2602 1151 3023 1218 catechumenos,
3051 1153 3406 1219 continuoque
3434 1155 3699 1221 scriptum

1995 1234 2335 1303 subscripsit.
2368 1236 2568 1289 Deinde
2591 1239 2709 1305 peti
2734 1241 2986 1307 cupimus
3027 1253 3123 1293 nos
3162 1242 3418 1308 episcopi,
3458 1255 3565 1293 non
3602 1257 3694 1294 vo-

1996 1322 2146 1376 cibus
2172 1325 2385 1391 populi,
2421 1325 2516 1377 secl
2555 1329 2731 1378 tamen
2778 1342 2812 1378 a
2856 1327 3054 1394 populo
3087 1342 3188 1395 per
3216 1327 3458 1381 honestos
3494 1328 3697 1397 fideles,

1995 1412 2055 1461 ut
2078 1423 2172 1462 nos
2202 1423 2411 1477 quoque
2439 1410 2912 1465 subscriberemus.
2945 1413 3022 1465 At
3049 1412 3147 1465 ubi
3171 1414 3308 1481 coepi
3339 1412 3692 1474 subscribere.

1993 1499 2184 1548 sancta
2204 1495 2442 1549 Melania
2461 1497 2816 1551 contradixit.
2846 1500 3077 1552 Miratus
3097 1514 3218 1553 sum
3234 1515 3402 1568 quare
3426 1504 3537 1554 tam
3557 1516 3694 1563 sero,

1994 1585 2156 1652 quasi
2194 1586 2600 1651 promissionem
2626 1586 2780 1639 illum
2826 1590 2876 1639 et
2906 1587 3240 1653 jurationem
3276 1603 3389 1646 nos.
3431 1604 3537 1642 non
3566 1590 3699 1642 sub-

1991 1671 2295 1737 scribendo,
2327 1673 2508 1737 facere
2533 1688 2809 1741 possemus
2845 1676 3122 1740 infectam.
3156 1675 3262 1729 Sed
3293 1680 3467 1728 tamen
3489 1676 3695 1730 obtem—

1990 1762 2200 1828 peravi,
2219 1775 2281 1813 ac
2298 1762 2376 1814 sic
2390 1762 2651 1813 remansit
2669 1776 2786 1814 mea
2804 1776 2911 1814 non
2940 1762 3103 1828 plena
3121 1762 3473 1829 subscriptio;
3496 1777 3588 1815 nec
3609 1764 3695 1816 ul-

1992 1851 2080 1900 tra
2106 1846 2261 1900 nobis
2292 1849 2603 1914 quisquam,
2643 1852 2703 1900 ut
2732 1848 3205 1914 subscriberemus,
3236 1850 3451 1916 putavit
3479 1851 3690 1901 instan-

1989 1934 2118 1987 dum
2151 1934 2350 2004 (Epist.
2408 1936 2551 2004 123).
2586 1936 2691 1988 Per
2729 1950 2823 1988 eas
2861 1935 3056 1989 turbas
3092 1934 3315 1989 Albinae
3347 1934 3526 1988 sancti
3560 1935 3687 2001 lilii,

1992 2021 2260 2076 Pinianus
2288 2021 2501 2075 scilicet
2527 2038 2589 2075 ac
2621 2021 2883 2089 Melania,
2923 2021 3024 2093 qui
3053 2026 3215 2077 erant
3246 2022 3308 2076 in
3336 2023 3553 2089 obside,
3583 2040 3686 2094 pa-

1990 2110 2104 2163 lam
2132 2109 2317 2180 questi
2357 2114 2509 2170 sunt,
2540 2125 2658 2163 non
2688 2109 3084 2179 presbyterum
3114 2110 3183 2164 ab
3212 2110 3688 2181 Hipponensibus,

1988 2197 2088 2251 sed
2131 2197 2424 2251 hominem
2472 2197 2728 2263 divitem,
2762 2197 3139 2267 pecuniarum
3167 2198 3476 2267 cupiditate
3505 2199 3688 2268 quani

1990 2282 2190 2353 (Epist.
2225 2288 2344 2351 t25,
2376 2300 2439 2339 n.
2466 2285 2539 2352 2).
2576 2285 2641 2338 Et
2663 2285 2809 2338 hanc
2832 2283 3451 2354 narrationem,prmter
3471 2284 3687 2337 omissa

1988 2372 2252 2445 qumdam
2281 2373 2565 2443 adjuncta,
2600 2388 2729 2443 qua:
2754 2373 2821 2426 ad
2855 2388 2973 2426 rem
2993 2372 3135 2426 nihil
3166 2372 3438 2437 facerent,
3464 2372 3681 2441 ipsissi-

1986 2476 2139 2515 mam
2165 2459 2247 2514 rei
2277 2461 2572 2514 veritatem
2595 2476 2715 2514 esse
2737 2463 2974 2513 testatur
2993 2458 3348 2529 Augustinus
3381 2476 3393 2513 :
3425 2458 3686 2529 proinde-

1987 2565 2099 2620 que
2147 2547 2448 2602 Piuianum
2494 2564 2683 2619 neque
2728 2563 2805 2613 se,
2858 2550 2919 2601 ut
2956 2547 3265 2612 ferebatur,
3297 2546 3686 2616 praecipiente,

1984 2651 2173 2707 neque
2208 2636 2422 2706 populo
2480 2640 2719 2705 cogente
2749 2635 2994 2704 jurasse,
3038 2635 3137 2687 sed
3167 2634 3354 2705 ipsum
3388 2650 3490 2704 per
3519 2650 3578 2687 se
3622 2651 3686 2687 ac

1988 2728 2187 2794 sponte
2216 2740 2317 2777 sua
2345 2724 2402 2777 id
2432 2723 2719 2777 obtulisse.
2754 2723 2926 2792 Cujus
2951 2722 3034 2776 rei
3064 2722 3379 2776 Barnabam
3409 2738 3473 2775 ac
3503 2721 3685 2776 Tima-

1987 2812 2156 2876 sium,
2206 2827 2346 2881 quos
2385 2811 2481 2865 ille
2521 2811 2776 2880 singulos
2818 2810 2891 2863 ad
2930 2825 2991 2863 se
3033 2809 3286 2875 miserat,
3330 2813 3504 2863 testes
3550 2810 3686 2864 citat

1986 2900 2312 2968 (Epist.l‘2.6,
2344 2914 2399 2952 η.
2446 2900 2524 2965 6).
2573 2899 2851 2967 Utrosque
2891 2897 3097 2950 vocitat
3130 2912 3319 2950 servos
3360 2896 3481 2961 Dei,
3511 2896 3569 2949 id
3599 2902 3685 2950 est

1986 2986 2316 3040 monachos.
2362 2988 2447 3039 An
2497 2989 2690 3038 autem
2727 2983 3032 3051 Barnabas,
3075 2999 3247 3053 quem
3296 2983 3680 3053 appellatione

1987 3073 2164 3129 sancti
2207 3074 2559 3139 cohonestat,
2608 3072 2759 3126 idem
2804 3070 3101 3125 habendus
3153 3070 3225 3123 sit
3280 3086 3345 3124 ac
3386 3070 3683 3140 presbyter

1986 3162 2080 3217 ille
2125 3160 2505 3233 Hipponensis
2536 3161 2728 3228 (Epist.
2760 3162 2887 3227 2l3,
2924 3174 2979 3213 η.
3018 3158 3090 3228 l),
3121 3174 3292 3229 quem
3330 3158 3683 3228 Augustinus

1985 3250 2218 3307 familias
2250 3266 2367 3303 sure
2401 3249 2752 3319 prmfecerat,
2785 3251 2839 3301 et
2874 3247 3036 3317 cujus
3065 3246 3546 3300 existimationem
3572 3262 3682 3316 pu-

1985 3339 2129 3395 blice
2159 3338 2221 3392 in
2246 3352 2507 3392 sermone
2534 3336 2786 3407 quodam
2816 3334 3064 3389 defendit
3106 3335 3294 3403 (Serm.
3327 3336 3451 3395 356,
3481 3350 3536 3388 n.
3572 3333 3679 3403 £5),

1985 3444 2105 3483 non
2134 3426 2460 3482 deﬁnimus.
2494 3426 2623 3479 Erat
2651 3440 2717 3477 eo
2742 3428 3001 3493 tempore
3035 3422 3316 3476 Timasius
3347 3422 3680 3488 monachus,

1984 3515 2086 3586 qui
2108 3519 2337 3569 auctore
2366 3520 2540 3585 atque
2564 3514 2877 3584 impulsore
2907 3511 3134 3583 Pelagio
3163 3510 3433 3565 nuntium
3462 3512 3680 3563 mundo

1984 3603 2283 3657 remiserat
2324 3603 2522 3671 (Epist.
2560 3606 2677 3667 177,
2709 3617 2763 3655 n.
2798 3600 2849 3669 6)
2891 3616 2905 3653 :
2934 3600 3033 3653 sed
3060 3599 3230 3669 hujus
3258 3614 3487 3653 rursum
3519 3597 3682 3651 nobis

1984 3689 2195 3744 incidet
2224 3689 2457 3744 mentio.

2055 3757 2114 3831 6.
2153 3776 2295 3831 Cum
2325 3775 2711 3829 habitaturum
2745 3790 2803 3827 se
2834 3773 3092 3843 Hippone
3114 3773 3384 3827 Pinianus
3409 3775 3678 3844 jurasset,

1984 3864 2185 3918 oborta
2228 3863 2473 3933 quadam
2516 3861 2847 3915 necessitate
2895 3860 3005 3913 alio
3058 3860 3149 3913 die
3188 3860 3345 3913 illiue
3388 3860 3679 3915 discedere

1983 3950 2369 4021 compellitur.
2407 3948 2565 4012 Quod
2590 3947 2689 4001 ubi
2718 3947 2969 4017 populus
2991 3946 3372 4017 Hipponensis
3394 3948 3677 4017 cognovit,

1982 4038 2137 4093 haud
2180 4037 2540 4091 mediocriter
2585 4036 2996 4089 tumultuatum
3027 4039 3131 4101 est,
3163 4051 3227 4087 ac
3256 4036 3437 4089 multa
3475 4034 3680 4088 incale-

1982 4125 2269 4181 scentibus
2295 4124 2504 4180 animis
2544 4124 2711 4190 dicta,
2739 4140 2867 4194 quas
2898 4124 3072 4177 etiam
3102 4122 3311 4192 scripto
3354 4122 3678 4177 mandanda

1981 4217 2274 4269 curarunt.
2306 4214 2517 4267 Verum
2540 4228 2671 4266 cum
2701 4211 3057 4265 intellectum
3079 4214 3246 4278 esset,
3273 4210 3329 4265 id
3357 4210 3428 4264 ab
3458 4226 3524 4265 eo
3548 4226 3677 4280 pro-

1981 4307 2109 4375 pter
2136 4301 2528 4357 necessitatem
2553 4299 2832 4371 privatam
2880 4315 3104 4353 necnon
3138 4298 3329 4353 animo
3358 4299 3679 4353 revertendi

1981 4394 2227 4458 factum;
2247 4404 2417 4445 nemo
2436 4389 2564 4456 fuit,
2592 4389 2692 4459 qui
2712 4389 2813 4443 hoc
2835 4388 2972 4442 boni
2998 4404 3111 4442 non
3132 4387 3455 4442 consuleret
3474 4390 3680 4457 (Epist.

1986 4482 2105 4548 126,
2119 4496 2212 4534 nn.
2238 4482 2290 4545 6,
2311 4478 2618 4549 l3).Neque
2635 4478 2788 4531 enim
2801 4476 3101 4531 consilium
3114 4477 3456 4542 fuerat,eum
3472 4475 3679 4529 exsulis

1981 4569 2160 4623 instar
2180 4568 2260 4622 ibi
2295 4567 2562 4633 retinere,
2587 4566 2683 4620 sed
2723 4566 2829 4619 sibi
2863 4565 3145 4636 putabant
3189 4564 3414 4618 abunde
3454 4563 3676 4617 satisfa-

1980 4662 2156 4723 ctum,
2188 4656 2360 4710 modo
2378 4654 2585 4708 civium
2604 4654 2848 4709 aliorum
2872 4668 3027 4707 more
3040 4653 3229 4705 sedem
3246 4667 3310 4705 ac
3322 4650 3675 4705 domicilium

1980 4745 2060 4799 ibi
2087 4744 2307 4815 ﬁgeret,
2338 4759 2443 4797 nec
2468 4757 2727 4812 unquam
2752 4741 2888 4795 inde
2919 4740 3250 4806 discederet,
3286 4739 3395 4793 nisi
3418 4755 3547 4794 cum
3577 4755 3675 4793 γοα

1978 4834 2195 4887 luntate
2216 4829 2493 4886 redeundi
2514 4831 2709 4899 (Epist.
2742 4832 2858 4882 125.
2881 4844 2937 4882 n.
2969 4827 3045 4899 4).
3087 4828 3247 4893 Quod
3277 4831 3469 4881 autem
3504 4828 3675 4881 Baro-
3746 4881 3751 4886 ,

1980 4922 2110 4975 nius
2131 4917 2632 4986 refert,Piniauum
2649 4916 2907 4987 Hippone
2928 4917 3184 4987 elapsum
3199 4932 3317 4969 esse
3330 4916 3675 4981 clanculum,

1978 5016 2035 5064 et
2061 5011 2359 5079 Tagastam
2407 5022 2522 5060 una
2551 5022 2679 5059 cum
2723 5004 2838 5058 suis
2868 5020 3192 5071 reversum;
3223 5004 3436 5075 quippe
3473 5002 3573 5073 qui
3617 5019 3675 5055 se

1979 5098 2126 5169 ejus,
2149 5096 2219 5150 ad
2250 5094 2405 5166 quod
2434 5110 2540 5166 per
2560 5093 2674 5147 vim
2697 5096 2752 5147 et
2792 5097 3009 5147 metum
3035 5092 3300 5147 inductus
3344 5096 3507 5155 esset,
3541 5105 3674 5160 pro-

1978 5185 2140 5240 missi
2168 5184 2445 5254 religione
2483 5198 2598 5236 non
2626 5181 2810 5236 teneri
2839 5181 3017 5252 probe
3048 5180 3217 5235 sciret
3247 5180 3553 5250 (Baronius,
3602 5176 3677 5229 ad

1980 5290 2181 5328 annum
2229 5274 2394 5342 409);
2453 5270 2631 5342 ipsius
2683 5276 2768 5325 est
2808 5275 2864 5325 et
2912 5270 3118 5341 dogma
3174 5268 3433 5338 probare,
3476 5268 3531 5317 et
3586 5265 3676 5317 fa-

1978 5368 2155 5428 ctum,
2205 5361 2357 5433 quod
2406 5364 2605 5415 contra
2644 5359 3005 5414 manifestam
3034 5354 3335 5427 Augustini
3366 5352 3675 5407 auctorita-

1978 5456 2096 5507 tem
2125 5450 2341 5517 asserit,
2376 5448 2642 5503 stabilire.
2686 5449 2825 5502 Rem
2857 5450 3045 5500 autem
3078 5443 3273 5513 iniquo
3304 5439 3496 5495 animo
3544 5440 3677 5494 tulit

1983 5538 2203 5592 Piniani
2259 5553 2452 5589 succus
2500 5535 2722 5599 Albinn,
2769 5532 3107 5601 scripsitque
3164 5529 3233 5582 ad
3288 5527 3673 5595 Augustinum
