4062 6356
343 303 445 354 403

335 426 554 478 litteras
613 417 823 475 doloris
868 418 1068 488 plenas
1118 416 1312 486 (Epist.
1386 413 1529 483 126),
1583 412 1643 465 in
1694 409 1900 482 quibus
1957 408 2040 462 in-

337 512 590 568 vidiosos
622 507 858 563 nomine
888 506 1046 560 illam
1077 521 1111 558 a
1140 502 1379 558 Piniano
1409 500 1750 571 promissam
1781 497 1868 551 sui
1898 513 2042 568 pra-

339 600 585 656 sentiam
637 593 1118 666 Hipponensibus,
1161 590 1419 645 exsilium
1466 589 1553 642 vel
1584 587 2040 658 deportationem

339 691 439 742 aut
469 686 877 757 relegationem
900 680 1224 753 appellabat
1255 695 1270 733 :
1303 678 1588 749 simulque
1618 676 1855 747 rogabat
1900 689 2042 728 num

339 775 687 846 exigendum
739 776 994 827 censeret
1045 773 1108 822 ut
1155 769 1463 838 impleatur
1509 770 1724 820 extorta
1763 763 1977 834 juratio
2024 778 2038 816 :

345 864 594 919 maxime
623 877 753 916 cum
797 859 1069 914 Pinianus
1110 857 1210 910 illa
1237 872 1351 910 non
1387 851 1711 908 discedendi
1756 851 2044 922 juratione

343 951 543 1008 fecerit
567 949 960 1020 exceptionem
1006 944 1373 1001 necessitatis.
1421 943 1562 997 Cum
1590 939 1908 1011 Augustino
1948 955 2043 992 ex-

341 1038 687 1110 postulabat,
718 1035 871 1107 quod
923 1033 971 1086 is
1010 1030 1452 1103 promissionem
1495 1029 1642 1082 hanc
1691 1042 1809 1080 non
1856 1025 2047 1096 prohi-

345 1125 566 1180 buisset
610 1142 623 1180 :
679 1122 1054 1194 exprobrabat
1093 1118 1566 1190 Hipponensibus,
1601 1115 1750 1186 quod
1783 1113 2046 1185 turpissi-

349 1230 444 1268 mo
496 1212 756 1284 pecunia
821 1209 1079 1281 appetitu
1122 1207 1338 1262 inducti
1387 1205 1785 1276 presbyterum
1835 1202 2048 1257 habere

349 1302 684 1368 voluissent,
707 1300 794 1354 vel
821 1299 972 1370 apud
1001 1314 1058 1351 se
1084 1298 1329 1350 retinere
1358 1294 1699 1364 locupletem
1726 1289 2045 1356 hominem,

348 1395 406 1445 et
431 1390 758 1445 divitiarum
798 1388 932 1442 satis
965 1388 1443 1449 contemnentem,
1490 1385 1554 1436 ut
1583 1397 1677 1435 eas
1711 1380 1772 1434 in
1793 1380 1932 1434 alios
1963 1378 2050 1432 di-

349 1479 588 1534 videret.
633 1477 872 1548 Alypius
917 1490 1170 1547 quoque,
1211 1472 1312 1544 qui
1359 1473 1660 1542 Tagastam
1701 1486 1759 1524 se
1794 1469 1938 1523 forte
1970 1484 2053 1520 re-

351 1571 599 1638 ceperat,
650 1567 890 1637 epistola
948 1561 1271 1631 Augustino
1337 1560 1544 1631 scripta
1609 1557 2052 1612 contumeliosas

350 1662 471 1710 tum
496 1657 737 1726 jactatas
769 1655 828 1708 in
853 1670 912 1707 se
941 1668 1108 1706 voces
1125 1650 1544 1704 recordabatur.
1573 1647 1837 1702 Monebat
1856 1646 2049 1710 etiam,

349 1743 490 1813 quid
522 1743 590 1796 de
614 1739 957 1812 juramentis
1003 1737 1331 1793 istiusmodi
1367 1753 1471 1808 per
1499 1736 1613 1790 vim
1647 1734 1880 1790 extortis
1933 1738 2051 1786 sta-

352 1836 514 1883 tuere
570 1833 883 1900 oporteret,
939 1825 1231 1881 communi
1281 1823 1518 1878 consilio
1575 1822 1994 1877 discutiendum
2037 1837 2049 1874 :

354 1917 613 1988 quamvis
634 1918 694 1970 in
734 1934 800 1970 eo
832 1916 984 1988 quod
1016 1913 1383 1984 rescripserat
1406 1910 1844 1966 commonitorio
1875 1910 2052 1979 signi-

353 2007 565 2071 ﬁcaret,
618 2006 921 2060 Pinianum
970 2003 1250 2074 Hippone,
1306 2000 1517 2054 civium
1556 2000 1797 2053 aliorum
1852 2000 2052 2065 instar,

354 2094 648 2166 ipsiusque
669 2095 811 2150 adeo
824 2091 1150 2163 Augustini,
1173 2091 1378 2145 debere
1403 2089 1660 2144 habitare
1679 2089 1873 2158 (Epist.
1912 2089 2050 2155 125).

422 2189 477 2236 7.
522 2183 607 2236 Ad
636 2182 906 2252 Alypium
948 2179 1300 2250 Augustinus
1353 2177 1667 2231 rescribens
1715 2176 1919 2246 (lbid.),
1951 2175 2054 2229 do-

352 2273 466 2324 lere
503 2288 560 2325 se
591 2271 838 2342 graviter
879 2269 1002 2338 ejus
1030 2267 1270 2338 injurias
1299 2269 1539 2320 testatus
1574 2272 1659 2318 est
1691 2282 1704 2318 :
1737 2263 1888 2335 quod
1919 2280 2054 2317 vero

356 2361 426 2414 ad
452 2359 855 2430 jusjurandum
887 2357 1132 2421 Piniani,
1165 2359 1293 2426 post
1320 2353 1761 2408 celebratissima
1792 2352 2056 2424 quadam

359 2450 750 2502 Romanorum
781 2447 848 2500 de
881 2447 985 2500 hac
1012 2445 1134 2516 ipsa
1163 2461 1222 2497 re
1253 2443 1514 2514 exempla
1535 2447 1701 2514 turpe
1728 2457 1848 2495 esse
1869 2441 2053 2506 docet,

360 2535 408 2589 si
437 2536 523 2588 vel
544 2535 605 2588 in
635 2534 1041 2601 controversia,
1077 2537 1266 2586 utrum
1288 2532 1430 2586 illud
1456 2531 1871 2585 observandum
1891 2534 2055 2596 esset,

361 2638 562 2688 necne,
595 2624 666 2676 ab
697 2622 833 2693 ipsis
866 2625 1178 2693 poneretur
1211 2637 1225 2674 :
1259 2621 1377 2674 fore
1409 2618 1709 2690 siquidem,
1747 2623 1813 2671 ut
1842 2617 2056 2687 episco-

363 2727 572 2781 porum
616 2711 898 2781 promisso
932 2711 1020 2764 vel
1063 2709 1235 2763 etiam
1259 2709 1586 2778 juramento
1631 2720 1803 2760 nemo
1834 2705 2055 2769 ﬁderet,

360 2800 408 2852 si
437 2799 632 2853 datum
663 2799 848 2870 frangi
878 2816 909 2853 a
952 2802 1111 2853 tanto
1143 2797 1286 2863 viro,
1319 2799 1418 2850 aut
1464 2811 1609 2848 vana
1646 2793 1865 2847 ratione
1905 2792 2059 2846 eludi

358 2888 783 2958 permitterent;
825 2903 1013 2958 neque
1045 2886 1197 2940 enim
1237 2885 1551 2939 secundum
1579 2883 1750 2937 verba
1787 2881 2057 2952 jurantis,

359 2976 458 3030 sed
481 2976 791 3030 secundum
817 2974 1301 3046 exspectationem
1326 2973 1480 3027 illius
1497 2971 1587 3026 cui
1605 2972 1854 3042 juratur,
1885 2985 2059 3041 quam

359 3065 520 3119 novit
548 3065 644 3118 ille
675 3065 774 3135 qui
800 3065 976 3135 jurat,
1000 3064 1174 3118 ﬁdem
1198 3061 1501 3132 jurationis
1522 3059 1751 3130 impleri
1783 3076 1796 3113 :
1831 3075 2059 3129 sperare

360 3158 556 3207 tamen
595 3170 674 3218 se,
707 3169 837 3206 cum
869 3169 936 3205 ex
965 3151 1315 3221 benignitate
1361 3149 1570 3214 divina,
1603 3153 1725 3201 tum
1759 3164 1826 3201 ex
1851 3147 2059 3200 virtute

363 3241 605 3306 Piniani,
639 3240 736 3310 qui
764 3240 937 3293 ﬁdem
964 3241 1078 3293 Deo
1099 3244 1156 3293 et
1185 3237 1445 3292 Ecclesia
1466 3240 1692 3306 pactam
1721 3240 1882 3289 tanta
1926 3251 2057 3289 cum

364 3328 645 3399 religione
676 3327 952 3393 servabat,
987 3344 1101 3381 non
1131 3326 1410 3380 orituram
1441 3341 1568 3379 eam
1618 3329 1869 3394 segetem
1899 3340 2059 3377 scan-

363 3416 480 3471 dali
526 3421 580 3470 et
628 3415 978 3469 offensionis.
1036 3416 1176 3470 Cum
1213 3414 1321 3468 hoc
1376 3429 1671 3484 responso,
1733 3412 2060 3482 exemplum

363 3503 759 3576 promissionis
791 3502 1016 3558 Piniani
1063 3520 1131 3557 ex
1188 3503 1503 3572 subscripta
1540 3501 1611 3556 ab
1650 3501 1773 3571 ipso
1803 3502 2062 3556 chartula

361 3593 703 3646 translatum
752 3595 808 3646 et
854 3592 1220 3646 emendatum
1250 3591 1454 3662 Alypio
1486 3589 1661 3644 misit.
1706 3590 1928 3643 Litteris
1957 3606 2060 3644 au-

362 3683 480 3734 tem
520 3679 741 3734 Albina
798 3680 1156 3750 respondens
1211 3681 1406 3750 (Epist.
1464 3679 1604 3749 126),
1660 3682 1900 3732 testatur
1941 3679 2061 3748 pri-

362 3785 524 3824 mum
564 3769 634 3823 ad
681 3786 806 3824 eam
844 3769 1088 3823 scribere
1137 3786 1217 3836 se,
1257 3785 1378 3823 non
1407 3773 1470 3823 ut
1497 3769 1748 3822 dolorem
1777 3768 1898 3838 ejus
1937 3784 2061 3821 exa-

364 3862 570 3929 speret,
613 3857 712 3911 sed
740 3857 958 3924 leniat;
1001 3874 1187 3929 neque
1225 3861 1289 3911 ut
1314 3857 1588 3925 animam,
1621 3874 1794 3928 quam
1826 3873 2062 3910 venera-

361 3947 530 4001 batur
576 3951 853 4018 tanquam
898 3949 1010 4002 Deo
1053 3947 1319 4013 dicatam,
1352 3946 1700 4000 tristioribus
1729 3945 1893 3999 dictis
1931 3961 2063 4015 per-

362 4037 571 4102 turbet,
599 4036 696 4090 sed
726 4037 848 4106 ejus
883 4035 1232 4106 suspiciones
1282 4039 1460 4088 sanet.
1494 4035 1637 4088 Tum
1669 4033 1750 4087 rei
1782 4037 1956 4104 gesta
1985 4050 2065 4087 ra-

363 4124 582 4178 tionem
613 4124 696 4177 illi
725 4124 928 4193 aperit,
961 4141 1075 4193 quo
1104 4123 1228 4193 ipsa
1256 4139 1363 4192 per
1391 4139 1448 4175 se
1479 4121 1914 4187 animadvertat,
1949 4138 2062 4176 non

365 4211 472 4265 nisi
503 4211 814 4280 spiritualis
855 4211 1115 4264 Ecclesia
1163 4209 1473 4275 commodi,
1521 4213 1577 4263 et
1627 4225 1826 4262 earum
1856 4209 2064 4280 quibus

363 4299 638 4354 Pinianus
658 4303 892 4352 ornatus
922 4302 1063 4357 erat.
1094 4297 1370 4352 virtutum
1393 4297 1595 4367 gratia,
1628 4297 1866 4368 petitum
1899 4297 2063 4353 illum

364 4388 434 4441 ab
467 4385 816 4456 Hipponensi
843 4386 1008 4456 plebe
1039 4385 1099 4439 in
1150 4385 1549 4456 presbyterum
1586 4403 1599 4440 :
1630 4401 1743 4455 qua
1791 4385 1851 4439 in
1893 4403 1950 4440 re
1990 4403 2062 4442 ne

361 4475 601 4530 minima
629 4474 860 4546 quidem
886 4479 1187 4545 appareret
1224 4473 1474 4528 avaritia
1505 4473 1899 4546 cupiditatisve
1929 4493 2058 4546 spe-

363 4563 507 4629 cies;
565 4580 627 4616 ac
674 4562 912 4634 proinde
948 4564 1170 4618 nullum
1215 4567 1425 4633 prater
1461 4579 1518 4616 se
1558 4578 1628 4617 ea
1663 4563 2062 4618 criminatione

363 4651 695 4723 perstringi,
726 4653 984 4723 quamvis
1023 4652 1078 4707 id
1107 4652 1328 4706 Albina
1358 4651 1532 4707 studii
1557 4652 1752 4718 fuerit,
1781 4656 1840 4706 ut
1861 4652 2062 4706 vitium

363 4755 478 4810 quo
508 4739 766 4794 laborare
796 4740 984 4810 ipsum
1019 4740 1322 4811 judicabat,
1356 4757 1475 4794 non
1527 4740 1758 4810 directe,
1790 4757 1860 4794 ne
1889 4742 2061 4812 paulo

362 4829 599 4883 liberius
628 4835 728 4883 aut
757 4829 1195 4884 inverecundius
1224 4829 1284 4883 in
1331 4830 1672 4900 Episcopum
1703 4845 1871 4899 agere
1902 4829 2060 4883 vide-

361 4921 539 4984 retur,
588 4918 686 4971 sed
730 4918 960 4989 oblique
1005 4935 1069 4972 ac
1109 4918 1264 4971 velut
1293 4919 1478 4972 alieno
1514 4917 1747 4972 nomine
1787 4917 1892 4971 sibi
1923 4918 2062 4988 obji-

364 5009 520 5058 ceret
553 5021 567 5058 :
601 5021 658 5058 se
696 5020 828 5058 vero
859 5005 920 5058 in
951 5001 1244 5058 beneﬁciis
1284 5021 1499 5076 ponere
1530 5005 1677 5059 hanc
1725 5005 1847 5075 ejus
1881 5006 2062 5059 chari-

363 5097 560 5159 tatem,
602 5109 717 5147 non
747 5093 806 5146 in
853 5095 1061 5147 malam
1111 5098 1332 5164 partem
1375 5093 1628 5164 accipere
1663 5099 1763 5148 :at
1813 5111 1942 5148 cum
1989 5096 2060 5149 ab

362 5181 568 5235 eodem
596 5181 733 5234 vitio
764 5181 1016 5234 alienum
1039 5198 1097 5234 se
1119 5181 1240 5251 ipse
1261 5185 1643 5251 cognosceret,
1667 5197 1856 5252 neque
1875 5183 2062 5237 ullum

362 5271 445 5324 rei
473 5270 625 5324 intra
652 5269 1062 5324 conscientiam
1093 5269 1403 5324 recondita
1433 5269 1826 5324 testimonium
1859 5273 2060 5327 afferre

360 5364 572 5430 posset,
618 5376 674 5412 se
709 5359 903 5413 testari
946 5360 1146 5423 Deum,
1197 5359 1308 5413 sibi
1346 5359 1630 5413 bonorum
1663 5360 1922 5414 Ecclesia
1961 5363 2060 5416 ad-

361 5447 860 5515 ministrationem,
895 5464 1068 5519 quam
1099 5448 1173 5502 ob
1201 5449 1441 5502 fratrum
1475 5465 1730 5503 amorem
1774 5454 1830 5503 et
1858 5450 1929 5503 ob
1961 5451 2062 5504 Dei

362 5537 623 5590 timorem
665 5538 982 5593 necessario
1015 5538 1267 5596 curabat.
1301 5538 1545 5591 tolerare
1582 5555 1661 5596 se,
1695 5554 1805 5590 non
1841 5553 2055 5597 amare,

1591 289 1744 342 VlTA
1781 287 1838 340 S.
1879 283 2250 340 AUGUSTINI
2294 278 2624 336 EPISCOPI.

3758 271 3870 324 4οἱ

2146 423 2224 476 ita
2258 425 2324 475 ut
2363 435 2450 485 ea,
2500 418 2544 472 si
2575 417 2729 470 salvo
2761 413 2949 468 ofﬁcio
2987 411 3188 484 possit,
3225 425 3416 464 carere
3455 408 3669 480 cupiat.
3705 407 3872 472 Quin

2149 511 2323 565 etiam
2373 507 2480 562 sibi
2510 520 2846 578 persuasum
2877 502 3099 566 asserit,
3132 500 3396 555 eamdem
3437 499 3495 552 in
3527 499 3632 552 hoc
3670 496 3850 567 Alypi

2149 602 2401 653 mentem
2423 613 2566 652 esse.
2598 594 2740 648 Dein
2767 592 3026 662 exemplo
3047 589 3229 656 Pauli,
3261 588 3358 660 qui
3391 587 3565 642 simili
3590 587 3650 642 in
3679 602 3880 662 causa_

2152 687 2253 741 Dei
2296 683 2623 740 testimonio
2671 683 2858 737 fuerat
2903 696 3055 742 usus,
3092 679 3499 750 jusjurandum
3539 693 3710 731 suum
3751 693 3858 746 ap-

2152 776 2376 848 probat.
2411 773 2496 840 Ad
2517 771 2924 843 jusjurandum
2954 767 3208 834 tandem,
3241 766 3394 838 quod
3422 763 3694 820 Pinianus
3717 781 3870 834 pra-

2154 864 2392 928 stiterat,
2417 861 2652 923 accedit,
2686 860 2755 912 de
2787 874 2903 929 quo
2941 873 3054 911 non
3083 855 3360 910 aliterhic
3379 853 3657 925 loquitur,
3690 857 3875 924 atque

2154 953 2215 1006 in
2242 951 2386 1006 datis
2411 951 2480 1004 ad
2504 948 2771 1020 Alypium
2793 946 3011 1006 litteris,
3041 945 3111 999 ad
3134 960 3276 1014 quas
3305 942 3570 997 Albinam
3599 941 3873 996 remittit.

2158 1043 2224 1095 Et
2251 1040 2384 1094 hinc
2414 1039 2652 1108 colligas
2679 1052 2804 1090 eam
2833 1037 3110 1104 Tagasta,
3140 1033 3294 1086 unde
3324 1048 3442 1085 non
3463 1031 3745 1096 reperitur
3767 1047 3866 1085 re-

2156 1129 2386 1182 cessisse
2417 1130 2547 1181 ante
2569 1126 2627 1179 id
2659 1123 2953 1194 temporis,
2986 1137 3168 1192 usque
3198 1126 3318 1174 tum
3352 1119 3591 1174 forsitan
3632 1135 3876 1174 reman-

2157 1218 2314 1272 sisse.
2349 1217 2632 1269 Praterea
2659 1212 3034 1268 deferendum
3061 1209 3283 1265 Albina
3315 1208 3532 1262 curavit
3553 1208 3875 1262 commoni-

2157 1304 2390 1371 torium,
2425 1303 2484 1357 in
2515 1318 2629 1374 quo
2677 1300 3007 1371 perscripta
3051 1301 3215 1352 erant
3251 1296 3519 1351 adversus
3557 1296 3874 1350 Pinianum

2161 1393 2419 1463 Hippone
2434 1391 2725 1445 absentem
2748 1386 3201 1458 Hipponensium
3226 1385 3436 1439 civium
3459 1384 3873 1456 querimonia.

2230 1484 2282 1536 8.
2306 1479 2452 1544 Quid
2473 1478 2726 1533 evenerit
2743 1482 2960 1548 postea,
2988 1490 3271 1546 nusquam
3287 1474 3561 1539 traditur;
3583 1472 3694 1526 nisi
3710 1473 3875 1544 quod

2159 1569 2353 1640 prodit
2397 1568 2580 1622 beata
2626 1565 2881 1621 Melania
2922 1562 3145 1619 Piniani
3197 1561 3392 1616 uxoris
3443 1562 3590 1628 Vita,
3632 1577 3760 1615 eam
3808 1561 3871 1614 in

2159 1660 2488 1728 Egyptum,
2519 1660 2690 1726 atque
2722 1654 2852 1707 inde
2891 1652 2952 1706 in
2995 1650 3358 1707 Palastinam
3398 1654 3528 1720 post
3558 1665 3739 1703 annos
3770 1667 3864 1703 se-

2161 1750 2317 1818 ptem
2336 1761 2466 1799 cum
2487 1742 2814 1798 admirabili
2832 1742 2963 1794 vita
2980 1739 3275 1794 sanctitate
3297 1742 3554 1809 peractos
3573 1738 3634 1792 in
3653 1738 3874 1806 Africa,

2161 1833 2451 1889 transiisse
2485 1833 2717 1899 (Satrius,
2771 1829 3001 1884 decemb.
3035 1829 3123 1882 die
3173 1831 3261 1894 31,
3299 1829 3383 1881 vel
3404 1828 3633 1896 januar.
3668 1827 3758 1880 die
3785 1826 3870 1896 2).

2167 1926 2364 1994 Neque
2404 1921 2561 1975 enim
2604 1921 2763 1973 illam
2809 1918 2868 1972 in
2911 1933 2976 1971 ea
3006 1916 3300 1987 provincia
3331 1931 3480 1969 anno
3510 1931 3685 1984 supra
3727 1931 3874 1985 qua-

2166 2009 2685 2082 dringentesimum
2709 2007 2911 2078 quinto
2937 2005 3156 2060 decimo
3189 2005 3370 2074 egisse
3398 2003 3708 2058 verisimile
3742 2008 3829 2057 est
3854 2020 3868 2058 :

2165 2117 2279 2171 quo
2311 2115 2462 2153 anno
2497 2097 2876 2166 Hieronymus
2905 2110 3068 2149 suam
3098 2094 3167 2148 ad
3199 2093 3625 2164 Ctesiphontem
3651 2094 3875 2163 episto—

2165 2190 2300 2255 lam,
2332 2187 2393 2241 in
2425 2202 2538 2258 qua
2579 2201 2785 2256 parum
2811 2182 3122 2238 honoriﬁce
3173 2183 3241 2236 de
3284 2181 3525 2238 Melania
3553 2181 3706 2234 illius
3737 2183 3868 2236 avia

2163 2277 2440 2349 loquitur,
2470 2274 2769 2329 scribebat.
2801 2272 2905 2327 Sed
2950 2288 3080 2325 cum
3109 2288 3258 2325 anno
3298 2269 3874 2341 quadringentesimo

2165 2365 2384 2420 decimo
2415 2369 2608 2418 octavo
2642 2361 2958 2431 Pelagium,
2988 2360 3086 2431 qui
3117 2375 3220 2430 per
3249 2358 3308 2412 id
3337 2362 3565 2430 tempus
3594 2358 3655 2412 in
3698 2359 3879 2412 Palm-

2167 2452 2314 2506 stina
2341 2450 2690 2516 versabatur,
2722 2447 2979 2502 Zosimus
3009 2447 3444 2500 condemnasset
3475 2445 3741 2514 (Retract.
3778 2445 3875 2498 lib.

2168 2545 2222 2608 2,
2256 2557 2376 2610 cap.
2411 2539 2518 2606 50),
2550 2538 2772 2600 Albina,
2805 2535 3178 2604 Pinianus,ac
3195 2534 3436 2590 Melania
3461 2535 3530 2588 de
3562 2534 3872 2604 colloquio,

2168 2632 2320 2701 quod
2351 2645 2482 2682 cum
2525 2627 2724 2681 eodem
2767 2625 3146 2679 haresiarcha
3184 2623 3450 2689 inierant,
3486 2623 3873 2691 Augustinum

2169 2734 2271 2788 per
2304 2717 2521 2770 litteras
2555 2714 2910 2769 consuluere.
2963 2713 3060 2766 His
3108 2712 3204 2766 ille
3244 2710 3500 2783 responsi
3552 2711 3677 2764 loco
3725 2710 3875 2764 duos

2167 2821 2300 2859 suos
2329 2805 2398 2858 de
2431 2803 2619 2858 Gratia
2652 2801 2857 2857 Christi
2884 2802 3069 2872 deque
3119 2799 3384 2871 originali
3427 2801 3659 2854 Peccato
3692 2799 3874 2853 libros

2169 2895 2392 2961 dicavit,
2426 2893 2485 2947 in
2525 2893 2734 2963 quibus
2764 2906 2937 2961 supra
2977 2907 3150 2961 quam
3179 2889 3291 2943 dici
3320 2892 3512 2960 queat,
3543 2888 3728 2942 latari
3787 2904 3869 2952 se,

2168 2981 2324 3052 quod
2356 2980 2399 3033 ii
2429 2995 2685 3050 corpore,
2717 2982 2888 3048 atque
2910 2977 3084 3030 etiam
3115 2975 3297 3047 magis
3319 2974 3472 3045 quod
3503 2974 3697 3028 anima
3719 2978 3874 3027 recte

2167 3069 2438 3132 valerent,
2472 3065 2776 3138 signiﬁcat.
2811 3067 2974 3118 Anno
3003 3064 3264 3135 proxime
3298 3062 3562 3134 sequenti
3603 3067 3865 3116 sanctum

2170 3156 2478 3212 Prasulem
2508 3169 2704 3207 eorum
2727 3152 2960 3205 nomine
2991 3150 3272 3216 salutavit,
3303 3150 3402 3221 qui
3427 3153 3552 3204 tum
3571 3150 3628 3204 in
3653 3151 3875 3205 Bethle-

2168 3243 2437 3299 liemitico
2508 3241 2855 3295 monasterio
2925 3239 3170 3306 vivebat,
3231 3239 3609 3309 Hieronymus
3674 3240 3875 3310 (Apud

2169 3332 2430 3399 August.,
2453 3331 2629 3398 Epist.
2649 3330 2775 3394 202,
2796 3344 2852 3381 ιη.
2871 3328 2943 3396 2).
2959 3327 3130 3398 Atqui
3152 3327 3461 3382 mutuailla
3474 3327 3684 3381 amoris
3696 3334 3874 3398 atque

2171 3416 2544 3472 observantia
2575 3415 2740 3486 signa
2772 3414 3080 3480 sufﬁciunt,
3111 3419 3176 3468 ut
3223 3430 3411 3485 neque
3459 3418 3657 3467 contra
3693 3415 3875 3469 ﬁdem

2171 3507 2383 3570 datam,
2435 3519 2621 3576 neque
2676 3506 2876 3557 contra
2913 3501 3515 3572 Augustinimentem
3562 3501 3875 3554 Pinianum

2170 3595 2464 3648 recessisse
2493 3591 2838 3646 arbitremur
2863 3611 2876 3646 :
2911 3607 3085 3661 quem
3114 3591 3260 3645 forte
3290 3589 3485 3656 etiam,
3507 3593 3627 3644 uta
3651 3589 3882 3659 jureju-

2171 3683 2370 3761 rando.
2385 3682 2742 3735 absolverent
2771 3680 3184 3750 Hipponenses,
3218 3677 3552 3733 auctoritate
3595 3694 3659 3732 ac
3689 3678 3879 3748 preci-

2171 3773 2276 3825 bus
2305 3770 2552 3824 evicerat
2578 3773 2802 3823 sanctus
2836 3768 3164 3839 Episcopus.

2243 3861 2294 3912 9.
2332 3857 2641 3928 Epistolam
2683 3857 3041 3912 Armentario
3090 3860 3145 3910 et
3200 3855 3455 3910 Paulina
3505 3853 3725 3925 scripsit
3761 3856 3879 3907 An-

2171 3946 2433 4017 gustinus
2476 3946 2670 4016 (Epist.
2713 3947 2830 4014 127)
2879 3946 2987 4000 hoc
3021 3945 3168 3999 forte
3229 3959 3380 3998 anno
3425 3943 3880 4014 quadringente-

2172 4035 2316 4089 simo
2340 4035 2642 4089 undecimo
2675 4050 2688 4088 :
2723 4033 3187 4106 quandoquidem
3220 4033 3429 4087 Urbem
3459 4047 3655 4085 recens
3684 4047 3717 4083 a
3743 4030 3879 4084 bar-

2172 4123 2323 4177 baris
2381 4124 2686 4194 direptam,
2744 4139 2809 4176 ac
2876 4122 3163 4176 mundum
3226 4121 3399 4175 tantis
3456 4119 3881 4174 calamitatibus

2170 4211 2427 4266 infestari
2456 4213 2648 4277 tradit,
2682 4216 2747 4266 ut
2793 4228 2860 4265 ex
2907 4211 3066 4264 vanis
3114 4210 3227 4264 illis
3255 4209 3525 4280 falsisque
3563 4208 3873 4272 illecebris,

2171 4301 2382 4368 quibus
2411 4301 2674 4355 homines
2721 4299 2782 4354 in
2832 4315 3086 4354 errorem
3122 4299 3415 4362 inducere,
3457 4313 3521 4351 ac
3565 4298 3766 4351 stultos
3812 4297 3876 4350 in

2173 4390 2259 4443 sui
2290 4405 2546 4444 amorem
2584 4389 2847 4460 pellicere
2879 4388 3115 4456 solebat,
3143 4387 3264 4458 jam
3311 4388 3530 4441 nullam
3571 4385 3749 4440 ferme
3777 4401 3871 4438 re-

2170 4478 2396 4532 tineret.
2443 4476 2832 4531 Armentarius
2871 4491 2990 4530 sese
3029 4491 3146 4529 una
3174 4491 3304 4529 cum
3335 4475 3574 4544 conjuge
3631 4473 3868 4527 Paulina

2169 4572 2300 4621 voto
2331 4566 2732 4631 obstrinxerat,
2767 4565 3053 4636 reliquum
3092 4564 3223 4618 vita
3261 4569 3490 4635 tempus
3529 4565 3642 4617 Deo
3675 4577 3873 4616 conse-

2169 4655 2385 4721 crandi,
2418 4671 2661 4721 necnon,
2693 4655 2778 4708 uti
2823 4654 3066 4718 videtur,
3100 4653 3482 4707 monasticum
3527 4650 3871 4721 suscipiendi

2167 4744 2510 4821 institutum.
2546 4745 2610 4798 In
2640 4743 2876 4798 Paulina
2907 4743 3140 4814 quidem
3170 4758 3346 4796 mora
3375 4741 3518 4796 nihil
3551 4745 3690 4806 erat,
3724 4756 3872 4811 quo-

2168 4832 2359 4886 minus
2397 4837 2734 4903 perpetuam
2776 4833 2891 4886 Deo
2931 4830 3343 4885 continentiam
3375 4830 3588 4884 dicaret
3620 4845 3634 4883 :
3671 4845 3870 4883 verum

2168 4935 2534 4990 nequaquam
2555 4918 2776 4972 videtur
2803 4918 2884 4971 ita
2916 4920 3147 4988 paratus
3185 4916 3358 4969 fuisse
3396 4915 3465 4969 ad
3493 4914 3866 4968 abdicandam

2168 5008 2530 5078 conjugalem
2585 5005 3063 5061 consuetudinem
3125 5004 3537 5066 Armentarius,
3597 5003 3694 5056 sed
3742 5019 3866 5056 rem

2167 5095 2432 5149 nonnihil
2472 5095 2774 5149 distulisse.
2827 5093 3180 5164 QuaprOpter
3230 5092 3586 5163 Augustinus
3639 5091 3707 5145 de
3765 5091 3874 5144 hoc

2168 5201 2366 5238 eorum
2396 5184 2604 5238 mentis
2631 5183 2831 5237 habitu
2862 5183 3069 5236 certior
3097 5183 3166 5236 ab
3198 5182 3455 5253 ipsorum
3490 5181 3659 5235 afﬁne
3697 5181 3869 5235 Rufe-

2167 5273 2252 5327 rio
2292 5272 2473 5327 factus
2505 5272 2689 5342 (Ibid.,
2719 5287 2776 5325 η.
2817 5272 2894 5339 1),
2929 5273 3155 5343 utrique
3184 5271 3484 5342 epistolam
3513 5271 3682 5340 longe
3735 5271 3876 5340 pul-

2169 5361 2508 5416 cherrimam
2542 5359 2766 5423 direxit,
2804 5359 2863 5413 in
2913 5377 3028 5431 qua
3061 5366 3253 5415 tamen
3284 5365 3562 5432 perpetuo
3595 5359 3873 5414 maritum

2171 5449 2523 5520 alloquitur:
2555 5453 2725 5519 atque
2759 5453 2823 5502 ut
2851 5454 3068 5514 votum,
3102 5449 3256 5520 quod
3287 5447 3657 5518 nuncupavit,
3689 5449 3880 5518 quod-

2170 5553 2281 5608 que
2321 5538 2440 5590 sine
2470 5537 2626 5600 gravi
2673 5537 2899 5606 piaculo
2929 5539 3116 5604 frangi
3155 5554 3268 5591 non
3305 5541 3512 5606 potest,
3545 5536 3702 5589 omni
3739 5553 3876 5606 pro-
