4062 6360
148 292 266 346 405

147 411 578 467 crastinatione
609 412 816 468 omissa
844 413 1097 485 impleat,
1128 416 1330 471 validis
1358 417 1670 474 admodum
1702 434 1872 491 argu-

148 499 381 553 mentis
419 500 638 557 suadet.

861 606 1086 662 CAPUT
1124 608 1186 664 X.

152 729 171 778 l
220 728 308 781 De
362 728 647 781 collatione
687 730 828 783 inter
857 730 1129 799 episcopos
1158 731 1455 786 Catholicos
1484 736 1534 787 et
1563 735 1873 789 Donatistas

224 813 433 869 habita
460 816 832 882 Carthagine:
855 818 1011 871 illum
1034 817 1233 873 indicit
1257 821 1621 877 Marcellinus.
1639 826 1672 876 2
1704 823 1874 891 Apud

222 903 625 970 Carthaginem
657 905 997 971 Augustinus
1021 907 1256 961 instante
1285 908 1577 963 Collatione
1602 914 1872 965 concione-

220 995 341 1044 tur.
378 995 411 1046 3
436 994 674 1046 Insolens
697 995 1103 1048 Donatistarum
1135 997 1194 1049 in
1214 1011 1332 1049 eum
1360 996 1543 1050 urbem
1572 999 1865 1067 ingressus,

217 1085 272 1132 et
304 1081 619 1134 eorumdem
655 1096 929 1135 numerus.
956 1083 989 1136 4
1025 1083 1241 1137 Omnem
1267 1084 1577 1140 Collationis
1605 1089 1869 1142 rationem

216 1169 405 1222 edicto
434 1169 743 1240 praescribit
779 1171 1145 1225 Marcellinus.
1197 1175 1227 1225 5
1260 1173 1574 1228 Collationis
1603 1175 1712 1229 loco
1746 1191 1867 1229 suos

217 1271 411 1310 omnes
430 1259 528 1326 qui
556 1262 811 1311 venerunt
839 1259 1093 1312 interesse
1119 1260 1322 1326 volunt,
1353 1277 1414 1313 ac
1451 1261 1866 1330 subscriptiones

215 1359 355 1399 suas
397 1346 531 1399 dare
565 1348 702 1400 actis
748 1350 1001 1400 recusant
1040 1349 1348 1401 Donatistae.
1382 1351 1413 1402 6
1466 1350 1566 1403 His
1602 1350 1868 1405 Catholici

218 1434 590 1488 conditionem
641 1451 758 1488 eam
807 1435 1057 1503 oﬂ‘erunt,
1102 1440 1164 1489 ut
1208 1437 1260 1489 si
1310 1452 1529 1491 causam
1574 1438 1863 1493 obtinuerit

215 1523 490 1589 Ecclesia,
536 1523 620 1576 vel
646 1524 1011 1592 episcopatum
1054 1526 1320 1577 retineant
1371 1526 1457 1579 illi
1483 1526 1761 1581 redeuntes
1788 1528 1863 1581 ad

214 1613 515 1676 unitatem,
555 1612 641 1665 vel
678 1626 734 1665 eo
763 1625 817 1665 se
862 1613 975 1679 ipsi
1008 1615 1223 1681 pariter
1267 1628 1385 1667 cum
1423 1615 1536 1668 illis
1565 1621 1786 1671 exuant.
1825 1621 1857 1669 7

214 1700 532 1764 Augustini
567 1701 710 1753 alius
747 1704 871 1753 ante
901 1701 1244 1755 Collationem
1291 1718 1460 1756 sermo
1505 1703 1570 1757 de
1625 1706 1776 1759 Pace.
1827 1708 1858 1758 8

217 1790 543 1857 Episcopos,
578 1790 676 1857 qui
706 1804 824 1843 cum
861 1790 1217 1844 schismaticis
1250 1790 1549 1860 disputent,
1593 1793 1859 1849 Catholici

213 1875 537 1944 designant,
572 1892 703 1946 quos
733 1882 782 1931 et
811 1880 1022 1945 egregio
1047 1878 1303 1933 mandato
1332 1884 1720 1936 communiunt.

216 2003 273 2056 l.
339 2000 702 2054 Marcellinus
750 2000 1034 2068 tribunus,
1086 2002 1177 2057 cui
1217 2001 1567 2073 provinciam
1614 2004 1856 2075 cogendi

135 2087 475 2142 Catholicos
503 2103 568 2142 ac
597 2088 913 2143 Donatistas
940 2088 1003 2143 in
1032 2090 1378 2161 colloquium
1410 2090 1709 2146 mandarat
1736 2094 1852 2146 Im-

134 2181 401 2248 perator,
447 2177 641 2231 statim
687 2182 859 2249 atque
888 2177 1042 2232 venit
1083 2177 1145 2232 in
1186 2179 1455 2244 Africam,
1487 2178 1628 2233 nihil
1676 2180 1852 2235 dubio

135 2266 347 2334 procul
412 2265 627 2332 omisit,
663 2270 725 2320 ut
754 2266 913 2320 omni
961 2282 1098 2322 cura
1125 2282 1189 2321 ac
1234 2266 1529 2338 diligentia
1555 2283 1679 2323 rem
1706 2268 1852 2324 tanti

137 2352 431 2407 momenti
461 2357 859 2424 promoveret:
885 2370 1216 2425 quanquam
1238 2371 1354 2409 non
1377 2356 1663 2427 reperitur
1690 2357 1852 2426 quid-

134 2456 315 2510 quam
348 2440 486 2494 hinc
513 2440 584 2494 ab
624 2456 691 2495 eo
718 2441 1042 2512 praestitum
1080 2446 1212 2496 ante
1241 2442 1491 2498 edictum
1519 2442 1662 2498 illud
1692 2445 1850 2515 quod

132 2544 370 2583 menses
402 2534 651 2600 quatuor
678 2534 809 2584 ante
839 2529 1112 2584 kalendas
1134 2530 1349 2601 junias,
1381 2546 1481 2586 seu
1513 2530 1699 2585 verius
1715 2536 1847 2587 ante

132 2618 437 2673 decimum
465 2622 733 2689 quartum
768 2618 1144 2673 kalendarum
1177 2619 1498 2689 juniarum,
1529 2618 1588 2673 id
1618 2625 1723 2687 est,
1755 2620 1846 2676 die

130 2706 365 2761 circiter
398 2706 620 2761 decimo
659 2712 862 2778 quarto
893 2706 1167 2762 kalendas
1195 2708 1509 2762 februarias
1536 2708 1674 2762 anni
1703 2724 1845 2779 qua-

130 2793 581 2866 dringentesimi
600 2794 888 2849 undecimi
916 2795 1271 2866 promulgari
1280 2795 1468 2866 jussit.
1502 2797 1616 2850 Hoc
1636 2796 1843 2865 edicto,

130 2883 286 2954 quod
321 2881 559 2937 Honorii
579 2882 822 2953 jussioni
850 2882 1182 2952 adjunctum
1211 2900 1315 2953 per
1342 2884 1666 2938 universam
1696 2884 1843 2939 Afri-

131 2988 261 3026 cam
292 2971 456 3025 misit
483 2970 715 3041 (Brevic.
750 2972 939 3026 Collat.
973 2975 1023 3037 l,
1046 2988 1165 3041 cap.
1197 2973 1270 3039 2),
1312 2972 1597 3043 quoslibet
1623 2972 1841 3042 episco-

129 3076 235 3129 pos
294 3063 419 3114 tam
459 3060 775 3114 Catholicos
807 3075 981 3131 quam
1012 3059 1329 3116 Donatistas
1358 3076 1391 3113 a
1418 3060 1671 3115 locorum
1714 3077 1840 3115 ma-

132 3147 476 3218 gistratibus
545 3147 744 3203 statuit
800 3148 1047 3218 juridico
1113 3163 1272 3202 more
1328 3148 1719 3219 appellandos,
1778 3155 1844 3207 ut

134 3236 568 3308 Carthaginem,
583 3252 813 3290 suarum
834 3236 1076 3307 quisque
1096 3236 1346 3306 partium
1366 3236 1666 3307 peritiores
1688 3238 1840 3293 viros

134 3324 204 3378 ad
235 3324 561 3379 ineundum
607 3324 956 3396 colloquium
1004 3326 1307 3391 electurus,
1336 3326 1488 3379 intra
1514 3326 1839 3397 designatos

132 3411 193 3465 in
218 3413 513 3483 imperiali
531 3413 786 3483 jussione
812 3430 1035 3467 menses
1054 3417 1301 3483 quatuor
1326 3413 1597 3468 accedant
1626 3415 1834 3484 (Collat.

131 3500 403 3567 Carlhag.
443 3504 489 3567 l,
527 3516 648 3570 cap.
682 3500 759 3571 5).
792 3502 916 3555 Non
946 3499 1101 3554 aliud
1129 3516 1209 3567 se,
1236 3499 1348 3554 nisi
1376 3502 1530 3572 quod
1563 3517 1627 3555 ex
1656 3502 1838 3555 allatis

129 3588 285 3642 ultro
316 3589 575 3660 citroque
604 3587 960 3643 documentis
988 3603 1184 3642 verum
1214 3604 1333 3643 esse
1372 3588 1706 3654 constiterit,
1736 3589 1836 3659 ju-

126 3676 475 3742 dicaturum,
499 3694 603 3748 per
632 3677 987 3731 sanctissima
1029 3693 1274 3749 quaeque
1308 3678 1485 3747 jurat.
1538 3678 1836 3731 Verumta-

128 3779 287 3832 men,
321 3781 452 3819 cum
497 3765 544 3818 is
587 3764 879 3819 catholicae
926 3765 1349 3820 communionis
1377 3764 1718 3819 christianus
1747 3782 1835 3818 ve-

127 3850 255 3904 nire
284 3851 347 3905 in
396 3852 779 3922 suspicionem
808 3857 1001 3923 posset
1043 3853 1195 3922 apud
1228 3854 1547 3908 Donatistas
1579 3852 1830 3922 (Possid.,

125 3941 185 3992 in
207 3942 349 3994 Vita
376 3941 637 4005 August.,
668 3957 713 3994 c.
745 3941 821 4011 4),
843 3957 1004 3994 suam
1025 3940 1137 3994 illis
1157 3941 1486 4011 aequitatem
1518 3940 1833 4011 approbare

129 4026 361 4094 nititur,
393 4043 461 4081 ea
515 4028 854 4095 concedens,
905 4044 1033 4098 quas
1080 4034 1139 4082 et
1168 4029 1316 4099 juris
1356 4028 1566 4082 limites
1603 4032 1835 4099 printer-

125 4115 295 4181 gredi
345 4114 691 4183 viderentur,
724 4120 781 4169 et
837 4116 1221 4186 Imperatoris,
1276 4120 1342 4170 ut
1368 4116 1490 4186 ipse
1546 4116 1832 4172 fatebatur

129 4204 479 4270 (Mai-celum,
511 4208 648 4257 sent.
680 4208 822 4273 post.
856 4203 1087 4273 Collat.),
1120 4202 1339 4273 injussu
1371 4203 1573 4258 tierent
1601 4204 1829 4273 (Brevic.

128 4293 326 4357 Cpllat.
390 4296 438 4357 t,
496 4308 615 4361 cap.
648 4293 724 4363 2).
766 4292 987 4363 Quippe
1033 4291 1234 4363 recipit
1281 4292 1576 4363 episcopos
1631 4307 1832 4346 omnes

132 4378 477 4444 Donatistas,
525 4377 625 4449 qui
680 4378 751 4433 ad
780 4378 1132 4449 colloquium
1185 4379 1393 4447 vocati,
1444 4395 1503 4432 se
1533 4379 1830 4433 adfuturos

128 4483 252 4519 esse
296 4465 718 4537 responderint,
786 4466 848 4520 in
890 4466 1309 4537 possessionem
1355 4466 1718 4521 ecclesiarum
1768 4482 1831 4521 ac

123 4554 350 4624 jurium
380 4554 640 4609 omnium
670 4571 927 4624 suorum,
962 4554 1171 4625 quibus
1198 4555 1345 4609 forte
1366 4554 1639 4610 Catholici
1655 4556 1832 4610 Caesa-

130 4658 364 4697 reorum
394 4642 752 4697 decretorum
782 4643 835 4697 vi
873 4642 1219 4709 fruerentur,
1246 4644 1573 4698 restitutum
1595 4643 1667 4697 iri
1698 4648 1830 4698 ante

131 4730 321 4800 ipsam
372 4732 746 4786 Collationem
804 4733 1022 4802 (Collat.
1056 4732 1314 4798 Carthag.
1378 4736 1429 4791 l.
1462 4748 1581 4801 cap.
1621 4733 1692 4801 5).
1752 4734 1832 4785 Ac

125 4820 248 4890 jam
312 4825 455 4887 tum,
496 4820 677 4891 quasi
730 4837 833 4892 per
897 4820 1381 4881 intercessionem,
1452 4806 1578 4874 lites
1631 4836 1831 4874 omnes

136 4913 407 4980 actusque
468 4910 721 4964 forenses
766 4909 970 4964 iisdem
1039 4908 1349 4963 intentatos
1399 4907 1832 4962 intentandosve

136 4995 435 5052 intermitti
474 4998 743 5053 decernit.
776 5000 1001 5052 Necnon
1017 4998 1244 5069 juratus
1270 4996 1577 5068 promittit,
1618 4996 1831 5067 qualis-

134 5100 381 5157 cumque
410 5086 634 5140 tuturns
673 5086 747 5140 sit
788 5086 1115 5142 Collationis
1143 5085 1346 5152 exitus,
1397 5084 1702 5140 Donatistis
1732 5084 1832 5156 qui

135 5188 201 5226 eo
229 5174 507 5241 venerint,
540 5174 609 5228 ad
636 5174 866 5245 propria
895 5175 1139 5230 reditum
1167 5174 1403 5229 omnino
1433 5173 1676 5228 liberum
1690 5173 1829 5228 fore.

138 5263 361 5327 Verum,
404 5262 560 5334 quod
607 5262 855 5317 maxime
901 5264 1144 5330 mireris,
1203 5280 1347 5331 sese,
1394 5262 1676 5334 siquidem
1719 5262 1834 5316 illis

138 5350 413 5406 habeatur
455 5356 774 5423 suspectus,
818 5356 1083 5421 paratum
1121 5352 1391 5419 ostendit,
1422 5351 1736 5424 quemlibet
1764 5367 1831 5405 ex

140 5455 337 5496 eorum
360 5439 788 5506 communione,
808 5438 962 5511 paris
991 5444 1090 5495 aut
1115 5441 1286 5495 etiam
1309 5440 1617 5511 superioris
1643 5438 1829 5510 digni-

142 5527 292 5596 tatis,
324 5529 385 5584 in
414 5531 519 5584 hoc
544 5528 756 5600 judicio
786 5530 1060 5599 collegam
1103 5528 1427 5584 admittere.
1456 5531 1669 5584 Menses
1696 5544 1833 5599 qua-

1644 298 1849 353 LlBER
1887 297 2165 354 SEXTUS.

3578 309 3685 365 406

1984 424 2137 487 tuor,
2168 418 2321 475 intra
2366 435 2511 492 quos
2564 420 2828 477 habenda
2880 422 3115 478 Collatio
3145 429 3287 495 erat,
3312 426 3572 485 kalendis
3594 430 3686 502 ju-

1982 508 2093 562 niis
2121 508 2319 562 delinit
2362 509 2716 564 Marcellinus
2747 510 2956 581 (Ibid.).
2986 513 3172 584 Atque
3208 513 3308 583 (ita
3330 517 3683 587 Augustinus

1982 596 2217 667 legerat,
2277 598 2507 668 quando
2564 598 2745 653 edicto
2796 598 2951 655 illius
2992 601 3314 671 posteriori,
3362 604 3423 659 in
3471 621 3585 676 quo
3632 607 3682 661 is

1981 700 2212 756 quoque
2228 684 2505 739 terminus
2528 686 2744 756 ﬁgitur,
2777 687 3045 742 eumdem
3070 688 3245 757 diem,
3276 707 3448 762 quem
3476 693 3678 763 priori.

1980 772 2355 827 constitutum
2406 774 2606 828 asserit
2636 774 2860 845 (Brevia.
2903 777 3092 833 Collat.
3130 782 3180 848 l,
3233 795 3354 849 cap.
3393 782 3461 850 3).
3523 784 3680 836 Atta-

1979 876 2112 914 men
2142 860 2201 914 in
2243 860 2558 916 Collatione
2595 864 2985 933 pronuntiavit
3011 865 3200 920 scriba
3227 867 3446 923 decimo
3476 874 3680 941 quarto

1977 948 2250 1003 kalendas
2264 948 2457 1018 junias
2482 950 2659 1005 ﬁxum
2689 951 2873 1006 edicto
2902 954 3214 1009 terminum
3243 955 3430 1010 claudi
3462 958 3675 1023 (Collat.

1978 1036 2241 1105 Carthag.
2286 1041 2335 1107 1,
2365 1054 2485 1107 cap.
2528 1041 2635 1107 27).
2669 1040 2964 1096 Consentit
3001 1042 3173 1099 etiam
3197 1059 3328 1097 cum
3356 1043 3453 1099 illo
3480 1051 3677 1115 Augu-

1976 1125 2180 1192 stinus,
2211 1123 2565 1197 missumque
2590 1126 2651 1181 in
2675 1128 3027 1199 provinciam
3055 1129 3323 1197 edictum,
3358 1130 3416 1186 id
3444 1136 3529 1185 est
3555 1132 3674 1202 pri-

1974 1228 2155 1279 mum,
2187 1212 2267 1266 sic
2294 1213 2559 1268 habuisse
2589 1215 2849 1285 agnoscit
2876 1213 3102 1286 (Brevia.
3130 1219 3330 1273 Collat.
3369 1222 3417 1284 l,
3441 1236 3562 1289 cap.
3599 1222 3673 1286 8).

1974 1299 2328 1356 Marcellinus
2383 1318 2516 1356 vero
2573 1302 2782 1358 dictam
2840 1304 3137 1360 Collationi
3187 1306 3433 1362 secundo
3489 1307 3673 1364 edicto

1972 1389 2342 1444 kalendarum
2364 1390 2659 1460 juniarum
2681 1391 2834 1446 diem
2850 1392 3157 1462 proﬁtetur
3174 1394 3384 1462 (Collat.
3410 1396 3670 1464 Carthag.

1974 1480 2023 1543 l,
2064 1494 2183 1547 cap.
2216 1481 2324 1547 23).
2359 1472 2635 1543 Quocirca
2662 1479 2723 1534 in
2751 1480 2938 1552 primo
2968 1481 3152 1537 edicto
3183 1499 3302 1537 non
3339 1482 3494 1539 intra
3519 1484 3671 1540 diem

1969 1565 2346 1620 kalendarum
2376 1566 2698 1637 juniarum,
2746 1568 2845 1623 sed
2889 1568 3043 1623 intra
3071 1569 3361 1626 decimum
3399 1578 3667 1643 quartum

1968 1652 2344 1709 kalendarum
2389 1654 2686 1725 juniarum
2736 1655 2890 1711 diem
2935 1656 3246 1729 legendum
3293 1664 3441 1714 esset
3478 1661 3667 1729 (Ibid.,

1966 1757 2091 1810 cap.
2134 1745 2226 1811 5):
2258 1742 2370 1797 nisi
2399 1742 2447 1796 si
2466 1743 2596 1814 quis
2624 1744 2787 1799 malit
2804 1749 3055 1800 erratum
3085 1746 3163 1800 ibi
3193 1763 3225 1800 a
3261 1746 3443 1801 scriba
3469 1747 3666 1819 fuisse,

1965 1830 2117 1901 quod
2149 1830 2285 1885 alibi
2323 1846 2552 1901 quoque
2572 1831 2643 1885 ab
2671 1832 2876 1886 eodem
2914 1832 3226 1887 admissum
3263 1834 3522 1889 observat
3547 1839 3667 1890 Au-

1964 1916 2437 1986 gustinus(1bid.,
2487 1933 2606 1987 cap.
2652 1918 2759 1986 27).
2810 1919 2876 1972 Et
2914 1919 3228 1973 secundum
3269 1919 3503 1991 quidem
3548 1922 3667 1976 edi-

1962 2008 2117 2057 ctum
2149 2003 2230 2058 ita
2258 2004 2527 2059 kalendas
2548 2004 2743 2075 junias
2768 2006 3068 2061 conventui
3102 2006 3373 2077 assignat,
3404 2012 3469 2062 ut
3486 2008 3663 2065 alium

1963 2091 2116 2147 diem
2161 2091 2463 2146 deﬁnitum
2500 2092 2661 2163 prius
2706 2092 2880 2147 fuisse
2934 2108 3298 2165 nequaquam
3343 2093 3654 2165 signiticet.

1963 2180 2027 2234 Et
2054 2196 2187 2235 vero
2217 2180 2563 2235 contendere
2596 2180 2658 2234 in
2696 2181 2898 2248 altero,
2931 2197 3155 2236 necnon
3192 2182 3253 2235 in
3290 2183 3458 2237 tertio
3487 2184 3658 2239 collo.

1961 2267 2097 2340 quio
2142 2268 2430 2329 Catholici.
2493 2268 2853 2339 priestitutos
2925 2274 3175 2341 quatuor
3233 2286 3454 2325 menses
3497 2271 3661 2341 juxta

1960 2355 2230 2422 edictum,
2259 2354 2515 2425 primum
2542 2355 2825 2423 videlicet,
2845 2356 3005 2427 cujus
3034 2374 3101 2411 eo
3136 2357 3246 2412 loci
3266 2357 3453 2413 verbis
3481 2363 3658 2413 utun-

1958 2447 2072 2510 tur,
2106 2442 2178 2497 ad
2209 2442 2363 2497 diem
2399 2441 2776 2497 kalendarum
2806 2442 3103 2512 juniarum
3142 2445 3403 2500 concludi
3433 2446 3654 2516 (Collat.

1958 2532 2215 2597 Carthag.
2281 2535 2335 2599 2,
2392 2546 2512 2599 cap.
2570 2532 2667 2599 50;
2732 2531 2902 2598 Ibid.,
2963 2534 3016 2597 3,
3071 2548 3189 2602 cap.
3249 2534 3382 2599 404;
3444 2536 3649 2589 Brevic.

1956 2620 2148 2675 Collat.
2175 2623 2231 2685 2,
2269 2634 2389 2687 cap.
2444 2622 2517 2688 3).
2551 2620 2615 2673 Et
2642 2618 2751 2672 hoc
2780 2618 2913 2673 inde
2947 2619 3290 2690 probabant,
3322 2621 3472 2692 quod
3500 2637 3654 2676 com-

1954 2708 2198 2778 pellatus
2226 2708 2419 2761 venire
2450 2706 2524 2760 ad
2552 2706 2924 2762 Collationem
2955 2707 3296 2778 Primianus,
3322 2708 3651 2764 adfuturum

1954 2811 2075 2850 sese
2104 2796 2178 2850 ad
2214 2794 2384 2849 istam
2433 2794 2583 2849 diem
2633 2792 3019 2865 promisisset;
3065 2794 3293 2865 ipsique
3341 2797 3650 2851 Donatistae

1953 2882 2201 2951 delectis,
2250 2881 2350 2953 qui
2391 2897 2522 2935 snas
2566 2881 2627 2935 in
2666 2881 2974 2936 Collatione
3028 2886 3219 2952 partes
3279 2882 3647 2949 sustinerent,

1951 2970 2251 3042 episcopis,
2294 2985 2411 3023 non
2459 2972 2590 3022 ante
2638 2972 2902 3022 octavum
2931 2968 3307 3023 kalendarum
3352 2970 3648 3039 juniarum

1950 3059 2101 3114 diem
2131 3057 2465 3112 mandatum
2507 3056 2813 3121 dedissent,
2863 3056 3021 3111 nulla
3046 3057 3223 3127 prius.
3258 3072 3388 3128 quae
3419 3057 3490 3111 ad
3520 3059 3647 3111 Col-

1950 3146 2179 3201 lationis
2209 3144 2361 3200 diem
2389 3144 2724 3215 pertineret,
2757 3145 2845 3199 vel
2874 3144 3052 3216 petita
3071 3143 3363 3213 dilatione,
3393 3145 3481 3200 vel
3497 3144 3645 3217 judi-

1948 3234 2035 3289 cio
2056 3234 2309 3305 ﬂagitato
2335 3235 2545 3303 (Collat.
2579 3233 2847 3299 Carthag.
2883 3236 2933 3299 l,
2955 3248 3077 3301 cap.
3106 3232 3214 3302 28).

1998 3326 2070 3393 ,2.
2105 3324 2181 3377 Eo
2209 3339 2360 3377 anno
2414 3322 2623 3377 Pascha
2651 3322 2893 3394 septimo
2924 3323 3196 3377 kalendas
3242 3322 3439 3393 aprilis
3496 3323 3643 3378 cele-

1945 3410 2248 3477 brabatur;
2279 3411 2636 3483 proindeque
2683 3410 2869 3483 pridie
2896 3410 3026 3466 idus
3072 3410 3251 3465 maias
3281 3412 3632 3466 Pentecoste.

1947 3500 2063 3553 Hoc
2089 3498 2297 3553 festum
2343 3515 2374 3552 e
2416 3503 2684 3553 consueta
2727 3498 2985 3554 Ecclesiae
3024 3498 3326 3570 disciplina
3355 3499 3640 3570 jejunium

1946 3588 2290 3659 sequebatur
2336 3588 2529 3656 (Serm.
2568 3590 2690 3654 357,
2730 3603 2805 3641 n.'
2839 3590 2910 3657 5),
2943 3588 3062 3641 sive
3093 3588 3233 3642 illud
3277 3593 3441 3654 esset,
3490 3589 3640 3659 quod

1942 3675 2102 3729 feriis
2130 3679 2333 3746 quarta
2362 3664 2419 3728 et
2442 3680 2619 3741 sexta,
2649 3680 2858 3746 praeter
2885 3675 3150 3729 Paschale
3172 3679 3421 3746 tempus,
3461 3691 3641 3730 serva-

1943 3763 2112 3817 batur
2140 3766 2258 3816 toto
2276 3778 2456 3827 anno;
2484 3762 2601 3816 sive
2620 3762 2937 3816 solomnius
2965 3761 3230 3832 aliquod;
3258 3778 3388 3833 quae
3418 3767 3641 3817 senten-

1942 3850 2023 3904 tia
2050 3849 2284 3921 propius
2339 3849 2599 3903 recedere
2629 3866 2661 3903 a
2717 3848 2902 3902 verbis
2951 3848 3257 3917 Augustini
3284 3848 3641 3904 videtur.-Et

1942 3936 2174 4007 quidem
2224 3952 2518 3990 sermones
2570 3936 2692 4006 ejus
2720 3936 2862 3989 duos
2900 3936 2970 3990 de
3003 3935 3223 4006 jejunio
3266 3936 3636 4007 Quinquage-

1941 4024 2100 4078 simaa
2178 4024 2240 4078 in
2304 4023 2556 4078 Iudicem
2614 4023 2810 4079 retulit
2872 4023 3159 4077 Possidius
3227 4024 3306 4093 (In
3368 4024 3633 4079 lndiculo.

1938 4127 2061 4182 cap.
2103 4112 2177 4183 9).
2224 4114 2331 4167 Per
2357 4111 2417 4167 id
2444 4117 2597 4167 certe
2644 4116 2872 4182 tempus
2900 4116 3127 4167 sanctus
3159 4113 3365 4167 Doctor
3410 4112 3637 4166 concio-

1938 4216 2072 4255 nem
2097 4200 2166 4254 de
2195 4217 2353 4272 pace,
2384 4200 2549 4271 cujus
2575 4200 2803 4256 initium
2827 4206 2912 4255 est
2943 4217 2958 4255 :
3000 4203 3226 4270 Tempus
3254 4206 3331 4255 est
3360 4202 3641 4255 exhortari

1938 4290 2119 4351 (Serm.
2152 4288 2301 4358 357),
2361 4288 2772 4361 pronuntiavit.
2814 4290 3084 4354 Queritur
3120 4289 3181 4343 in
3233 4290 3357 4358 hac,
3402 4290 3637 4344 Donati-

1938 4382 2050 4432 stas
2076 4393 2251 4449 quam
2279 4377 2694 4433 infensissimos
2724 4379 2850 4450 paci
2873 4394 2939 4432 ac
2957 4377 3403 4433 reconciliationi
3420 4378 3641 4432 animos

1937 4485 2058 4540 prae
2088 4485 2146 4522 se
2202 4468 2369 4523 ferre.
2403 4468 2721 4523 Catliolicos
2770 4468 2841 4523 ad
2872 4484 3094 4539 pacem,
3141 4476 3208 4522 ut
3232 4468 3362 4522 illos
3392 4468 3463 4522 ad
3514 4483 3641 4523 eam

1938 4558 2163 4612 trahere
2191 4557 2429 4628 possint,
2461 4556 2750 4623 hortatur;
2776 4561 3078 4628 rogatque,
3111 4560 3176 4610 ut
3204 4571 3437 4610 omnem
3459 4556 3639 4626 jurgii

1937 4645 2187 4716 rixaeque
2216 4661 2346 4699 cum
2378 4644 2663 4699 haereticis
2701 4643 3078 4710 occasionem,
3110 4659 3180 4698 ne
3214 4642 3476 4698 iratiores
3503 4642 3641 4698 inde

1938 4749 2002 4787 ac
2032 4732 2209 4802 magis
2237 4731 2626 4802 implacabiles
2662 4731 2926 4797 evadant,
2970 4746 3194 4784 summa
3222 4730 3521 4800 diligentia
3551 4730 3639 4784 fu-

1938 4820 2114 4891 giant.
2155 4822 2311 4877 Nunc
2356 4820 2614 4874 curandis
2645 4822 2905 4886 instatur,
2936 4818 3155 4890 inquit;
3189 4822 3246 4873 in
3277 4820 3490 4885 fervore
3514 4824 3641 4874 sunt
3745 4886 3750 4890 .

1938 4909 2081 4964 oculi
2106 4910 2433 4974 sauciorum,
2457 4912 2611 4961 caute
2629 4907 2878 4967 curandi.
2907 4908 3197 4976 leternique
3218 4907 3493 4962 tractandi
3515 4912 3640 4961 sunt

1940 4996 2124 5065 (lbid.,
2156 5012 2213 5051 η.
2262 4997 2335 5067 4).
2372 4997 2563 5051 Monet
2593 5000 2656 5051 ut
2683 4995 2961 5068 quidquid
2989 4995 3073 5050 illi
3100 4999 3188 5051 vel
3219 5000 3417 5051 contra
3444 4996 3638 5050 Eccle-

1940 5085 2104 5147 siam.
2129 5085 2219 5140 vel
2237 5088 2436 5139 contra
2466 5083 2725 5142 Ecclesiae
2748 5071 3029 5138 antistites
3055 5084 3386 5149 elfutierint,
3419 5082 3637 5154 patien-

1936 5178 2026 5228 ter
2053 5174 2268 5227 ferant:
2303 5173 2484 5228 Deum
2508 5176 2730 5227 tantum
2760 5172 2900 5226 fusis
2928 5188 3033 5243 pro
3054 5172 3286 5227 illorum
3308 5172 3488 5225 salute
3509 5184 3638 5240 pre-

1938 5263 2099 5316 cibus
2130 5263 2523 5332 alloquantur;
2555 5262 2647 5315 cui
2676 5261 2729 5315 ei
2760 5261 3033 5333 temporis
3061 5262 3298 5332 hujusce
3314 5257 3534 5329 jejunia
3552 5257 3638 5310 of-

1938 5352 2142 5419 ferant,
2173 5366 2305 5406 cum
2323 5366 2428 5423 pro
2457 5349 2827 5406 schismaticis
2854 5349 2925 5405 ad
2953 5347 3411 5404 communionem
3439 5344 3638 5399 catho-

1939 5439 2109 5494 licam
2137 5438 2490 5508 revocandis,
2521 5443 2645 5495 tum
2685 5439 2857 5494 etiam
2899 5454 3004 5508 pro
3042 5434 3340 5508 episcopis,
3371 5449 3406 5488 a
3432 5432 3640 5504 quibus

1942 5527 2362 5597 propugnanda
2403 5532 2547 5580 esset
2592 5526 2843 5580 Ecclesia:
2882 5540 3069 5588 causa,
3114 5538 3305 5592 preces
3345 5536 3479 5574 vero
3510 5537 3639 5574 suas
