4062 6354
402 316 504 369 407

406 433 654 489 uberiori
677 432 944 486 adversus
972 445 1180 500 egenos
1208 427 1547 482 liberalitate
1572 426 1827 481 fulciant.
1855 426 2105 497 Impellit

404 526 684 594 praeterea
726 519 1036 583 auditores,
1070 524 1134 569 ut
1180 519 1406 587 arrepta
1449 514 1878 569 adventantium
1909 530 2103 567 servo-

406 626 533 665 rum
570 610 670 663 Dei
700 605 1124 678 opportunitate
1161 604 1609 675 hospitalitatem
1640 607 1964 658 exerceant.
2000 601 2107 656 Ubi

403 713 537 751 sane
568 696 863 766 episcopos
919 692 1323 762 Carthaginem
1354 690 1686 747 Collationis
1723 706 1893 745 causa
1944 704 2103 743 acce-

406 786 625 851 dentes,
657 783 742 837 vel
774 784 923 837 certe
946 780 1300 835 adhaerentes
1327 779 1410 834 eis
1438 779 1768 846 monachos,
1796 776 2107 849 signiﬁcari

406 888 579 928 nemo
609 871 849 925 dubitet.
900 868 1057 923 Unde
1091 867 1378 938 intelligas
1410 883 1475 920 ea
1504 866 1564 920 in
1595 867 1735 920 urbe
1783 880 2107 920 sermonem

407 961 560 1015 hunc
610 957 874 1013 habuisse
902 955 1327 1026 Augustinum:
1387 958 1444 1010 et
1473 955 1567 1009 hic
1606 970 1802 1010 revera
1848 954 2002 1009 illius
2047 953 2108 1007 in

410 1046 669 1120 proxime
696 1044 977 1116 sequenti;
1006 1059 1177 1115 quem
1198 1043 1536 1114 Carthagine
1560 1042 1993 1113 pronuntiatum
2018 1041 2109 1095 in-

412 1136 581 1191 dubie
620 1137 860 1201 constat,
889 1132 1242 1186 menlionem
1274 1131 1406 1186 facit
1433 1133 1619 1201 (Serm.
1649 1133 1771 1198 358,
1801 1147 1857 1185 η.
1892 1131 1965 1201 6).

482 1228 534 1280 3.
566 1222 654 1277 Ad
684 1220 1012 1276 Collationis
1036 1221 1220 1273 locum
1254 1218 1522 1273 Catholici
1550 1234 1666 1273 non
1695 1218 2013 1289 composito
2038 1218 2111 1272 ad

411 1312 952 1380 fastum‘apparatu
1003 1324 1067 1361 ac
1108 1323 1342 1378 pompa,
1398 1307 1496 1361 sed
1540 1306 1752 1377 singuli
1807 1311 2011 1360 venere
2042 1305 2110 1359 ab

413 1397 795 1452 ostentatione
827 1395 1251 1450 Donatistarum
1277 1394 1449 1465 longe
1477 1393 1848 1454 abhorrentes
1880 1394 2107 1462 (Brevia.

414 1488 604 1543 Collat.
651 1489 701 1546 1,
742 1499 869 1553 cap.
928 1483 1050 1553 11):
1112 1482 1173 1536 hi
1211 1481 1425 1553 quippe
1471 1480 1877 1550 Carthaginem
1908 1481 2109 1552 quinta

412 1573 571 1638 feria,
603 1572 802 1643 quinto
851 1569 1072 1625 decimo
1102 1569 1376 1624 kalendas
1395 1568 1613 1640 junias,
1644 1572 1804 1622 tanta
1827 1584 1955 1622 cum
1989 1583 2112 1621 ma-

416 1659 767 1731 gniﬁcentia,
818 1662 976 1712 tanta
1029 1658 1303 1711 comitum
1340 1657 1509 1711 turba
1554 1655 1797 1727 ingressi
1849 1661 2002 1723 sunt,
2053 1660 2116 1709 ut

414 1747 675 1802 omnium
706 1761 928 1815 magnae
956 1745 1107 1799 illius
1148 1744 1308 1799 urbis
1336 1744 1549 1798 civium
1581 1745 1774 1799 oculos
1801 1743 1862 1798 in
1892 1760 1950 1798 se
1982 1760 2115 1798 con-

415 1850 604 1889 versos
655 1833 997 1887 distinerent
1038 1833 1254 1902 (Cotlat.
1288 1833 1548 1899 Carthag.
1608 1836 1651 1897 1,
1686 1847 1844 1901 capp.
1889 1833 1973 1898 14,
2002 1832 2111 1899 29).

415 1922 646 1993 Ipsique
676 1922 816 1976 adeo
843 1919 1106 1991 jactitant
1126 1918 1525 1989 Carthaginem
1552 1934 1804 1986 omnem,
1836 1918 1954 1972 imo
1985 1920 2115 1972 uni-

416 2026 634 2065 versam
655 2007 926 2067 Africam.
955 2008 1231 2062 adventus
1262 2007 1349 2061 sui
1372 2011 1580 2061 testem
1601 2022 1745 2074 esse,
1776 2007 1855 2061 ita
1879 2011 1943 2060 ut
1972 2007 2117 2060 nulli

417 2100 585 2153 liceat
614 2098 736 2168 ejus
783 2096 865 2150 rei
894 2095 1281 2165 ignorantiam
1323 2094 1652 2149 obtendere.
1693 2095 1927 2149 Addunt
1954 2094 2118 2149 indu-

418 2192 539 2241 ctos
560 2202 617 2239 se
640 2201 726 2247 eo.
761 2184 913 2256 quod
937 2182 1044 2236 sibi
1064 2182 1466 2236 denuntiatum
1495 2199 1526 2236 a
1555 2182 1878 2236 Marcellino
1910 2182 2114 2250 fuerat,

420 2274 628 2341 edicto,
658 2278 725 2327 ut
768 2286 1013 2343 propere
1070 2269 1473 2340 Carthaginem
1514 2269 1879 2335 advolarent;
1934 2286 2117 2337 senes,

421 2361 682 2433 quamvis
711 2364 918 2414 exacta:
965 2374 1029 2412 ac
1081 2358 1384 2428 decrepita;
1444 2357 1645 2424 aetatis,
1685 2373 1802 2412 non
1831 2374 2121 2412 excusasse

421 2449 897 2514 imbecillitatem;
930 2461 1116 2517 neque
1142 2446 1288 2499 ullos
1312 2445 1535 2499 relictos
1563 2445 1622 2499 in
1652 2445 1978 2516 provinciis.
2010 2446 2123 2500 nisi

423 2552 567 2609 quos
594 2537 830 2589 adversa
883 2534 1147 2588 valetudo
1178 2533 1459 2587 retinebat
1488 2532 1711 2587 invitos.
1746 2534 1810 2587 Et
1850 2539 1999 2588 certe
2045 2534 2124 2588 sic

427 2640 519 2679 res
547 2624 828 2679 habebat:
862 2621 1073 2693 quippe
1112 2637 1309 2675 eorum
1339 2621 1556 2692 primas
1585 2637 1715 2675 suos
1746 2637 1945 2676 omnes
1969 2622 2124 2692 ahje-

426 2713 532 2767 ctis
571 2710 917 2783 quibuslibet
936 2711 1106 2764 rebus
1137 2726 1204 2763 eo
1234 2725 1567 2764 concurrere
1590 2710 1855 2780 jusserat,
1886 2712 2125 2764 testatus

324 2826 327 2829 -
425 2800 703 2854 nimirum
735 2815 837 2852 eos
866 2797 965 2869 qui
997 2814 1127 2852 cum
1157 2798 1394 2869 reliquis
1421 2798 1614 2851 venire
1646 2798 2042 2864 detrectarent,
2066 2798 2123 2852 id
2156 2796 2161 2799 ⁷

425 2886 679 2959 praesidii
708 2902 825 2940 suae
855 2891 1150 2956 erepturos
1178 2902 1383 2950 causa,
1417 2885 1570 2957 quod
1598 2885 1875 2940 haberent
1901 2886 2127 2957 potissi-

428 2992 587 3030 mum
603 2974 713 3037 (Ad
731 2976 1043 3029 Donatistas
1061 2978 1187 3043 post
1208 2975 1436 3041 Collat.,
1457 2989 1513 3027 η.
1536 2974 1653 3043 41).
1684 2975 1881 3045 Itaque
1905 2990 2035 3028 cum
2055 2974 2125 3028 ad

427 3062 801 3118 Collationem
840 3062 1083 3133 publicis
1113 3060 1292 3116 Gestis
1329 3060 1514 3114 vocati
1557 3065 1707 3127 sunt,
1740 3062 2038 3117 adfuturos
2066 3078 2125 3115 se

424 3154 696 3222 prompto
716 3150 908 3204 animo
935 3149 1284 3220 promisere;
1319 3164 1423 3202 nec
1460 3149 1872 3216 Marcellinum,
1900 3149 2127 3203 tametsi

426 3237 759 3291 catholicam
799 3236 1136 3306 religionem
1176 3251 1307 3289 eum
1335 3235 1591 3306 proﬁteri
1620 3252 1739 3290 non
1767 3236 2122 3308 ignorarent,

424 3325 681 3397 judicem
710 3324 770 3377 in
791 3324 921 3378 ﬁdei
951 3339 1119 3378 causa
1145 3324 1515 3394 repudiavere
1546 3324 1862 3393 (Possidius,
1893 3328 1962 3381 in
1993 3329 2128 3380 Vita

432 3414 752 3479 Augustini,
802 3427 847 3465 ο.
901 3413 978 3481 4).
1023 3414 1194 3465 Porro
1243 3410 1395 3481 quod
1442 3410 1524 3464 eis
1568 3416 1860 3481 tantopere
1907 3412 2126 3483 primas

431 3501 717 3571 optimum
745 3499 805 3552 in
827 3514 993 3553 causa
1021 3515 1123 3553 sua
1159 3499 1417 3553 futurum
1447 3500 1900 3566 commendabat,
1927 3500 1984 3555 id
2009 3504 2125 3555 Au-

430 3587 662 3658 gustino
690 3590 833 3641 tcste
860 3586 1004 3641 nihil
1033 3595 1155 3641 erat
1183 3576 1358 3651 aliud,
1392 3587 1502 3641 nisi
1534 3591 1599 3641 ut
1643 3587 1844 3643 darent
1870 3604 2124 3659 operam,

428 3692 542 3747 quo
573 3674 1022 3730 numerosissimi
1043 3691 1163 3729 esse
1183 3675 1509 3731 viderentur
1526 3676 1644 3746 (Ad
1670 3679 1981 3731 Donatistas
2006 3681 2129 3747 post

428 3765 654 3833 Collat.,
684 3779 739 3818 η.
766 3764 875 3834 41).
902 3763 1049 3828 Quin
1075 3763 1248 3818 etiam
1277 3763 1447 3818 variis
1475 3763 1771 3819 fraudibus
1804 3781 1866 3820 ac
1899 3765 2129 3819 menda-

426 3852 528 3906 ciis
579 3868 815 3906 suorum
871 3852 1224 3922 ampliﬁcare
1272 3851 1705 3908 multitudinem
1743 3854 2124 3909 studuerunt:

425 3941 635 4012 quibus
663 3945 857 3995 tamen
886 3940 1158 3995 hactenus
1196 3945 1419 3995 tantum
1455 3941 1765 4012 profecere,
1806 3947 1872 3996 ut
1898 3942 2128 3997 ducenti

425 4028 787 4099 septuaginta
805 4044 1005 4083 novem
1031 4033 1491 4095 numerarentur,
1516 4028 1686 4099 paulo
1704 4028 1964 4084 videlicet
1984 4046 2125 4101 pau-

425 4116 608 4170 ciores
636 4132 807 4187 quam
840 4116 1110 4170 Catholici
1144 4116 1356 4186 (Collat.
1398 4117 1658 4183 Carthag.
1717 4120 1765 4184 1,
1800 4132 1921 4187 cap.
1974 4117 2123 4190 213).

426 4219 571 4274 quos
591 4204 658 4257 ad
687 4203 960 4257 ducentos
1006 4204 1291 4273 octoginta
1320 4220 1418 4258 sex
1461 4208 1583 4257 erat
1609 4205 1867 4259 invenire
1899 4206 2125 4273 (Brevic.

428 4292 629 4345 Collat.
678 4293 727 4357 1,
786 4306 909 4360 cap.
968 4292 1054 4359 14,
1084 4295 1135 4344 et
1172 4291 1364 4346 Collat.
1415 4292 1675 4359 Carthag.
1736 4295 1788 4360 1,
1827 4308 1945 4361 cap.
1980 4294 2126 4364 214.)

427 4380 641 4432 Prmter
691 4378 815 4442 hos,
846 4381 912 4431 ut
957 4381 1080 4431 acta
1110 4377 1439 4433 Collationis
1484 4379 1741 4447 tradunt,
1771 4379 1868 4433 alii
1899 4396 2127 4451 quoque

426 4465 717 4519 catholicae
739 4464 1165 4519 communionis
1193 4465 1396 4537 viginti
1420 4482 1593 4537 supra
1617 4466 1891 4522 ducentos
1910 4470 2122 4535 (Collat.

429 4555 687 4621 Carthag.
725 4557 777 4623 1,
806 4569 927 4623 cap,
962 4556 1106 4622 215),
1134 4570 1231 4607 seu
1259 4554 1463 4619 verius,
1495 4571 1611 4609 non
1633 4555 1876 4626 amplius
1897 4562 2126 4611 centum

427 4640 630 4713 viginti
669 4642 892 4709 (Brevia.
933 4642 1124 4698 Collat.
1160 4645 1211 4709 1,
1259 4657 1380 4712 cap.
1427 4645 1536 4712 14),
1595 4659 1768 4715 quem
1819 4660 2127 4700 numerum

425 4729 797 4799 Augustinus,
856 4746 1077 4785 necnon
1125 4730 1548 4801 manuscriptus
1602 4732 1929 4788 Collationis
1982 4735 2128 4790 liber

428 4817 720 4886 exhibent,
753 4817 814 4871 in
842 4818 1147 4888 provinciis
1185 4823 1285 4874 aut
1309 4819 1664 4887 inﬁrmitate,
1692 4827 1792 4877 aut
1837 4828 2124 4879 senectute

428 4909 525 4960 aut
582 4907 694 4960 alia
741 4907 1009 4978 quapiam
1061 4909 1393 4963 necessitate
1448 4910 1662 4965 detenti
1711 4919 2121 4970 remanserant.

431 4997 607 5050 Fuere
635 4994 871 5065 insuper
895 4996 1138 5050 viduatae.
1167 4996 1282 5051 suis
1308 4999 1648 5069 praesulibus
1677 5000 1935 5055 Ecclesiae
1965 5019 2122 5057 sexa-

427 5083 606 5154 ginta,
625 5085 702 5137 Ac
724 5083 985 5154 proinde,
1019 5084 1067 5137 si
1095 5085 1379 5140 rationem
1410 5087 1479 5142 ad
1499 5103 1631 5142 eum
1662 5089 1894 5143 modum
1917 5090 2118 5146 subdu-

425 5188 552 5227 cere
582 5172 767 5240 liceat,
797 5172 1242 5243 quadringentos
1272 5175 1564 5244 sexaginta
1597 5192 1689 5229 sex
1721 5177 2121 5248 episcoporum

426 5260 834 5315 catholicorum
882 5261 1041 5315 sedes
1086 5261 1145 5315 in
1175 5261 1365 5315 Africa
1394 5262 1670 5317 exstitisse
1708 5264 1983 5331 dicamus,
2024 5283 2123 5322 ne-

425 5367 577 5405 cesse
609 5355 712 5405 est.
768 5350 942 5422 Atqui
972 5351 1231 5406 absentes
1259 5352 1569 5422 episcopos.
1617 5359 1990 5426 vacantesque
2022 5358 2121 5411 Ec-

424 5438 622 5493 clesias
651 5438 757 5494 sibi
794 5439 990 5510 plures
1019 5456 1137 5493 esse
1168 5456 1341 5510 quam
1368 5439 1687 5509 Catholicis,
1718 5442 1780 5495 in
1811 5443 2120 5498 Collatione

423 5527 705 5597 jactarunt
728 5528 1091 5597 schismatici,
1112 5528 1211 5600 qui
1238 5534 1439 5599 postea
1458 5528 1629 5583 etiam
1660 5530 1963 5601 plusquam
1984 5548 2120 5603 qua-

1630 306 1794 361 νΙτΑ
1830 304 1883 360 S.
1927 302 2300 360 AUGUSTINI
2341 299 2674 357 EPISCOPI.

3811 295 3919 351 408

2214 423 2549 494 dringentos
2591 419 2873 476 antistites
2899 434 3005 491 per
3025 419 3203 473 totam
3234 416 3482 473 Africam
3514 433 3573 470 se
3601 431 3724 470 esse
3760 431 3915 487 prie-

2214 513 2475 567 dicarunt
2502 511 2618 579 (Ad
2656 510 2967 565 Donatistas
2997 512 3120 578 post
3150 508 3365 573 Collat.,
3395 521 3450 560 n.
3483 507 3597 574 41).
3630 505 3918 560 Caeterum

2216 602 2286 655 ab
2303 600 2372 654 iis
2392 600 2585 654 nullus
2596 597 2937 652 nominatim
2957 595 3308 665 designatus.
3335 596 3401 649 Et
3415 610 3550 648 sane
3577 594 3719 649 illud
3741 610 3918 666 quam

2213 688 2366 744 futili
2394 692 2451 743 et
2477 687 2671 757 inepta
2698 684 2945 739 vanitate
2967 684 3238 750 dicerent,
3266 683 3399 737 satis
3429 698 3713 754 superque
3739 699 3920 754 appa-

2216 777 2394 842 rebat,
2426 791 2557 829 cum
2587 791 2653 829 ex
2689 772 3022 844 imposturis
3050 788 3192 843 quas
3243 771 3638 843 exaggerando
3676 786 3918 825 suorum

2217 879 2457 918 numero
2485 861 2887 929 adhibuerant,
2936 864 3058 914 tum
3096 875 3165 913 ex
3191 875 3259 914 eo
3305 859 3460 930 quod
3500 859 3633 913 solis
3672 859 3924 930 exceptis

2217 951 2445 1023 (egrotis
2474 951 2669 1006 deesse
2698 948 3013 1015 neminem,
3069 964 3170 1002 sua
3215 947 3274 1002 in
3307 946 3536 1002 Notoria
3564 950 3725 1001 erant
3753 962 3923 1017 aper-

2215 1042 2436 1096 tissime
2462 1038 2726 1111 professi.

2288 1131 2341 1184 4.
2366 1127 2470 1183 Ubi
2493 1126 2895 1197 Carthaginem
2909 1126 3208 1196 utriusque
3229 1122 3647 1178 communionis
3666 1123 3923 1195 episcopi

2226 1220 2529 1283 advenere,
2562 1216 2917 1271 Marcellinus
2946 1216 3123 1269 altero
3146 1214 3328 1269 edicto
3349 1214 3681 1270 Collationis
3707 1215 3921 1281 locum,

2223 1312 2447 1377 tempus
2490 1309 2662 1376 atque
2695 1304 2957 1359 ordinem
3012 1302 3306 1357 constituit
3364 1302 3595 1371 (Brevia.
3627 1303 3819 1359 Collat.
3869 1307 3921 1369 1,

2222 1411 2343 1464 cap.
2397 1396 2468 1462 3).
2527 1394 2826 1463 Simulque
2870 1390 3139 1447 adhibitis
3193 1390 3576 1458 cautionibus,
3620 1390 3928 1461 diligenter

2220 1481 2490 1553 providit,
2520 1496 2593 1534 ne
2623 1480 2736 1547 cui,
2768 1479 2924 1551 quod
2951 1478 3013 1533 in
3037 1478 3351 1533 Collatione
3390 1478 3638 1545 dixisset,
3672 1483 3928 1548 postmo-

2224 1571 2361 1625 dum
2397 1570 2592 1623 liceret
2621 1568 2880 1623 inﬁciari.
2917 1567 3172 1622 Decrevit
3210 1566 3405 1636 igitur,
3439 1566 3716 1639 cujusque
3746 1566 3927 1637 partis

2224 1658 2516 1729 episcopos
2534 1663 2773 1729 septem,
2804 1655 2905 1728 qui
2934 1655 3291 1725 disputarent
3318 1654 3469 1708 inter
3487 1670 3567 1722 se,
3595 1655 3665 1709 ab
3687 1654 3929 1725 reliquis

2224 1745 2492 1799 omnibus
2540 1744 2861 1814 eligendos;
2894 1742 3104 1814 quibus
3143 1742 3492 1796 adderentur
3521 1740 3618 1795 alii
3658 1740 3926 1809 totidem,

2224 1848 2369 1904 quos
2399 1832 2512 1886 illis
2540 1831 2858 1897 consulere,
2889 1830 3072 1885 sicubi
3099 1846 3186 1884 res
3215 1830 3505 1901 postulare
3524 1829 3834 1894 videretur,
3859 1829 3926 1882 li-

2223 1922 2425 1975 berum
2454 1919 2627 1986 foret;
2661 1935 2725 1973 ac
2752 1923 3030 1990 praeterea
3070 1923 3316 1989 quatuor
3343 1917 3462 1983 alii,
3495 1917 3596 1988 qui
3616 1908 3925 1971 'Gestorum

2225 2007 2626 2079 conscriptioni
2655 2011 2965 2078 praeessent
2992 2011 3077 2060 :et
3106 2004 3361 2059 kalendis
3377 2004 3559 2075 juniis
3580 2004 3924 2059 convenien-

2227 2098 2363 2151 dum
2397 2096 2457 2150 in
2487 2097 2740 2150 thermas
2765 2094 3144 2165 Gargilianas;
3175 2093 3275 2165 qui
3313 2093 3467 2147 locus
3495 2098 3773 2164 tanquam
3804 2109 3927 2146 om-

2226 2185 2389 2240 nium
2419 2184 2664 2239 maxime
2693 2187 3048 2255 opportunus
3078 2182 3327 2236 delectus
3349 2181 3537 2236 fuerat
3559 2181 3776 2251 (Callet.
3804 2183 3932 2237 Car-

2229 2276 2380 2343 thag.
2416 2278 2465 2341 1,
2496 2289 2618 2343 cap.
2675 2273 2781 2341 18).
2831 2273 2961 2326 Erat
2989 2270 3082 2326 hic
3109 2271 3170 2324 in
3198 2271 3339 2325 urbe
3390 2270 3601 2337 media,
3650 2270 3934 2341 spatiosus

2231 2362 2558 2428 admodum,
2590 2363 2775 2416 clarus
2805 2364 2861 2414 et
2888 2359 3133 2431 algidus,
3163 2364 3221 2414 et
3248 2375 3383 2413 sane
3419 2364 3537 2413 tam
3564 2359 3777 2412 celebri
3800 2374 3933 2413 con-

2231 2456 2399 2504 ventu
2430 2451 2599 2519 longe
2648 2448 3054 2519 dignissimus:
3089 2447 3159 2502 de
3189 2463 3303 2519 quo
3333 2447 3748 2502 Thrasamnndi
3777 2449 3933 2501 Van—

2233 2540 2497 2594 dalorum
2525 2524 2675 2608 regis
2717 2537 2867 2592 curis
2900 2541 3071 2608 atque
3115 2536 3388 2607 impensis
3414 2536 3677 2591 restituto
3708 2541 3934 2590 exstare

2233 2627 2589 2698 epigramma
2636 2626 2967 2680 observatur
3019 2624 3254 2693 (Rivius,
3297 2626 3357 2679 in
3417 2627 3546 2681 Vita
3600 2627 3932 2694 Augustini,

2227 2732 2360 2786 pag.
2423 2714 2564 2784 359).
2625 2713 2928 2785 Episcopos
2957 2729 3156 2767 omnes
3200 2717 3317 2766 tam
3364 2712 3699 2776 Catholicos,
3758 2729 3936 2784 quam

2234 2804 2553 2859 Donatistas
2581 2818 2782 2873 capere
2813 2801 2965 2856 haud
2995 2800 3301 2856 difﬁculter
3322 2801 3638 2871 potuisset:
3672 2803 3933 2872 quando-

2233 2891 2466 2962 quidem
2498 2907 2563 2944 eo
2589 2890 2757 2944 simul
2776 2889 3025 2943 universi
3044 2888 3410 2943 intraverant.
3434 2892 3503 2943 At
3528 2889 3801 2961 quoniam
3821 2906 3935 2943 ma-

2235 2995 2382 3051 gnus
2420 2978 2525 3032 iste
2558 2993 2831 3033 numerus
2872 2977 3265 3031 confusionem
3310 2976 3544 3031 indubie
3595 2977 3932 3047 peperisset,

2236 3068 2433 3122 statuit
2457 3067 2825 3132 Marcellinus,
2866 3069 2929 3119 ut
2974 3064 3370 3135 episcoporum
3410 3064 3643 3131 nemini,
3695 3070 3933 3136 praeter-

2235 3172 2409 3226 quam
2431 3155 2646 3225 vigenti
2666 3159 2812 3220 octo,
2833 3154 2922 3208 vel
2938 3152 3186 3223 trigenta
3206 3168 3301 3207 sex
3321 3153 3938 3224 memoratis,1)ermit-

2234 3249 2390 3299 tatur
2432 3244 2652 3310 aditus;
2693 3243 2966 3313 praesules
3004 3245 3187 3312 rogat,
3234 3241 3490 3296 subditos
3537 3246 3939 3313 praemoneant

2236 3331 2343 3386 sibi
2369 3331 2632 3403 papulas,
2653 3347 2727 3384 ne
2751 3329 2840 3384 die
2862 3329 3191 3384 Collationis
3207 3329 3405 3383 eodem
3420 3330 3781 3384 ’conveniant.
3814 3332 3937 3385 Huc

2237 3420 2392 3474 addit
2420 3419 2563 3473 v'elle
2592 3435 2671 3484 se,
2701 3417 2999 3488 utriusque
3029 3416 3451 3472 communionis
3481 3417 3772 3489 episcopos
3802 3423 3937 3472 ante

2237 3506 2391 3561 diem
2419 3521 2750 3577 congressus
2774 3505 3048 3575 polliceri,
3095 3522 3152 3559 se
3193 3509 3380 3561 ratum
3427 3506 3721 3561 habituros
3764 3507 3937 3577 quid-

2237 3595 2373 3667 quid
2393 3594 2690 3666 aseptenis
2719 3594 2787 3649 ad
2816 3594 3165 3666 colloquium
3193 3594 3384 3649 electis
3407 3594 3579 3649 fuerit
3606 3593 3933 3661 actitatum;

2237 3688 2408 3754 atque
2439 3682 2759 3736 confectum
2801 3682 2908 3736 hac
2952 3682 3021 3736 de
3062 3697 3123 3735 re
3169 3685 3378 3747 actum,
3428 3698 3486 3735 se
3527 3687 3836 3753 praesente,
3864 3683 3937 3736 ab

2236 3771 2502 3824 omnibus
2541 3770 2957 3842 obsignandum
3006 3770 3114 3824 sibi
3157 3769 3281 3824 dari
3321 3785 3336 3824 :
3369 3769 3647 3841 quidquid
3689 3770 3934 3836 dicetur,

2236 3858 2427 3912 statim
2458 3858 2608 3912 notis
2637 3860 2707 3914 ab
2737 3859 3052 3914 astantibus
3081 3858 3189 3913 sibi
3228 3859 3627 3930 exceptoribus
3665 3858 3932 3930 publicis,

2237 3946 2522 4018 simulque
2545 3964 2578 4000 a
2600 3951 2848 4019 quatuor
2865 3947 2933 4001 de
2954 3952 3199 4018 utraque
3229 3951 3389 4018 parte
3403 3946 3642 4001 notariis
3671 3947 3936 4002 ecclesia-

2237 4035 2388 4089 sticis
2419 4035 2623 4090 scribi:
2659 4052 2801 4106 quos
2828 4035 3022 4104 etiam,
3052 4052 3125 4089 ne
3155 4051 3356 4090 eorum
3385 4035 3528 4089 ﬁdes
3548 4035 3609 4089 in
3640 4034 3881 4089 dubium
3902 4051 3940 4088 a.

2235 4139 2526 4194 quoquam
2565 4123 2819 4178 revocari
2847 4124 3045 4194 possit,
3074 4124 3338 4195 quaterni
3365 4124 3665 4178 Gestorum
3691 4124 3936 4177 conscri-

2234 4210 2417 4282 ptioni
2453 4210 2705 4281 praefecti
2734 4211 2987 4282 episcopi
3013 4212 3275 4283 pervigili
3312 4228 3377 4266 ac
3402 4211 3643 4266 sollicita
3669 4211 3935 4266 observa-

2234 4298 2391 4352 tione
2436 4300 2772 4354 custodiant.
2825 4301 3125 4365 Praaterea,
3158 4315 3231 4354 ne
3271 4300 3501 4371 quando
3530 4300 3685 4354 hisce
3716 4300 3936 4354 aclibus

2232 4385 2321 4439 vel
2352 4385 2591 4439 minima
2622 4386 3003 4458 corruptionis
3039 4387 3445 4444 mutationisve
3471 4388 3793 4443 criminatio
3823 4388 3935 4442 im-

2234 4472 2396 4543 pingi
2426 4478 2617 4543 queat,
2668 4491 2702 4527 a
2744 4475 2984 4546 singulis
3026 4476 3345 4531 antistitum
3376 4493 3444 4532 ea
3485 4475 3763 4532 subscribi
3801 4493 3934 4548 quae

2235 4562 2518 4617 dixerint:
2570 4563 2725 4634 quod
2762 4563 2917 4618 idem
2966 4580 3024 4617 se
3070 4564 3337 4636 primitus
3365 4566 3435 4619 ad
3467 4565 3937 4619 interlocutiones

2234 4666 2363 4704 suas
2386 4652 2777 4721 praestiturum
2805 4652 3113 4723 promittit.
3137 4654 3392 4709 Tabellas
3415 4653 3663 4724 denique
3692 4654 3764 4708 ad
3795 4669 3937 4709 eum

2232 4740 2467 4795 modum
2521 4740 2829 4812 descriptas
2876 4746 2934 4797 et
2959 4741 3202 4813 digestas
3231 4758 3344 4797 una
3373 4757 3504 4797 cum
3534 4742 3935 4813 episcoporum

2234 4829 2686 4899 quatuordecim,
2718 4846 2861 4901 quos
2891 4830 2956 4885 ad
2987 4831 3418 4901 disceptandum
3449 4830 3776 4901 elegissent,
3805 4829 3940 4883 sub-

2233 4917 2637 4989 scriptionibus
2666 4919 2854 4973 statim
2880 4919 3106 4988 publice
3132 4918 3310 4990 afﬁgi,
3343 4935 3455 4990 quo
3476 4924 3534 4973 et
3553 4917 3820 4972 omnibus
3838 4933 3938 4972 eas

2231 5006 2443 5075 legere,
2463 5011 2520 5060 et
2540 5006 2803 5061 universo
2832 5005 3262 5077 Carthaginensi
3286 5008 3502 5078 populo
3522 5007 3591 5062 de
3621 5006 3825 5061 iisdem
3835 5006 3933 5077 ju-

2231 5093 2419 5147 dicare
2450 5094 2630 5148 liceat.
2663 5097 2800 5151 Nam
2830 5109 2949 5148 cum
2981 5098 3076 5162 eis,
3100 5096 3265 5150 verba
3307 5100 3441 5150 sunt
3479 5094 3812 5164 Marcellini,
3851 5112 3940 5151 me

2223 5181 2461 5250 judicem
2483 5181 2692 5236 dederit
2721 5183 2974 5250 Augusta
3005 5183 3273 5251 dignatio,
3305 5184 3499 5254 quibus
3520 5185 3832 5251 inferiorem
3852 5201 3941 5241 me

2228 5284 2338 5323 esse
2360 5285 2461 5338 pro
2506 5273 2647 5324 tanti
2679 5273 2911 5325 nominis
2938 5276 3276 5327 veneratione
3315 5286 3587 5339 cognosco,
3616 5272 3746 5341 ﬁdei
3774 5273 3938 5327 solli-

2229 5357 2486 5412 citudinis
2514 5373 2641 5412 meae
2686 5360 2785 5413 hac
2824 5360 3249 5416 consideratione
3285 5363 3563 5431 prospexi,
3608 5365 3670 5414 ut
3703 5360 3771 5414 de
3821 5378 3939 5416 meo

2228 5447 2424 5501 vellem
2440 5446 2653 5515 judicio
2692 5447 2960 5516 judicari.
3010 5451 3097 5504 Ita
3135 5452 3338 5520 quippe
3386 5449 3573 5508 oculis.
3612 5464 3722 5503 non
3759 5451 3939 5505 solum

2231 5534 2381 5588 urbis
2427 5533 2668 5603 hujusce,
2712 5551 2895 5591 verum
2931 5540 3095 5592 etiam
3131 5540 3396 5591 universae
3436 5538 3737 5605 provincia:
3789 5543 3937 5593 totus
