4062 6372
137 313 242 366 409

136 449 367 488 emensa:
398 435 800 504 disputationis
820 436 951 490 ordo
974 436 1272 504 pandetur,
1303 439 1365 490 ut
1389 438 1500 490 tam
1534 440 1858 506 prosecutio-

135 537 228 575 nes
276 523 694 592 disputantium
744 526 1130 593 episcoporum,
1170 540 1333 593 quam
1348 527 1855 593 pronuntiationum

135 625 389 664 mearum
422 613 588 665 series
626 611 907 665 subsecuta
925 611 1149 677 digestis
1180 614 1238 665 in
1260 612 1477 680 publico
1495 614 1857 667 voluminibus

134 699 456 767 explicetur
482 715 496 754 :
539 701 647 753 hac
676 702 816 753 enim
844 702 902 754 in
925 700 1111 769 judice
1139 703 1397 754 securitas
1425 700 1553 769 ﬁdei
1575 706 1672 766 est,
1703 705 1765 755 ut
1793 701 1858 754 de

134 801 190 840 se
217 802 333 840 non
387 791 583 842 timeat
623 788 873 857 judicari
921 789 1126 857 (Collat.
1172 789 1435 856 Carthag.
1488 792 1537 854 1,
1579 804 1699 858 cap.
1746 790 1853 855 10).

135 873 540 944 Obsignandae
572 875 744 929 etiam
774 880 956 944 erant,
988 876 1173 946 quoad
1206 876 1439 929 omnino
1486 875 1674 930 decisa
1710 881 1858 930 esset

133 964 560 1029 controversia,
610 964 832 1018 schedae
880 965 1143 1034 singulae,
1172 968 1288 1017 tam
1315 963 1644 1031 Marcellini,
1682 981 1855 1035 quam

135 1050 562 1122 episcoporum
593 1056 718 1106 octo
769 1052 1065 1106 custodum
1103 1051 1324 1122 sigillis.
1365 1052 1539 1105 Porro
1568 1053 1855 1108 cautiones

134 1140 249 1193 illze
278 1156 495 1194 omnes
521 1157 588 1194 ex
618 1139 897 1211 singulari
928 1141 1027 1194 Dei
1052 1140 1111 1193 in
1154 1139 1472 1194 Donatistas
1501 1140 1854 1210 benignitate

131 1228 501 1283 veniebant:
535 1245 675 1300 quas
703 1228 945 1300 proinde
974 1228 1067 1282 isti
1097 1244 1210 1281 non
1255 1232 1542 1298 poterant,
1574 1228 1682 1282 nisi
1725 1245 1854 1284 cum

134 1332 376 1370 summa
416 1316 634 1386 ingrati
662 1315 840 1369 animi
870 1332 1041 1384 noxa,
1086 1320 1450 1370 contemnere
1502 1317 1699 1386 (Epist.
1733 1320 1852 1385 141,

126 1419 182 1455 n.
219 1404 300 1472 2).
336 1405 533 1474 Atque
563 1404 703 1457 adeo
744 1403 1047 1472 proﬁtetur
1074 1403 1447 1468 Marcellinus,
1482 1403 1527 1456 si
1549 1404 1677 1475 quis
1724 1404 1852 1459 illas

132 1491 456 1545 observare
505 1491 903 1561 subterfugiat,
960 1507 1132 1562 quam
1199 1507 1381 1545 causa:
1439 1508 1555 1545 suae
1611 1491 1853 1559 difﬁdat,

131 1594 445 1650 quamque
474 1596 679 1650 parum
709 1579 859 1633 bona
890 1579 1001 1633 ﬁde
1033 1595 1199 1650 agere
1231 1580 1512 1646 statuerit,
1552 1581 1740 1650 palam
1771 1580 1854 1635 fa-

129 1670 394 1721 cturum.
412 1667 571 1721 Idem
604 1666 874 1737 epistolas
899 1667 970 1721 ab
1000 1667 1298 1739 utriusque
1310 1672 1489 1739 partis
1508 1668 1853 1739 primatibus

132 1754 523 1826 subscriptas,
565 1754 774 1825 quibus
802 1754 886 1808 illi
907 1755 1326 1809 conditionibus
1359 1756 1418 1809 in
1449 1756 1631 1811 edicto
1651 1773 1857 1828 propo-

131 1842 257 1896 sitis
301 1842 581 1896 assentiri
619 1859 738 1896 sese
768 1842 1077 1911 declarent,
1102 1843 1419 1898 offerendas
1445 1844 1552 1897 sibi
1581 1843 1850 1897 decernit.

130 1935 204 1984 At
229 1946 379 1984 vero
415 1930 642 1985 disertis
671 1930 856 1985 verbis
880 1947 912 1985 a
943 1931 1254 1985 Collatione
1296 1931 1542 1986 excludit
1569 1930 1855 1986 Maximia-

135 2019 320 2071 nistas
372 2019 592 2085 (Collat.
638 2019 907 2086 Carthag.
955 2022 1002 2086 1,
1053 2034 1175 2088 cap.
1223 2022 1326 2086 10),
1374 2019 1476 2089 qui
1527 2019 1758 2084 scilicet,
1788 2021 1856 2072 ut

133 2105 456 2176 exiguitati
493 2111 550 2160 et
579 2105 921 2176 ignobilitati
947 2122 1064 2159 suae
1096 2106 1328 2160 honoris
1359 2107 1573 2177 aliquid
1604 2122 1853 2160 accerse-

132 2199 288 2261 rent,
324 2195 524 2249 oblato
558 2193 1006 2264 supplicilibello
1027 2194 1096 2247 ad
1118 2194 1272 2246 illam
1297 2194 1519 2248 admitti
1538 2193 1850 2264 petierant:

133 2281 237 2336 sed
268 2298 344 2336 ea
370 2281 596 2335 vanitas
626 2298 659 2335 a
689 2281 977 2335 catholicis
1009 2280 1323 2350 despicatui
1361 2280 1556 2336 habita
1583 2285 1669 2335 est
1698 2283 1851 2351 (Con-

132 2376 223 2425 ira
245 2370 580 2434 Julianum,
614 2368 706 2423 lib.
735 2372 787 2435 3,
820 2385 875 2422 n.
910 2372 979 2437 5).

205 2462 267 2514 5.
312 2458 529 2513 Octavo
561 2457 833 2511 kalendas
869 2456 1063 2526 junias
1118 2457 1253 2511 anni
1302 2456 1853 2528 quadringentesimi

130 2545 446 2601 undecimi
483 2545 788 2599 Donatistze
835 2550 1042 2610 actum,
1077 2561 1249 2615 quem
1292 2544 1585 2599 Notoriam
1630 2549 1850 2610 vocant,

132 2635 477 2690 Marcellino
515 2640 716 2689 curant
762 2635 1240 2697 denuntiandum,
1286 2650 1400 2704 quo
1447 2633 1751 2688 Ianuarius
1789 2650 1853 2687 ac

133 2724 477 2778 Primianus
506 2724 623 2796 (qui
658 2724 771 2779 duo
803 2723 910 2777 soli
939 2722 1415 2793 subscripserunt)
1447 2726 1503 2776 et
1531 2721 1720 2776 centeri
1747 2722 1855 2775 sin-

134 2828 291 2865 certe
332 2811 768 2865 christianitatis
799 2810 1048 2882 episc0pi
1070 2815 1127 2864 et
1143 2810 1431 2863 catholicae
1459 2809 1712 2863 veritatis
1740 2809 1851 2879 (eo-

136 2917 275 2954 rum
339 2901 494 2955 enim
548 2901 671 2955 hazc
715 2900 888 2954 verba
934 2899 1087 2969 sunt)
1141 2898 1387 2952 secundo
1444 2897 1597 2952 illius
1645 2898 1849 2963 edicto,

136 2988 401 3043 maxime
434 2989 583 3060 quod
611 2989 680 3043 ad
700 2987 1161 3057 subscriptiones,
1185 2985 1449 3039 assentiri
1472 3001 1530 3038 se
1552 3000 1668 3038 non
1689 3001 1851 3055 posse

140 3076 536 3146 proﬁtentur;
569 3082 746 3147 utque
760 3075 868 3129 sibi
888 3075 959 3129 ad
991 3073 1363 3129 Collationem
1389 3072 1667 3126 universis
1688 3072 1853 3127 liceat

142 3165 449 3235 accedere,
491 3166 858 3219 vehementer
904 3162 1191 3233 postulant
1235 3163 1440 3231 (Collat.
1490 3163 1748 3230 Carthag.
1804 3165 1848 3227 l,

143 3269 272 3322 cap.
308 3253 423 3323 14).
464 3238 594 3307 Ideo
642 3269 773 3306 vero
812 3251 1150 3306 videbantur
1184 3250 1337 3304 nolle
1378 3250 1749 3315 subscribere,
1790 3252 1855 3304 ut

142 3346 393 3411 possent
430 3341 499 3395 de
529 3342 702 3413 gestis
741 3340 1042 3410 corruptis,
1093 3339 1139 3393 si
1182 3355 1211 3393 e
1247 3355 1305 3392 re
1337 3355 1439 3393 sua
1469 3338 1636 3404 foret,
1675 3338 1853 3408 judici

142 3429 496 3484 calumniari
548 3430 662 3499 (Ad
688 3431 1001 3484 Donatistas
1028 3432 1150 3497 post
1189 3428 1403 3492 Collat.,
1436 3444 1489 3481 η.
1529 3429 1635 3496 15).
1666 3431 1851 3497 Atque

141 3518 286 3572 licet
320 3518 549 3572 Notoria
568 3519 665 3572 illa
696 3534 930 3571 suorum
961 3516 1249 3570 neminem
1272 3531 1305 3568 a
1327 3515 1637 3570 Collatione
1658 3515 1852 3570 abesse

141 3609 456 3675 peterent;
482 3609 671 3658 tamen
694 3605 802 3658 hoc
830 3604 954 3674 ipso
983 3603 1094 3669 die,
1124 3608 1318 3657 octavo
1347 3602 1620 3657 kalendas
1638 3602 1850 3672 junias,

141 3709 173 3744 e
216 3693 342 3746 suis
370 3697 586 3763 septem
609 3692 929 3758 instituere,
971 3709 1005 3745 a
1034 3690 1243 3761 quibus
1266 3690 1525 3744 Ecclesiae
1557 3689 1658 3743 Dei
1685 3705 1855 3743 causa

142 3780 221 3849 (et
254 3780 352 3835 hic
393 3797 590 3835 eorum
638 3780 824 3835 verbis
865 3779 949 3833 uti
998 3779 1207 3849 visum)
1237 3778 1507 3832 adversus
1545 3777 1853 3832 traditores

138 3866 660 3939 persecutoresqu'e
682 3884 813 3922 suos
835 3867 1264 3932 defenderetur;
1288 3866 1548 3936 polliciti,
1576 3866 1853 3937 quidquid

137 3957 230 4011 illi
263 3957 535 4025 egissent,
567 3956 625 4010 id
657 3972 714 4009 se
744 3959 934 4009 ratum
964 3955 1254 4008 habituros
1269 3956 1476 4021 (Collat.
1509 3955 1768 4021 Carthag.
1802 3959 1850 4020 1,

139 4060 273 4113 cap.
313 4043 453 4113 148).
499 4043 708 4097 Omnes
746 4040 980 4111 quidem
1023 4040 1158 4094 huic
1199 4040 1365 4101 actui,
1406 4039 1506 4093 sed
1548 4055 1663 4093 non
1703 4056 1849 4111 prae-

143 4136 315 4186 sente
373 4130 694 4185 Marcellino
769 4129 954 4198 (lbid.,
1022 4144 1144 4197 cap.
1196 4126 1336 4196 154),
1398 4126 1853 4197 subscripserunt

146 4218 341 4287 (1bid.,
369 4233 490 4287 cap.
531 4218 682 4286 149):
717 4232 889 4287 quem
917 4216 1049 4269 licet
1075 4215 1137 4269 in
1165 4215 1407 4269 formam
1432 4213 1685 4286 epistolze
1714 4230 1849 4268 con-

146 4307 386 4373 fectum,
414 4312 608 4361 tamen
637 4305 913 4376 eligentes
949 4304 1141 4359 electis
1172 4319 1381 4370 coram,
1414 4320 1514 4358 seu
1542 4309 1852 4375 prmsentes

146 4395 532 4466 praesentibus
587 4410 646 4448 se
693 4393 912 4449 dedisse
960 4397 1245 4448 testantur
1294 4393 1475 4461 (Ibid,
1525 4409 1645 4462 cap.
1711 4393 1849 4464 148).

146 4483 603 4554 Subscriptiones
643 4497 873 4553 quoque
912 4498 1042 4536 suas
1069 4482 1239 4553 gestis
1269 4481 1563 4536 ﬁrmandis
1592 4498 1850 4537 necessa-

149 4572 288 4638 rias,
329 4587 470 4642 quas
516 4570 704 4643 primo
760 4575 1112 4635 recusarent,
1146 4574 1207 4623 ut
1234 4570 1438 4624 darent
1482 4570 1715 4624 tandem
1745 4570 1849 4623 ali-

147 4659 382 4730 quando
437 4656 717 4729 compulsi
765 4661 900 4710 sunt
948 4657 1058 4719 (Ad
1101 4659 1414 4711 Donatistas
1456 4663 1581 4725 post
1610 4650 1847 4725 'Collat.,

146 4761 203 4801 n.
239 4746 345 4816 15).
376 4746 460 4800 Ab
488 4746 556 4799 iis
600 4750 791 4799 autem
835 4744 904 4797 ad
939 4743 1351 4814 disputandum
1382 4744 1664 4815 designati
1694 4749 1848 4811 sunt,

145 4834 471 4889 Primianus
503 4832 977 4903 Carthaginensis,
1022 4831 1335 4887 Petilianus
1364 4832 1655 4901 Cirtensis,
1686 4833 1849 4887 Eme-

142 4923 295 4977 ritus
342 4921 733 4988 Cassareensis,
783 4920 1074 4975 Protasius
1122 4920 1501 4986 Tubiniensis,
1550 4922 1848 4975 Montanus

141 5009 455 5075 Zamensis,
499 5009 848 5064 Gaudentius
874 5009 1382 5080 Thamugadensis,
1432 5012 1489 5064 et
1525 5009 1849 5065 Adeodatus

145 5097 523 5152 Milevitanus.

215 5189 270 5242 6.
307 5184 450 5241 Cum
506 5183 814 5238 Donatistae
869 5186 930 5240 in
988 5186 1240 5242 secundo
1298 5186 1606 5241 Marcellini
1661 5184 1845 5241 edicto

146 5275 349 5339 multa,
374 5288 502 5343 quas
529 5271 683 5341 ipsos
712 5278 1024 5341 moverent,
1056 5274 1344 5330 offendere
1382 5290 1441 5329 se
1483 5274 1842 5343 dictitarent;

149 5367 342 5417 contra
370 5360 639 5417 Catholici
671 5360 854 5415 eidem
892 5378 951 5416 se
980 5363 1039 5417 in
1087 5364 1351 5419 omnibus
1399 5365 1740 5432 consentire,
1783 5380 1846 5420 ac

150 5450 430 5522 quidquid
456 5448 877 5521 praescribebat,
907 5466 965 5504 se
997 5450 1263 5522 religiose
1290 5451 1691 5509 observaturos
1715 5469 1844 5525 pro-

157 5541 428 5594 miserunt
459 5555 472 5593 :
497 5555 609 5612 qua
635 5539 703 5593 de
733 5554 793 5592 re
824 5538 1142 5593 Marcellino
1172 5539 1470 5611 epistolam
1495 5541 1628 5613 (quo
1654 5542 1843 5597 nomi-

1628 315 1843 373 LIBER
1882 314 2176 372 SEXTUS.

3564 323 3672 377 410

1967 453 2040 490 ne
2069 452 2194 490 eam
2225 435 2345 505 ipse
2366 451 2398 488 a
2420 435 2653 491 Notoria
2684 436 3107 491 Donatistarum
3123 438 3423 510 distinguit
3453 440 3660 510 (Collat.

1968 526 2225 593 Carthag.
2261 528 2310 591 1,
2341 539 2458 593 cap.
2495 524 2583 593 17)
2607 524 2956 579 obtulerunt.
2988 525 3047 578 Ei
3079 526 3458 597 subscripsere
3480 530 3661 583 nomi-

1968 628 2039 667 ne
2078 612 2320 666 aliorum
2354 612 2752 682 episcoporum
2791 612 3055 667 Aurelius
3085 613 3566 685 Carthaginensis,
3610 621 3665 670 et

1966 699 2587 755 SilvanusSummensis
2609 700 2855 755 decanus
2872 716 2933 753 ac
2946 700 3160 771 primas
3185 702 3463 757 Numidiir.
3479 704 3661 770 (Ibi/1.,

1964 804 2125 857 capp.
2167 791 2245 853 16,
2279 788 2380 856 18).
2414 788 2742 858 Exemplum
2768 782 2847 842 ibi
2874 794 3201 859 proponunt
3232 790 3664 845 Maximianista-

1964 892 2115 943 rum,
2148 892 2292 946 quos
2334 875 2643 930 Donatistae
2680 892 2797 930 una
2834 893 2962 930 cum
2996 876 3273 931 universis
3312 894 3413 948 per
3442 894 3535 931 eos
3564 880 3662 932 ba-

1963 964 2188 1035 ptizatis
2218 968 2574 1033 receperunt,
2606 969 2827 1018 servato
2853 964 3135 1035 episcopis
3165 964 3334 1019 etiam
3359 983 3390 1019 a
3420 983 3478 1019 se
3505 966 3664 1036 prius

1965 1053 2247 1107 damnatis
2282 1052 2504 1106 honore
2531 1053 2804 1124 proprio:
2840 1053 3074 1107 unicum
3112 1053 3219 1107 hoc
3251 1053 3358 1107 sibi
3388 1054 3559 1109 fuisse
3604 1054 3661 1109 in

1966 1140 2279 1193 Collatione
2310 1139 2627 1210 expetenda
2652 1138 2955 1194 consilium
2985 1144 3284 1204 testantur,
3326 1144 3392 1195 ut
3427 1140 3537 1194 sibi
3565 1142 3663 1195 de-

1967 1233 2283 1280 monstrare
2312 1226 2529 1293 liceret,
2562 1227 2863 1281 Ecclesiam
2903 1232 3023 1282 toto
3062 1232 3344 1282 terrarum
3388 1228 3523 1282 orbe
3555 1228 3664 1282 dif-

1965 1314 2148 1368 fusam
2182 1316 2469 1369 nullorum
2498 1314 2797 1369 hominum
2826 1314 2935 1369 sibi
2962 1315 3402 1369 commixtorum
3423 1315 3664 1384 peccatis

1963 1402 2152 1473 perire
2180 1388 2466 1474 potui'sse:
2495 1418 2724 1456 causam
2755 1403 3061 1469 Caeciliani,
3091 1404 3373 1474 patefacta
3392 1403 3665 1474 ipsiusiu-

1963 1492 2246 1557 nocentia,
2281 1495 2338 1545 et
2366 1489 2455 1557 iis,
2497 1507 2530 1545 a
2568 1490 2776 1561 quibus
2803 1492 3196 1558 accusabatur,
3229 1508 3331 1563 pro
3357 1491 3665 1545 calumnia-

1964 1579 2186 1633 toribus
2232 1578 2460 1646 habitis,
2486 1579 2705 1633 tinitam
2731 1595 2852 1633 esse
2875 1596 2888 1647 ;
2914 1579 3055 1634 alios
3082 1579 3346 1651 denique,
3395 1596 3539 1650 quos
3570 1578 3663 1632 isti

1964 1666 2435 1735 criminabantur,
2498 1672 2599 1721 aut
2645 1684 2765 1721 esse
2832 1668 3185 1733 innocentes,
3254 1672 3352 1721 aut
3405 1667 3662 1721 Ecclesia:

1965 1742 2201 1809 omnino
2228 1756 2448 1810 delictis
2471 1756 2588 1809 suis
2615 1772 2728 1809 non
2752 1756 2970 1810 obesse.
3004 1756 3065 1809 ld
3086 1760 3276 1809 autem
3297 1754 3663 1824 potissimum

1964 1843 2151 1897 eidem
2181 1843 2436 1913 epistolas
2452 1843 2838 1897 celebritatem
2870 1841 3175 1896 conciliat:
3208 1842 3360 1912 quod
3385 1841 3465 1895 ibi
3494 1842 3664 1911 proti-

1963 1935 2153 1985 tentur
2173 1930 2465 1997 Catholici,
2497 1930 2601 1984 sub
2626 1929 3046 1983 Donatistarum
3071 1929 3243 1997 leges,
3272 1929 3316 1981 si
3336 1928 3502 1983 modo
3526 1944 3660 1998 pro-

1961 2019 2158 2073 batum
2180 2019 2249 2071 ab
2277 2017 2390 2071 illis
2419 2017 2593 2072 fuerit
2614 2017 2915 2072 Ecclesiam
2937 2016 2995 2070 in
3019 2017 3139 2070 sola
3168 2033 3364 2070 eorum
3397 2033 3661 2071 commu-

1961 2106 2133 2161 nione
2172 2121 2489 2173 remanere,
2517 2105 2598 2159 ita
2640 2122 2698 2159 se
2738 2111 3028 2171 venturos,
3068 2108 3128 2158 ut
3153 2105 3387 2159 omnino
3418 2105 3486 2159 de
3519 2105 3658 2158 reti-

1962 2194 2153 2249 nenda
2183 2194 2488 2265 episcopali
2518 2193 2797 2264 dignitate
2825 2209 2941 2247 non
2968 2193 3247 2263 cogitent:
3288 2197 3487 2247 contra
3529 2209 3663 2246 vero

1962 2282 2009 2336 si
2038 2281 2551 2336 demonstraverint
2589 2282 2697 2351 ipsi
2735 2282 2963 2351 culpam
3001 2296 3232 2335 omnem
3279 2281 3499 2335 haerere
3543 2281 3660 2334 Do-

1962 2370 2206 2435 natistis,
2240 2386 2298 2423 se
2336 2369 2715 2424 nihilominus
2758 2369 2922 2435 velle,
2952 2368 3030 2422 sic
3057 2368 3185 2423 illos
3230 2384 3422 2427 secum
3465 2373 3661 2424 tenere

1964 2458 2269 2523 unitatem,
2300 2462 2362 2511 ut
2391 2458 2668 2512 honorem
2692 2457 3051 2528 episcopatus
3075 2473 3190 2510 non
3221 2458 3517 2512 amittant:
3539 2457 3665 2511 ubi—

1961 2561 2207 2616 cumque
2234 2545 2487 2617 episcopi
2517 2546 2632 2600 duo
2663 2545 2875 2599 fuerint
2902 2545 3140 2611 inventi,
3162 2547 3302 2599 alter
3315 2545 3661 2611 Catholicae,

1966 2635 2108 2687 alter
2138 2634 2445 2699 Donatista,
2478 2634 2724 2688 vicissim
2745 2649 2843 2688 eos
2873 2633 3256 2704 episcopalem
3286 2637 3659 2705 occupaturos

1963 2722 2173 2788 sedem,
2207 2722 2318 2776 alio
2355 2722 2589 2776 interim
2627 2722 2790 2793 juxta
2828 2722 3238 2789 considentem,
3272 2724 3442 2793 paulo
3471 2726 3662 2777 tamen

1962 2809 2259 2873 humilius,
2285 2815 2641 2879 remanente,
2664 2810 2764 2881 qui
2786 2811 2944 2864 locus
2965 2810 3268 2881 peregrino
3286 2810 3551 2881 episcopo
3579 2827 3661 2863 as-

1963 2899 2174 2968 signari
2207 2899 2424 2953 solebat
2447 2916 2460 2953 :
2492 2899 2578 2953 vel
2607 2899 2804 2953 saltem
2829 2915 2989 2953 suam
3011 2899 3216 2969 cuique
3238 2899 3659 2953 attribuendam

1960 2986 2083 3040 fore
2123 2986 2449 3052 Ecclesiam,
2482 2986 2661 3041 donec
2697 2989 2877 3042 altero
2902 2986 3017 3041 vita
3058 2987 3377 3057 perfuncto,
3411 2986 3658 3056 dignita-

1961 3077 2077 3127 tem
2107 3075 2270 3141 alter,
2299 3078 2473 3145 prout
2498 3080 2620 3130 erat
2662 3091 2773 3129 usu
2800 3078 3110 3146 receptum,
3165 3076 3318 3129 solus
3357 3074 3657 3128 obtineret.

1961 3162 2119 3225 Quod
2150 3162 2197 3215 si
2228 3178 2398 3233 porro
2420 3162 2592 3216 nimis
2613 3162 2978 3234 impatienter
3008 3163 3149 3217 duos
3176 3179 3287 3216 uno
3310 3162 3368 3216 in
3387 3162 3511 3216 loco
3539 3162 3659 3232 epi-

1962 3265 2160 3319 scopos
2173 3249 2357 3304 ferant
2368 3250 2566 3320 populi
2585 3268 2599 3316 ;
2615 3254 2737 3305 tum
2752 3251 3085 3322 episcopatu
3104 3256 3416 3322 utrumque
3442 3250 3659 3320 pariter

1968 3336 2317 3405 exuendum,
2345 3337 2637 3408 aliumque
2670 3339 2730 3393 in
2760 3355 2958 3393 eorum
2990 3339 3229 3410 gradum
3262 3338 3659 3393 sufliciendum

1962 3424 2034 3478 ab
2049 3424 2115 3478 iis
2135 3424 2503 3488 antistitibus,
2523 3425 2621 3496 qui
2633 3427 3036 3497 competitores
3051 3428 3160 3497 ipsi
3175 3444 3290 3481 non
3310 3428 3656 3483 habuerunt.

1963 3512 2107 3578 Quid
2134 3514 2275 3566 enim
2313 3512 2638 3579 dubitemus,
2688 3513 2962 3586 inquiunt
2998 3515 3261 3570 catholici
3311 3517 3523 3582 Patres,
3555 3518 3664 3570 Re-

1963 3600 2231 3669 demptori
2247 3604 2427 3655 nostro
2447 3602 2775 3669 sacri/icium
2790 3604 2951 3657 istius
2973 3604 3300 3658 humilitatis
3316 3604 3508 3671 offerre
3525 3603 3553 3657 ‘.’
3574 3604 3662 3656 An

1961 3704 2085 3743 vero
2112 3690 2204 3742 ille
2232 3688 2297 3742 de
2316 3691 2458 3743 catlis
2481 3690 2538 3742 in
2556 3689 2794 3743 membra
2821 3691 3060 3744 humana
3090 3691 3382 3759 descendit,
3409 3696 3471 3745 ut
3497 3706 3660 3745 mem-

1964 3778 2063 3831 bra
2099 3778 2215 3846 ejus
2242 3793 2507 3844 essemus;
2539 3781 2590 3831 et
2621 3792 2736 3841 nos,
2766 3792 2832 3830 ne
2879 3780 3001 3846 ipsa
3030 3779 3147 3846 ejus
3176 3777 3413 3831 membra
3454 3778 3662 3831 crudeli

1963 3865 2024 3919 di
2029 3867 2229 3920 visione
2248 3866 2541 3934 lanientur,
2562 3865 2627 3920 de
2636 3866 2908 3920 cathedris
2932 3865 3245 3919 descendere
3255 3865 3617 3930 formidamus
3635 3868 3662 3919 ?

1968 3956 2187 4024 Propter
2208 3970 2303 4009 nos
2333 3956 2474 4009 nihil
2516 3956 2895 4025 sufﬁcientius.
2941 3968 3105 4022 quam
3152 3954 3454 4009 Christiani
3479 3952 3660 4021 ﬁdeles

1962 4049 2012 4097 et
2049 4044 2347 4099 obedientes
2375 4057 2595 4098 sumus:
2641 4044 2734 4097 hoc
2782 4057 2906 4111 ergo
2934 4057 3143 4110 semper,
3174 4043 3361 4097 simus.
3405 4042 3661 4109 Episcopi

1961 4136 2138 4186 autem
2155 4136 2379 4201 propter
2398 4132 2734 4189 Christianos
2744 4132 2969 4201 populos
2992 4130 3309 4184 ordinamur
3332 4141 3344 4184 :
3368 4127 3512 4196 quod
3536 4144 3659 4195 ergo

1962 4220 2289 4275 Christianis
2318 4222 2533 4290 populis
2564 4219 2638 4274 ad
2664 4221 3023 4274 christianum
3060 4233 3245 4287 pacem
3280 4216 3515 4286 prodest,
3565 4216 3659 4271 hoc

1961 4308 2027 4361 de
2060 4313 2242 4363 nostro
2283 4311 2595 4379 episcopatu
2622 4310 2912 4375 faciamus.
2963 4309 3025 4363 Si
3061 4309 3204 4361 servi
3240 4305 3398 4359 utiles
3448 4319 3656 4370 sumus,

1961 4411 2058 4449 cur
2080 4399 2295 4450 Domini
2311 4400 2524 4452 aeternis
2555 4398 2720 4451 lucris
2740 4412 2842 4466 pro
2862 4399 3061 4450 nostris
3088 4394 3469 4464 temporalibus
3492 4393 3661 4447 subli-

1959 4485 2242 4539 mitatibus
2271 4485 2618 4540 invidemus?
2657 4486 3000 4554 Episcopalis
3039 4484 3280 4551 dignitas
3328 4484 3661 4548 fructuosior

1958 4572 2114 4625 nobis
2143 4575 2265 4637 erit,
2298 4575 2350 4626 si
2385 4587 2597 4640 gregem
2625 4572 2830 4626 Christi
2870 4575 3046 4638 magis
3091 4571 3338 4640 deposita
3369 4571 3656 4638 collegerit,

1961 4676 2124 4729 quam
2152 4664 2359 4714 retenta
2379 4661 2714 4730 disperserit.
2746 4662 2882 4715 Nam
2915 4675 3024 4727 qua
3041 4661 3221 4724 fronte
3248 4661 3306 4712 in
3333 4660 3523 4724 futuro
3552 4673 3657 4712 sae-

1959 4748 2075 4801 culo
2092 4750 2424 4816 promissum
2449 4763 2482 4801 a
2514 4748 2723 4803 Christo
2752 4747 3092 4815 sperabimus
3136 4747 3399 4809 honorem,
3434 4748 3486 4800 si
3511 4746 3659 4800 chri-

1958 4837 2193 4889 stianum
2239 4838 2297 4888 in
2352 4836 2446 4889 hoc
2483 4834 2674 4889 seculo
2716 4838 2897 4887 noster
2935 4835 3102 4887 honor
3130 4833 3353 4902 impedit
3396 4836 3657 4888 unitatem
3737 4875 3741 4879 .

1960 4922 2144 4994 (lbid.,
2175 4937 2290 4991 cap.
2332 4922 2435 4991 16).
2468 4920 2822 4991 Augustinus
2860 4926 2991 4991 post
3020 4920 3313 4975 recitatam
3344 4920 3494 4974 intra
3522 4938 3659 4975 con-

1956 5012 2180 5066 cionem
2213 5010 2391 5081 ipsius
2433 5011 2598 5081 jussu
2636 5008 2956 5063 litterarum
3008 5010 3245 5064 istarum
3298 5014 3540 5081 partem.
3596 5011 3656 5064 in

1957 5100 2110 5155 hunc
2149 5100 2336 5154 locum
2373 5098 2452 5153 ita
2482 5097 2751 5153 disserit:
2800 5100 2988 5152 Dicam
3030 5099 3302 5155 Charitati
3346 5102 3552 5163 vestrae,
3606 5102 3657 5151 et

1956 5198 2348 5244 commemorem
2374 5204 2487 5242 rem
2526 5188 2894 5242 dulcissimam
2945 5192 2995 5240 et
3041 5188 3439 5251 suavissimam,
3492 5201 3656 5253 quam

1955 5252 2179 5331 Damino
2202 5277 2502 5345 adjuvante
2530 5290 2713 5331 sumus
2752 5277 2981 5344 emperti.
3016 5276 3146 5331 Cum
3175 5278 3300 5327 ante
3330 5252 3507 5342 ipsam
3535 5274 3653 5328 Col-

1955 5368 2207 5421 lationem
2238 5369 2383 5421 inter
2399 5382 2496 5421 nos
2522 5368 2701 5437 aliqui
2710 5368 2914 5433 fratres
2931 5366 2997 5419 de
3015 5367 3113 5419 hac
3134 5380 3192 5418 re
3216 5363 3655 5431 colloqueremur,

1954 5457 2088 5524 quia
2111 5469 2214 5525 pro
2238 5471 2373 5525 pace
2389 5457 2594 5512 Christi
2613 5457 2849 5524 episcopi
2861 5454 3190 5521 debentesse,
3217 5457 3312 5506 aut
3341 5451 3530 5504 debent
3548 5466 3655 5505 non

1954 5559 2102 5609 esse;
2143 5544 2286 5613 quod
2312 5546 2461 5599 robis
2489 5543 2773 5611 fatendum
2811 5547 2910 5612 est,
2942 5542 3432 5613 circumspicientes
3475 5553 3652 5598 omnes
