4062 6370
378 271 474 324 m
584 254 593 263 ’
1619 267 1778 321 VITA
1814 267 1871 322 s.
1910 266 2290 323 AUGUSTINI
2329 265 2661 322 EPISCOPI.
2882 289 2891 300 -
3788 267 3905 322 412

376 392 581 457 fratres
613 395 661 444 et
692 392 1024 460 coepiscopos
1051 394 1285 457 nostros,
1316 405 1422 444 non
1458 391 1623 456 facile
1655 390 1808 445 nobis
1837 405 2082 444 occurre-

382 479 533 545 bant,
562 481 658 548 qui
684 481 779 533 hoc
806 480 996 533 vellent
1022 480 1311 547 suscipere,
1341 484 1391 532 et
1418 479 1483 532 de
1514 479 1613 531 hac
1642 479 1948 532 humilitate
1978 482 2079 533 Do-

378 570 526 623 mino
560 567 891 638 sacrificare.
918 567 1258 636 Dicebamus,
1298 572 1358 621 ut
1403 569 1524 636 ﬁeri
1566 568 1716 632 solet,
1757 568 1851 622 Ille
1882 572 2078 636 potest,

378 658 470 710 ille
497 672 603 711 non
628 662 840 728 potest;
870 658 963 710 ille
992 660 1252 711 consentit
1280 658 1395 723 hoc,
1446 659 1537 712 ille
1582 672 1688 711 non
1735 658 1925 710 tolerat
1950 675 1965 725 ;
2005 649 2080 710 [ο-

380 751 597 813 quentes
635 748 810 814 magis
833 762 936 815 pro
964 746 1361 815 suspicionibus
1400 748 1602 800 nostris
1640 747 1738 813 qui
1759 745 1923 799 corda
1954 746 2080 800 illo-

376 849 499 887 rum
526 833 710 887 videre
737 835 956 887 minime
996 839 1328 903 poteramus.
1369 834 1596 900 Quando
1634 839 1814 888 autem
1864 839 2078 888 ventum

376 926 454 976 est
483 926 541 974 ut
560 922 655 975 hoc
678 922 866 990 palam
890 924 1059 990 ﬁeret,
1082 924 1141 976 in
1178 922 1399 975 concilio
1429 924 1798 976 universorum
1825 926 1936 976 tam
1960 924 2080 988 fre—

377 1010 581 1077 quenli,
608 1025 743 1078 pene
771 1013 1124 1063 trecentorum
1142 1011 1547 1078 Episcoporum,
1572 1012 1648 1075 sic
1673 1011 1883 1079 placuit
1902 1011 2080 1064 omni-

379 1097 496 1163 bus,
525 1100 602 1151 sic
630 1102 949 1151 exarserunt
978 1111 1173 1161 omnes,
1207 1101 1268 1150 ut
1289 1098 1482 1166 parati
1517 1103 1687 1151 essent
1715 1100 2079 1166 episcopatum

372 1198 476 1253 pro
506 1184 721 1237 Christi
762 1186 973 1238 unitate
1010 1183 1288 1252 deponere,
1339 1188 1388 1237 et
1426 1200 1532 1237 non
1566 1184 1811 1253 perdere,
1855 1185 1949 1239 sed
1978 1188 2080 1239 Deo

377 1274 549 1326 tutius
579 1272 958 1325 commendare.
991 1274 1105 1325 Duo
1125 1272 1204 1323 ibi
1226 1274 1321 1325 vim
1341 1274 1547 1326 inventi
1565 1277 1711 1338 sunt,
1735 1273 1928 1341 quibus
1958 1274 2080 1328 dis-

370 1360 625 1428 pliceret:
658 1374 797 1414 unus
829 1374 1063 1413 annosus
1091 1375 1273 1424 senem,
1306 1362 1404 1428 qui
1439 1361 1534 1414 hoc
1552 1363 1717 1414 etiam
1748 1361 1925 1415 dicere
1947 1362 2079 1415 libe-

374 1450 492 1501 rius
522 1462 687 1503 ausus
717 1453 814 1514 est,
843 1449 981 1502 alter
1008 1448 1335 1502 voluntatem
1365 1464 1519 1503 suam
1549 1452 1715 1504 tacito
1742 1451 2081 1516 vultusigni—

372 1537 559 1604 ﬁcavit
584 1552 598 1589 :
631 1536 725 1589 sed
740 1542 1092 1605 posteaquam
1105 1536 1259 1590 illum
1280 1551 1453 1591 senem
1466 1538 1687 1591 liberius
1702 1540 1795 1591 hoc
1817 1538 2079 1593 dicentem

376 1626 555 1679 obruit
571 1628 809 1680 omnium
819 1627 1071 1691 fraterna
1083 1628 1367 1694 correptio,
1382 1627 1475 1680 illo
1487 1632 1727 1680 mutante
1738 1631 2076 1694 sententiam,

374 1714 583 1767 vultum
612 1716 775 1766 etiam
799 1714 890 1766 ille
918 1716 1149 1767 mutavit
1189 1714 1281 1779 (De
1303 1715 1477 1769 Gestis
1497 1730 1616 1768 cum
1646 1718 1904 1781 Emerita,
1939 1732 1976 1769 n
1998 1718 2075 1785 6).

378 1800 742 1871 Propositum
757 1801 898 1855 adeo
912 1801 1288 1856 christianum
1310 1816 1422 1856 non
1435 1802 1838 1873 episcoporum
1854 1808 2080 1858 tantum

376 1888 625 1944 ﬁrmavit
636 1888 984 1956 subnotatio,
1000 1889 1094 1943 sed
1108 1890 1280 1944 etiam
1298 1890 1549 1945 universi
1569 1890 1793 1944 concilii
1813 1891 1880 1946 ad
1899 1892 2077 1947 Deum

374 1978 622 2048 precatio
688 1977 1035 2032 consecravit
1090 1978 1266 2035 (Serm
1322 1978 1397 2032 ad
1455 1980 1801 2034 CassanEccl.
1851 1980 2075 2049 plebem,

372 2082 429 2122 n.
464 2066 530 2134 1).
563 2066 829 2132 Quamvis
855 2080 1048 2121 autem
1086 2066 1310 2121 veritati
1354 2066 1622 2138 refragati
1650 2066 1865 2122 fuerint
1893 2069 2075 2123 Dona—

372 2154 539 2216 tistm,
568 2154 749 2209 nihilo
786 2159 982 2209 tamen
1013 2155 1195 2209 secius
1227 2154 1489 2209 eamdem
1518 2155 1630 2209 illis
1654 2156 1858 2210 offerre
1879 2156 2073 2211 condi-

370 2242 593 2298 tionem
613 2243 889 2297 Catholici
910 2259 1026 2297 non
1050 2242 1332 2308 destitere,
1360 2259 1533 2314 quam
1554 2248 1610 2297 et
1629 2245 1777 2299 bona
1798 2244 1910 2299 ﬁde
1941 2261 2077 2315 erga

326 2376 337 2385 .
372 2348 467 2385 eos
494 2331 593 2403 qui
650 2348 707 2385 se
738 2332 810 2386 ad
850 2332 1155 2386 Ecclesiam
1186 2336 1546 2402 receperunt,
1580 2332 1910 2403 implevere.
1958 2334 2074 2387 Hoc

376 2421 576 2475 saltem
607 2436 672 2474 ea
703 2420 918 2490 synodo
949 2420 1289 2489 Carthagine
1311 2436 1462 2474 anno
1483 2436 1653 2490 supra
1685 2421 2071 2491 quadringen-

377 2508 642 2561 tesimum
664 2508 885 2562 decimo
906 2513 1101 2561 octavo
1124 2508 1406 2562 celebrata
1425 2513 1662 2575 constat,
1680 2510 1999 2563 Donatistas
2016 2510 2075 2564 in

381 2596 759 2666 episcopalem
775 2596 1112 2667 dignitatem
1132 2596 1311 2668 recipi
1331 2597 1527 2651 solitos
1547 2597 1700 2668 (Cod.
1718 2599 1850 2655 Can.
1865 2600 2072 2665 Afric.,

381 2701 539 2739 cann.
574 2688 697 2754 118,
740 2686 885 2755 119).

443 2778 497 2828 7.
528 2773 668 2828 Aliis
706 2780 987 2844 praeterea
1032 2773 1171 2829 locis
1200 2774 1597 2829 admirandum
1638 2775 1781 2830 illud
1829 2776 2073 2846 promis-

375 2876 522 2927 sum,
560 2878 674 2932 quo
705 2863 1018 2932 priesulum
1038 2861 1438 2916 Africanorum
1458 2862 1734 2933 praacipui
1757 2880 1859 2917 suo
1890 2881 1948 2918 se
1973 2865 2075 2919 ho-

377 2965 514 3002 nore
561 2950 924 3005 abdicaturos
971 2955 1331 3021 receperunt,
1394 2956 1678 3006 memorat
1722 2953 2073 3022 Augustinus

371 3038 565 3108 (Serm.
603 3042 727 3107 359,
778 3039 858 3111 5).
905 3042 1201 3113 Deumque
1238 3047 1653 3111 comprecatur,
1708 3048 1775 3098 ut
1798 3043 2073 3114 quoniam

376 3128 514 3182 illud
550 3145 580 3182 e
618 3129 913 3184 eharitatis
943 3129 1097 3183 fonte
1128 3130 1444 3200 profectum
1476 3135 1578 3195 est,
1610 3134 1837 3200 gratum
1868 3132 2075 3186 habeat

371 3220 428 3269 et
455 3221 750 3287 acceptum
780 3218 977 3287 (Serm.
1009 3219 1134 3282 358,
1177 3233 1234 3271 η.
1268 3218 1341 3285 4).
1376 3218 1497 3281 Qua
1521 3218 1590 3272 de
1618 3235 1700 3283 re,
1725 3218 1769 3271 si
1789 3218 1930 3289 quid
1956 3219 2074 3290 ple-

372 3303 505 3358 nius
534 3304 840 3370 desideres,
873 3304 1043 3358 adeas
1071 3304 1203 3358 licet
1232 3321 1552 3359 sermonem
1584 3306 1653 3360 de
1674 3307 1816 3360 Pace
1846 3312 1902 3361 et
1926 3308 2071 3361 Cha-

371 3391 557 3459 ritate,
591 3392 691 3463 qui
728 3396 858 3464 post
886 3397 1262 3446 memoratam
1290 3392 1520 3463 quidem
1543 3393 1864 3464 epistolam,
1888 3411 2071 3466 quan-

368 3486 493 3535 tum
516 3497 586 3535 ex
613 3481 713 3549 eis,
745 3498 873 3553 qua:
900 3482 969 3536 de
998 3482 1321 3537 conditione
1342 3483 1445 3536 hac
1460 3483 1528 3537 ab
1549 3483 1896 3538 antistitibus
1910 3484 2065 3539 obla-

376 3574 433 3623 ta
463 3569 623 3635 dicit,
648 3570 1008 3640 conjicimus,
1030 3571 1129 3625 sed
1158 3575 1289 3624 ante
1307 3571 1494 3641 ipsum
1527 3575 1721 3626 tamen
1748 3573 2074 3628 Collationis

371 3657 521 3711 diem
576 3656 804 3712 habitus
843 3661 951 3713 est.
1008 3657 1092 3711 Ibi
1144 3657 1351 3712 citatur
1403 3659 1716 3713 secundum
1764 3660 2071 3715 Marcellini

372 3746 642 3812 edictum,
677 3746 795 3800 imo
828 3751 882 3800 et
911 3746 1166 3812 tertium,
1195 3763 1308 3818 quo
1337 3746 1590 3817 quidem,
1619 3752 1682 3802 ut
1710 3748 1950 3818 jamjam
1982 3766 2072 3803 ex-

369 3832 615 3901 posituri
637 3849 852 3899 sumus,
888 3833 1303 3887 Catholicorum
1335 3834 1633 3904 epistolam
1660 3836 2067 3907 promulgavit.

373 3923 432 3974 In
464 3937 531 3974 eo
561 3923 840 3992 populum
872 3927 1100 3976 sanctus
1129 3921 1436 3992 Episcopus
1475 3922 1812 3989 obtestatur,
1841 3930 1906 3978 ut
1934 3925 2072 3978 Mar-

368 4009 559 4064 cellini
589 4011 771 4065 edicto
802 4027 1021 4064 morem
1065 4026 1269 4081 gerens
1294 4010 1353 4064 in
1375 4011 1706 4065 Collationis
1735 4012 1924 4066 locum
1953 4029 2071 4067 non

369 4098 572 4167 irruat,
598 4099 738 4170 quin
769 4100 941 4153 etiam
970 4115 1075 4168 per
1104 4098 1268 4152 illum
1298 4099 1508 4165 locum,
1553 4100 1763 4170 quoad,
1796 4117 1861 4154 ea
1898 4102 2070 4171 plane

370 4186 558 4240 soluta
586 4187 656 4240 sit
687 4203 806 4240 non
843 4190 1130 4253 transeat;
1162 4203 1235 4240 ne
1283 4203 1397 4257 qua
1432 4188 1647 4242 scilicet
1680 4189 2070 4244 tumultuandi

369 4273 586 4327 occasio
624 4274 693 4327 iis
734 4274 832 4345 qui
864 4274 1005 4328 nihil
1036 4274 1271 4329 omnino
1319 4276 1675 4344 maluissent,
1719 4278 2073 4348 praeberetur

372 4362 561 4429 (Ibid.,
589 4379 644 4416 η.
679 4365 750 4430 6).
786 4362 868 4416 Ibi
888 4363 1019 4433 pius
1048 4363 1297 4417 Antistes
1320 4364 1568 4419 studium
1589 4381 1708 4435 prae
1740 4383 1796 4419 se
1825 4367 1934 4420 fert
1963 4384 2069 4439 op-

368 4450 503 4520 pido
546 4450 967 4504 inflammatum
1018 4452 1319 4506 revocandi
1360 4452 1745 4507 sehismaticos
1775 4454 1843 4508 ad
1876 4458 2067 4509 unita-

369 4544 515 4593 tem:
550 4556 678 4609 qum
708 4556 841 4593 vera
862 4544 1010 4594 esset
1038 4540 1271 4594 illorum
1284 4540 1537 4595 victoria.
1557 4544 1715 4608 Nam,
1734 4542 1941 4612 inquit,
1964 4560 2071 4597 non

369 4630 540 4681 vincit
564 4630 676 4681 nisi
701 4632 925 4696 veritas,
957 4632 1187 4683 victoria
1215 4632 1463 4684 veritatis
1488 4636 1565 4685 est
1593 4632 1834 4686 Charitas
1884 4632 2065 4702 (Ibid.,

369 4734 426 4772 n.
462 4720 533 4787 1).
558 4719 680 4782 Qua
702 4717 920 4772 ratione
953 4718 1183 4772 defendi
1214 4723 1473 4789 oporteat
1502 4718 1788 4774 Caeciliani
1818 4736 2066 4788 causam,

369 4811 427 4860 et
455 4822 569 4877 quo
596 4807 784 4861 studio
806 4808 1121 4861 cavendum
1143 4807 1371 4878 cuique,
1400 4824 1471 4862 ne
1494 4808 1709 4863 haereat
1734 4809 1793 4863 in
1814 4810 2073 4880 quolibet

369 4894 626 4963 homine,
652 4895 731 4948 ibi
752 4896 1201 4965 ostendit(1bid.,
1225 4912 1280 4950 η.
1311 4898 1385 4965 3).
1412 4898 1559 4963 Quid
1585 4900 1755 4964 vobis,
1780 4899 1858 4953 ait
1884 4899 1952 4952 ad
1977 4915 2071 4968 po-

368 4983 593 5053 pulum,
624 4984 977 5051 injungamus
1005 4984 1033 5040 ?
1059 4986 1244 5039 Partes
1272 4987 1414 5051 forte
1455 4986 1639 5041 uberes
1673 4990 1916 5055 pictatis.
1962 4991 2070 5044 Nos

366 5074 703 5141 disputemus
747 5087 847 5141 pro
876 5072 1026 5126 vobis
1055 5088 1069 5126 :
1120 5088 1212 5127 vos
1257 5078 1405 5127 orate
1432 5090 1532 5143 pro
1559 5076 1731 5130 nobis.
1791 5077 2069 5132 Orationes

367 5165 530 5215 etiam
571 5165 776 5215 vestras
797 5161 1027 5228 jejuniis
1073 5165 1125 5215 et
1167 5163 1511 5230 eleemosynis
1559 5164 1835 5233 adjuvate.
1868 5167 2071 5222 Addite

362 5265 570 5320 pennas
599 5251 731 5317 illis,
770 5250 965 5318 quibus
1002 5250 1185 5303 volant
1216 5250 1292 5303 ad
1338 5253 1517 5306 Deum.
1572 5254 1660 5307 Sic
1708 5260 1921 5319 agentes
1975 5250 2069 5311 rie-

367 5342 593 5404 gotium,
623 5341 858 5405 fortasse
888 5339 1139 5392 utiliores
1174 5340 1331 5393 nobis
1360 5342 1535 5406 eritis,
1580 5357 1741 5409 quam
1769 5358 1864 5396 nos
1898 5345 2066 5400 robis.

368 5428 530 5481 Nemo
559 5429 699 5480 enim
720 5432 963 5480 nostrum
990 5429 1048 5479 in
1066 5427 1165 5479 hac
1186 5427 1556 5495 disputatione
1588 5428 1653 5481 de
1682 5444 1738 5481 se
1752 5434 2066 5499 prazsumit:

368 5516 423 5565 in
466 5517 563 5567 Deo
586 5520 663 5569 est
693 5520 803 5569 tota
824 5531 944 5584 spes
975 5515 1163 5585 (Ibid,
1193 5532 1249 5568 n.
1282 5522 1355 5581 6).

2260 392 2312 445 8.
2345 389 2733 446 Marcellinum
2769 388 3049 460 rogabant
3086 404 3188 443 sua
3211 386 3469 459 :epistola
3497 387 3799 457 Catholici,
3838 392 3908 443 ut

2190 495 2317 534 eam
2360 478 2791 550 quamprimum
2832 477 3092 532 omnium
3121 476 3301 531 oculis
3338 482 3719 548 proponeret:
3764 494 3906 549 qua:

2188 566 2353 637 forte,
2384 568 2555 622 etiam
2584 572 2717 621 ante
2746 566 3145 627 Collationem,
3178 565 3670 620 schismaticorum
3701 567 3790 622 vel
3813 566 3901 620 in¢

2190 655 2359 710 firma
2384 657 2473 710 vel
2492 656 2637 711 dura
2665 654 2857 722 corda,
2885 654 3150 709 exhibita:
3180 654 3260 708 ibi
3280 653 3392 725 pias
3421 653 3716 708 charitatis
3739 653 3908 708 testi-

2189 743 2472 811 ﬁcatione,
2523 746 2623 797 aut
2665 746 3023 808 sanarentur,
3079 745 3180 795 aut
3231 741 3642 796 edomarentur
3682 742 3899 810 (Collat.

2190 833 2455 900 Carthag.
2499 836 2547 899 1,
2580 848 2701 901 cap.
2731 834 2838 898 16).
2870 830 2934 884 Id
2963 834 3030 884 ut
3057 833 3358 901 praestaret
3385 828 3766 899 Marcellinus,
3795 845 3906 883 sua

2188 917 2312 990 ipse
2341 918 2776 991 pollicitatione,
2808 934 2920 989 qua
2953 916 3212 972 omnium
3236 917 3453 988 judicio
3494 933 3654 971 suam
3688 918 3905 988 agendi

2187 1007 2467 1062 rationem
2514 1007 2929 1078 permissurum
2976 1022 3034 1060 se
3075 1010 3387 1076 receperat,
3420 1005 3556 1060 satis
3605 1018 3904 1077 superque

2190 1095 2592 1166 impellebatur
2623 1096 2805 1167 (Ibid.,
2848 1112 2970 1165 cap.
3023 1096 3127 1164 l7).
3174 1096 3371 1165 Itaque
3413 1110 3543 1149 cum
3594 1094 3903 1165 epistolam

2189 1184 2631 1251 Catholicorum,
2656 1189 2778 1239 tum
2803 1183 3230 1239 Donatistarum
3244 1182 3539 1237 Notoriam
3566 1182 3793 1253 publice
3817 1183 3900 1237 af-

2186 1274 2288 1344 ﬁgi
2313 1289 2456 1327 novo
2478 1273 2660 1327 edicto
2680 1272 2868 1343 jussit.
2885 1272 3022 1326 Inde
3050 1287 3181 1326 cum
3200 1271 3412 1325 factum
3433 1275 3598 1336 esset,
3620 1274 3685 1325 ut
3699 1270 3903 1324 isthaec

2190 1362 2422 1417 Notoria
2451 1362 2829 1419 innotesceret
2864 1360 3187 1427 Catholicis,
3219 1359 3281 1414 hi
3322 1359 3644 1415 Marcellino
3676 1358 3903 1413 litteras
3958 1418 3979 1427 κ

2189 1451 2326 1505 alias
2358 1450 2427 1505 ab
2455 1449 2687 1505 Aurelio
2719 1450 2858 1504 item
2890 1466 2954 1504 ac
2983 1449 3209 1504 Silvano
3236 1447 3580 1519 subscriptus
3605 1447 3898 1513 obtulere,

2188 1538 2397 1610 quibus
2426 1539 2631 1593 timere
2679 1555 2737 1592 se
2781 1537 3128 1608 significant,
3179 1552 3254 1591 ne
3306 1553 3340 1591 a
3387 1535 3711 1602 Donatistis,
3761 1552 3902 1591 suos

2188 1643 2388 1682 omnes
2410 1627 2481 1681 ad
2502 1627 2883 1682 Collationem
2904 1626 3131 1680 admitti
3151 1626 3273 1680 sine
3287 1625 3429 1692 ulla,
3450 1629 3514 1680 ut
3533 1625 3724 1696 palam
3746 1630 3897 1694 erat,

2186 1731 2357 1769 causa
2385 1714 2850 1785 emagitantibus,
2879 1713 3095 1785 aliquid
3121 1713 3184 1767 in
3212 1731 3276 1767 ea
3307 1717 3627 1783 emergeret
3654 1712 3893 1768 seditio-

2188 1804 2312 1858 nis:
2346 1803 2714 1858 consentiunt
2739 1808 2933 1858 tamen
2963 1802 3191 1857 illorum
3219 1802 3517 1873 postulatis
3553 1817 3619 1856 ea
3649 1801 3794 1872 lege,
3833 1806 3899 1855 ut

2188 1908 2253 1947 ex
2284 1891 2589 1946 Catholicis
2620 1890 2874 1961 episcopi
2913 1889 2996 1943 illi
3035 1889 3347 1944 octodecim
3385 1889 3552 1957 juxta
3580 1888 3897 1943 secundum

2189 1979 2498 2035 Marcellini
2523 1978 2769 2033 edictum
2803 1977 3108 2049 designati,
3140 1977 3246 2032 soli
3275 1977 3635 2042 interessent,
3659 1992 3729 2031 ne
3746 1976 3898 2030 scili-

2182 2074 2291 2134 cet,
2324 2067 2371 2122 si
2400 2068 2538 2139 quid
2554 2068 2835 2121 tumultus
2856 2083 2886 2120 e
2901 2066 3241 2134 xcitaretur,
3269 2066 3333 2120 in
3355 2065 3495 2120 alios
3515 2081 3688 2137 quam
3710 2066 3899 2120 Dona-

2186 2158 2346 2213 tistas
2383 2160 2576 2228 posset
2603 2156 2872 2210 conferri.
2911 2156 3146 2211 Addunt
3172 2154 3389 2225 optime
3420 2170 3612 2209 secum
3646 2153 3738 2223 agi
3770 2171 3896 2208 sese

2184 2246 2625 2310 existimaturos,
2657 2245 2703 2298 si
2726 2260 2935 2299 vanum
2960 2244 3133 2298 fuisse
3149 2248 3367 2298 metum
3384 2243 3549 2298 illum
3571 2242 3895 2313 deprehen-

2183 2334 2390 2399 derint,
2426 2350 2615 2405 neque
2641 2332 2754 2387 alia
2773 2333 2842 2387 de
2871 2349 3041 2387 causa
3070 2332 3316 2386 voluisse
3350 2331 3670 2387 Donatistas
3698 2332 3895 2385 consi-

2184 2422 2262 2477 lio
2295 2422 2568 2476 interesse
2603 2422 2918 2488 universos,
2950 2421 3061 2475 nisi
3088 2426 3168 2487 ut,
3201 2425 3329 2491 post
3377 2420 3518 2475 illud
3548 2419 3770 2474 solenni
3799 2437 3890 2473 rc-

2184 2511 2581 2565 conciliatioue
2627 2510 3023 2578 terminatum,
3054 2509 3116 2563 in
3154 2509 3413 2564 eamdem
3443 2507 3737 2563 ecclesiam
3769 2524 3892 2563 una

2183 2616 2314 2653 cum
2352 2598 2656 2655 Catholicis
2686 2616 2806 2652 sese
2838 2598 3185 2665 conferrent,
3217 2596 3428 2667 gratias
3477 2598 3590 2652 Deo
3640 2613 3747 2667 pro
3790 2613 3891 2651 re-

2180 2692 2381 2758 parata
2434 2686 2854 2741 communionis
2900 2687 3165 2741 societate
3213 2685 3491 2741 reddituri
3536 2685 3719 2756 (lbid.,
3761 2701 3889 2756 cap.

2186 2779 2291 2845 18).
2341 2778 2407 2831 In
2453 2775 2841 2847 hacvepistola
2893 2779 3012 2829 tam
3060 2774 3381 2846 perspicue,
3423 2779 3541 2828 tam
3577 2774 3762 2829 valide
3811 2775 3892 2828 si-

2182 2865 2303 2920 mul
2331 2881 2395 2919 ac
2413 2864 2662 2920 breviter
2695 2864 2815 2935 ipsa
2834 2868 2953 2918 tota
2975 2863 3231 2934 exposita
3248 2868 3331 2917 est
3358 2878 3549 2929 causa,
3574 2867 3713 2917 utea
3740 2862 3893 2917 lecta

2184 2956 2490 3010 Donatista:
2522 2971 2638 3010 non
2676 2954 2798 3008 sine
2827 2953 3044 3024 ineptia
3072 2951 3261 3024 questi
3288 2951 3523 3018 fuerint,
3563 2967 3688 3005 rem
3717 2968 3750 3005 a
3778 2951 3887 3006 Ca-

2182 3044 2407 3099 tholicis
2437 3044 2598 3116 prius
2620 3048 2824 3103 actam,
2858 3058 3031 3113 quam
3061 3042 3130 3096 de
3167 3040 3396 3111 praeviis
3425 3040 3496 3095 ad
3526 3056 3652 3094 eam
3684 3040 3890 3094 condi-

2181 3130 2435 3185 tionibus
2455 3130 2547 3201 agi
2575 3134 2823 3201 coeptum
2848 3134 2996 3183 esset
3017 3128 3203 3200 (Ibid.,
3226 3144 3384 3200 capp.
3406 3131 3655 3197 l8,20,et
3671 3130 3883 3183 Brevic.

2182 3220 2373 3275 Collat.
2409 3223 2459 3286 1,
2482 3235 2647 3289 capp.
2673 3224 2728 3285 7,
2761 3218 2835 3289 8).
2860 3218 3047 3272 Tertio
3074 3217 3343 3271 kalendas
3362 3216 3556 3287 junias
3585 3216 3721 3271 anni
3746 3233 3888 3288 qua-

2183 3306 2617 3377 dringentesimi
2645 3305 2937 3362 undecimi
2974 3321 3173 3360 omnes
3201 3305 3490 3361 catholica:
3520 3306 3885 3360 communio-

2180 3397 2269 3453 nis
2294 3398 2548 3469 episcopi
2576 3397 2950 3468 designarunt
2978 3396 3258 3450 antistites
3305 3396 3375 3451 ad
3403 3395 3802 3462 Collationem,
3828 3401 3888 3450 et

2180 3487 2517 3541 mandatum
2559 3502 2673 3557 quo
2705 3486 3009 3540 instructos
3038 3484 3168 3539 illos
3216 3484 3500 3550 volebant,
3540 3484 3600 3538 in
3646 3485 3887 3538 ecclesia

2182 3575 2615 3646 Carthaginensi
2656 3574 3008 3645 scripserunt
3057 3578 3331 3644 prmsente
3376 3573 3719 3636 Marcellino,
3770 3574 3886 3644 ipsi

2181 3666 2372 3716 autem
2398 3662 2674 3729 concioni,
2705 3678 2832 3733 quae
2869 3661 3127 3716 ducentis
3157 3660 3451 3731 sexaginta
3480 3677 3577 3715 sex
3599 3660 3886 3731 episcopis

2180 3751 2492 3817 constabat,
2523 3750 2753 3804 Aurelio
2791 3748 3223 3820 Carlhagiuensi
3253 3754 3311 3803 et
3338 3749 3563 3804 Silvano
3595 3748 3883 3804 Numidiae

2178 3839 2425 3910 primatu
2454 3839 2915 3910 prtesidentibus.
2948 3838 3281 3894 Renuntiati
3302 3843 3457 3905 sunt,
3488 3837 3588 3909 qui
3609 3838 3666 3892 in
3689 3838 3882 3892 Colla-

2178 3928 2333 3981 tioue
2364 3928 2741 3998 disputarent,
2799 3927 3063 3981 Aurelius
3111 3924 3596 3995 Carthagineusis,
3641 3925 3884 3995 Alypius

2179 4018 2559 4087 Tagastensis,
2591 4016 2947 4087 Augustinus
2980 4014 3377 4085 Hipponensis,
3410 4013 3739 4067 Vincentius
3769 4014 3883 4068 Cu—

2179 4106 2479 4172 lusitanus,
2522 4107 2864 4160 Fortunatus
2893 4101 3405 4169 Constantinensis,
3438 4100 3885 4156 Fortunatianus

2178 4194 2466 4256 Siccensis,
2500 4193 2788 4247 Possidius
2818 4191 3189 4248 Calamensis.
3221 4194 3269 4246 A
3294 4190 3547 4245 consiliis
3589 4190 3746 4244 fuere
3787 4189 3886 4244 isti

2179 4288 2418 4354 septem,
2452 4284 2697 4337 Novatus
2719 4281 3020 4348 Sitifensis,
3047 4279 3369 4335 Florentius
3397 4280 3884 4351 Hipponensium-

2181 4370 2635 4441 Diarrhytorum,
2690 4369 3037 4425 Maurentius
3098 4368 3587 4430 Thubursicensis.
3657 4367 3886 4423 Priscus

2179 4458 2523 4524 Quidiensis,
2574 4458 2917 4513 Serenianus
2966 4457 3301 4525 Miditensis,
3351 4456 3669 4511 Bonifacius
3715 4456 3885 4510 Cata-

2178 4548 2428 4619 quensis,
2445 4552 2502 4601 et
2520 4547 2857 4618 Squillacius
2884 4546 3225 4601 Scillitanus.
3261 4545 3654 4600 Custodiendm
3682 4546 3885 4600 Gesto-

2178 4654 2305 4691 rum
2337 4636 2741 4707 conscriptioni
2768 4636 3022 4707 praefecti
3060 4638 3214 4700 sunt,
3250 4634 3548 4689 Deuterius
3569 4634 3885 4688 Caesareen-

2178 4726 2273 4791 sis,
2316 4726 2424 4780 Leo
2471 4725 2798 4795 Moptensis,
2846 4723 3105 4779 Asterius
3142 4722 3411 4788 Vicensis,
3461 4738 3524 4775 ac
3563 4721 3882 4776 Restitutus

2175 4814 2513 4885 Tagorensis
2544 4816 2754 4881 (Collat.
2772 4815 3033 4879 Carthag.
3062 4816 3110 4879 I,
3135 4828 3294 4881 capp.
3320 4815 3408 4877 55,
3434 4813 3539 4873 57).
3566 4810 3741 4864 Hosce
3763 4808 3882 4863 du-

2177 4910 2369 4958 centos
2390 4904 2685 4975 sexaginta
2714 4919 2807 4957 sex
2838 4902 3131 4973 episcopos
3152 4899 3464 4954 secundum
3486 4898 3880 4968 inauguratim

2176 4993 2266 5047 nis
2295 5008 2410 5046 sum
2429 4992 2691 5046 ordinem
2729 4989 3124 5059 subscripsisse
3150 4987 3458 5042 verisimile
3498 4990 3603 5041 est.
3649 4989 3721 5040 At
3748 5002 3885 5039 vero

2178 5083 2489 5135 electorum
2526 5078 2861 5143 octodecim,
2888 5093 3005 5131 uno
3033 5077 3267 5132 Aurelio
3315 5080 3570 5146 excepto,
3609 5074 3710 5147 qui
3740 5074 3879 5129 sub-

2178 5166 2403 5238 scripsit
2430 5166 2688 5221 omnium
2710 5163 2996 5236 princeps,
3028 5163 3263 5218 nomina
3283 5167 3571 5234 postremo
3603 5162 3724 5215 loco
3743 5162 3884 5215 sub-

2177 5259 2452 5309 notantur
2495 5254 2686 5322 (Ibid,
2734 5267 2894 5321 capp.
2941 5255 3061 5317 136,
3101 5252 3242 5323 142).
3291 5252 3468 5306 Porro
3501 5250 3573 5304 ab
3603 5250 3886 5304 universis

2178 5342 2523 5416 praesulibus
2554 5345 2774 5396 servata
2802 5341 2923 5395 haec
2969 5340 3081 5395 fuit
3115 5341 3176 5395 in
3220 5340 3628 5394 subscribendo
3656 5339 3882 5395 forma:

2177 5433 2244 5486 N.
2276 5432 2554 5499 episcopus
2583 5431 2647 5485 N.
2697 5430 3030 5496 Carthagini
3060 5430 3397 5492 constitutus,
3427 5432 3689 5497 prasente
3725 5430 3792 5484 V.
3821 5430 3883 5484 Ο.

2180 5519 2491 5573 Marcellino
2524 5519 2760 5573 Tribuno
2790 5524 2840 5572 et
2882 5520 3127 5576 Notario.
3157 5516 3415 5572 mandato
3463 5533 3497 5570 a
3538 5518 3691 5570 nobis
3733 5518 3883 5583 facto

4052 3118 4062 3227 Ι
