4062 6350
116 278 226 332 413

118 404 377 457 consensi
404 406 452 454 et
468 400 768 470 subscripsi
791 418 807 470 ;
836 400 945 468 vel,
969 399 1227 455 mandavi
1245 405 1295 454 et
1316 401 1619 471 subscripsi
1643 402 1831 471 (Ibid.,

118 507 243 560 cap.
277 493 396 560 57).
428 489 645 554 Quibus
674 504 806 567 vero
837 488 1178 543 demandata
1201 493 1315 542 erat
1342 489 1669 560 disputandi
1698 507 1833 561 pro-

117 579 335 646 vincia,
368 577 431 632 hi
454 578 578 631 loco
609 592 812 631 vocum
838 577 1099 640 istarum,
1147 578 1407 632 Mandata
1439 594 1475 631 a
1501 579 1654 634 nobis
1688 582 1835 646 facto

117 669 388 734 consensi,
438 666 811 737 reponebant,
862 668 971 720 Hoc
1008 666 1328 720 mandatum
1365 670 1591 736 suscepi.
1624 668 1700 722 Eo
1739 684 1837 722 au-

117 760 238 810 tem
270 753 701 809 Catholicorum
740 753 1012 807 mandato
1057 754 1225 808 simul
1264 759 1323 808 et
1364 755 1731 825 responsione
1762 756 1831 810 ad

118 841 620 896 schismaticorum
648 840 962 904 Notoriam,
998 841 1278 913 quidquid
1307 843 1540 913 majoris
1558 843 1834 898 momenti

118 929 437 985 dicendum
451 918 593 994 erat,
607 929 1011 984 continebatur
1033 947 1046 984 :
1071 930 1243 1001 idque
1262 930 1643 985 deindustria.
1660 932 1834 1002 Quip-

116 1034 190 1089 pe
219 1018 525 1089 vulgatum
554 1017 759 1085 fuerat,
793 1019 1216 1073 Donatistarum
1248 1035 1370 1074 esse
1400 1019 1724 1086 consilium,
1759 1019 1829 1075 de

117 1106 658 1178 praescriptionibus
679 1122 743 1160 ac
772 1106 1031 1161 formulis
1061 1107 1424 1179 quibusdam,
1455 1124 1585 1179 quae.
1598 1108 1682 1162 rei
1703 1112 1829 1162 tan-

117 1202 242 1250 tum
300 1194 655 1249 decisionem
695 1196 1113 1265 protraherent,
1165 1196 1431 1267 litigare;
1470 1197 1624 1268 quod
1674 1196 1757 1249 eis
1784 1196 1832 1250 si

118 1287 456 1355 negaretur,
503 1283 825 1338 timendum
868 1287 989 1338 erat
1040 1300 1110 1338 ne
1149 1284 1499 1355 colloquium
1546 1285 1831 1338 solverent

120 1375 350 1444 (Brevic.
379 1374 569 1429 Collat.
605 1376 652 1437 1,
689 1388 812 1441 cap.
847 1374 951 1441 10).
971 1373 1166 1443 Itaque
1196 1372 1597 1443 scriptionibus
1624 1372 1736 1426 illis
1755 1376 1831 1427 te-

120 1465 338 1516 statum
352 1476 476 1515 esse
499 1460 773 1515 Catholici
786 1460 1106 1526 voluerunt,
1125 1476 1300 1531 quam
1312 1460 1518 1513 invicta
1533 1465 1720 1513 essent
1734 1476 1827 1513 ve-

118 1550 327 1617 ritatis,
358 1550 523 1620 cujus
553 1566 585 1604 a
608 1548 866 1621 partibus
896 1550 1145 1615 stabant,
1181 1554 1455 1617 arma;nt
1473 1549 1520 1603 si
1536 1548 1831 1619 continge-

121 1644 206 1692 ret
257 1638 643 1692 Collationem
677 1637 820 1691 solvi
858 1653 963 1708 per
1004 1638 1345 1706 Donatistas,
1384 1636 1607 1692 nemini
1636 1641 1828 1692 tamen

118 1742 233 1780 non
261 1727 497 1781 abunde
526 1730 734 1781 notum
771 1726 952 1793 fieret,
987 1742 1085 1780 eos
1108 1726 1262 1781 haud
1293 1726 1404 1781 alia
1432 1726 1503 1781 de
1533 1743 1701 1780 causa
1727 1742 1828 1780 no-

120 1814 290 1869 luisse
348 1814 633 1881 conferre,
694 1814 804 1868 nisi
855 1814 1006 1885 quod
1052 1814 1120 1869 de
1162 1814 1400 1869 victoria
1439 1814 1826 1886 desperarent,

119 1902 333 1974 quippe
368 1902 660 1973 responsis
688 1902 924 1956 omnino
950 1902 1227 1958 destituti.

808 1990 1032 2044 CAPUT
1062 1992 1149 2045 XI.

126 2081 168 2134 1.
205 2079 540 2133 Collationis
570 2077 769 2133 habitae
800 2079 1040 2133 kalendis
1060 2080 1239 2147 juniis
1262 2078 1448 2135 initia.
1471 2083 1503 2134 2
1535 2082 1828 2134 Donatistae

188 2168 505 2222 Catholicos
526 2182 721 2227 omnes,
751 2172 813 2220 ut
841 2166 907 2219 de
933 2166 1420 2235 subscriptionibus
1450 2168 1702 2221 mandati
1744 2183 1825 2221 eo-

186 2272 310 2310 rum
352 2258 604 2309 certiores
649 2258 805 2324 ﬁant,
842 2257 1028 2309 vocari
1062 2257 1266 2309 colunt.
1319 2259 1350 2309 3
1400 2256 1647 2310 Oblatam
1702 2271 1825 2310 con-

188 2344 416 2398 sedendi
442 2344 762 2412 facultatem
789 2360 897 2397 non
925 2345 1200 2412 accipiunt
1230 2346 1521 2397 Donatistae
1539 2362 1556 2397 :
1604 2343 1826 2397 delectos

186 2438 366 2487 autem
409 2449 511 2502 pro
547 2448 601 2487 se
629 2432 1006 2502 disputaturos
1044 2435 1379 2486 renuntiant.
1424 2434 1459 2486 4
1491 2434 1553 2486 1η
1582 2433 1820 2485 subscri~

183 2523 472 2591 ptionibus
500 2522 751 2575 mandati
774 2521 1213 2592 disputatoribus
1237 2523 1351 2575 suis
1381 2521 1501 2575 dati
1542 2522 1827 2589 aliquoties

180 2623 436 2680 peccasse
462 2612 869 2663 convincuntur.
914 2614 944 2663 5
973 2613 1185 2665 Necnon
1222 2612 1281 2663 in
1312 2610 1681 2675 Quodvultdeo
1711 2612 1826 2678 epi-

184 2714 348 2769 scopo
401 2697 738 2752 mendacium
762 2697 1063 2752 admisisse.
1096 2701 1149 2753 6.
1197 2698 1290 2752 Ad
1338 2699 1694 2752 Collationem
1738 2712 1826 2751 se-

186 2788 429 2843 cundam
458 2787 707 2841 condicta
736 2786 824 2840 die
861 2801 968 2840 non
1022 2789 1243 2839 veniunt
1274 2802 1342 2839 ea:
1380 2788 1679 2840 Donatistis
1715 2787 1828 2838 nisi

187 2882 394 2948 septem
421 2878 659 2946 episcopi
702 2875 1088 2943 disputatores,
1132 2889 1199 2927 ea:
1234 2875 1534 2928 Catholicis
1572 2889 1694 2927 vero
1724 2873 1825 2926 ad-

188 2972 317 3021 sunt
346 2965 642 3021 octodecim
684 2964 936 3030 delegati.
966 2967 997 3016 ’7
1048 2963 1349 3017 Donatistis
1394 2962 1701 3016 conceditur
1737 2961 1825 3014 di-

189 3056 321 3109 latio
332 3095 346 3109 .

192 3146 242 3197 1.
274 3143 379 3198 Die
413 3142 483 3197 ad
512 3139 867 3212 colloquium
895 3138 1227 3205 constituto,
1262 3137 1535 3192 nimirum
1566 3134 1827 3190 kalendis

116 3232 292 3302 juniis
330 3232 472 3287 anni
503 3229 1060 3303 quadringentesimi
1102 3227 1410 3289 undecimi.
1444 3243 1558 3298 quo
1586 3242 1737 3281 anno
1765 3225 1827 3280 in

124 3322 388 3392 quintam
419 3319 619 3375 feriam
651 3318 999 3385 incidebant,
1031 3317 1388 3373 Marcellinus
1417 3332 1547 3371 cum
1572 3315 1708 3370 viris
1735 3331 1828 3368 va-

124 3410 221 3463 riae
253 3408 574 3481 dignitatis,
606 3408 722 3462 sive
767 3422 963 3462 rerum
1011 3406 1324 3461 forensium
1361 3404 1714 3459 administris
1743 3405 1826 3459 vi-

122 3498 289 3569 ginti,
317 3515 396 3553 ac.
427 3496 663 3552 notariis
694 3495 1106 3561 ecclesiasticis,
1149 3493 1452 3549 Catholicis
1499 3493 1725 3548 duobus
1763 3510 1828 3547 ac

122 3584 365 3640 totidem
398 3583 728 3651 Donatistis,
760 3583 821 3637 in
846 3582 1212 3637 secretarium
1242 3582 1597 3635 thermarum
1631 3580 1826 3650 Gargi-

124 3673 414 3728 lianarum
466 3673 775 3744 ingressus,
818 3688 885 3725 eo
915 3671 1087 3725 etiam
1137 3670 1435 3735 antistites,
1485 3668 1585 3739 qui
1623 3668 1695 3722 ad
1736 3668 1826 3738 ja-

123 3777 300 3817 nuam
331 3762 579 3830 stabant,
635 3778 665 3815 e
695 3759 1000 3815 Catholicis
1054 3758 1319 3813 videlicet
1369 3756 1684 3811 octodecim
1713 3758 1828 3810 ele-

121 3853 257 3913 ctos,
304 3866 371 3905 ac
400 3850 693 3905 universos
723 3846 1041 3903 Donatistas
1072 3845 1352 3900 introduci
1394 3844 1561 3915 jussit
1604 3844 1825 3914 (Collat.

121 3940 383 4007 Carthag.
417 3942 466 4005 1,
498 3954 617 4006 cap.
650 3938 713 4005 l).
746 3938 932 4006 Atque
977 3934 1055 3988 ita
1086 3933 1394 3987 Donatistae
1439 3931 1826 4001 arrogantiam

120 4027 277 4081 illam
303 4041 569 4098 posuere,
602 4040 717 4095 qua
746 4023 962 4092 aliquot
988 4026 1118 4075 ante
1152 4021 1337 4085 annis,
1370 4019 1676 4089 indignum
1706 4035 1825 4072 esse

116 4115 537 4184 jactitaverant,
570 4115 887 4181 martyrum
917 4109 1066 4163 filios
1092 4123 1224 4162 cum
1262 4107 1538 4177 progenie
1569 4106 1825 4160 Traditu-

122 4219 251 4258 rum
290 4200 600 4257 convenire
629 4200 746 4269 (Ad
774 4201 1088 4253 Donatistas
1114 4200 1236 4266 post
1281 4196 1471 4251 Collat.
1496 4210 1591 4249 nn.
1632 4197 1679 4259 t,
1712 4195 1821 4263 39).

125 4291 416 4363 Principio
442 4290 673 4362 quidem
708 4286 1063 4343 Marcellinus
1079 4284 1420 4355 rescriptum
1438 4283 1823 4353 Imperatoris,

124 4397 341 4453 suaque
379 4379 559 4451 ipsius
598 4378 802 4445 edicta,
832 4390 1057 4429 necnon
1102 4374 1284 4427 varias
1331 4373 1630 4443 utriusque
1668 4387 1825 4425 com-

125 4468 415 4524 munionis
442 4468 841 4539 episcoporum
874 4464 947 4518 ad
978 4479 1037 4517 se
1073 4462 1342 4533 epistolas
1369 4460 1596 4515 recitari
1631 4460 1822 4530 jussit.

126 4559 264 4613 Cum
295 4563 488 4613 autem
518 4558 578 4612 in
608 4554 784 4627 priori
811 4570 914 4608 suo
952 4553 1135 4607 edicto
1165 4550 1519 4606 Marcellinus
1547 4550 1826 4604 schisma-

126 4647 249 4702 ticaa
278 4647 510 4701 factioni
536 4644 892 4718 promisisset
919 4642 1118 4707 alium,
1160 4655 1583 4711 quemcumque
1613 4638 1825 4692 voluis-

128 4742 271 4803 sent,
305 4737 583 4807 collegam
611 4734 671 4788 in
700 4734 810 4788 hoc
833 4730 1048 4801 judicio
1074 4745 1132 4782 se.
1162 4732 1527 4797 recepturum
1551 4743 1565 4793 ;
1596 4742 1828 4797 respon-

82 4855 98 4868 ο
128 4824 211 4877 dit
240 4824 574 4886 Petilianus,
620 4839 739 4877 non
784 4822 1007 4889 decere,
1048 4817 1256 4889 quibus
1302 4814 1526 4886 primus
1565 4814 1828 4885 cognitor

128 4927 242 4965 non
296 4912 621 4984 petentibus
673 4910 837 4965 datus
876 4912 1012 4973 eset,
1048 4905 1183 4976 eligi
1233 4904 1304 4959 ab
1345 4902 1483 4973 ipsis
1512 4901 1827 4955 secundum

131 4999 337 5069 (Collat.
381 5001 639 5066 Carthag.
676 5002 727 5065 1,
762 5013 928 5066 capp.
970 4999 1023 5065 ϐ,
1061 4996 1133 5066 7).
1168 4996 1374 5047 Verum
1421 4990 1656 5063 propria
1683 5005 1826 5044 con-

131 5086 365 5141 scientia
389 5086 772 5159 prOpriusque
802 5085 975 5137 timor
993 5083 1139 5137 alter
1158 5081 1270 5135 illis
1291 5078 1554 5149 cognitor
1575 5094 1637 5131 ac
1651 5077 1826 5148 judex

134 5174 256 5244 fuit,
284 5192 352 5230 eo
382 5176 506 5246 ipso
544 5188 719 5245 quem
752 5170 1033 5226 Honorius
1062 5171 1314 5234 dederat,
1356 5169 1524 5239 longe
1569 5166 1828 5237 sagacior

133 5268 186 5316 et
212 5265 460 5319 severior
484 5263 593 5333 (Ad
619 5264 932 5317 Donatistas
949 5264 1070 5329 post
1102 5260 1292 5315 Collat.
1339 5273 1396 5310 n.
1429 5258 1538 5326 46).
1591 5256 1689 5309 Hic
1724 5271 1826 5308 an-

134 5355 359 5422 tequam
424 5367 593 5407 causa
648 5349 950 5409 diceretur,
1007 5347 1168 5417 prior
1216 5346 1511 5417 judicavit.
1563 5343 1828 5399 Perlectis

136 5438 284 5495 hisce
330 5440 577 5511 scriptis,
624 5437 909 5494 Emeritus
937 5435 1295 5507 praeteritum
1340 5434 1460 5505 jam
1488 5449 1609 5488 esse
1638 5432 1828 5503 dispu-

138 5528 288 5582 tandi
325 5534 569 5600 tempus,
604 5533 660 5581 et
687 5530 935 5598 quatuor
973 5524 1103 5577 illos
1131 5538 1354 5576 menses
1391 5538 1534 5592 quos
1573 5522 1827 5592 praescri-

1622 279 1831 336 LIBER
1865 280 2135 336 SEXTUS.

3533 288 3639 341 4H

1946 408 2137 475 pserat
2163 404 2499 474 Imperator,
2531 420 2566 458 a
2585 402 2806 458 decimo
2836 408 3042 474 quarto
3064 403 3336 459 kalendas
3345 405 3494 476 junii
3524 407 3639 460 ela-

1945 509 2077 564 psos
2128 492 2417 548 contendit
2444 494 2667 561 (Collat.
2711 493 2978 559 Carthag.
3025 496 3076 561 1,
3109 508 3231 561 cap.
3262 492 3372 563 20),
3405 495 3514 549 Sed
3544 511 3640 549 eos

1946 583 2017 637 ad
2047 581 2319 636 kalendas
2349 597 2528 652 usque
2558 580 2821 651 protendi
2870 581 3063 635 docuit
3093 581 3449 636 Marcellinus
3476 602 3492 647 ;
3522 582 3639 636 imo

1945 670 2157 725 exactis
2176 674 2422 741 quatuor
2448 669 2740 724 mensibus
2759 669 3012 740 potuisse
3035 670 3219 724 adhuc
3250 674 3306 724 et
3335 670 3475 724 alios
3497 671 3640 725 duos

1945 758 2111 829 adjici
2143 759 2324 830 (lbid.,
2371 773 2493 827 cap.
2547 760 2650 826 30).
2683 757 2805 823 Quo
2834 761 3024 812 tamen
3054 757 3324 828 prohibiti
3360 775 3475 812 non
3508 764 3643 813 sunt

1945 848 2278 913 Donatistae,
2317 847 2457 918 quin
2498 850 2691 917 postea
2739 845 3076 913 Catholicos,
3131 846 3295 916 quasi
3340 846 3411 901 ad
3453 847 3640 918 legiti-

1943 952 2102 989 mum
2157 935 2312 989 diem
2368 950 2485 988 non
2523 934 2856 997 adfuissent,
2912 949 3268 1004 praegravare
3317 937 3638 988 tentarent:

1944 1024 2143 1077 eadem
2173 1022 2327 1077 enim
2356 1022 2605 1077 secunda
2637 1038 2866 1093 quoque
2908 1022 3234 1092 cognitione
3258 1022 3639 1092 ingesserunt,

1942 1112 2043 1166 ubi
2070 1099 2309 1166 validius
2340 1112 2515 1165 etiam
2539 1111 2773 1165 fuerunt
2807 1126 2841 1164 a
2870 1110 3171 1166 Catholicis
3198 1110 3393 1164 revicti
3419 1112 3639 1180 (Collat.

1943 1200 2211 1267 Carthag.
2259 1202 2312 1253 2.
2346 1214 2505 1268 capp.
2546 1200 2636 1265 48,
2674 1198 2784 1267 50).
2836 1197 2926 1252 Sic
2956 1198 3188 1262 factum,
3225 1201 3285 1251 ut
3323 1213 3389 1250 eo
3437 1201 3644 1251 conatu

1943 1287 2086 1341 nihil
2124 1286 2283 1341 aliud
2331 1285 2641 1341 Donatista:
2689 1285 2976 1340 consecuti
3007 1285 3139 1351 sint,
3171 1285 3282 1339 nisi
3322 1288 3387 1339 ut
3424 1285 3641 1339 clarum

1942 1376 2413 1446 exploratumque
2458 1374 2619 1428 fieret
2669 1373 2935 1428 omnibus
2978 1379 3332 1444 quantOpere
3380 1389 3641 1427 vereren-

1940 1468 2054 1529 tur,
2083 1480 2154 1517 ne
2182 1463 2434 1518 discussa
2458 1463 2689 1533 penitus
2719 1478 2909 1529 causa,
2952 1466 3073 1516 tum
3103 1461 3368 1516 factionis
3398 1478 3513 1515 sum
3543 1461 3640 1516 de-

1938 1552 2146 1617 bilitas,
2180 1556 2305 1606 tum
2334 1551 2481 1605 vires
2513 1551 2936 1606 Catholicorum
2964 1550 3370 1621 proderentur.
3398 1550 3641 1614 Questus

1940 1642 2126 1696 fuerat
2154 1642 2513 1696 Marcellinus
2541 1641 2996 1711 vitilitigationes
3034 1639 3295 1695 adhiberi
3342 1657 3374 1693 a
3413 1638 3642 1693 Donati-

1941 1730 2059 1795 stis,
2092 1746 2277 1785 causaa
2317 1746 2447 1800 quas
2479 1730 2757 1799 agebatur
2799 1729 3073 1798 gravitate
3121 1727 3419 1797 indignas:
3464 1742 3639 1795 quare

1938 1818 2039 1878 illi,
2070 1822 2136 1871 ut
2163 1818 2426 1873 formulis
2464 1817 2789 1871 forensibus
2819 1816 3017 1885 procul
3051 1813 3386 1879 amendatis,
3412 1812 3641 1882 juberet

1936 1906 2113 1960 solam
2179 1906 2238 1958 in
2293 1906 2401 1959 hoc
2448 1903 2666 1973 judicio
2716 1903 2904 1956 valere
2960 1900 3383 1971 Scripturarum
3439 1904 3636 1954 aucto-

1938 1993 2187 2060 ritatem,
2246 1992 2463 2063 petiere
2524 1991 2707 2061 (Ibid.,
2794 1995 2843 2059 1,
2899 2005 3057 2059 capp.
3132 1990 3220 2054 30,
3286 1988 3399 2059 3t),
3450 1988 3638 2042 Actio-

1940 2097 2071 2136 nem
2119 2080 2477 2136 Marcellinus
2506 2080 2578 2134 ab
2609 2078 2885 2133 electione
2921 2092 3302 2148 personarum
3348 2076 3523 2148 (quod
3571 2092 3638 2131 eo

1936 2175 2217 2240 praesente
2260 2168 2508 2224 necdum
2550 2168 2858 2222 Donatista:
2888 2166 3286 2238 praestiterant)
3333 2164 3635 2236 auspican-

1939 2259 2070 2313 dam
2101 2258 2404 2324 censebat;
2436 2257 2521 2311 illi
2547 2273 2679 2311 vero
2709 2257 2999 2311 forensem
3027 2256 3175 2310 hanc
3201 2255 3373 2309 etiam
3395 2254 3637 2309 formam

1938 2364 2058 2402 esse
2105 2347 2548 2413 contendebant,
2606 2362 2668 2400 ac
2719 2344 2958 2417 proinde
3001 2344 3172 2398 simul
3215 2359 3345 2397 cum
3403 2343 3637 2414 reliquis

1938 2437 2329 2492 omittendam.
2361 2436 2742 2490 Nihilominus
2780 2439 2972 2488 tamen
3002 2450 3133 2489 cum
3163 2434 3503 2505 urgentibus
3536 2434 3639 2487 Do-

1939 2525 2160 2581 natistis
2215 2525 2527 2579 sciscitatus
2574 2540 2639 2577 ex
2689 2523 2991 2578 Catholicis
3043 2522 3260 2588 fuisset,
3317 2522 3638 2592 placeretne

1938 2631 2098 2669 more
2127 2613 2440 2668 forensium
2465 2612 2815 2683 judiciorum
2845 2627 3038 2679 agere,
3067 2626 3141 2665 an
3173 2611 3291 2663 sola
3315 2610 3636 2664 divinarum

1937 2703 2359 2773 Scripturarum
2415 2702 2782 2765 auctoritate;
2826 2714 3281 2769 responsumque
3336 2702 3503 2763 esset,
3578 2696 3635 2750 in

1938 2791 2208 2845 mandato
2238 2790 2520 2845 contineri
2540 2788 2801 2843 omnium
2813 2789 3188 2852 voluntatem,
3215 2787 3378 2856 cujus
3404 2786 3636 2856 quidem

1939 2879 2212 2933 terminos
2258 2877 2628 2949 prsetergredi
2657 2876 2764 2929 sibi
2796 2892 2912 2929 non
2963 2876 3179 2940 liceret,
3211 2890 3397 2944 neque
3443 2879 3633 2927 tamen

1938 2969 1994 3024 id
2035 2968 2356 3023 forensibus
2397 2967 2551 3022 tricis
2593 2967 2709 3019 ullo
2738 2969 2904 3034 pacto
2945 2965 3197 3017 hierere:
3226 2961 3477 3016 obtinuit
3506 2966 3637 3014 tan-

1938 3059 2069 3113 dem
2097 3056 2450 3111 Marcellinus
2488 3058 2551 3108 ut
2585 3054 2939 3118 recitaretur,
2968 3050 3195 3106 tametsi
3220 3050 3637 3104 intercederent

1939 3147 2271 3213 Donatistae,
2299 3161 2363 3199 ac
2392 3145 2636 3199 formam
2656 3158 2777 3196 esse
2806 3140 3047 3196 minime
3070 3138 3446 3194 necessariam
3476 3137 3637 3192 dicti-

1936 3240 2126 3291 tarent
2156 3256 2172 3304 ;
2202 3251 2321 3290 cum
2352 3237 2410 3289 in
2438 3248 2562 3299 uno,
2594 3230 2784 3303 inquit
2825 3230 3123 3295 Emeritus,
3164 3232 3362 3283 constet
3392 3229 3637 3282 Ecclesia

1938 3331 2051 3381 tota
2093 3340 2323 3395 persona
2382 3324 2570 3394 (Ibid.,
2623 3337 2723 3389 cap
2786 3321 2896 3387 47).
2952 3320 3117 3373 Lecto
3166 3317 3438 3371 mandato
3483 3316 3634 3370 bona

1936 3415 2047 3470 ﬁde
2074 3413 2316 3468 confessi
2346 3416 2496 3477 sunt,
2527 3427 2594 3465 eo
2623 3409 2733 3464 fori
2772 3408 3035 3479 jurisque
3064 3406 3339 3461 formulas
3376 3404 3596 3459 excludi
3620 3420 3634 3469 ;

1939 3510 2107 3575 atque
2139 3502 2277 3556 adeo
2315 3499 2638 3555 faciendum
2677 3497 2786 3551 sibi
2825 3512 2967 3562 esse,
3015 3500 3080 3550 ut
3107 3493 3412 3549 Catholicis
3454 3509 3519 3547 ex
3551 3493 3637 3546 di-

1935 3593 2083 3646 vina:
2136 3590 2279 3660 legis
2308 3586 2650 3643 testimoniis
2677 3585 3092 3655 respondeatur
3120 3583 3304 3652 (Ibid,
3346 3598 3467 3651 cap.
3507 3582 3633 3647 70):

1936 3696 2134 3734 verum
2172 3679 2409 3747 hujusce
2437 3674 2699 3746 promissi
2732 3672 3070 3727 memoriam
3100 3671 3258 3726 brevi
3286 3671 3633 3741 abiecerunt.

2006 3770 2059 3820 2.
2094 3768 2228 3819 Post
2253 3762 2506 3817 mandati
2531 3761 2834 3815 lectionem
2866 3760 3101 3830 petiere,
3119 3765 3186 3812 ut
3214 3757 3314 3828 qui
3342 3757 3482 3812 illud
3504 3758 3636 3810 sub-

1939 3853 2314 3923 scripsissent,
2356 3848 2876 3911 iutroducerentur,
2911 3863 2982 3901 ne
3028 3846 3173 3900 forte
3208 3862 3312 3915 pro
3353 3844 3637 3915 episcopis

1937 3941 2235 3996 inferiores
2263 3937 2455 3993 clerici
2499 3935 2820 3991 subdititias
2859 3933 3232 3988 inseruissent
3266 3932 3636 4001 subscriptio-

1935 4048 2055 4086 nes.
2092 4028 2371 4099 Suspicati
2404 4031 2541 4081 sunt
2587 4023 2862 4081 Catholici
2916 4023 3254 4089 Donatistas,
3308 4038 3437 4075 cum
3492 4020 3634 4074 nihil

1936 4119 2217 4173 tumultus
2246 4116 2565 4187 usquedum
2595 4112 2717 4167 ausi
2750 4116 2937 4166 essent
2984 4110 3248 4177 excitare,
3279 4109 3445 4164 veriti
3474 4125 3546 4162 ne
3576 4108 3632 4163 in

1935 4207 2109 4278 ipsos,
2142 4206 2243 4277 qui
2271 4220 2447 4277 prope
2481 4202 2586 4257 soli
2624 4205 2809 4269 erant,
2853 4200 3037 4255 omnis
3075 4199 3286 4254 invidia
3334 4197 3636 4265 recideret,

1937 4297 2007 4351 de
2052 4294 2400 4349 accersendis
2447 4290 2754 4348 Catholicis
2784 4306 2848 4344 co
2877 4288 3113 4344 consilio
3159 4304 3383 4359 urgere,
3436 4289 3497 4339 ut
3536 4301 3639 4356 per

1936 4384 2321 4440 multitudinis
2369 4380 2760 4437 confusionem
2812 4380 3063 4435 tumultu
3121 4376 3330 4431 sensim
3393 4374 3636 4429 excitato

1938 4468 2407 4540 disceptationem
2442 4466 2851 4536 abrumperent
2876 4463 3061 4534 (Ibid.,
3088 4478 3244 4532 capp.
3281 4465 3369 4527 8t,
3403 4464 3491 4526 83,
3524 4460 3635 4527 84).

1936 4559 2295 4629 Quapropter
2330 4554 2666 4627 aliquandiu
2693 4552 2960 4623 refragati
2993 4555 3146 4617 sunt,
3190 4550 3376 4621 quoad
3408 4549 3637 4603 Donati-

1936 4651 2035 4699 stas
2057 4646 2166 4716 ipsi
2196 4661 2326 4698 suos
2371 4660 2437 4697 ex
2472 4659 2585 4697 una
2627 4646 2809 4712 parte,
2833 4638 3151 4694 Catholicos
3189 4654 3219 4691 e
3257 4637 3479 4692 diversa
3520 4637 3637 4690 col-

1936 4734 2204 4787 locandos
2233 4747 2355 4786 esse
2385 4734 2829 4802 proposuerunt,
2859 4733 2942 4793 ut,
2976 4726 3023 4779 si
3052 4742 3191 4797 qua!
3212 4725 3396 4779 turbas.
3428 4730 3635 4780 exortae

1936 4825 2142 4887 essent,
2182 4819 2240 4873 in
2271 4819 2526 4873 insontes
2555 4821 2748 4871 tamen
2796 4831 2913 4869 non
2961 4818 3150 4885 posset
3189 4815 3312 4885 ejus
3350 4814 3433 4867 rei
3470 4814 3638 4883 culpa

1935 4908 2197 4963 derivari.
2239 4909 2311 4962 At
2336 4922 2470 4960 vero
2514 4908 2713 4975 postea
2749 4903 3103 4957 intellectum
3145 4907 3250 4970 est,
3294 4902 3634 4967 Donatistas,

1934 5003 2000 5051 ut
2037 5000 2344 5068 praesentes
2373 4993 2690 5049 Catholicos
2719 4991 2837 5045 sisti
2867 4995 3147 5061 peterent,
3181 5006 3295 5044 non
3324 4990 3437 5044 alia
3465 5006 3524 5043 re
3555 4989 3638 5042 in-

1937 5087 2152 5147 ductos,
2181 5100 2353 5156 quam
2382 5082 2536 5155 quod
2573 5080 2917 5152 persuadere
2964 5078 3071 5132 sibi
3119 5078 3454 5149 neutiquam
3502 5093 3634 5147 pos-

1938 5180 2063 5229 sent
2092 5190 2312 5235 eorum,
2345 5188 2487 5242 quos
2516 5187 2644 5225 cum
2685 5172 2963 5240 apparatu
2986 5184 3048 5221 ac
3077 5182 3290 5237 pompa
3318 5166 3521 5219 urbem
3552 5166 3637 5218 in-

1937 5262 2097 5333 gredi
2128 5276 2247 5315 non
2276 5260 2553 5323 viderant,
2585 5261 2809 5311 tantum
2844 5271 2961 5308 esse
3009 5269 3339 5319 numerum,
3389 5258 3636 5323 quantus

1937 5369 2003 5407 ex
2036 5348 2548 5421 subscriptionibus
2577 5344 2911 5418 apparebat.
2941 5346 3286 5399 Consensere
3306 5343 3499 5413 itaque
3528 5343 3635 5396 Ca-

1936 5434 2150 5501 tholici,
2181 5438 2245 5488 ut
2273 5432 2639 5503 coepiscopos
2690 5445 2841 5495 suos,
2882 5427 2984 5498 qui
3035 5428 3180 5482 forte
3234 5425 3294 5480 in
3340 5425 3631 5480 ecclesiam

1941 5522 2195 5593 aliquam
2241 5519 2543 5573 convenire
2603 5518 2749 5571 inter
2804 5532 2860 5568 se
2917 5517 3249 5575 statuerant,
3298 5518 3636 5566 vocarentur
