4062 6368
406 299 512 353 415

407 417 592 487 (Ibid,
631 432 751 488 cap.
786 419 871 483 89)
897 438 913 485 ;
944 433 1074 472 cum
1102 422 1295 472 autem
1327 434 1443 472 non
1474 419 1640 489 pauci
1668 435 1772 489 per
1798 419 1955 473 varia
1984 420 2109 474 loca

405 506 646 577 dispersi
675 523 793 559 esse
825 510 1071 576 possent,
1118 506 1334 577 recepit
1382 507 1611 578 Alypius
1654 507 1784 562 illos
1835 509 2109 563 adductu-

404 610 535 649 rum
561 611 620 649 se
667 595 727 648 in
756 594 907 649 diem
947 594 1273 649 crastinum.
1325 596 1593 649 Attamen
1640 596 1979 653 introductis
2016 596 2106 662 iis,

410 683 509 754 qui
530 699 634 753 pro
660 683 873 737 foribus
897 683 1107 753 reperti
1128 687 1279 749 sunt,
1309 699 1566 756 quosque
1588 700 1655 739 ex
1677 686 1992 755 composito
2017 702 2111 738 vo-

411 776 565 826 catos
593 772 733 826 nulli
772 771 1134 839 dubitemus;
1168 788 1366 827 eorum
1409 789 1443 826 a
1473 773 1680 845 quibus
1728 774 2110 844 subscriptum

412 860 600 914 fuerat
635 860 989 924 mandatum,
1021 860 1237 922 abesse,
1271 864 1479 930 praeter
1507 876 1603 915 eos
1646 864 1746 931 qui
1784 859 2112 931 Carthagini

414 948 785 1018 tegrotabant,
808 952 1067 1017 repertus
1096 952 1182 1002 est
1209 963 1403 1004 nemo.
1420 949 1484 1002 In
1502 949 1609 1002 hoc
1631 948 2112 1019 subscriptionum

416 1035 698 1104 examine,
756 1035 1099 1090 schismatici
1158 1036 1464 1091 Catholicis
1507 1037 1643 1090 vitio
1681 1037 1906 1101 dabant,
1964 1037 2115 1107 quod

415 1124 478 1177 in
507 1139 621 1195 quo
652 1128 835 1177 tractu
864 1140 1011 1178 unus
1034 1129 1258 1178 tantum
1303 1122 1451 1179 esset
1492 1125 1749 1195 ipsorum
1789 1126 2111 1195 episcopus,

416 1212 501 1266 illi
556 1226 972 1282 nonnunquam
1022 1213 1164 1266 duos
1219 1217 1318 1267 aut
1370 1213 1541 1266 etiam
1592 1213 1785 1284 plures
1840 1213 2117 1267 haberent

416 1300 605 1370 (Ibid,
629 1316 789 1369 capp.
820 1304 908 1362 65,
941 1300 1060 1372 117)
1094 1317 1107 1354 :
1134 1305 1193 1354 at
1221 1301 1497 1355 Catholici
1528 1301 1677 1355 idem
1705 1318 1933 1372 quoque
1965 1302 2116 1367 apud

418 1388 557 1441 istos
577 1387 821 1441 inveniri
853 1388 1316 1442 demonstrabant
1345 1389 1538 1459 (Ibid,
1569 1406 1689 1458 cap.
1725 1394 1840 1455 I25,
1862 1392 1944 1444 vel
1970 1390 2113 1459 126).

421 1477 614 1530 Mutuo
635 1476 1085 1530 criminabantur
1103 1493 1243 1540 sese,
1266 1477 1420 1548 quod
1447 1478 1741 1548 episcopos
1771 1478 1830 1531 in
1859 1478 2027 1541 villis,
2058 1478 2118 1532 in

416 1561 613 1617 fundis
656 1568 714 1617 et
742 1564 911 1634 agris,
947 1565 1033 1619 vel
1066 1565 1124 1618 in
1172 1566 1401 1620 sedibus
1430 1567 1550 1620 sine
1579 1567 1747 1637 plebe
1792 1568 2117 1621 constituis-

420 1655 546 1705 sent
583 1652 770 1719 (Ibid,
827 1668 985 1722 capp.
1049 1656 1170 1723 181,
1227 1655 1370 1723 182).
1408 1655 1662 1726 Denique
1711 1655 1817 1710 sibi
1848 1656 2114 1723 invicem,

420 1755 549 1810 qua:
575 1739 672 1793 alii
703 1740 774 1794 ab
804 1741 930 1794 aliis
951 1742 1097 1812 passi
1122 1747 1305 1808 erant,
1333 1742 1581 1813 objicere
1606 1760 1725 1798 non
1756 1744 2117 1798 omittebant:

418 1843 618 1881 verum
647 1828 932 1898 ejusmodi
953 1829 1370 1897 altercationes,
1401 1847 1527 1902 qua:
1557 1848 1591 1885 a
1615 1832 1844 1886 cardine
1881 1832 1963 1887 rei
1990 1837 2119 1887 tan-

419 1918 545 1970 tum
590 1916 939 1982 avertebant,
972 1918 1349 1987 Marcellinus,
1390 1920 1577 1990 quoad
1607 1921 1667 1974 in
1708 1937 1765 1974 se
1794 1926 1933 1983 erat,
1967 1937 2119 1975 rese-

422 2004 603 2060 cabat.
658 2006 800 2067 Cum
851 2005 1166 2060 Felieianus
1215 2008 1572 2074 Mustitanus,
1620 2024 1649 2061 e
1689 2007 2122 2063 Maximianista-

420 2109 551 2147 rum
608 2094 897 2165 quondam
939 2093 1202 2160 factione,
1252 2095 1671 2160 nominaretur,
1722 2096 1928 2149 institit
1985 2095 2123 2164 Aly-

419 2181 569 2253 pius,
636 2186 700 2236 ut
755 2198 890 2236 eum
947 2182 1257 2237 Donatista:
1333 2200 1451 2237 sum
1520 2183 1941 2238 communionis
1998 2199 2121 2238 esse

421 2274 615 2340 aperte
670 2270 1078 2341 proﬁterentur
1135 2271 1319 2342 (Ibid.,
1375 2288 1495 2342 cap.
1543 2276 1677 2339 122;
1736 2275 1935 2327 Brevia.
1992 2273 2121 2326 Col-

422 2359 520 2419 lat.
585 2362 635 2425 1,
684 2374 804 2428 cap.
852 2360 969 2427 12):
1016 2359 1075 2413 id
1113 2375 1247 2414 vero
1289 2360 1375 2414 illi
1422 2366 1771 2415 recusarunt.
1818 2360 2124 2432 Episcopus

421 2446 501 2501 ibi
531 2446 785 2517 quidam,
816 2462 921 2517 pro
950 2447 1188 2502 Paulino
1215 2448 1483 2519 episcopo
1512 2449 1788 2503 catholico
1820 2454 2124 2519 prmsente,

424 2535 520 2589 sed
550 2534 768 2589 litteras
813 2535 1118 2600 nesciente,
1152 2536 1456 2591 subscribit
1496 2537 1718 2605 (Collat.
1759 2539 2027 2604 Carthag.
2072 2541 2123 2604 1,

426 2639 545 2693 cap.
584 2626 727 2692 133).

497 2715 548 2765 3.
586 2711 960 2767 Postrecitata
987 2712 1684 2768 Catholicorum-omnium
1700 2715 1953 2781 nomina,
1983 2716 2126 2770 hlar-

428 2799 666 2853 cellinus
696 2800 992 2871 episcopos
1030 2804 1195 2871 rogat
1242 2805 1306 2855 ut
1337 2802 1605 2857 sedeant:
1652 2804 1805 2873 quod
1852 2802 2127 2857 nimirum

426 2887 539 2942 illis
566 2888 848 2942 stantibus
877 2888 989 2960 ipsi
1020 2890 1215 2943 sedere
1263 2891 1564 2945 molestum
1599 2890 1690 2945 sit.
1725 2891 1993 2946 Oblatum
2021 2892 2123 2946 bo-

426 2992 627 3031 norem
655 2980 920 3030 recusant
950 2976 1279 3045 Donatistae,
1311 2978 1419 3032 sibi
1438 2978 1665 3033 interim
1698 2979 1866 3033 simul
1898 2996 1960 3033 ac
1990 2981 2129 3035 Mar—

422 3065 628 3118 cellino
652 3064 838 3118 verbis
866 3064 1300 3120 adblandientes
1326 3068 1909 3137 magnificentissimis
1936 3069 2124 3138 (Ibid,

427 3167 588 3222 capp.
607 3154 725 3220 144,
759 3154 897 3217 145).
928 3153 1173 3207 Tametsi
1202 3159 1396 3209 autem
1418 3171 1552 3209 eum
1581 3156 1659 3210 sic
1680 3156 1990 3211 efferebant
2011 3158 2130 3211 lau-

427 3239 974 3307 dibus,utdicerent,
990 3240 1069 3294 ait
1095 3242 1471 3312 Augustinus,
1498 3245 1863 3312 honoriﬁcum,
1880 3244 2113 3313 justum,

427 3331 771 3390 reuerentem,
816 3325 1140 3397 benignum;
1168 3345 1395 3384 causam
1444 3336 1637 3385 tamen
1679 3338 1913 3404 propter
1954 3350 2128 3406 quam

430 3415 713 3483 agendam
739 3420 857 3471 tam
888 3417 1055 3471 multi
1076 3425 1477 3487 convenerant,
1508 3421 1660 3492 apud
1689 3437 1820 3476 eum
1851 3423 1945 3493 agi
1975 3424 2131 3477 nole-

426 3501 565 3557 bant
593 3503 1031 3573 (Brevic.Collat.
1066 3510 1107 3573 1,
1134 3522 1252 3577 cap.
1289 3507 1392 3577 13).
1418 3508 1613 3563 Adacti
1639 3514 1769 3563 sunt
1788 3510 1871 3564 illi
1900 3512 2126 3569 tandem

431 3590 760 3660 aliquando,
786 3598 847 3647 ut
874 3610 979 3664 pro
1002 3611 1103 3649 sua
1133 3599 1293 3666 parte
1324 3596 1714 3667 disputaturos
1744 3598 2126 3663 instituerent,

431 3692 533 3732 seu
554 3678 739 3734 verius
778 3698 892 3746 eos,
925 3683 1135 3753 quibus
1163 3683 1330 3739 istam
1357 3685 1707 3755 provinciam
1731 3687 1853 3757 jam
1884 3687 2014 3742 inde
2060 3690 2131 3743 ab

430 3772 625 3822 octavo
682 3769 955 3825 kalendas
1022 3772 1174 3842 junii
1240 3774 1657 3844 delegaverant,
1735 3777 2132 3832 renuntiarent.

431 3856 643 3926 (Collat.
677 3859 945 3927 Carthag.
977 3864 1026 3924 1,
1060 3877 1180 3932 cap.
1218 3862 1361 3933 143).
1414 3863 1642 3918 Lectum
1692 3869 1778 3919 est
1824 3864 2003 3937 igitur
2047 3867 2130 3921 fa-

429 3948 585 3999 ctum
602 3962 670 4000 ea
684 3946 754 4002 de
770 3963 830 4002 re
853 3948 1209 4015 mandatum,
1239 3966 1353 4021 quo
1381 3951 1617 4022 quidem
1637 3953 1745 4006 soli
1767 3954 2133 4009 continentur

431 4039 648 4105 septem
674 4036 1057 4107 disputaturi:
1090 4054 1290 4092 verum
1328 4040 1471 4092 alios
1492 4056 1719 4111 quoque
1763 4046 2000 4112 septem,
2032 4043 2132 4114 qui

432 4121 719 4193 prioribus
760 4128 1012 4178 essenta
1057 4125 1330 4194 consiliis,
1380 4126 1516 4181 item
1564 4131 1829 4198 quatuor,
1864 4146 1895 4183 a
1925 4131 2132 4201 quibus

434 4214 593 4281 gesta
634 4212 1079 4281 custodirentur,
1111 4214 1322 4267 electos
1354 4231 1498 4281 esse,
1548 4216 1899 4286 Augustinus
1938 4223 2135 4273 auctor

433 4303 519 4352 est
544 4299 744 4369 (Epist.
782 4301 984 4369 141,n.
1028 4303 1119 4369 2);
1164 4302 1315 4372 quod
1365 4302 1550 4372 ipsum
1594 4304 1655 4358 in
1700 4304 1903 4375 primae
1952 4306 2134 4361 Colla-

434 4387 605 4440 tionis
659 4388 810 4442 calce
866 4404 1195 4460 expressum
1257 4391 1412 4461 legas
1468 4392 1688 4461 (Collat.
1750 4395 2018 4463 Carthag.
2084 4400 2129 4463 1,

436 4490 557 4544 cap.
584 4476 734 4543 218).

506 4564 561 4619 4.
594 4564 825 4618 Lectum
866 4565 1200 4621 mandatum
1247 4571 1455 4623 secutae
1496 4574 1629 4625 sunt
1665 4570 2129 4642 subscriptiones,

438 4666 581 4720 quas
600 4650 684 4705 illi
718 4651 904 4707 denuo
935 4654 1383 4723 conﬁrmarunt;
1411 4657 1585 4729 idque
1624 4659 1959 4729 urgentibus
2004 4660 2131 4731 qui-

439 4738 570 4791 dem
596 4738 923 4805 Catholicis,
964 4741 1062 4795 sed
1103 4742 1413 4797 Donatistis
1440 4743 1580 4815 ipsis
1609 4745 1795 4799 acrius
1830 4745 2005 4800 etiam
2040 4746 2131 4801 in-

438 4824 718 4879 stantibus
768 4827 954 4896 (lbid.,
985 4844 1144 4899 capp.
1198 4834 1317 4899 152,
1374 4836 1493 4900 154,
1540 4837 1661 4904 165,
1715 4835 1847 4903 175).
1903 4836 2015 4889 lioc
2044 4835 2133 4889 isti

440 4912 647 4966 obnixe
676 4930 710 4967 a
739 4915 1062 4972 Marcellino
1095 4920 1501 4990 efflagitarunt,
1550 4923 1901 4995 praecipuam
1946 4940 2133 4978 causa:

438 5015 555 5053 sua:
576 5000 845 5056 ﬁduciam
874 5003 933 5058 in
962 5022 1205 5061 numero
1235 5025 1293 5063 se
1320 5011 1633 5081 repositam
1679 5012 1892 5067 habere
1942 5015 2134 5082 palam

438 5090 677 5160 professi
704 5107 718 5157 ;
743 5092 1003 5162 quamvis
1030 5110 1097 5147 ea
1127 5096 1196 5149 de
1226 5112 1287 5150 re
1314 5097 1758 5170 haudquaquam
1789 5099 1881 5171 agi
1910 5102 2135 5155 Marcel-

436 5182 587 5236 linus
617 5187 895 5251 moneret,
928 5190 1101 5256 atque
1126 5186 1269 5241 adeo
1300 5188 1434 5242 satis
1472 5190 1800 5245 habiturum
1840 5209 1919 5256 se,
1964 5195 2135 5248 modo

435 5272 609 5343 primi
640 5271 836 5327 decem
852 5273 1245 5328 testimonium
1262 5276 1330 5330 de
1348 5282 1687 5333 czeterorum
1717 5280 2134 5351 subscriptione

434 5363 652 5415 ferrent
681 5377 695 5427 ;
728 5360 788 5415 in
817 5378 932 5432 quo
962 5378 1064 5416 nec
1112 5363 1548 5434 refragabantur
1596 5366 1903 5422 Catholici:
1937 5384 2135 5422 verum

434 5449 742 5504 Donatistis
771 5467 987 5505 morem
1030 5469 1226 5522 gerere
1282 5453 1561 5526 oportuit.
1612 5455 1720 5520 Qui
1773 5458 1937 5511 tertio
1985 5457 2140 5511 inter

438 5549 533 5589 eos
563 5534 685 5591 loco
715 5536 1048 5613 subscripsit
1087 5538 1259 5599 Felix,
1291 5538 1619 5612 episcopum
1660 5556 1719 5594 se
1749 5542 1908 5597 urbis
1941 5543 2135 5597 Romae

1606 297 1786 353 'VITA
1837 296 1895 353 S.
1939 295 2329 355 AUGUSTINI
2368 295 2709 354 EPISCOPI.

3817 301 3929 354 416

2213 418 2504 489 professus
2533 421 2616 472 est
2647 417 2833 488 (lbid.,
2871 433 2992 487 cap.
3031 416 3155 489 157)
3186 434 3200 473 :
3231 433 3420 489 neque
3446 417 3622 473 etiam
3674 418 3772 473 hic
3816 420 3932 475 Ca-

2214 506 2411 561 tholici
2449 506 2657 560 morati
2697 510 2848 574 sunt,
2902 505 3012 559 nisi
3058 506 3211 576 quod
3262 521 3429 560 suum
3463 507 3801 560 Innocentio
3829 506 3934 577 jus

2216 594 2557 649 servandum
2582 594 2850 649 dixerunt
2881 594 3063 664 (Ibid,
3095 610 3257 663 capp.
3299 596 3417 659 161,
3454 594 3598 665 163).
3633 595 3931 659 Quorum-

2218 686 2351 740 dam
2372 684 2609 739 nomina
2632 684 2867 739 recitata
2890 687 3040 746 sunt,
3076 684 3177 754 qui
3204 683 3541 754 neutiquam
3564 689 3933 738 accesserant

2219 771 2640 842 Carthaginem,
2701 772 2796 826 sed
2849 787 3050 825 eorum
3118 768 3442 826 absentium
3494 772 3636 837 vice,
3693 772 3932 826 tametsi

2219 861 2556 915 mandatum
2602 876 2771 915 suum
2821 864 3111 930 praesentes
3161 859 3524 943 prmsentibup
3578 859 3929 930 dirigerent,

2220 950 2318 1005 alii
2373 949 2822 1021 subscripserant
2870 950 3095 1019 (Brevia.
3157 949 3347 1004 Collat.
3413 950 3432 1001 1
3488 963 3608 1017 cap.
3675 948 3782 1017 14).
3836 948 3935 1003 Sic

2220 1038 2471 1109 episcopi
2502 1038 2589 1091 sui
2619 1039 2761 1104 loco,
2785 1038 2885 1108 qui
2914 1042 3110 1107 captus
3135 1035 3314 1090 oculis
3335 1035 3527 1090 venire
3561 1036 3928 1108 nequiverat,

2223 1127 2480 1182 Manilius
2526 1127 2824 1197 presbyter
2873 1125 3144 1179 Bazienus
3192 1123 3553 1194 subscripsit,
3596 1140 3668 1178 ne
3709 1141 3933 1179 nomen

2222 1215 2457 1286 quidem
2489 1215 2609 1285 ejus
2635 1214 2957 1284 exprimens
2985 1213 3195 1279 (Collat.
3232 1212 3491 1278 Carthag.
3532 1216 3579 1278 1,
3613 1228 3776 1281 capp.
3800 1214 3924 1277 182,

2227 1304 2346 1374 183)
2439 1302 2527 1358 Sic
2593 1319 2823 1375 quoque
2870 1301 3111 1356 Ruﬁnus
3168 1300 3466 1371 presbyter
3520 1316 3627 1370 pro
3668 1301 3932 1354 antistite

2225 1407 2327 1445 suo
2355 1391 2581 1446 Iuliano
2622 1391 2851 1445 absente
2886 1389 3277 1460 subscripsisse
3316 1393 3577 1459 repertus
3624 1392 3710 1442 est
3742 1389 3929 1456 (μίξει,

2225 1496 2385 1549 capp.
2426 1482 2547 1546 193,
2580 1480 2722 1550 195).
2757 1480 2898 1533 Item
2928 1477 3167 1549 professi
3196 1482 3329 1531 sunt
3356 1476 3452 1530 alii
3481 1477 3759 1547 episcopi,
3800 1493 3932 1530 ma-

2225 1583 2366 1621 num
2396 1584 2454 1621 se
2485 1572 2713 1638 rogatos
2743 1571 2989 1638 quatuor
3018 1582 3048 1620 e
3097 1565 3215 1619 suis
3246 1565 3480 1635 collegis
3509 1566 3929 1630 commodasse,

2226 1655 2327 1727 qui
2347 1656 2600 1723 adversa,
2633 1660 2695 1710 ut
2721 1654 3125 1726 praedicabant,
3153 1653 3477 1707 valetudine
3509 1653 3727 1707 detenti
3749 1653 3812 1706 in
3843 1653 3937 1707 iti-

2226 1759 2363 1798 nere
2392 1743 2618 1798 fuerant
2649 1744 2833 1813 (lbid.,
2864 1758 3023 1812 capp.
3054 1744 3179 1804 208,
3211 1742 3355 1808 209).
3392 1740 3543 1795 Felix
3571 1740 3935 1795 anmensis

2228 1847 2334 1887 nec
2362 1835 2625 1902 repertus
2656 1836 2740 1885 est
2778 1831 2921 1902 ipse,
2955 1830 3218 1901 nec_quis
3246 1830 3369 1899 ejus
3405 1828 3640 1883 nomine
3678 1829 3937 1883 subscri-

2229 1920 2470 1990 psisset;
2515 1922 2687 1989 atque
2727 1919 2867 1973 adeo
2908 1917 3342 1973 communicatis
3374 1916 3524 1971 inter
3565 1933 3623 1969 se
3676 1916 3939 1988 consiliis

2235 2008 2541 2061 Donatistae
2592 2007 2702 2061 huc
2752 2007 3059 2077 confugere
3115 2005 3291 2059 coacti
3335 2009 3487 2073 sunt,
3541 2008 3610 2059 ut
3653 2004 3937 2069 dicerent,

2229 2095 2384 2149 illius
2410 2095 2554 2149 forte
2593 2112 2658 2149 ac
2689 2095 2888 2150 Felicis
2931 2094 3226 2165 cujusdam
3261 2092 3631 2159 Lambiensis,
3664 2093 3763 2164 qui
3795 2098 3942 2146 tunc

2231 2185 2561 2255 zegrotabat,
2594 2183 2828 2237 confusa
2865 2183 3037 2237 fuisse
3082 2182 3318 2236 nomina
3362 2180 3530 2248 Ibid.,
3589 2196 3747 2249 capp.
3805 2183 3940 2245 200,

2229 2273 2355 2343 201)
2387 2288 2401 2326 :
2430 2272 2589 2344 prius
2619 2278 2809 2327 autem
2835 2272 3073 2326 Felicem
3102 2271 3267 2325 illum
3298 2273 3698 2324 Zummensem
3735 2270 3941 2323 morbo

2232 2361 2490 2416 distineri
2519 2360 2942 2415 afﬁrmaverant
2985 2359 3170 2430 (Ibid,
3201 2374 3322 2428 cap.
3358 2359 3500 2427 114).
3525 2359 3771 2412 Novatus
3800 2357 3944 2412 Siti-

2231 2449 2403 2505 fensis
2435 2447 2666 2502 antistes
2717 2447 3053 2516 catholicus,
3084 2462 3215 2500 cum
3260 2448 3544 2500 Donatum
3579 2444 3799 2499 videret
3829 2445 3944 2499 loci

2232 2537 2532 2607 cujusdam
2553 2536 2756 2590 ditioni
2778 2552 2895 2589 suae
2913 2534 3123 2589 subditi
3145 2533 3475 2604 episcopum
3492 2547 3612 2585 sese
3632 2530 3939 2594 ferentem,

2235 2628 2317 2681 ibi
2347 2627 2572 2681 nullum
2597 2641 2715 2679 esse
2736 2640 2841 2679 nec
2862 2624 3193 2694 episcopum
3216 2638 3319 2677 nec
3349 2622 3465 2676 ullo
3495 2620 3731 2675 omnino
3753 2621 3943 2674 Dona-

2234 2714 2426 2768 tistam
2464 2712 2705 2767 asseruit
2735 2712 2873 2780 (Ibid
2884 2753 2929 2781 .,
2955 2728 3113 2782 capp.
3145 2713 3270 2777 203,
3302 2710 3449 2782 201).
3482 2709 3757 2764 Asellicns
3794 2724 3945 2778 quo-

2235 2818 2347 2873 que
2373 2802 2748 2856 Tusuritanus
2778 2801 3080 2871 episcopus
3104 2801 3332 2872 juratus
3375 2797 3717 2853 asseveravit
3763 2796 3941 2851 tertio

2235 2890 2507 2947 kalendas
2549 2890 2748 2957 maias,
2799 2906 2914 2961 quo
2962 2889 3053 2944 die
3092 2905 3160 2943 ex
3207 2887 3549 2958 Arzugibus,
3597 2886 3833 2956 regione
3866 2885 3940 2938 ad

2235 2979 2436 3034 Africze
2482 2979 2782 3033 meridiem
2843 2978 2967 3042 sita,
3020 2978 3305 3048 profectus
3367 2980 3470 3038 est,
3518 2972 3941 3035 Victorianum,

2236 3067 2335 3139 qui
2363 3067 2469 3121 sibi
2498 3067 2776 3138 Aquensis
2817 3066 3247 3121 Donatistarum
3291 3062 3545 3136 episcopi
3574 3062 3810 3117 titulum
3842 3077 3937 3114 ar-

2234 3156 2493 3227 rogabat,
2526 3156 2921 3226 presbyterum
2955 3158 3173 3209 tantum
3198 3153 3395 3217 fuisse,
3418 3157 3590 3223 atque
3611 3150 3752 3205 adeo
3771 3150 3941 3204 illum

2235 3242 2296 3297 in
2316 3243 2517 3297 itinere
2531 3243 2881 3308 ordinatum,
2897 3242 3125 3296 tametsi
3142 3240 3407 3296 adulterii
3428 3241 3746 3311 postulatus
3765 3244 3936 3303 esset,

2236 3331 2396 3401 cujus
2422 3331 2605 3385 adhuc
2625 3331 2900 3402 penderet
2919 3329 3167 3401 cognitio
3183 3330 3344 3399 (Ibid.
3358 3370 3373 3395 ,
3391 3344 3511 3398 cap.
3535 3329 3662 3395 207,
3682 3326 3771 3382 rel
3787 3328 3937 3391 208).

2309 3423 2361 3473 5.
2403 3419 2464 3474 ld
2490 3435 2661 3490 porro
2688 3420 2913 3474 videtur
2954 3419 3251 3473 observata
3298 3418 3465 3487 longe
3501 3414 3933 3485 dignissimum,

2238 3509 2392 3580 quod
2417 3507 2477 3562 in
2489 3508 2882 3572 Quodvultdeo
2902 3507 3191 3561 Cessitano
3203 3506 3467 3577 episcopo
3480 3504 3720 3574 contigit
3736 3503 3933 3571 (Ibid.,

2240 3612 2397 3666 capp.
2428 3598 2553 3659 200,
2593 3594 2752 3665 207);
2784 3595 2845 3649 in
2886 3610 3001 3666 quo
3040 3593 3252 3648 scilicet
3296 3590 3745 3647 manifestissimi
3774 3606 3940 3644 men-

2239 3685 2385 3741 dacii
2425 3683 2666 3738 convicti
2714 3688 2847 3737 sunt
2877 3683 3077 3752 (Epist.
3126 3684 3247 3750 141,
3291 3697 3348 3736 n.
3413 3681 3480 3749 1).
3540 3679 3762 3734 Etenim
3805 3694 3941 3733 cum

2238 3775 2404 3829 istius
2430 3772 2676 3844 episcOpi
2708 3771 3065 3842 subscriptio,
3085 3770 3327 3841 perinde
3350 3786 3413 3823 ac
3440 3769 3488 3823 si
3517 3769 3674 3823 illam
3701 3767 3938 3822 Cartha-

2240 3864 2372 3935 gine
2405 3866 2711 3928 exarasset,
2744 3860 2893 3914 inter
2936 3860 3077 3914 alias
3106 3860 3438 3927 haberetur,
3483 3873 3587 3912 nec
3616 3861 3811 3911 tamen
3843 3856 3940 3909 ille

2241 3968 2343 4006 suo
2372 3950 2604 4006 nomine
2634 3948 2867 4003 recitato
2897 3948 3303 4019 responderet;
3338 3951 3395 4001 et
3423 3962 3553 4000 cum
3584 3949 3942 4017 quaereretur

2239 4040 2340 4095 ubi
2369 4044 2533 4107 esset,
2564 4037 2750 4093 subita
2782 4036 3214 4109 perturbatione
3245 4034 3460 4101 caecati,
3492 4034 3602 4105 ipsi
3643 4049 3773 4087 cum
3805 4048 3939 4087 con-

2241 4128 2371 4182 fessi
2397 4131 2529 4181 sunt
2566 4127 2626 4181 in
2664 4125 2870 4179 itinere
2912 4123 3201 4179 defecisse.
3242 4126 3313 4178 Et
3344 4139 3465 4177 cum
3502 4126 3801 4192 quaererent
3831 4123 3940 4177 Ca-

2243 4218 2445 4281 tholici,
2478 4215 2738 4285 quomodo
2752 4216 2990 4283 potuerit
3009 4212 3162 4282 apud
3181 4212 3561 4280 Carthaginem
3584 4210 3938 4274 subscribere,

2242 4307 2339 4375 qui
2363 4305 2547 4370 fuerat
2589 4305 2648 4356 in
2675 4304 2868 4356 itinere
2904 4302 3232 4369 defunctus;
3276 4301 3366 4354 illi
3415 4299 3514 4353 diu
3538 4302 3941 4368 ﬂuctuaverunt

2238 4392 2564 4462 perturbati,
2596 4396 2647 4444 et
2677 4393 2963 4445 nescientes
2994 4390 3128 4459 quid
3153 4388 3560 4458 responderent.
3592 4389 3732 4442 Nam
3758 4389 3943 4455 primo

2241 4481 2519 4545 dixerunt,
2551 4495 2658 4533 non
2686 4478 2751 4532 de
2778 4481 2916 4547 ipso,
2951 4479 3045 4533 sed
3074 4478 3140 4532 de
3163 4479 3270 4532 alio
3294 4479 3469 4545 fuisse
3506 4480 3837 4545 suggestum.
3871 4478 3943 4529 Et

2240 4585 2359 4624 cum
2397 4568 2672 4621 Catholici
2694 4571 2978 4635 putassent
3020 4567 3085 4621 de
3121 4567 3249 4626 alio.
3289 4566 3352 4619 id
3380 4570 3478 4632 est,
3526 4565 3592 4619 de
3631 4565 3824 4619 clerico
3854 4579 3943 4617 eos

2241 4659 2435 4723 dicere,
2468 4659 2566 4727 qui
2590 4671 2690 4727 pro
2708 4661 2915 4711 mortuo
2936 4656 3269 4710 subscribere
3296 4656 3507 4724 potuit;
3533 4654 3819 4723 qumsitum
3840 4657 3937 4714 est,

2239 4752 2423 4801 utrum
2451 4747 2671 4801 clericus
2699 4760 2794 4800 suo
2824 4748 3051 4813 nomine,
3084 4760 3157 4798 an
3186 4744 3338 4798 illius
3364 4758 3468 4812 pro
3483 4745 3695 4796 mortuo
3706 4740 3944 4794 subscri-

2235 4837 2429 4907 pserit.
2455 4834 2560 4889 Sed
2580 4838 2707 4904 post
2721 4850 2954 4903 magnas
2973 4832 3264 4904 angustias
3282 4828 3752 4903 perturbationis,
3772 4832 3942 4899 atque
3988 4866 3995 4873 .

2242 4923 2613 4979 inconstantis
2646 4927 2702 4977 et
2743 4923 2914 4976 variae
2944 4920 3331 4992 responsionis
3375 4936 3515 4987 sum,
3549 4917 3941 4987 respmiderunt

2242 5015 2419 5082 ipsum
2445 5012 2660 5081 quidem
2684 5009 3037 5079 subscripisse
3052 5015 3386 5079 praesentem,
3411 5023 3530 5063 cum
3549 5012 3736 5061 octavo
3767 5007 3945 5060 kalen-

2244 5102 2343 5156 das
2367 5102 2560 5170 junias
2584 5099 2903 5153 mandatum
2931 5097 3122 5168 ﬁeret;
3154 5098 3249 5152 sed
3268 5099 3524 5166 quoniam
3543 5112 3683 5164 aeger
3712 5093 3946 5149 subscri-

2242 5194 2449 5259 pserat,
2489 5193 2809 5242 remeantem
2843 5183 2918 5241 ad
2952 5189 3185 5256 propria
3210 5189 3269 5240 in
3298 5188 3491 5241 itinere
3518 5185 3796 5249 defecisse.
3833 5185 3943 5250 Quo

2245 5279 2434 5331 amitto
2459 5277 2726 5332 Catholici
2741 5278 3011 5345 petierunt
3031 5278 3314 5345 superiora
3332 5290 3512 5328 eorum
3522 5273 3685 5326 verba
3698 5275 3939 5337 recitari,

2243 5371 2305 5420 ut
2329 5368 2451 5434 ipsa
2490 5367 2732 5427 varietas
2761 5364 3091 5433 deprehensa
3143 5366 3471 5418 claresceret.
3506 5361 3664 5427 Quod
3701 5377 3825 5415 cum
3851 5363 3941 5427 fa-

2246 5458 2389 5508 ctum
2440 5454 2655 5519 fuisset,
2713 5456 2763 5507 et
2800 5452 2926 5506 inde
2963 5457 3251 5522 appareret
3297 5467 3461 5519 quam
3496 5466 3699 5520 parum
3736 5450 3847 5505 sibi
3888 5453 3943 5505 in

2245 5542 2521 5611 responsis
2571 5542 2687 5631 suis
2743 5546 3076 5607 constarent;
3130 5542 3378 5608 quaesivit
3432 5540 3702 5604 Cognitor,
3762 5544 3943 5593 utrum
