4062 6352
125 272 226 325 417

121 410 312 464 saltem
340 410 439 464 sub
470 413 563 465 Dei
592 411 967 481 testiﬁcatione
992 414 1303 485 ﬁrmarent,
1343 432 1461 472 eum
1486 420 1663 485 fuisse
1691 421 1823 476 Car-

124 499 358 564 thagini,
391 499 608 566 quando
632 506 919 569 prmsentes
946 505 1302 570 prasentibus
1320 506 1737 571 mandaverunt,
1761 514 1821 563 ut

123 584 534 641 subscriberent.
580 588 683 641 Ubi
711 590 1071 643 vehementius
1097 592 1426 659 perturbati,
1458 610 1565 649 nec
1594 612 1651 649 se
1686 612 1822 666 per-

118 672 274 743 jurio
301 672 522 742 illigare
553 674 696 741 ausi,
726 677 1118 744 responderunt
1160 695 1173 733 :
1206 680 1349 746 Quid
1376 680 1427 735 si
1463 688 1514 737 et
1550 685 1695 739 alius
1712 700 1822 754 pro

124 762 304 816 eodem
331 763 629 831 apposuit?
652 766 805 819 Hanc
821 781 1001 821 eorum
1019 768 1321 832 falsitatem
1340 769 1723 839 deprehensam
1732 774 1823 842 ju-

123 850 267 904 dicio
282 852 381 904 Dei
391 851 718 921 relinquens,
732 853 908 921 jussit
928 858 1120 909 caetera
1130 858 1347 911 nomina
1361 861 1582 913 recitari
1596 863 1744 928 (Brcv
1752 863 1819 915 ic.

124 940 316 995 Collat.
371 942 423 1008 1,
451 948 581 1008 cap.‘
610 941 720 1010 14).
752 943 938 1012 Atque
968 942 1048 997 ita
1085 945 1411 1007 Donatistae.
1443 946 1543 1018 qui
1575 948 1821 1002 Catholi-

124 1042 321 1080 corum
381 1027 820 1098 subscriptiones
878 1028 1087 1084 idcirco
1132 1032 1433 1087 voluerant
1488 1034 1821 1105 examinari,

122 1112 259 1182 quia
286 1112 456 1168 falsas
479 1113 538 1168 in
565 1114 645 1168 eis
677 1117 981 1171 nonnullas
1009 1117 1362 1189 deprehendi
1382 1137 1545 1191 posse
1566 1122 1821 1177 credide-

123 1206 251 1255 rant
281 1202 399 1268 (Ad
424 1204 694 1258 Donatist.
724 1209 846 1272 post
875 1206 1076 1260 Cottat.
1122 1224 1179 1261 n.
1221 1208 1334 1278 56),
1377 1210 1495 1264 suis
1521 1227 1581 1265 se
1610 1212 1824 1266 retibus

124 1288 480 1359 implicuere.
514 1290 576 1344 ln
605 1290 711 1346 hac
740 1296 935 1347 autem
962 1295 1326 1350 contentione
1354 1313 1485 1351 cum
1510 1299 1823 1370 subfrigide

124 1376 358 1431 dixisset
385 1377 716 1448 Petilianus,
754 1382 872 1436 Non
900 1386 977 1436 est
1007 1384 1303 1439 humanum
1332 1388 1510 1441 mori?
1551 1387 1822 1441 continuo

123 1465 192 1519 ab
218 1465 425 1536 Alypio
452 1482 796 1537 responsum
817 1474 918 1537 est,
946 1472 1320 1527 Humanitatis
1340 1479 1419 1528 est
1448 1477 1606 1540 mori,
1628 1476 1723 1529 sed
1742 1478 1826 1529 in-

123 1555 480 1610 humanitatis
501 1558 1006 1627 estfailere(Coliat.
1022 1560 1285 1629 Carthag.
1324 1565 1371 1626 1,
1388 1578 1507 1631 cap.
1524 1564 1670 1630 207).
1695 1565 1822 1617 Per-

122 1641 280 1696 lectis
307 1643 734 1698 Donatistarum
754 1646 1267 1717 subscriptionibus
1287 1650 1523 1719 Alypius
1544 1650 1823 1705 sexdecim

123 1730 307 1784 adhuc
349 1730 648 1802 episcopos
695 1733 1021 1801 catholicos,
1072 1738 1172 1806 qui
1219 1738 1547 1791 mandatum
1578 1738 1823 1792 subscri-

125 1819 342 1885 herent,
374 1825 586 1889 praeter
606 1825 855 1891 quatuor
874 1822 1019 1876 alios
1033 1823 1093 1877 in
1113 1824 1256 1879 urbe
1276 1825 1477 1879 morbo
1497 1825 1822 1897 impeditos,

125 1906 332 1961 obtulit
361 1907 527 1973 Ibid.,
557 1924 716 1978 capp.
771 1911 897 1976 212,
945 1911 1094 1979 215).
1144 1911 1267 1976 Quo
1313 1912 1529 1967 factum
1558 1919 1643 1968 est
1671 1917 1735 1968 ut
1762 1914 1824 1967 in

125 1994 521 2066 episcoporum
536 1996 796 2051 omnium
808 1999 1213 2068 supputatione
1241 2000 1562 2055 Donatistas
1584 2017 1823 2056 numero

126 2083 418 2139 vincerent
451 2084 743 2139 Catholici.
789 2086 931 2140 Dein
971 2087 1267 2158 episcopos
1307 2104 1526 2155 omnes,
1571 2088 1823 2159 exceptis

122 2171 361 2241 triginta
396 2188 491 2226 sex
523 2173 656 2239 illis,
689 2172 788 2244 qui
815 2173 886 2227 ad
916 2174 1288 2229 Collationem
1330 2176 1523 2231 selecti
1570 2177 1822 2242 fuerant,

124 2261 466 2316 dimiserunt
484 2262 669 2331 (Ibid.,
691 2278 810 2331 cap.
833 2264 979 2333 216).
1000 2264 1109 2318 Sed
1123 2264 1395 2335 quoniam
1412 2266 1552 2319 liora
1572 2265 1685 2320 diei
1699 2266 1823 2335 jam

125 2349 430 2404 undecima
479 2350 853 2420 praeterierat,
905 2351 1013 2405 hoc
1063 2356 1169 2419 est,
1221 2357 1376 2406 sexta
1431 2353 1825 2423 pomeridiana

127 2442 265 2506 erat,
296 2437 657 2492 Marcellinus
683 2439 751 2492 de
773 2438 1023 2508 partium
1046 2453 1329 2494 consensu
1359 2440 1734 2496 Collationem
1763 2441 1825 2496 in

129 2526 509 2595 perendinum
542 2526 712 2589 diem,
749 2526 1024 2580 nimirum
1053 2526 1114 2581 in
1140 2528 1292 2582 diem
1319 2528 1557 2595 sabbati,
1590 2530 1825 2585 tertium

132 2627 308 2666 nonas
331 2612 544 2683 junias,
580 2614 818 2677 distulit,
848 2618 910 2667 ut
936 2630 1065 2685 quae
1094 2614 1244 2669 dicta
1267 2615 1496 2671 fuerant
1523 2622 1580 2671 et
1602 2622 1825 2672 tantum

127 2700 272 2753 notis
293 2706 551 2770 excepta,
575 2718 676 2772 per
694 2701 1057 2772 interjectum
1074 2703 1236 2757 illum
1258 2703 1410 2757 diem
1434 2705 1673 2759 exscribi
1690 2710 1746 2760 et
1763 2706 1826 2760 in

128 2786 521 2842 dilucidiorem
552 2791 794 2843 formam
830 2789 1011 2859 digeri
1041 2795 1274 2861 possent
1309 2791 1491 2861 (Ibid.,
1524 2808 1645 2861 cap.
1677 2796 1824 2863 219).

194 2879 246 2929 6.
278 2876 791 2946 Postridie,quarto
811 2876 1072 2931 videlicet
1085 2893 1265 2931 nonas
1279 2878 1471 2948 junias
1494 2880 1630 2933 anni
1653 2880 1826 2935 unde-

126 2961 255 3015 cimi
285 2980 461 3034 supra
490 2964 1141 3036 quadringentesimum,
1175 2981 1303 3035 quae
1333 2970 1488 3020 sexta
1507 2971 1630 3020 erat
1657 2966 1820 3033 feria,

127 3054 341 3106 actores
390 3051 718 3120 Donatistae,
758 3052 1120 3106 defensorum
1168 3053 1426 3126 Ecclesiae
1466 3054 1721 3108 veritatis
1750 3054 1823 3108 ti-

128 3140 308 3195 tulum
339 3139 449 3195 sibi
477 3146 831 3210 arrogantes,
865 3140 1187 3196 Marcellino
1218 3141 1513 3195 Notoriam
1539 3142 1822 3209 obtulere,

128 3244 383 3297 quacum
395 3228 1071 3299 exposuissent,longiora
1088 3245 1209 3284 esse
1225 3229 1538 3299 superioris
1551 3229 1839 3284 Collatio!

126 3314 211 3369 nis
241 3322 388 3383 acta,
419 3333 591 3387 quam
624 3322 687 3371 ut
714 3317 870 3372 brevi
898 3317 1370 3384 describerentur,
1401 3318 1823 3373 Catholicorum

128 3406 382 3461 mandati
404 3406 628 3478 copiam
650 3407 880 3462 interim
902 3406 1010 3462 sibi
1029 3407 1152 3462 ﬁeri
1180 3408 1494 3477 petierunt,
1515 3412 1580 3463 ut
1601 3408 1673 3463 ad
1693 3424 1823 3479 pro-

126 3494 513 3564 pugnandum,
546 3511 720 3566 quam
742 3499 1128 3566 susceperant,
1152 3511 1401 3560 causam,
1427 3500 1618 3551 essent
1637 3496 1822 3566 parati

128 3581 312 3648 (Ibid.,
384 3586 438 3650 2,
514 3600 633 3653 cap.
713 3585 815 3653 12).
883 3584 1059 3639 Jussit
1130 3584 1487 3639 Marcellinus
1569 3584 1824 3638 mandati

127 3671 453 3740 exemplum
484 3670 594 3725 illis
630 3672 754 3727 dari
799 3688 812 3725 :
865 3672 1021 3741 quod
1048 3671 1247 3743 utique
1277 3671 1338 3725 in
1369 3687 1569 3726 eorum
1601 3672 1824 3726 animos

126 3757 634 3825 perturbationem,
686 3763 747 3812 ut
798 3758 908 3828 ipsi
950 3758 1194 3813 confessi
1247 3763 1401 3825 sunt,
1455 3758 1655 3829 injecit
1705 3775 1823 3813 non

124 3844 417 3899 minimam
468 3846 655 3915 (Ibid,
684 3862 845 3915 capp.
875 3848 963 3912 33,
998 3849 1113 3917 36),
1146 3862 1275 3900 cum
1314 3862 1531 3907 revera,
1574 3846 1728 3916 quod
1768 3845 1821 3900 ei

123 3932 554 4001 responderent,
602 3933 748 3986 nihil
792 3936 1162 3986 succurreret.
1214 3932 1355 3986 Hinc
1406 3932 1822 4001 prosequenda:

121 4025 348 4088 postero
396 4019 508 4085 die,
552 4019 608 4073 id
655 4024 739 4073 est
780 4018 949 4073 tertio
990 4036 1171 4073 nonas
1211 4018 1426 4089 junias,
1471 4018 1819 4085 Collationis,

121 4105 488 4177 quantumvis
513 4107 583 4160 ad
612 4106 666 4161 id
697 4106 864 4160 arctis
892 4123 951 4160 se
980 4106 1277 4176 promissis
1307 4105 1672 4176 obligassent,
1693 4122 1820 4161 mu-

120 4200 311 4250 tavere
360 4194 684 4260 consilium,
736 4199 1031 4264 sperantes
1058 4194 1268 4248 scilicet
1295 4195 1436 4261 fore,
1470 4199 1532 4248 ut
1561 4210 1663 4266 per
1690 4211 1822 4249 mo-

122 4298 243 4337 ram
270 4282 527 4352 aliquam
555 4282 777 4337 animos
809 4283 1061 4353 recipere
1091 4282 1199 4337 sibi
1218 4282 1435 4337 liceret.
1461 4286 1728 4337 Attamen
1750 4283 1823 4337 ad

121 4370 392 4443 colloquii
413 4371 603 4425 locum
632 4372 743 4426 hoc
762 4371 854 4425 die
877 4371 1029 4442 junii
1050 4370 1220 4426 tertio
1246 4388 1305 4425 se
1339 4372 1723 4437 contulere,ex
1752 4371 1822 4425 iis

124 4459 353 4528 quidem
405 4460 512 4513 soli
560 4465 779 4531 septem
828 4459 1235 4530 disputatores;
1282 4476 1312 4514 e
1357 4459 1660 4515 Catholicis
1689 4476 1822 4514 vero

125 4548 435 4602 octodecim
483 4548 879 4617 delegatorum
922 4549 1114 4603 nullus
1150 4548 1331 4603 defuit
1371 4549 1553 4617 (Ibid.,
1584 4564 1707 4617 cap.
1743 4548 1818 4618 2).

126 4633 366 4703 Rogavit
393 4635 584 4689 denuo
608 4636 986 4702 Marcellinus,
1007 4636 1090 4689 uti
1112 4636 1675 4692 sederenLContinuo
1696 4651 1822 4689 mo-

126 4737 244 4777 rem
292 4739 515 4794 gessere
548 4724 837 4780 Catholici.
887 4726 1096 4779 Verum
1138 4723 1447 4778 Donatista:
1491 4739 1608 4777 non
1649 4723 1822 4777 modo

124 4808 276 4865 hunc
317 4811 594 4867 honorem
640 4816 1003 4883 respuerant,
1044 4812 1143 4866 sed
1172 4811 1344 4866 etiam
1367 4811 1719 4881 jactitarunt,
1748 4826 1822 4865 ne

126 4912 254 4951 cum
277 4899 583 4954 Catholicis
623 4916 739 4955 una
764 4901 1049 4967 sederent,
1077 4899 1284 4955 divinis
1308 4898 1531 4968 legibus
1562 4898 1670 4952 sibi
1699 4914 1821 4952 esse

124 4985 379 5041 vetitum.
416 4989 531 5042 Hoc
561 4989 754 5042 Patres
783 4988 1050 5042 catholici
1078 4987 1531 5052 dissimularunt,
1562 4990 1626 5040 ut
1652 5001 1724 5039 ne
1760 4984 1821 5039 in

125 5074 481 5129 confutandis
526 5074 595 5129 iis
642 5091 771 5145 quae
802 5076 872 5130 ad
922 5092 1045 5130 rem
1080 5075 1226 5130 nihil
1255 5075 1523 5139 facerent,
1556 5073 1823 5127 luderent

126 5164 369 5231 tempus.
406 5163 698 5233 Extemplo
741 5168 935 5218 tamen
978 5179 1382 5218 consurrexere
1419 5177 1638 5216 omnes.
1672 5160 1820 5224 Quin

128 5254 183 5301 et
235 5250 369 5305 sede
427 5249 711 5304 removeri
748 5250 931 5317 jussa,
988 5252 1347 5307 Marcellinus
1392 5250 1514 5321 ipse
1560 5248 1621 5303 in
1651 5249 1821 5319 pedes

127 5337 294 5403 stetit,
327 5339 611 5409 professus
630 5338 737 5391 sibi
758 5355 875 5392 non
905 5339 1077 5394 licere
1097 5356 1201 5410 per
1221 5356 1349 5394 eam
1374 5337 1815 5403 venerationem,

127 5439 237 5492 qua
266 5428 713 5497 prosequebatur
741 5426 1268 5494 antistites,sedere,
1288 5429 1425 5482 dum
1454 5426 1604 5481 idem
1638 5425 1820 5479 facere

130 5508 210 5564 illi
250 5521 576 5570 recusarent
623 5514 814 5586 (Ibid.,
854 5528 1015 5583 capp.
1067 5517 1122 5578 3,
1168 5516 1242 5585 4).
1306 5513 1611 5569 Donatista
1657 5526 1819 5567 suam

1534 349 1551 362 .
1630 281 1833 338 uena
1871 283 2147 341 SEXTUS.

3526 305 3631 359 418

1932 406 2192 477 ipsorum
2214 412 2598 482 arrogantiam
2621 413 2724 469 hac
2752 415 2963 485 agendi
2983 416 3203 472 ratione
3224 420 3358 474 satis
3386 422 3631 478 declara-

1930 496 2086 550 bant.
2116 499 2183 552 Et
2212 498 2442 569 quidem
2472 500 2532 554 in
2561 501 2730 556 tertia
2761 503 3072 558 Collatione
3102 506 3381 562 Catholici
3409 526 3513 579 per
3542 527 3631 565 oc-

1932 585 2222 640 casionem
2252 589 2632 658 quarumdam
2663 590 2978 645 litterarum
3007 592 3078 646 ab
3116 593 3227 648 illis
3262 596 3626 667 scriptarum,

1932 674 2142 743 quibus
2196 677 2638 747 respondebant,
2685 678 3057 734 deridiculam
3112 682 3270 737 illam
3321 684 3628 740 vanitatem

1932 763 2313 832 perstrinxere
2348 782 2362 818 :
2394 766 2609 835 quippe
2639 782 2736 821 eos
2766 767 3084 838 Scripturas
3112 787 3416 841 perperam
3446 772 3627 828 inter-

1930 851 2171 920 pretari;
2222 857 2320 906 aut
2368 853 2414 907 si
2461 858 2695 925 propter
2741 856 2912 910 verba
2967 858 3196 927 psalmi,
3244 862 3367 916 Non
3410 862 3529 916 sedi
3570 865 3629 916 in

1932 941 2153 993 concilio
2193 942 2505 1010 impiorum,
2549 959 2764 1010 secum,
2804 960 2945 1015 quos
2982 944 3296 1015 impiorum
3337 964 3629 1020 nuncupa-

1931 1026 2086 1080 tione
2146 1033 2370 1083 notatos
2430 1030 2718 1098 volebant,
2784 1033 3090 1086 consedere
3156 1035 3621 1105 prohiberentur,

1930 1129 2117 1185 neque
2146 1116 2319 1170 etiam
2343 1117 2405 1171 in
2430 1119 2696 1172 eumdem
2724 1118 2950 1190 ingredi
2981 1122 3169 1176 locum
3200 1123 3462 1179 debuisse
3492 1142 3624 1196 pro-

1930 1205 2060 1271 pter
2086 1203 2346 1272 proxime
2368 1212 2666 1274 sequentes
2696 1208 2952 1277 ejusdem
2972 1210 3178 1278 psalmi
3206 1228 3393 1281 voces,
3416 1216 3484 1267 Et
3509 1230 3630 1269 cum

1932 1293 2126 1359 iniqua
2154 1294 2459 1358 gerentibus
2499 1310 2607 1349 non
2643 1295 2878 1350 introibo
2906 1298 3072 1365 (Psal.
3118 1315 3248 1365 xxv,
3279 1301 3362 1368 4);
3395 1303 3625 1371 quando

1888 1434 1905 1446 ,
1931 1395 2066 1433 vero
2087 1380 2207 1450 jam
2242 1397 2436 1436 secum
2466 1382 2667 1437 eodem
2704 1382 2946 1439 introire
2984 1386 3225 1441 minime
3255 1387 3625 1452 dubitassent,

1932 1468 2237 1537 quominus
2275 1470 2447 1523 etiam
2494 1470 2887 1537 consederent,
2928 1472 3241 1529 detrectare
3284 1475 3625 1547 neutiquam

1934 1556 2141 1612 debere
2169 1559 2392 1626 (Brevic.
2427 1559 2617 1614 Collat.
2648 1562 2699 1625 3,
2731 1576 2789 1614 η.
2827 1562 2929 1629 18).

2001 1650 2057 1698 7.
2089 1646 2412 1700 Marcellino
2448 1646 2627 1717 igitur
2663 1649 2999 1721 caeterisque
3037 1651 3319 1706 stantibus
3369 1652 3625 1720 Notoria,

1933 1749 2108 1803 quam
2134 1734 2318 1802 pridie
2347 1735 2672 1789 obtulerant
2693 1737 3000 1791 Donatistaa
3023 1739 3270 1808 perlecta
3298 1743 3380 1792 est
3411 1739 3622 1809 (Collat.

1934 1822 2192 1888 Carthag.
2250 1826 2306 1891 2,
2371 1839 2487 1891 cap.
2550 1824 2657 1890 12).
2710 1823 3029 1878 Sciscitanti
3089 1825 3297 1880 deinde
3351 1826 3623 1895 Tribuno,

1930 1908 2214 1979 numquid
2258 1909 2442 1978 parati
2490 1915 2677 1963 essent
2720 1910 2971 1981 episcopi
3018 1928 3120 1965 sua
3165 1912 3408 1985 quisque
3454 1915 3629 1969 verba

1933 1996 2284 2051 subscribere
2302 1997 2493 2067 (Ibid.,
2517 2014 2562 2051 c.
2591 1999 2673 2066 13)
2691 2016 2704 2065 ;
2725 1998 2911 2067 primo
2931 2000 3166 2071 quidem
3190 2002 3495 2057 Donatistae
3518 2019 3627 2057 mo-

1933 2084 2011 2137 ris
2051 2085 2160 2138 hoc
2206 2100 2327 2139 esse
2373 2092 2754 2155 negaverunt;
2798 2087 3006 2142 deinde
3044 2105 3174 2143 vero
3222 2094 3345 2144 tum
3389 2107 3629 2162 respon-

1933 2188 2097 2226 suros
2144 2189 2265 2226 sese
2309 2172 2592 2239 dixerunt,
2647 2190 2779 2227 cum
2820 2174 2929 2229 sibi
2978 2182 3273 2247 gestorum
3317 2179 3629 2250 superioris

1933 2258 2268 2325 collationis,
2309 2276 2439 2331 qua:
2487 2260 2741 2314 nondum
2774 2262 3023 2316 omnino
3064 2264 3344 2335 descripta
3379 2266 3627 2333 fuerant,

1933 2348 2208 2402 traditum
2266 2352 2410 2402 esset
2457 2350 2782 2419 exemplum
2832 2367 2846 2404 :
2896 2367 3104 2421 cupere
3157 2353 3313 2408 enim
3366 2370 3423 2408 se
3468 2355 3626 2426 prius

1935 2453 2108 2507 quam
2141 2454 2227 2490 res
2257 2439 2406 2491 ultra
2441 2444 2898 2507 promoveretur,
2930 2456 2998 2493 ea
3037 2441 3225 2495 denuo
3256 2443 3467 2512 legere,
3495 2460 3628 2497 ncc-

1932 2541 2049 2579 non
2091 2525 2428 2579 accuratiori
2479 2524 2692 2595 judicio
2733 2527 3077 2595 expendere,
3120 2529 3271 2598 quod
3322 2530 3517 2601 utique
3563 2530 3625 2586 in

1935 2613 2249 2683 exemplari
2284 2614 2432 2667 notis
2470 2618 2697 2667 exarata
2734 2614 2925 2668 minus
2961 2620 3253 2685 poterant,
3294 2622 3488 2687 utpote
3526 2619 3628 2689 qui

1935 2716 2030 2754 eas
2071 2717 2187 2755 non
2230 2706 2496 2766 nossent;
2542 2716 2673 2755 cum
2717 2702 2970 2772 alioquin
3002 2708 3164 2757 notas
3200 2705 3432 2758 alterius
3461 2705 3631 2760 sciret

1934 2805 2104 2842 nemo
2135 2789 2323 2859 (Ibid.,
2374 2804 2531 2857 capp.
2582 2792 2671 2857 16,
2722 2792 2813 2857 20,
2861 2793 2949 2857 33,
2983 2792 3070 2856 38,
3112 2792 3219 2860 43).
3257 2793 3323 2846 Et
3360 2792 3468 2846 hoc
3514 2810 3629 2848 non

1934 2877 2090 2931 aliud
2135 2881 2277 2942 erat,
2325 2892 2499 2946 quam
2546 2881 2773 2945 tempus
2821 2878 3069 2945 trahere,
3104 2895 3168 2931 ac
3213 2880 3629 2947 prolationibus

1933 2980 2103 3034 agere
2127 2965 2270 3018 velle
2300 2980 2370 3017 ne
2402 2964 2471 3018 ad
2502 2963 2788 3033 judicium
2826 2964 3116 3018 veniretur
3144 2967 3326 3034 (Ibid,
3358 2983 3477 3037 cap.
3513 2970 3624 3037 36).

1935 3052 2131 3123 Itaque
2171 3051 2624 3121 respondebatur
2649 3067 2684 3105 a
2716 3051 3037 3118 Catholicis,
3071 3070 3163 3107 eos
3190 3053 3249 3106 in
3281 3054 3465 3124 prima
3495 3056 3623 3110 Col-

1934 3140 2167 3207 latione,
2199 3139 2246 3193 si
2277 3138 2414 3211 quid
2440 3144 2733 3210 gestorum
2763 3141 3096 3211 apographo
3128 3158 3273 3211 opus
3302 3147 3469 3211 esset,
3500 3159 3630 3214 pro-

1935 3230 2148 3300 spicere
2180 3229 2460 3295 debuisse,
2485 3244 2588 3282 nec
2616 3229 2873 3299 polliceri
2904 3247 2963 3284 se
2993 3230 3150 3301 prius
3180 3232 3249 3285 ad
3279 3233 3628 3304 colloquium

1934 3318 2237 3387 redituros,
2266 3333 2441 3388 quam
2470 3316 2579 3371 sibi
2607 3317 2678 3371 ad
2708 3316 2768 3370 id
2804 3316 3016 3386 paratis
3043 3334 3162 3372 esse
3200 3318 3396 3373 liceret
3428 3335 3441 3373 :
3474 3336 3630 3376 nunc

1932 3421 2066 3459 vero
2096 3408 2227 3474 post
2261 3404 2437 3459 ﬁdem
2471 3404 2662 3459 datam
2693 3404 2940 3476 amplius
2977 3406 3414 3476 procrastinare,
3445 3408 3625 3464 haud-

1934 3508 2224 3563 quaquam
2246 3491 2536 3562 integrum
2569 3508 2718 3558 esse;
2752 3492 2882 3547 illos
2909 3493 3095 3563 pridie
3125 3494 3248 3565 ejus
3278 3495 3394 3549 diei
3423 3496 3630 3551 Catho-

1932 3580 2172 3634 licorum
2198 3581 2535 3635 mandatum
2558 3581 2807 3650 petiisse,
2838 3598 2944 3635 nec
2974 3582 3145 3637 ullius
3176 3590 3456 3653 praeterea
3484 3586 3629 3641 alte-

1932 3668 2053 3721 rius
2079 3668 2164 3722 rei
2192 3668 2541 3722 mentionem
2570 3668 2765 3723 fecisse
2785 3670 2971 3737 (Ibid.,
2994 3686 3113 3739 cap.
3142 3673 3250 3740 49).
3283 3672 3429 3735 Quin
3456 3673 3630 3728 etiam

1933 3755 2287 3825 superiorem
2335 3755 2705 3809 Collationem
2750 3756 2942 3825 potius
2991 3756 3052 3809 in
3098 3759 3463 3813 recensendis
3514 3762 3628 3831 epi-

1932 3859 2238 3912 scoporum
2268 3841 2796 3913 subscriptionibus,
2828 3848 3000 3912 atque
3029 3843 3090 3897 in
3117 3846 3244 3898 aliis
3274 3846 3624 3915 hujusmodi,

1933 3946 2104 4001 quam
2126 3930 2185 3983 in
2205 3946 2266 3984 re
2290 3929 2458 3983 ullius
2479 3930 2549 3983 ad
2573 3929 2871 4000 negotium
2894 3932 3184 3995 momenti,
3202 3932 3373 3987 fuisse
3392 3935 3631 3989 colloca-

1931 4023 2047 4073 tam
2072 4018 2259 4087 (Ibid.,
2274 4034 2395 4086 cap.
2415 4019 2523 4080 40).
2550 4018 2760 4072 Verum
2776 4018 2898 4072 istis
2918 4018 3156 4073 minime
3177 4021 3452 4087 contenti,
3473 4022 3627 4077 diem

1932 4105 2234 4162 Collationi
2262 4105 2636 4159 constitutum
2660 4105 2783 4176 jam
2811 4105 2944 4160 inde
2974 4125 3006 4160 a
3035 4113 3239 4178 quarto
3270 4107 3491 4163 decimo
3524 4111 3628 4164 ka-

1931 4194 2126 4249 lendas
2150 4194 2343 4265 junias
2369 4194 2628 4264 elapsum
2658 4210 2800 4259 esse,
2828 4195 3315 4265 quemadmodum
3336 4196 3519 4267 pridie
3549 4200 3627 4252 fe-

1930 4286 2144 4351 cerant,
2195 4283 2432 4336 moleste
2485 4281 2847 4352 objectabant
2905 4284 3089 4352 (Ibid.,
3144 4300 3302 4353 capp.
3362 4286 3452 4351 48,
3508 4287 3624 4356 50).

1933 4371 2187 4443 Denique
2223 4387 2350 4425 cum
2391 4370 2452 4424 in
2482 4370 2730 4441 petenda
2766 4370 3037 4426 dilatione
3067 4378 3320 4426 mentem
3356 4373 3625 4427 obﬁrma-

1929 4464 2080 4527 rent,
2111 4464 2171 4513 ut
2208 4460 2316 4513 hoc
2354 4458 2468 4512 illis
2505 4475 2540 4512 a
2570 4458 2765 4528 judice
2808 4460 3235 4526 concederetur,
3275 4462 3628 4530 Augustinus

1931 4546 2182 4601 obtinuit
2212 4546 2393 4617 (lbid.,
2426 4562 2546 4615 cap.
2577 4549 2687 4615 56).
2727 4548 2792 4600 Et
2829 4547 2939 4616 ipsi
2974 4548 3209 4618 quidem
3245 4548 3400 4602 haud
3428 4549 3627 4621 iniqua

1928 4634 2296 4702 postulabant
2319 4649 2331 4686 :
2356 4633 2453 4686 sed
2484 4648 2613 4686 cum
2636 4649 2695 4686 se
2724 4632 2907 4702 pridie
2927 4633 3206 4703 promisso
3235 4634 3307 4687 ad
3335 4636 3622 4705 agendum

1930 4720 2037 4773 hoc
2085 4720 2177 4774 die
2224 4719 2521 4789 negotium
2572 4718 2946 4789 obligassent;
2987 4720 3111 4789 jam
3150 4736 3268 4774 non
3322 4728 3463 4787 erat,
3525 4741 3627 4778 cur

1929 4806 2256 4860 istiusmodi
2294 4806 2714 4876 postulatorum
2752 4806 3059 4860 haberetur
3098 4807 3214 4860 ulla
3251 4807 3397 4863 ratio
3440 4811 3621 4877 (Ibid.,

1929 4910 2050 4963 cap.
2083 4896 2189 4961 66).
2215 4893 2329 4947 Illis
2348 4892 2544 4962 igitur,
2568 4892 2827 4962 quamvis
2857 4908 3059 4962 parum
3078 4893 3277 4949 libenti
3306 4896 3521 4963 animo,
3544 4904 3627 4952 ta-

1932 4998 2064 5036 men
2093 4980 2425 5035 dilationem
2464 4978 2702 5034 indulsit
2731 4979 3087 5035 Marcellinus
3128 4982 3310 5050 (Ibid.,
3350 5000 3471 5054 cap.
3503 4988 3620 5054 61);

1928 5085 2173 5140 cumque
2195 5067 2401 5123 notarii
2429 5083 2550 5121 sese
2577 5067 2781 5122 eodem
2811 5068 2903 5122 die
2929 5069 3234 5139 castigatas
3260 5072 3497 5126 schedas
3525 5089 3622 5126 ex-

1928 5157 2185 5226 pleturos
2205 5155 2602 5227 promisissent
2622 5156 2809 5224 (Ibid.,
2834 5171 2955 5225 cap.
2981 5157 3093 5226 63),
3127 5158 3438 5226 promisere
3468 5159 3624 5212 simi-

1927 5245 2057 5299 liter
2086 5261 2180 5299 eas
2227 5260 2286 5298 se
2336 5244 2753 5312 subscripturos
2785 5244 3091 5298 Donatistae
3141 5246 3323 5315 (Ibid.,
3354 5262 3475 5315 cap.
3505 5248 3618 5315 64).

1929 5335 2044 5388 Hoc
2070 5336 2236 5403 pacto
2260 5336 2431 5402 caput
2462 5332 2621 5398 illud,
2653 5332 2744 5385 cui
2767 5332 2955 5402 primo
2984 5333 3251 5403 refragati
3276 5339 3458 5404 erant,
3490 5338 3620 5388 tan-

1929 5423 2061 5474 dem
2083 5420 2391 5491 aliquando
2418 5419 2698 5474 admisere
2722 5420 2835 5489 (Λᾶ
2864 5423 3054 5474 Donat.
3079 5427 3199 5488 post
3218 5422 3405 5476 Collat.
3429 5437 3486 5475 n.
3517 5426 3618 5482 15).

1932 5509 2056 5563 Non
2102 5508 2257 5562 enim
2308 5523 2403 5561 eos
2429 5506 2704 5577 fugiebat,
2738 5506 2901 5578 quin,
2950 5508 3000 5561 si
3045 5508 3193 5563 dicta
3220 5508 3453 5586 propria
3484 5509 3618 5563 sub-
