4062 6358
408 294 511 345 419

408 410 811 481 scriptionibus
859 411 1198 465 confirmare
1241 409 1641 476 detrectarent,
1690 406 1824 461 hinc
1888 408 2106 478 liquido

409 503 731 571 appareret,
781 497 954 568 ipsos,
1002 512 1076 551 ne
1134 495 1250 550 suis
1298 495 1485 551 verbis
1537 496 1982 562 revincerentur,
2031 495 2107 549 ti-

409 588 639 643 muisse.
692 586 963 651 Quocirca
1009 584 1184 640 satius
1233 601 1354 639 esse
1406 585 1708 649 duxerunt,
1760 584 1945 639 verbis
1991 584 2107 638 suis

409 680 609 747 postea
631 674 825 729 fucum
848 690 1105 745 quazrere
1125 690 1191 727 ac
1214 673 1474 740 nebulas,
1497 689 1672 744 quam
1702 673 1802 727 illa
1830 673 1946 743 jam
1975 672 2106 726 inde

411 781 443 819 a
472 762 754 835 principio
785 761 1077 816 damnare.
1113 763 1258 831 Ergo
1310 761 1411 816 ubi
1450 778 1509 815 se
1538 761 1956 831 subscripturos
1986 766 2107 816 acta

413 851 725 907 Donatistie
754 854 1111 921 receperunt,
1143 850 1314 905 ﬁdem
1366 866 1593 921 quoque
1625 851 1829 904 dedere
1876 849 2104 915 notarii,

411 938 457 992 si
484 938 719 1009 quidem
748 938 951 992 eodem
970 942 1069 992 aut
1096 936 1359 1009 proximo
1382 939 1472 993 die
1503 937 2011 1003 subscriberentur,
2035 938 2108 991 la-

409 1026 744 1081 borantibus
767 1026 865 1080 diu
887 1029 1170 1096 noctuque
1191 1025 1583 1096 exceptoribus
1606 1026 1685 1079 ita
1708 1025 1922 1079 absolvi
1942 1042 2106 1095 posse

413 1115 612 1170 eadem
632 1118 770 1183 acta,
797 1119 860 1168 ut
883 1113 1025 1168 feria
1042 1119 1265 1184 quarta,
1290 1114 1532 1184 septimo
1563 1112 1653 1167 die
1683 1112 1883 1167 iduum
1908 1112 2105 1183 junia-

410 1219 541 1258 rum
563 1203 867 1257 ederentur
885 1202 946 1255 in
966 1202 1258 1272 publicum
1274 1203 1489 1270 (Collat.
1513 1202 1770 1267 Carthag.
1785 1206 1838 1263 2,
1859 1202 2103 1270 cap.65).

410 1294 557 1348 Tum
603 1306 736 1345 vero
782 1290 1055 1346 Catholici
1101 1290 1319 1361 pariter
1348 1307 1410 1344 ac
1456 1290 1763 1344 Donatistae
1803 1290 1874 1343 ad
1904 1290 2106 1344 feriam

410 1380 698 1453 quintam,
722 1384 944 1433 sextum
976 1379 1303 1433 earumdem
1326 1378 1526 1433 iduum
1549 1379 1722 1445 diem,
1747 1395 1865 1433 sese
1888 1378 1947 1432 in
1970 1395 2105 1432 con-

410 1468 628 1535 cilium,
658 1472 724 1523 ut
753 1468 824 1522 de
855 1483 1079 1522 summa
1112 1467 1196 1521 rei
1221 1468 1454 1522 tandem
1486 1467 1829 1538 disputetur,
1861 1482 2105 1521 conven-

411 1562 572 1612 turos
610 1556 850 1628 polliciti
888 1560 1019 1610 sunt
1069 1557 1253 1625 (Ibid.,
1284 1572 1444 1626 capp.
1482 1560 1569 1623 66,
1603 1559 1709 1619 67).
1752 1556 2107 1611 Marcellinus

412 1661 642 1717 quoque
671 1644 996 1714 petentibus
1028 1644 1336 1699 Donatistis
1374 1644 1598 1707 annuit,
1634 1649 1699 1699 ut
1725 1645 1913 1715 primo
1938 1661 2105 1699 mane

411 1732 641 1803 septimi
663 1732 785 1801 jam
815 1737 946 1786 ante
969 1731 1271 1786 memorati
1296 1732 1659 1787 traderentur
1681 1732 1935 1803 utrisque
1959 1732 2105 1787 utri-

408 1836 592 1891 usque
633 1818 961 1874 Collationis
1007 1820 1297 1889 exempla;
1332 1819 1483 1890 quod
1526 1819 1849 1889 impletum,
1894 1820 2105 1890 scripto

294 1950 301 1959 .
410 1907 604 1963 testari
633 1910 987 1985 tenerentur.
1021 1907 1208 1975 (Ibid.,
1240 1922 1399 1976 capp.
1426 1910 1515 1973 67,
1548 1910 1660 1977 68).
1686 1907 1776 1962 Sic
1802 1908 2107 1985 terminata

409 2002 491 2051 est
510 1996 757 2050 secunda
778 1994 1039 2060 Collatio,
1053 1995 1302 2049 Tribuno
1324 1994 1691 2064 promittente
1716 1996 1968 2049 edictum
1990 2013 2105 2067 quo

410 2083 668 2156 ipsorum
724 2083 1151 2138 Donatistarum
1216 2083 1480 2153 precibus
1545 2099 1871 2138 concessam
1934 2086 2105 2139 fuisse

410 2171 837 2242 ampliationem
860 2170 1192 2237 declararet,
1207 2170 1276 2224 ab
1293 2187 1350 2224 se
1372 2171 1800 2241 promulgatum
1823 2172 1893 2225 iri
1917 2173 2072 2243 (Ibid.
2089 2215 2102 2233 ,

409 2276 567 2331 capp.
597 2263 692 2328 72,
722 2263 831 2327 73).
865 2260 980 2312 Hoc
1009 2257 1205 2329 utique
1235 2258 1470 2329 Alypius
1497 2259 1761 2328 petierat,
1792 2260 2005 2313 veritus
2032 2277 2105 2315 ne

410 2365 586 2420 quam
630 2348 765 2403 hinc
813 2346 1119 2401 Donatistae
1176 2352 1448 2417 caperent
1495 2347 1850 2401 occasionem
1906 2348 2106 2419 populi

411 2437 562 2491 falsis
589 2435 935 2501 rumoribus,
958 2435 1443 2506 quemadmodum
1465 2434 1649 2506 pridie
1667 2436 1880 2491 factum
1899 2437 2102 2504 fuerat,

410 2524 801 2596 perturbandi.
836 2526 976 2579 Cum
1022 2527 1214 2578 autem
1256 2539 1360 2593 per
1385 2524 1596 2578 hancce
1636 2524 2103 2595 disceptationem

413 2613 734 2668 Donatistas
762 2612 1003 2666 fratrum
1032 2612 1265 2666 nomine
1287 2613 1460 2666 semel
1489 2629 1612 2666 com
1624 2613 1884 2683 pellasset
1911 2616 2103 2684 Augu-

411 2703 611 2767 stinus,
647 2701 860 2756 dictum
886 2701 1197 2756 Petilianus
1229 2717 1346 2755 non
1378 2700 1500 2755 sine
1525 2700 1841 2756 offensione
1866 2702 2101 2772 accepit,

409 2807 596 2862 neque
619 2790 687 2846 de
705 2790 811 2844 hoc
825 2789 1009 2856 aliter,
1025 2805 1200 2860 quam
1214 2789 1283 2843 de
1299 2788 1509 2859 injuria
1528 2789 1901 2861 expostulavit
1917 2791 2077 2860 (Ibid.
2090 2830 2105 2858 ,

410 2896 567 2949 capp.
640 2881 731 2946 49,
798 2878 907 2949 50).
977 2878 1186 2932 Scriba:
1253 2877 1611 2948 diligentiam
1676 2879 1763 2932 vel
1828 2879 2107 2950 majorem

410 2968 524 3021 suis
579 2966 873 3038 promissis
928 2967 1234 3021 exhibuere
1295 2966 1482 3037 (Ibid.,
1543 2969 1595 3034 3,
1651 2983 1772 3036 cap.
1828 2968 1913 3037 3);
1972 2983 2107 3021 nam

411 3060 605 3110 octavo
634 3055 763 3110 idus
786 3053 1003 3131 junias,
1031 3054 1174 3108 hora
1204 3054 1318 3109 diei
1344 3054 1529 3118 tertia,
1567 3053 1625 3109 id
1663 3059 1764 3119 est,
1807 3059 2001 3109 nostro
2048 3055 2108 3108 in

410 3143 601 3199 Galliis
613 3142 950 3197 numerandi
964 3157 1145 3208 more,
1160 3142 1381 3196 circiter
1391 3158 1545 3195 nona
1559 3147 1711 3195 matu
1720 3142 2108 3209 tina,duarum

413 3230 795 3285 Collationum
807 3234 931 3283 acta
943 3229 1003 3283 in
1016 3229 1509 3299 ecclesiam,quam
1521 3231 1674 3283 Theo
1681 3230 1938 3300 prepiam
1951 3246 2109 3284 voca-

415 3320 572 3384 bant,
606 3318 935 3372 detulerunt
963 3317 1031 3370 ad
1056 3317 1403 3383 Donatistas;
1427 3311 1593 3387 cujus
1610 3317 1689 3371 rei
1718 3316 2109 3373 testimonium

416 3405 570 3460 dedit
581 3402 1174 3460 Montanuslamensis
1193 3403 1381 3471 (Ibid.,
1397 3420 1519 3473 cap.
1540 3404 1612 3475 5).
1631 3405 1705 3459 Ea
1725 3420 1953 3476 quoque
1974 3406 2110 3460 dua-

416 3494 521 3548 bus
548 3497 679 3563 post
706 3492 863 3546 horis
891 3491 953 3545 in
983 3491 1275 3546 basilicam
1299 3491 1638 3546 Restitutam
1660 3493 1848 3547 delata
1868 3494 2109 3548 Catholi-

416 3580 494 3634 cis
505 3580 866 3635 tradiderunt
877 3596 891 3641 ;
908 3579 1064 3651 quod
1081 3584 1137 3633 et
1153 3580 1318 3633 Fortu
1328 3580 1592 3635 natianus
1612 3580 1883 3636 Siccensis
1900 3582 2108 3653 scripto

417 3673 652 3724 testatus
673 3674 757 3723 est
775 3668 964 3740 (Ibid.,
993 3684 1115 3737 cap.
1145 3668 1221 3739 4).
1247 3668 1354 3723 Sed
1375 3667 1436 3722 in
1461 3668 1776 3724 testimonii
1797 3670 1884 3723 sui
1904 3672 2111 3725 scheda

416 3756 795 3828 perscripsere
833 3755 1194 3822 schismatici,
1237 3756 1377 3811 duas
1425 3757 1591 3812 hasce
1633 3758 1972 3813 Collationes
2011 3760 2109 3814 ad-

415 3863 611 3901 versus
634 3846 939 3901 traditores
960 3849 1016 3900 et
1043 3849 1432 3916 persecutores
1458 3863 1591 3901 suos
1612 3862 1731 3901 sese
1754 3848 2107 3902 sustinuisse.

420 3935 653 4007 Utrique
673 3939 865 3990 autem
886 3934 1037 3989 dicto
1059 3935 1151 3989 die
1172 3935 1240 3989 ad
1268 3935 1615 4005 colloquium
1640 3936 1873 3990 tertium
1895 3937 2110 3991 reditu-

416 4040 508 4078 ros
537 4040 595 4077 se
614 4024 1026 4093 promiserunt.
1051 4022 1299 4078 Dubium
1327 4039 1439 4077 non
1461 4022 1547 4077 est
1568 4023 1709 4094 quin
1733 4025 2105 4089 Marcellinus,

415 4116 481 4164 ut
517 4112 688 4165 ﬁdem
731 4110 1021 4175 liberaret,
1055 4110 1349 4181 utriusque
1389 4111 1720 4165 Collationis
1760 4117 1903 4178 acta,
1935 4112 2105 4166 simul

418 4204 587 4268 atque
618 4198 898 4268 descripta
917 4198 1096 4264 fuere,
1123 4197 1349 4267 publice
1395 4198 1553 4269 afﬁgi
1577 4198 1851 4269 jusserit:
1878 4216 1981 4254 nec
2000 4201 2111 4255 alio

417 4286 558 4339 forte
608 4286 973 4340 referendum
1019 4290 1105 4339 est
1148 4285 1291 4340 illud
1326 4286 1596 4353 edictum,
1632 4288 1786 4357 quod
1824 4286 1885 4341 in
1928 4289 2110 4359 capite

418 4371 680 4426 secundm
720 4371 1049 4426 Collationis
1087 4376 1453 4432 memoratur.
1478 4372 1600 4441 ubi,
1642 4389 1771 4443 quae
1803 4374 1925 4443 jam
1963 4374 2115 4430 inter

418 4460 715 4529 episcopos
744 4463 903 4529 gesta
930 4458 1163 4523 fuerint,
1205 4464 1376 4530 atque
1408 4459 1535 4513 initi
1565 4465 1783 4530 partem
1817 4462 2114 4517 conflictus

419 4547 681 4601 omnium
736 4546 935 4611 oculis,
989 4546 1071 4602 uti
1123 4547 1482 4618 promiserat,
1532 4565 1851 4620 proponere
1911 4566 1969 4605 se
2026 4556 2114 4605 te-

420 4638 618 4690 statur.

1078 4724 1304 4778 CAPUT
1342 4725 1455 4779 ΧΗ.

425 4811 444 4862 t
486 4810 667 4863 Tertia
699 4810 989 4866 Collatione
1017 4817 1166 4866 serto
1196 4812 1321 4866 idus
1342 4814 1533 4882 junias
1563 4814 1753 4868 habita
1778 4815 1985 4868 instant
2011 4817 2115 4869 Do-

489 4899 726 4963 natistae,
746 4902 807 4951 ut
829 4899 1160 4953 discutiatur
1178 4902 1403 4969 quinam
1422 4918 1522 4970 pro
1542 4901 1864 4971 petitoribus
1883 4903 2118 4957 habendi

489 4986 623 5051 sint,
654 4989 818 5053 utque
846 4986 911 5039 de
940 4988 1173 5056 petenda
1204 4990 1496 5044 Collatione
1537 4993 1931 5047 Catholicorum
1960 5008 2115 5046 man-

491 5072 626 5126 data
648 5074 1043 5142 expenduntur.
1065 5079 1099 5130 2
1115 5077 1284 5131 Iidem
1304 5079 1623 5132 catholicam
1641 5080 1934 5134 Ecclesium
1954 5097 2118 5148 agno-

490 5167 647 5216 scunt
669 5178 787 5217 eam
816 5178 944 5230 esse,
977 5177 1096 5231 quae
1124 5168 1231 5219 toto
1256 5166 1380 5219 orbe
1402 5172 1713 5234 propagata
1743 5172 1839 5223 est.
1866 5170 1896 5223 3
1932 5171 1999 5222 Ut
2027 5171 2116 5222 in—

492 5251 789 5319 telligatur,
835 5253 957 5306 utri
995 5254 1106 5306 sint
1136 5255 1413 5321 petitores,
1445 5256 1603 5307 varia
1636 5259 1760 5309 acta
1787 5258 2113 5323 recitantur;

489 5341 674 5408 sicque
692 5341 880 5393 invitis
909 5342 1207 5394 Donatistis
1236 5341 1310 5394 ad
1338 5344 1418 5394 rei
1438 5346 1602 5410 caput
1629 5344 1920 5399 acceditur.
1954 5347 1986 5399 4
2014 5348 2117 5399 Do-

490 5427 706 5480 natista
730 5429 1018 5495 proferunt
1049 5428 1284 5482 libellum
1314 5428 1379 5482 de
1407 5430 1678 5498 Ecclesia,
1709 5434 1769 5484 ut
1800 5432 2115 5499 loquuntur,

490 5517 748 5583 puritate.
774 5518 803 5569 5
825 5517 979 5569 Hunc
1004 5517 1211 5582 refutat
1240 5516 1598 5585 Augustinus,
1624 5535 1687 5573 ac
1710 5518 1775 5572 de
1800 5520 2119 5586 gravissimo

1650 287 1812 339 VI'l‘A
1849 288 1904 341 S.
1946 284 2321 341 AUGUSTINI
2363 283 2698 340 EPISCOPI.

3814 282 3928 335 420

2286 409 2380 461 illo
2408 409 2585 476 capite
2607 408 3024 460 controversiam
3050 406 3289 475 expedit.
3316 408 3347 458 ὃ
3370 405 3667 459 Acceditur
3686 405 3764 459 ad
3784 420 3935 474 qum-

2285 498 2509 550 stionem
2538 494 2603 548 de
2648 496 2932 551 Caeciliano
2969 498 3019 547 et
3048 494 3113 547 de
3149 495 3454 548 schismate.
3482 499 3513 547 7
3555 496 3933 548 Διωυίωὲαηί-

2286 587 2496 637 starum
2522 582 2751 635 historia
2777 572 3086 651 perturbati
3105 597 3167 635 ac
3196 582 3442 650 oppressi
3472 584 3789 643 Donatistae,
3828 598 3925 635 nec

2287 686 2505 725 causam
2543 685 2738 739 causae,
2795 686 2886 724 nec
2920 684 3210 738 personam
3254 685 3499 739 persona:
3547 670 3929 739 prajudicare

2287 761 2621 827 conﬁtentur.
2645 761 2677 812 8
2708 760 3136 814 Controversiam
3166 757 3232 811 de
3260 760 3489 812 veritate
3511 760 3777 815 Cirtensis
3797 775 3927 813 con-

2287 848 2403 902 cilii
2446 852 2673 901 movent.
2714 850 2745 902 9
2788 848 2982 901 Locum
3022 848 3231 916 Optati,
3271 862 3376 915 quo
3404 849 3517 917 ipsi
3544 849 3922 913 revincuntur,

2287 937 2485 1005 inspici
2524 936 2728 989 volunt.
2784 938 2848 988 lt)
2873 935 3041 989 Iidem
3064 936 3299 1004 prolatis
3327 934 3677 1001 documentis,
3718 935 3926 1004 quibus

2288 1024 2563 1079 Caeciliani
2607 1039 2669 1077 ac
2705 1025 2894 1095 Felicis
2941 1026 3248 1077 innocentia
3294 1023 3699 1090 declarabatur,
3739 1038 3927 1079 omnes

2288 1112 2680 1182 difﬁcultan
2706 1112 2871 1166 nodos
2909 1116 3110 1166 secant.
3146 1115 3199 1165 ll
3239 1109 3538 1167 Catholici:
3557 1112 3771 1167 demum
3798 1128 3927 1167 cau-

2289 1216 2405 1255 sam
2435 1202 2725 1270 adjudicat
2753 1201 3025 1266 Cognitor.

2292 1292 2341 1343 l.
2380 1289 2549 1343 Sexto
2596 1289 2726 1343 idus
2769 1287 2964 1359 junias
2993 1288 3389 1355 Collationem,
3432 1292 3608 1359 prout
3648 1288 3922 1342 condire-

2216 1382 2364 1445 rant,
2397 1377 2586 1449 primo
2618 1363 2787 1431 mane
2823 1369 3097 1449 auspicati
3128 1380 3278 1431 sunt.
3314 1376 3632 1432 Catholicos
3661 1376 3731 1431 de
3755 1392 3919 1430 more

2216 1466 2532 1521 octodecim
2574 1482 2832 1531 numero,
2875 1465 3194 1520 Donatistas
3231 1481 3363 1519 vero
3392 1470 3619 1520 tantum
3649 1465 3919 1520 undecim

2216 1554 2297 1609 ibi
2324 1559 2581 1625 repertos
2626 1554 2918 1608 introduci
2964 1553 3322 1609 Marcellinus
3351 1553 3557 1624 jussit;
3607 1570 3670 1608 ac
3709 1553 3921 1608 deinde

2217 1642 2468 1697 decrevit
2497 1647 2562 1697 ut
2602 1642 2804 1697 amotis
2834 1657 3383 1712 supervacanearum
3415 1657 3708 1697 morarum
3738 1642 3919 1713 tergi-

2215 1731 2653 1797 versationibus,
2693 1731 2927 1785 tandem
2966 1731 3037 1785 de
3077 1731 3308 1784 cardine
3338 1730 3514 1785 totius
3541 1729 3624 1784 rei
3656 1730 3918 1800 disputa-

2216 1823 2361 1872 rent.
2394 1819 2519 1873 Mox
2550 1817 2822 1874 Catholici
2852 1816 3274 1872 Donatistarum
3303 1833 3425 1871 esse
3454 1816 3741 1883 dixerunt,
3773 1833 3921 1887 quo-

2216 1906 2371 1977 niam
2399 1906 2552 1977 ipsos
2582 1912 2854 1978 tanquam
2880 1915 3270 1976 persecutores
3289 1920 3422 1959 suos
3444 1920 3507 1959 ac
3531 1904 3837 1960 traditore-5
3858 1904 3921 1959 in

2215 1995 2499 2050 mandatis
2524 1994 2641 2049 suis
2666 1994 3091 2065 proscidissent,
3124 1992 3346 2064 objecta
3378 1992 3620 2047 crimina
3643 1992 3923 2065 legitimis

2215 2084 2569 2155 argumentis
2613 2084 2933 2149 adstruere;
2979 2097 3202 2136 necnon
3239 2080 3301 2137 in
3346 2081 3679 2136 universum
3727 2082 3819 2136 sui
3848 2082 3924 2137 ab

2216 2172 2460 2227 Ecclesia
2503 2171 2723 2226 discidii
2768 2187 2965 2226 causas
3003 2172 3262 2241 proferre
3310 2171 3517 2239 (Collat.
3552 2170 3828 2239 Carthag.
3860 2175 3916 2237 3,

2216 2278 2337 2331 cap.
2386 2263 2485 2324 14).
2516 2260 2734 2325 Quibus
2773 2277 2803 2315 a
2850 2258 3223 2314 schismaticis
3266 2274 3607 2330 responsum
3645 2262 3750 2326 est,
3791 2258 3924 2329 pri-

2216 2366 2375 2404 mum
2406 2349 2665 2403 omnium
2716 2348 3138 2403 discutiendum
3168 2363 3309 2412 esse,
3344 2346 3458 2401 utri
3485 2347 3573 2401 vel
3601 2346 3920 2418 petitorum

2216 2439 2300 2491 vel
2350 2437 2712 2492 defensorum
2760 2452 3067 2507 personam
3110 2435 3489 2502 sustinerent;
3534 2450 3784 2506 eamque
3845 2436 3922 2491 ob

2216 2541 2360 2594 rem,
2404 2525 2473 2579 ab
2513 2525 2657 2579 utris
2704 2524 2883 2594 petita
2929 2523 3168 2579 Collatio
3214 2523 3430 2589 fuisset,
3472 2524 3918 2579 examinandum

2218 2613 2401 2683 (Ibid.,
2443 2629 2563 2682 cap.
2599 2616 2709 2681 l6).
2759 2613 2817 2667 1d
2847 2612 3080 2683 quidem
3118 2612 3396 2667 obstinate
3423 2612 3805 2683 ingesserunt,
3857 2617 3925 2667 ut

2217 2701 2518 2757 Catholicis
2548 2700 2862 2771 petitorum
2889 2705 3077 2771 partes
3104 2700 3561 2771 suscipientibus,
3595 2700 3706 2771 ipsi
3728 2702 3801 2757 ad
3831 2702 3923 2755 fo-

2216 2806 2441 2844 rensem
2473 2789 2710 2844 modum
2748 2789 3147 2843 cavillarentur
3174 2804 3188 2843 :
3219 2788 3374 2843 unde
3398 2793 3540 2843 ortas
3568 2789 3811 2844 fuissent
3838 2790 3928 2845 di-

2219 2879 2459 2933 lationes
2489 2894 2553 2932 ac
2572 2877 2727 2932 tricas
2755 2876 3015 2932 infinitae.
3043 2877 3154 2932 Nec
3182 2882 3377 2931 tamen
3404 2877 3762 2932 Marcellinus
3777 2877 3923 2933 alie-

2220 2983 2358 3022 num
2389 2966 2460 3021 ab
2490 2982 2556 3021 ea
2587 2965 2958 3037 inquisitione
2989 2965 3248 3020 animum
3276 2981 3395 3036 prae
3438 2981 3497 3020 se
3524 2966 3744 3021 ferebat
3777 2982 3791 3020 :
3823 2966 3925 3020 sed

2218 3072 2349 3109 cum
2375 3054 2600 3110 abunde
2628 3057 2992 3124 perspectum
3018 3058 3165 3108 esset
3194 3053 3516 3120 Catholicis,
3549 3069 3664 3125 quo
3694 3058 3925 3125 specta-

2218 3148 2349 3197 rent
2375 3142 2715 3209 adversarii;
2758 3142 2888 3196 licet
2922 3142 3026 3196 hos
3054 3142 3210 3213 ipsos
3236 3158 3368 3196 vere
3396 3146 3749 3197 accusatores
3775 3159 3921 3209 esse,

2204 3232 2334 3303 jam
2366 3231 2499 3285 satis
2545 3231 2816 3285 mandato
2855 3246 2957 3284 suo
2988 3230 3503 3298 demonstrassent;
3532 3230 3807 3285 nolebant
3834 3236 3924 3285 ta-

2220 3337 2354 3375 men
2381 3320 2440 3374 in
2467 3320 2572 3374 hoc
2600 3319 2816 3390 inquiri
2839 3318 3119 3391 penitius;
3150 3319 3435 3389 agendum
3457 3323 3588 3374 ante
3618 3319 3818 3374 omnia
3854 3320 3929 3374 de

2220 3408 2300 3463 rei
2332 3407 2512 3479 ipsius
2541 3407 2723 3478 capite
2754 3408 3129 3462 admonentes
3161 3408 3344 3477 (Ibid.,
3366 3423 3525 3477 capp.
3562 3410 3652 3477 18,
3675 3408 3792 3478 98).
3817 3409 3930 3463 Ro-

2220 3497 2430 3568 gabant
2457 3496 2516 3550 in
2543 3495 2748 3565 primis
2779 3496 3143 3550 ostenderent
3165 3496 3495 3563 Donatistae,
3528 3512 3669 3568 quas
3690 3497 3766 3551 ob
3791 3512 3932 3551 cau-

2220 3600 2308 3640 sas
2364 3585 2738 3639 secessionem
2782 3584 2850 3638 ab
2898 3584 3141 3639 Ecclesia
3184 3583 3490 3655 Scriptnris
3533 3584 3741 3640 divinis
3777 3600 3929 3655 pro-

2219 3673 2411 3735 missa,
2459 3689 2523 3727 ac
2548 3677 2669 3727 toto
2694 3676 2979 3727 terrarum
3009 3673 3147 3727 orbe
3181 3673 3407 3741 diffusa,
3436 3672 3702 3728 fecissent
3727 3674 3927 3743 (Ibid.,

2220 3778 2339 3831 cap.
2370 3765 2454 3829 82)
2489 3776 2503 3816 :
2538 3765 2663 3815 tum
2703 3760 3015 3830 probarent
3046 3760 3123 3823 id,
3175 3761 3330 3831 quod
3360 3765 3716 3832 receperant,
3748 3760 3929 3816 nimi-

2221 3867 2350 3905 rum
2398 3849 2549 3921 apud
2598 3865 2656 3903 se
2702 3865 2823 3902 esse
2872 3849 3207 3904 catholicam
3235 3849 3538 3904 Ecclesiam
3567 3849 3757 3922 (Ibid.,
3797 3865 3924 3919 cap.

2218 3940 2328 4004 75).
2383 3938 2504 4001 Qua
2550 3936 2844 3991 occasione
2882 3937 3235 4007 Augustinus
3279 3954 3293 3992 :
3331 3941 3472 3993 Deus
3507 3953 3618 4001 nos,
3650 3936 3752 4003 ait,
3806 3938 3926 3991 dis-
4023 3987 4028 4007 ,

2218 4030 2494 4095 putatores
2524 4029 2573 4079 et
2616 4025 2891 4079 collatores
2942 4027 3136 4093 magis,
3170 4041 3335 4095 quam
3365 4027 3665 4093 litigatores
3700 4040 3814 4080 esse
3838 4042 3931 4080 vo-

2222 4114 2341 4168 luit.
2390 4116 2505 4169 Non
2550 4118 2987 4182 interponantur,
3035 4130 3155 4183 qua:
3202 4114 3277 4168 ad
3312 4130 3424 4169 rem
3460 4116 3765 4169 necessaria
3817 4129 3927 4169 non

2222 4207 2367 4257 sunt.
2402 4203 2641 4256 Ecclesia
2667 4206 2745 4255 est
2768 4216 2932 4270 quam
2958 4205 3250 4257 asserimus
3269 4205 3586 4258 testimoniis
3608 4204 3927 4272 Scriptura-

2222 4306 2341 4343 rum
2391 4290 2724 4355 divinarum,
2780 4290 3025 4344 omnibus
3055 4295 3207 4359 nota,
3247 4293 3305 4345 in
3354 4295 3552 4360 monte,
3598 4293 3738 4345 sicut
3782 4292 3926 4345 scri-

2218 4384 2375 4448 ptum
2403 4383 2500 4443 est,
2523 4379 2787 4431 altissimo
2826 4380 3137 4445 constituta,
3170 4379 3247 4433 ad
3274 4394 3438 4447 quam
3483 4381 3705 4434 veniunt
3744 4394 3929 4434 omnes

2222 4471 2419 4533 gentes.
2443 4467 2505 4520 Si
2518 4470 2593 4519 est
2614 4466 2829 4533 aliquid
2844 4470 3031 4520 contra
3046 4468 3210 4521 istam
3220 4468 3514 4522 Ecclesium
3526 4467 3670 4536 quod
3680 4466 3925 4536 dicatur,

2215 4556 2336 4623 jam
2364 4554 2600 4620 dicatur,
2625 4559 2673 4607 et
2685 4555 2847 4608 nullae
2870 4570 3031 4609 morae
3052 4557 3489 4624 interponantur.
3517 4555 3793 4622 Quamdiu
3813 4558 3927 4609 ista

2225 4648 2379 4697 tanta
2388 4643 2578 4712 populi
2593 4645 2921 4711 exspectatio
2933 4659 3194 4713 suspensa
3213 4649 3291 4698 est
3305 4643 3333 4699 ?
3345 4647 3419 4699 De
3430 4646 3615 4699 anima
3625 4659 3726 4699 sua
3741 4659 3925 4699 omnes

2225 4733 2482 4799 cogitant,
2514 4736 2564 4786 et
2592 4747 2686 4785 nos
2716 4737 3039 4787 moratorias
3063 4733 3499 4802 praescriptiones
3519 4733 3595 4786 ad
3626 4733 3721 4787 hoc
3760 4735 3930 4788 inter-

2222 4821 2491 4888 ponimus,
2543 4824 2605 4873 ut
2638 4820 2712 4874 ad
2747 4823 2906 4889 ﬁnem
2941 4820 3313 4888 coquoscenda:
3355 4823 3606 4876 veritatis
3643 4835 3930 4890 nunquam

2223 4906 2501 4961 veniatur!
2540 4906 2720 4975 (Ibid.,
2753 4922 2872 4976 cap.
2903 4908 3017 4977 2t.)
3050 4908 3246 4978 Neque
3271 4911 3466 4961 tamen
3495 4907 3655 4962 ibant
3682 4907 3928 4979 inﬁcias,

2227 4994 2368 5065 quin
2408 4994 2525 5049 suis
2570 4993 2827 5064 ipsorum
2876 4994 3141 5065 precibus
3180 4996 3516 5066 Imperator,
3557 5001 3626 5051 ut
3667 4996 3789 5068 ipse
3834 5013 3931 5052 re-

2226 5082 2438 5153 scripto
2469 5082 2621 5153 quod
2666 5081 2854 5137 denuo
2898 5082 3201 5138 recitatum
3242 5089 3328 5138 est
3368 5084 3704 5149 testabatur,
3742 5086 3930 5141 Colla-

2226 5170 2442 5225 tionem
2473 5169 2845 5224 concessisset
2874 5184 2889 5223 :
2925 5171 3023 5225 sed
3051 5187 3166 5226 non
3192 5172 3446 5228 contenti
3475 5188 3541 5228 ea
3572 5173 3931 5243 professione

2227 5258 2497 5323 haeretici,
2543 5261 2819 5328 praeterea
2855 5257 3174 5330 instabant,
3211 5261 3464 5316 oblatum
3504 5263 3756 5318 Honorio
3796 5282 3930 5337 sup-

2227 5345 2436 5417 plicem
2481 5345 2740 5399 libellum
2771 5346 3176 5418 proferendum
3218 5365 3360 5416 esse,
3401 5350 3745 5407 declaranda
3773 5353 3932 5426 lega-

2227 5436 2418 5488 torum
2443 5433 2699 5500 nomina,
2732 5439 2789 5491 et
2814 5435 3034 5491 edenda
3061 5453 3192 5508 quae
3224 5454 3257 5491 a
3287 5436 3586 5492 Catholici:
3614 5438 3723 5493 hac
3752 5440 3824 5496 de
3872 5457 3932 5496 re

2228 5527 2565 5592 acceperant
2601 5522 2897 5592 mandata;
2941 5525 3096 5597 quod
3139 5524 3199 5580 ni
3240 5526 3422 5593 tieret,
3453 5525 3692 5582 omnino
3718 5528 3934 5584 nullius
