  <div class='ocr_page' id='page_1' title='image "/cluster/home/n/w/nwhite01/storage/ocr_20150623/32/umn.31951002477326y/223.png"; bbox 0 0 4062 6364; ppageno 0'>
   <div class='ocr_carea' id='block_1_1' title="bbox 430 263 533 315">
    <p class='ocr_par' dir='ltr' id='par_1_1' title="bbox 430 263 533 315">
     <span class='ocr_line' id='line_1_1' title="bbox 430 263 533 315; baseline 0 -1"><span class='ocrx_word' id='word_1_1' title='bbox 430 263 533 315; x_wconf 78' lang='grc'><strong>423</strong></span> 
     </span>
    </p>
   </div>
   <div class='ocr_carea' id='block_1_2' title="bbox 422 377 2122 450">
    <p class='ocr_par' dir='ltr' id='par_1_2' title="bbox 422 377 2122 450">
     <span class='ocr_line' id='line_1_2' title="bbox 422 377 2122 450; baseline -0.004 -11"><span class='ocrx_word' id='word_1_2' title='bbox 422 384 540 439; x_wconf 84' lang='lat' dir='ltr'><strong>Hoc</strong></span> <span class='ocrx_word' id='word_1_3' title='bbox 568 382 652 437; x_wconf 86' lang='lat' dir='ltr'><strong>illi</strong></span> <span class='ocrx_word' id='word_1_4' title='bbox 679 381 1223 443; x_wconf 75' lang='lat' dir='ltr'><strong>animadverterunt,</strong></span> <span class='ocrx_word' id='word_1_5' title='bbox 1249 394 1434 450; x_wconf 89' lang='lat' dir='ltr'><strong>neque</strong></span> <span class='ocrx_word' id='word_1_6' title='bbox 1462 379 1581 432; x_wconf 91' lang='lat' dir='ltr'><strong>ullo</strong></span> <span class='ocrx_word' id='word_1_7' title='bbox 1599 378 1770 433; x_wconf 89' lang='lat' dir='ltr'><strong>modo</strong></span> <span class='ocrx_word' id='word_1_8' title='bbox 1798 377 1907 433; x_wconf 87' lang='lat' dir='ltr'><strong>sibi</strong></span> <span class='ocrx_word' id='word_1_9' title='bbox 1935 378 2122 433; x_wconf 86' lang='lat' dir='ltr'><strong>value-</strong></span> 
     </span>
    </p>
   </div>
   <div class='ocr_carea' id='block_1_3' title="bbox 422 467 2124 542">
    <p class='ocr_par' dir='ltr' id='par_1_3' title="bbox 422 467 2124 542">
     <span class='ocr_line' id='line_1_3' title="bbox 422 467 2124 542; baseline -0.004 -15"><span class='ocrx_word' id='word_1_10' title='bbox 422 477 560 526; x_wconf 89' lang='lat' dir='ltr'><strong>runt</strong></span> <span class='ocrx_word' id='word_1_11' title='bbox 613 476 955 542; x_wconf 89' lang='lat' dir='ltr'><strong>temperare,</strong></span> <span class='ocrx_word' id='word_1_12' title='bbox 1009 468 1149 538; x_wconf 91' lang='lat' dir='ltr'><strong>quid</strong></span> <span class='ocrx_word' id='word_1_13' title='bbox 1213 467 1351 522; x_wconf 91' lang='lat' dir='ltr'><strong>illud</strong></span> <span class='ocrx_word' id='word_1_14' title='bbox 1412 483 1563 536; x_wconf 65' lang='lat' dir='ltr'><strong>aegre</strong></span> <span class='ocrx_word' id='word_1_15' title='bbox 1627 484 1686 520; x_wconf 91' lang='lat' dir='ltr'><strong>se</strong></span> <span class='ocrx_word' id='word_1_16' title='bbox 1741 467 1890 522; x_wconf 89' lang='lat' dir='ltr'><strong>ferre</strong></span> <span class='ocrx_word' id='word_1_17' title='bbox 1963 471 2124 521; x_wconf 88' lang='lat' dir='ltr'><strong>testa-</strong></span> 
     </span>
    </p>
   </div>
   <div class='ocr_carea' id='block_1_4' title="bbox 420 556 2123 630">
    <p class='ocr_par' dir='ltr' id='par_1_4' title="bbox 420 556 2123 630">
     <span class='ocr_line' id='line_1_4' title="bbox 420 556 2123 630; baseline -0.002 -16"><span class='ocrx_word' id='word_1_18' title='bbox 420 564 641 627; x_wconf 79' lang='lat' dir='ltr'><strong>rentur,</strong></span> <span class='ocrx_word' id='word_1_19' title='bbox 673 576 738 613; x_wconf 94' lang='lat' dir='ltr'><strong>ac</strong></span> <span class='ocrx_word' id='word_1_20' title='bbox 764 559 954 630; x_wconf 84' lang='lat' dir='ltr'><strong>palam</strong></span> <span class='ocrx_word' id='word_1_21' title='bbox 985 557 1239 611; x_wconf 83' lang='lat' dir='ltr'><strong>dicerent</strong></span> <span class='ocrx_word' id='word_1_22' title='bbox 1269 572 1282 610; x_wconf 92' lang='lat'><strong>:</strong></span> <span class='ocrx_word' id='word_1_23' title='bbox 1316 558 1525 612; x_wconf 78' lang='lat' dir='ltr'><strong>Sensim</strong></span> <span class='ocrx_word' id='word_1_24' title='bbox 1567 558 1627 610; x_wconf 90' lang='lat' dir='ltr'><strong>in</strong></span> <span class='ocrx_word' id='word_1_25' title='bbox 1667 572 1887 611; x_wconf 84' lang='lat' dir='ltr'><em>causam</em></span> <span class='ocrx_word' id='word_1_26' title='bbox 1914 556 2123 610; x_wconf 81' lang='lat' dir='ltr'><strong>induci-</strong></span> 
     </span>
    </p>
   </div>
   <div class='ocr_carea' id='block_1_5' title="bbox 419 643 2119 719">
    <p class='ocr_par' dir='ltr' id='par_1_5' title="bbox 419 643 2119 719">
     <span class='ocr_line' id='line_1_5' title="bbox 419 643 2119 719; baseline -0.004 -16"><span class='ocrx_word' id='word_1_27' title='bbox 419 664 544 703; x_wconf 80' lang='lat' dir='ltr'><strong>mur</strong></span> <span class='ocrx_word' id='word_1_28' title='bbox 581 649 792 719; x_wconf 88' lang='lat' dir='ltr'><strong>(Collat.</strong></span> <span class='ocrx_word' id='word_1_29' title='bbox 843 647 1102 713; x_wconf 86' lang='lat' dir='ltr'><strong>Carthag.</strong></span> <span class='ocrx_word' id='word_1_30' title='bbox 1152 647 1203 712; x_wconf 89' lang='lat'><strong>3,</strong></span> <span class='ocrx_word' id='word_1_31' title='bbox 1252 660 1372 713; x_wconf 85' lang='lat' dir='ltr'><strong>cap.</strong></span> <span class='ocrx_word' id='word_1_32' title='bbox 1428 645 1569 713; x_wconf 90' lang='grc'><strong>151).</strong></span> <span class='ocrx_word' id='word_1_33' title='bbox 1613 644 1735 709; x_wconf 87' lang='lat' dir='ltr'><strong>Quo</strong></span> <span class='ocrx_word' id='word_1_34' title='bbox 1783 643 1934 698; x_wconf 90' lang='lat' dir='ltr'><strong>dicto</strong></span> <span class='ocrx_word' id='word_1_35' title='bbox 1987 643 2119 697; x_wconf 86' lang='lat' dir='ltr'><strong>satis</strong></span> 
     </span>
    </p>
   </div>
   <div class='ocr_carea' id='block_1_6' title="bbox 420 730 2119 808">
    <p class='ocr_par' dir='ltr' id='par_1_6' title="bbox 420 730 2119 808">
     <span class='ocr_line' id='line_1_6' title="bbox 420 730 2119 808; baseline -0.004 -17"><span class='ocrx_word' id='word_1_36' title='bbox 420 741 614 808; x_wconf 88' lang='lat' dir='ltr'><strong>aperte</strong></span> <span class='ocrx_word' id='word_1_37' title='bbox 643 734 1027 802; x_wconf 71' lang='lat' dir='ltr'><strong>declarabant,</strong></span> <span class='ocrx_word' id='word_1_38' title='bbox 1044 732 1105 786; x_wconf 90' lang='lat' dir='ltr'>id</span> <span class='ocrx_word' id='word_1_39' title='bbox 1121 730 1229 786; x_wconf 88' lang='lat' dir='ltr'>sibi</span> <span class='ocrx_word' id='word_1_40' title='bbox 1250 731 1416 786; x_wconf 85' lang='lat' dir='ltr'><strong>unice</strong></span> <span class='ocrx_word' id='word_1_41' title='bbox 1438 731 1499 785; x_wconf 89' lang='lat' dir='ltr'><strong>in</strong></span> <span class='ocrx_word' id='word_1_42' title='bbox 1521 732 1784 787; x_wconf 88' lang='lat' dir='ltr'><strong>omnibus</strong></span> <span class='ocrx_word' id='word_1_43' title='bbox 1811 732 1927 785; x_wconf 88' lang='lat' dir='ltr'><strong>suis</strong></span> <span class='ocrx_word' id='word_1_44' title='bbox 1949 731 2119 785; x_wconf 80' lang='lat' dir='ltr'><strong>moli-</strong></span> 
     </span>
    </p>
   </div>
   <div class='ocr_carea' id='block_1_7' title="bbox 419 821 2117 896">
    <p class='ocr_par' dir='ltr' id='par_1_7' title="bbox 419 821 2117 896">
     <span class='ocr_line' id='line_1_7' title="bbox 419 821 2117 896; baseline -0.004 -17"><span class='ocrx_word' id='word_1_45' title='bbox 419 824 678 880; x_wconf 89' lang='lat' dir='ltr'><strong>tionibus</strong></span> <span class='ocrx_word' id='word_1_46' title='bbox 694 823 1148 896; x_wconf 90' lang='lat' dir='ltr'><strong>propositum,ne</strong></span> <span class='ocrx_word' id='word_1_47' title='bbox 1169 821 1305 891; x_wconf 88' lang='lat' dir='ltr'><strong>quid</strong></span> <span class='ocrx_word' id='word_1_48' title='bbox 1319 821 1731 890; x_wconf 79' lang='lat' dir='ltr'><strong>fieret,eflicere</strong></span> <span class='ocrx_word' id='word_1_49' title='bbox 1750 838 1762 888; x_wconf 92' lang='lat'><strong>;</strong></span> <span class='ocrx_word' id='word_1_50' title='bbox 1783 827 1954 891; x_wconf 89' lang='lat' dir='ltr'><strong>atque</strong></span> <span class='ocrx_word' id='word_1_51' title='bbox 1976 822 2117 875; x_wconf 88' lang='lat' dir='ltr'><strong>adeo</strong></span> 
     </span>
    </p>
   </div>
   <div class='ocr_carea' id='block_1_8' title="bbox 418 909 2115 981">
    <p class='ocr_par' dir='ltr' id='par_1_8' title="bbox 418 909 2115 981">
     <span class='ocr_line' id='line_1_8' title="bbox 418 909 2115 981; baseline -0.004 -14"><span class='ocrx_word' id='word_1_52' title='bbox 418 912 777 968; x_wconf 78' lang='lat' dir='ltr'><strong>dissimulare</strong></span> <span class='ocrx_word' id='word_1_53' title='bbox 834 911 1169 981; x_wconf 80' lang='lat' dir='ltr'><strong>neutiquam</strong></span> <span class='ocrx_word' id='word_1_54' title='bbox 1232 925 1421 979; x_wconf 87' lang='lat' dir='ltr'><strong>posse,</strong></span> <span class='ocrx_word' id='word_1_55' title='bbox 1476 910 1617 981; x_wconf 92' lang='lat' dir='ltr'><strong>quin</strong></span> <span class='ocrx_word' id='word_1_56' title='bbox 1664 909 1774 964; x_wconf 88' lang='lat' dir='ltr'>sibi</span> <span class='ocrx_word' id='word_1_57' title='bbox 1819 909 2115 963; x_wconf 81' lang='lat' dir='ltr'><strong>veritatem</strong></span> 
     </span>
    </p>
   </div>
   <div class='ocr_carea' id='block_1_9' title="bbox 421 995 2118 1069">
    <p class='ocr_par' dir='ltr' id='par_1_9' title="bbox 421 995 2118 1069">
     <span class='ocr_line' id='line_1_9' title="bbox 421 995 2118 1069; baseline -0.004 -14"><span class='ocrx_word' id='word_1_58' title='bbox 421 1001 617 1055; x_wconf 88' lang='lat' dir='ltr'><strong>obesse</strong></span> <span class='ocrx_word' id='word_1_59' title='bbox 647 999 871 1053; x_wconf 80' lang='lat' dir='ltr'><strong>scirent.</strong></span> <span class='ocrx_word' id='word_1_60' title='bbox 915 999 1151 1052; x_wconf 88' lang='lat' dir='ltr'><strong>Easdem</strong></span> <span class='ocrx_word' id='word_1_61' title='bbox 1174 999 1433 1069; x_wconf 76' lang='lat' dir='ltr'><strong>querelas</strong></span> <span class='ocrx_word' id='word_1_62' title='bbox 1462 997 1655 1067; x_wconf 85' lang='lat' dir='ltr'><strong>paucis</strong></span> <span class='ocrx_word' id='word_1_63' title='bbox 1685 995 1994 1066; x_wconf 88' lang='lat' dir='ltr'><strong>interjectis</strong></span> <span class='ocrx_word' id='word_1_64' title='bbox 2017 995 2118 1049; x_wconf 87' lang='lat' dir='ltr'><strong>ite-</strong></span> 
     </span>
    </p>
   </div>
   <div class='ocr_carea' id='block_1_10' title="bbox 417 1085 2118 1156">
    <p class='ocr_par' dir='ltr' id='par_1_10' title="bbox 417 1085 2118 1156">
     <span class='ocr_line' id='line_1_10' title="bbox 417 1085 2118 1156; baseline -0.004 -12"><span class='ocrx_word' id='word_1_65' title='bbox 417 1093 551 1146; x_wconf 84' lang='lat' dir='ltr'><strong>rant</strong></span> <span class='ocrx_word' id='word_1_66' title='bbox 608 1088 791 1156; x_wconf 89' lang='lat' dir='ltr'><strong>(Ibid.,</strong></span> <span class='ocrx_word' id='word_1_67' title='bbox 844 1102 968 1155; x_wconf 86' lang='lat' dir='ltr'><strong>cap.</strong></span> <span class='ocrx_word' id='word_1_68' title='bbox 1018 1086 1231 1153; x_wconf 83' lang='grc' dir='ltr'><strong>193).ιο</strong></span> <span class='ocrx_word' id='word_1_69' title='bbox 1259 1085 1515 1139; x_wconf 70' lang='lat' dir='ltr'><strong>violentia</strong></span> <span class='ocrx_word' id='word_1_70' title='bbox 1541 1087 1808 1150; x_wconf 68' lang='lat' dir='ltr'><strong>veritatis,</strong></span> <span class='ocrx_word' id='word_1_71' title='bbox 1843 1085 2118 1138; x_wconf 81' lang='lat' dir='ltr'><strong>exclamat</strong></span> 
     </span>
    </p>
   </div>
   <div class='ocr_carea' id='block_1_11' title="bbox 416 1172 2118 1247">
    <p class='ocr_par' dir='ltr' id='par_1_11' title="bbox 416 1172 2118 1247">
     <span class='ocr_line' id='line_1_11' title="bbox 416 1172 2118 1247; baseline -0.004 -16"><span class='ocrx_word' id='word_1_72' title='bbox 416 1175 795 1247; x_wconf 78' lang='lat' dir='ltr'>Augustinus,</span> <span class='ocrx_word' id='word_1_73' title='bbox 842 1173 1079 1244; x_wconf 86' lang='lat' dir='ltr'><strong>quolibet</strong></span> <span class='ocrx_word' id='word_1_74' title='bbox 1116 1174 1356 1242; x_wconf 84' lang='lat' dir='ltr'><strong>equuleo,</strong></span> <span class='ocrx_word' id='word_1_75' title='bbox 1402 1172 1730 1241; x_wconf 86' lang='lat' dir='ltr'><strong>quibuslibet</strong></span> <span class='ocrx_word' id='word_1_76' title='bbox 1757 1174 1976 1239; x_wconf 85' lang='lat' dir='ltr'><strong>ungulis</strong></span> <span class='ocrx_word' id='word_1_77' title='bbox 2010 1176 2118 1239; x_wconf 82' lang='lat' dir='ltr'><strong>for-</strong></span> 
     </span>
    </p>
   </div>
   <div class='ocr_carea' id='block_1_12' title="bbox 416 1261 2114 1333">
    <p class='ocr_par' dir='ltr' id='par_1_12' title="bbox 416 1261 2114 1333">
     <span class='ocr_line' id='line_1_12' title="bbox 416 1261 2114 1333; baseline -0.004 -13"><span class='ocrx_word' id='word_1_78' title='bbox 416 1268 525 1320; x_wconf 83' lang='lat' dir='ltr'><strong>tior</strong></span> <span class='ocrx_word' id='word_1_79' title='bbox 590 1264 665 1318; x_wconf 85' lang='lat' dir='ltr'><strong>ad</strong></span> <span class='ocrx_word' id='word_1_80' title='bbox 738 1262 1149 1333; x_wconf 70' lang='lat' dir='ltr'><strong>exprimendam</strong></span> <span class='ocrx_word' id='word_1_81' title='bbox 1200 1261 1610 1326; x_wconf 79' lang='lat' dir='ltr'><strong>confessionem!</strong></span> <span class='ocrx_word' id='word_1_82' title='bbox 1667 1262 1841 1329; x_wconf 81' lang='lat' dir='ltr'>Hujus</span> <span class='ocrx_word' id='word_1_83' title='bbox 1902 1263 2114 1315; x_wconf 76' lang='lat' dir='ltr'>timoris</span> 
     </span>
    </p>
   </div>
   <div class='ocr_carea' id='block_1_13' title="bbox 414 1348 2114 1422">
    <p class='ocr_par' dir='ltr' id='par_1_13' title="bbox 414 1348 2114 1422">
     <span class='ocr_line' id='line_1_13' title="bbox 414 1348 2114 1422; baseline -0.003 -14"><span class='ocrx_word' id='word_1_84' title='bbox 414 1353 817 1422; x_wconf 79' lang='lat' dir='ltr'><strong>apertissimum</strong></span> <span class='ocrx_word' id='word_1_85' title='bbox 844 1365 1019 1404; x_wconf 79' lang='lat' dir='ltr'><strong>vocem</strong></span> <span class='ocrx_word' id='word_1_86' title='bbox 1049 1352 1170 1416; x_wconf 89' lang='lat' dir='ltr'><strong>quis</strong></span> <span class='ocrx_word' id='word_1_87' title='bbox 1197 1348 1261 1401; x_wconf 90' lang='lat' dir='ltr'><strong>de</strong></span> <span class='ocrx_word' id='word_1_88' title='bbox 1280 1348 1495 1402; x_wconf 86' lang='lat' dir='ltr'><strong>illorum</strong></span> <span class='ocrx_word' id='word_1_89' title='bbox 1519 1349 1699 1402; x_wconf 85' lang='lat' dir='ltr'><strong>clauso</strong></span> <span class='ocrx_word' id='word_1_90' title='bbox 1727 1353 1933 1416; x_wconf 82' lang='lat' dir='ltr'><strong>pectore</strong></span> <span class='ocrx_word' id='word_1_91' title='bbox 1952 1364 2114 1403; x_wconf 67' lang='lat' dir='ltr'><strong>excu-</strong></span> 
     </span>
    </p>
   </div>
   <div class='ocr_carea' id='block_1_14' title="bbox 415 1435 2110 1508">
    <p class='ocr_par' dir='ltr' id='par_1_14' title="bbox 415 1435 2110 1508">
     <span class='ocr_line' id='line_1_14' title="bbox 415 1435 2110 1508; baseline -0.002 -13"><span class='ocrx_word' id='word_1_92' title='bbox 415 1445 567 1508; x_wconf 82' lang='lat' dir='ltr'><strong>teret,</strong></span> <span class='ocrx_word' id='word_1_93' title='bbox 612 1444 663 1493; x_wconf 85' lang='lat' dir='ltr'><strong>ct</strong></span> <span class='ocrx_word' id='word_1_94' title='bbox 711 1454 817 1493; x_wconf 88' lang='lat' dir='ltr'><strong>non</strong></span> <span class='ocrx_word' id='word_1_95' title='bbox 860 1438 978 1492; x_wconf 90' lang='lat' dir='ltr'><strong>dico</strong></span> <span class='ocrx_word' id='word_1_96' title='bbox 1023 1439 1076 1491; x_wconf 90' lang='lat' dir='ltr'><strong>si</strong></span> <span class='ocrx_word' id='word_1_97' title='bbox 1118 1451 1203 1490; x_wconf 74' lang='grc' dir='ltr'><strong>ωε</strong></span> <span class='ocrx_word' id='word_1_98' title='bbox 1243 1435 1399 1490; x_wconf 85' lang='lat' dir='ltr'><strong>donis</strong></span> <span class='ocrx_word' id='word_1_99' title='bbox 1439 1437 1763 1503; x_wconf 80' lang='lat' dir='ltr'>largissimis</span> <span class='ocrx_word' id='word_1_100' title='bbox 1795 1437 2110 1505; x_wconf 84' lang='lat' dir='ltr'><strong>ditaremus,</strong></span> 
     </span>
    </p>
   </div>
   <div class='ocr_carea' id='block_1_15' title="bbox 414 1522 2115 1594">
    <p class='ocr_par' dir='ltr' id='par_1_15' title="bbox 414 1522 2115 1594">
     <span class='ocr_line' id='line_1_15' title="bbox 414 1522 2115 1594; baseline -0.003 -13"><span class='ocrx_word' id='word_1_101' title='bbox 414 1527 509 1581; x_wconf 88' lang='lat' dir='ltr'><strong>sed</strong></span> <span class='ocrx_word' id='word_1_102' title='bbox 559 1527 611 1580; x_wconf 90' lang='lat' dir='ltr'>si</span> <span class='ocrx_word' id='word_1_103' title='bbox 656 1539 741 1579; x_wconf 88' lang='lat' dir='ltr'><strong>cos</strong></span> <span class='ocrx_word' id='word_1_104' title='bbox 772 1525 948 1594; x_wconf 62' lang='lat' dir='ltr'><strong>plenis</strong></span> <span class='ocrx_word' id='word_1_105' title='bbox 992 1522 1381 1576; x_wconf 78' lang='lat' dir='ltr'>crudelissimis</span> <span class='ocrx_word' id='word_1_106' title='bbox 1422 1525 1830 1590; x_wconf 81' lang='lat' dir='ltr'><strong>torqueremus?</strong></span> <span class='ocrx_word' id='word_1_107' title='bbox 1866 1524 2115 1579; x_wconf 85' lang='lat' dir='ltr'><strong>Clamant</strong></span> 
     </span>
    </p>
   </div>
   <div class='ocr_carea' id='block_1_16' title="bbox 410 1609 2114 1685">
    <p class='ocr_par' dir='ltr' id='par_1_16' title="bbox 410 1609 2114 1685">
     <span class='ocr_line' id='line_1_16' title="bbox 410 1609 2114 1685; baseline -0.002 -16"><span class='ocrx_word' id='word_1_108' title='bbox 410 1615 667 1685; x_wconf 75' lang='lat' dir='ltr'><strong>praeclari</strong></span> <span class='ocrx_word' id='word_1_109' title='bbox 707 1614 837 1679; x_wconf 77' lang='lat' dir='ltr'>viri,</span> <span class='ocrx_word' id='word_1_110' title='bbox 882 1612 979 1679; x_wconf 85' lang='lat' dir='ltr'>qui</span> <span class='ocrx_word' id='word_1_111' title='bbox 1009 1609 1084 1663; x_wconf 91' lang='lat' dir='ltr'><strong>ad</strong></span> <span class='ocrx_word' id='word_1_112' title='bbox 1112 1609 1383 1677; x_wconf 86' lang='lat' dir='ltr'><strong>agendum</strong></span> <span class='ocrx_word' id='word_1_113' title='bbox 1409 1610 1737 1665; x_wconf 81' lang='lat' dir='ltr'><strong>videbantur</strong></span> <span class='ocrx_word' id='word_1_114' title='bbox 1766 1612 1937 1673; x_wconf 82' lang='lat' dir='ltr'><strong>electi,</strong></span> <span class='ocrx_word' id='word_1_115' title='bbox 1969 1628 2033 1665; x_wconf 92' lang='lat' dir='ltr'><strong>ac</strong></span> <span class='ocrx_word' id='word_1_116' title='bbox 2058 1627 2114 1665; x_wconf 91' lang='lat' dir='ltr'><strong>se</strong></span> 
     </span>
    </p>
   </div>
   <div class='ocr_carea' id='block_1_17' title="bbox 407 1697 2108 1773">
    <p class='ocr_par' dir='ltr' id='par_1_17' title="bbox 407 1697 2108 1773">
     <span class='ocr_line' id='line_1_17' title="bbox 407 1697 2108 1773; baseline -0.002 -16"><span class='ocrx_word' id='word_1_117' title='bbox 407 1705 594 1773; x_wconf 86' lang='lat' dir='ltr'>potius</span> <span class='ocrx_word' id='word_1_118' title='bbox 636 1701 711 1755; x_wconf 85' lang='lat' dir='ltr'><strong>ad</strong></span> <span class='ocrx_word' id='word_1_119' title='bbox 750 1716 856 1754; x_wconf 87' lang='lat' dir='ltr'><strong>non</strong></span> <span class='ocrx_word' id='word_1_120' title='bbox 885 1697 1160 1764; x_wconf 85' lang='lat' dir='ltr'><strong>agendum</strong></span> <span class='ocrx_word' id='word_1_121' title='bbox 1196 1698 1381 1752; x_wconf 87' lang='lat' dir='ltr'><strong>electos</strong></span> <span class='ocrx_word' id='word_1_122' title='bbox 1418 1713 1530 1752; x_wconf 88' lang='lat' dir='ltr'><strong>esse</strong></span> <span class='ocrx_word' id='word_1_123' title='bbox 1579 1703 1870 1767; x_wconf 87' lang='lat' dir='ltr'><strong>testantur,</strong></span> <span class='ocrx_word' id='word_1_124' title='bbox 1896 1705 1947 1754; x_wconf 86' lang='lat' dir='ltr'><strong>et</strong></span> <span class='ocrx_word' id='word_1_125' title='bbox 1976 1701 2108 1754; x_wconf 80' lang='lat' dir='ltr'>invi-</span> 
     </span>
    </p>
   </div>
   <div class='ocr_carea' id='block_1_18' title="bbox 414 1788 2112 1863">
    <p class='ocr_par' dir='ltr' id='par_1_18' title="bbox 414 1788 2112 1863">
     <span class='ocr_line' id='line_1_18' title="bbox 414 1788 2112 1863; baseline -0.002 -18"><span class='ocrx_word' id='word_1_126' title='bbox 414 1791 562 1845; x_wconf 87' lang='lat' dir='ltr'><strong>diose</strong></span> <span class='ocrx_word' id='word_1_127' title='bbox 578 1789 764 1859; x_wconf 87' lang='lat' dir='ltr'><strong>judici</strong></span> <span class='ocrx_word' id='word_1_128' title='bbox 789 1791 1209 1856; x_wconf 75' lang='lat' dir='ltr'><strong>conquerantur,</strong></span> <span class='ocrx_word' id='word_1_129' title='bbox 1253 1788 1450 1863; x_wconf 85' lang='lat' dir='ltr'><strong>sensim</strong></span> <span class='ocrx_word' id='word_1_130' title='bbox 1490 1802 1546 1841; x_wconf 89' lang='lat' dir='ltr'><strong>se</strong></span> <span class='ocrx_word' id='word_1_131' title='bbox 1590 1789 1649 1841; x_wconf 89' lang='lat' dir='ltr'><strong>in</strong></span> <span class='ocrx_word' id='word_1_132' title='bbox 1695 1803 1869 1842; x_wconf 72' lang='lat' dir='ltr'><strong>causae</strong></span> <span class='ocrx_word' id='word_1_133' title='bbox 1900 1791 2112 1843; x_wconf 85' lang='lat' dir='ltr'><strong>interna</strong></span> 
     </span>
    </p>
   </div>
   <div class='ocr_carea' id='block_1_19' title="bbox 415 1876 2109 1943">
    <p class='ocr_par' dir='ltr' id='par_1_19' title="bbox 415 1876 2109 1943">
     <span class='ocr_line' id='line_1_19' title="bbox 415 1876 2109 1943; baseline -0.002 -10"><span class='ocrx_word' id='word_1_134' title='bbox 415 1879 610 1933; x_wconf 88' lang='lat' dir='ltr'><strong>deduci</strong></span> <span class='ocrx_word' id='word_1_135' title='bbox 655 1877 771 1943; x_wconf 84' lang='lat' dir='ltr'><strong>(Ad</strong></span> <span class='ocrx_word' id='word_1_136' title='bbox 816 1877 1123 1931; x_wconf 85' lang='lat' dir='ltr'><strong>Donatistas</strong></span> <span class='ocrx_word' id='word_1_137' title='bbox 1167 1879 1291 1943; x_wconf 85' lang='lat' dir='ltr'><strong>post</strong></span> <span class='ocrx_word' id='word_1_138' title='bbox 1336 1876 1528 1930; x_wconf 86' lang='lat' dir='ltr'><strong>Collat.</strong></span> <span class='ocrx_word' id='word_1_139' title='bbox 1558 1891 1614 1930; x_wconf 92' lang='lat' dir='ltr'><strong>n.</strong></span> <span class='ocrx_word' id='word_1_140' title='bbox 1646 1878 1760 1941; x_wconf 79' lang='grc'><strong>43).</strong></span> <span class='ocrx_word' id='word_1_141' title='bbox 1815 1877 1855 1931; x_wconf 93' lang='lat'><em>0</em></span> <span class='ocrx_word' id='word_1_142' title='bbox 1889 1892 2109 1943; x_wconf 89' lang='lat' dir='ltr'><strong>magna,</strong></span> 
     </span>
    </p>
   </div>
   <div class='ocr_carea' id='block_1_20' title="bbox 412 1963 2110 2033">
    <p class='ocr_par' dir='ltr' id='par_1_20' title="bbox 412 1963 2110 2033">
     <span class='ocr_line' id='line_1_20' title="bbox 412 1963 2110 2033; baseline -0.003 -11"><span class='ocrx_word' id='word_1_143' title='bbox 412 1967 508 2022; x_wconf 90' lang='lat' dir='ltr'><strong>sed</strong></span> <span class='ocrx_word' id='word_1_144' title='bbox 535 1983 641 2021; x_wconf 91' lang='lat' dir='ltr'><strong>non</strong></span> <span class='ocrx_word' id='word_1_145' title='bbox 668 1964 924 2020; x_wconf 86' lang='lat' dir='ltr'><strong>miranda</strong></span> <span class='ocrx_word' id='word_1_146' title='bbox 961 1965 1238 2029; x_wconf 80' lang='lat' dir='ltr'><strong>confusio!</strong></span> <span class='ocrx_word' id='word_1_147' title='bbox 1266 1963 1483 2033; x_wconf 86' lang='lat' dir='ltr'><strong>quando</strong></span> <span class='ocrx_word' id='word_1_148' title='bbox 1512 1966 1653 2018; x_wconf 87' lang='lat' dir='ltr'><strong>enim</strong></span> <span class='ocrx_word' id='word_1_149' title='bbox 1681 1963 1885 2018; x_wconf 63' lang='lat' dir='ltr'><strong>daemon</strong></span> <span class='ocrx_word' id='word_1_150' title='bbox 1913 1967 1991 2018; x_wconf 90' lang='lat' dir='ltr'><strong>sic</strong></span> <span class='ocrx_word' id='word_1_151' title='bbox 2015 1980 2110 2017; x_wconf 78' lang='lat' dir='ltr'><strong>ea:-</strong></span> 
     </span>
    </p>
   </div>
   <div class='ocr_carea' id='block_1_21' title="bbox 413 2050 2110 2122">
    <p class='ocr_par' dir='ltr' id='par_1_21' title="bbox 413 2050 2110 2122">
     <span class='ocr_line' id='line_1_21' title="bbox 413 2050 2110 2122; baseline -0.002 -12"><span class='ocrx_word' id='word_1_152' title='bbox 413 2058 666 2110; x_wconf 86' lang='lat' dir='ltr'><strong>orcistam</strong></span> <span class='ocrx_word' id='word_1_153' title='bbox 706 2055 951 2106; x_wconf 81' lang='lat' dir='ltr'><strong>timeret?</strong></span> <span class='ocrx_word' id='word_1_154' title='bbox 987 2050 1172 2122; x_wconf 85' lang='lat' dir='ltr'><strong>(Ibid.,</strong></span> <span class='ocrx_word' id='word_1_155' title='bbox 1213 2067 1268 2105; x_wconf 92' lang='lat' dir='ltr'><strong>n.</strong></span> <span class='ocrx_word' id='word_1_156' title='bbox 1307 2052 1419 2121; x_wconf 80' lang='grc'><strong>44).</strong></span> <span class='ocrx_word' id='word_1_157' title='bbox 1464 2052 1631 2122; x_wconf 87' lang='lat' dir='ltr'><strong>Ergo,</strong></span> <span class='ocrx_word' id='word_1_158' title='bbox 1669 2057 1734 2106; x_wconf 92' lang='lat' dir='ltr'><strong>ut</strong></span> <span class='ocrx_word' id='word_1_159' title='bbox 1766 2052 2110 2121; x_wconf 89' lang='lat' dir='ltr'><strong>penitiorem</strong></span> 
     </span>
    </p>
   </div>
   <div class='ocr_carea' id='block_1_22' title="bbox 411 2138 2109 2211">
    <p class='ocr_par' dir='ltr' id='par_1_22' title="bbox 411 2138 2109 2211">
     <span class='ocr_line' id='line_1_22' title="bbox 411 2138 2109 2211; baseline -0.002 -14"><span class='ocrx_word' id='word_1_160' title='bbox 411 2143 571 2197; x_wconf 89' lang='lat' dir='ltr'>illam</span> <span class='ocrx_word' id='word_1_161' title='bbox 636 2138 1070 2211; x_wconf 83' lang='lat' dir='ltr'><strong>inquisitionem</strong></span> <span class='ocrx_word' id='word_1_162' title='bbox 1144 2138 1460 2203; x_wconf 84' lang='lat' dir='ltr'><strong>eluderent,</strong></span> <span class='ocrx_word' id='word_1_163' title='bbox 1522 2138 1835 2194; x_wconf 88' lang='lat' dir='ltr'><strong>Catholicos</strong></span> <span class='ocrx_word' id='word_1_164' title='bbox 1885 2146 2109 2211; x_wconf 90' lang='lat' dir='ltr'><strong>pactam</strong></span> 
     </span>
    </p>
   </div>
   <div class='ocr_carea' id='block_1_23' title="bbox 411 2225 2111 2298">
    <p class='ocr_par' dir='ltr' id='par_1_23' title="bbox 411 2225 2111 2298">
     <span class='ocr_line' id='line_1_23' title="bbox 411 2225 2111 2298; baseline -0.002 -13"><span class='ocrx_word' id='word_1_165' title='bbox 411 2229 599 2285; x_wconf 84' lang='lat' dir='ltr'><strong>standi</strong></span> <span class='ocrx_word' id='word_1_166' title='bbox 654 2226 790 2281; x_wconf 90' lang='lat' dir='ltr'><strong>solis</strong></span> <span class='ocrx_word' id='word_1_167' title='bbox 846 2225 1150 2295; x_wconf 88' lang='lat' dir='ltr'><strong>Scripturis</strong></span> <span class='ocrx_word' id='word_1_168' title='bbox 1194 2225 1386 2292; x_wconf 85' lang='lat' dir='ltr'><strong>ﬁdem,</strong></span> <span class='ocrx_word' id='word_1_169' title='bbox 1431 2225 1567 2281; x_wconf 89' lang='lat' dir='ltr'><strong>dum</strong></span> <span class='ocrx_word' id='word_1_170' title='bbox 1614 2227 1824 2281; x_wconf 87' lang='lat' dir='ltr'><strong>chartis</strong></span> <span class='ocrx_word' id='word_1_171' title='bbox 1869 2228 2111 2298; x_wconf 80' lang='lat' dir='ltr'><strong>publicis</strong></span> 
     </span>
    </p>
   </div>
   <div class='ocr_carea' id='block_1_24' title="bbox 413 2312 2106 2383">
    <p class='ocr_par' dir='ltr' id='par_1_24' title="bbox 413 2312 2106 2383">
     <span class='ocr_line' id='line_1_24' title="bbox 413 2312 2106 2383; baseline -0.002 -10"><span class='ocrx_word' id='word_1_172' title='bbox 413 2322 672 2383; x_wconf 89' lang='lat' dir='ltr'><strong>utuntur,</strong></span> <span class='ocrx_word' id='word_1_173' title='bbox 743 2314 956 2368; x_wconf 87' lang='lat' dir='ltr'><strong>violare</strong></span> <span class='ocrx_word' id='word_1_174' title='bbox 1024 2312 1406 2367; x_wconf 88' lang='lat' dir='ltr'><strong>obtenderunt</strong></span> <span class='ocrx_word' id='word_1_175' title='bbox 1475 2313 1684 2383; x_wconf 88' lang='lat' dir='ltr'><strong>(Collat.</strong></span> <span class='ocrx_word' id='word_1_176' title='bbox 1740 2315 1996 2381; x_wconf 80' lang='lat' dir='ltr'><strong>Carthag.</strong></span> <span class='ocrx_word' id='word_1_177' title='bbox 2052 2319 2106 2383; x_wconf 89' lang='lat'><strong>3,</strong></span> 
     </span>
    </p>
   </div>
   <div class='ocr_carea' id='block_1_25' title="bbox 413 2400 2105 2476">
    <p class='ocr_par' dir='ltr' id='par_1_25' title="bbox 413 2400 2105 2476">
     <span class='ocr_line' id='line_1_25' title="bbox 413 2400 2105 2476; baseline -0.002 -15"><span class='ocrx_word' id='word_1_178' title='bbox 413 2423 534 2476; x_wconf 87' lang='lat' dir='ltr'><strong>cap.</strong></span> <span class='ocrx_word' id='word_1_179' title='bbox 574 2405 712 2469; x_wconf 78' lang='grc'><strong>149).</strong></span> <span class='ocrx_word' id='word_1_180' title='bbox 746 2401 887 2457; x_wconf 83' lang='lat' dir='ltr'><strong>lluic</strong></span> <span class='ocrx_word' id='word_1_181' title='bbox 905 2400 1169 2472; x_wconf 83' lang='lat' dir='ltr'><strong>petitioni</strong></span> <span class='ocrx_word' id='word_1_182' title='bbox 1191 2417 1527 2471; x_wconf 88' lang='lat' dir='ltr'><strong>responsum</strong></span> <span class='ocrx_word' id='word_1_183' title='bbox 1555 2407 1640 2457; x_wconf 88' lang='lat' dir='ltr'><strong>est</strong></span> <span class='ocrx_word' id='word_1_184' title='bbox 1666 2403 1736 2457; x_wconf 88' lang='lat' dir='ltr'><strong>ab</strong></span> <span class='ocrx_word' id='word_1_185' title='bbox 1762 2404 2105 2474; x_wconf 80' lang='lat' dir='ltr'><strong>Augustino,</strong></span> 
     </span>
    </p>
   </div>
   <div class='ocr_carea' id='block_1_26' title="bbox 413 2489 2108 2561">
    <p class='ocr_par' dir='ltr' id='par_1_26' title="bbox 413 2489 2108 2561">
     <span class='ocr_line' id='line_1_26' title="bbox 413 2489 2108 2561; baseline -0.002 -12"><span class='ocrx_word' id='word_1_186' title='bbox 413 2495 530 2549; x_wconf 88' lang='lat' dir='ltr'><strong>suis</strong></span> <span class='ocrx_word' id='word_1_187' title='bbox 559 2490 867 2548; x_wconf 89' lang='lat' dir='ltr'><strong>Ecclesiam</strong></span> <span class='ocrx_word' id='word_1_188' title='bbox 917 2506 1038 2543; x_wconf 91' lang='lat' dir='ltr'><strong>esse</strong></span> <span class='ocrx_word' id='word_1_189' title='bbox 1079 2489 1435 2557; x_wconf 82' lang='lat' dir='ltr'><strong>catholicam,</strong></span> <span class='ocrx_word' id='word_1_190' title='bbox 1475 2507 1690 2561; x_wconf 91' lang='lat' dir='ltr'><strong>eosque</strong></span> <span class='ocrx_word' id='word_1_191' title='bbox 1720 2491 1790 2546; x_wconf 89' lang='lat' dir='ltr'><strong>ad</strong></span> <span class='ocrx_word' id='word_1_192' title='bbox 1821 2491 1977 2546; x_wconf 91' lang='lat' dir='ltr'><strong>illius</strong></span> <span class='ocrx_word' id='word_1_193' title='bbox 2006 2509 2108 2547; x_wconf 89' lang='lat' dir='ltr'><strong>au-</strong></span> 
     </span>
    </p>
   </div>
   <div class='ocr_carea' id='block_1_27' title="bbox 413 2576 2107 2651">
    <p class='ocr_par' dir='ltr' id='par_1_27' title="bbox 413 2576 2107 2651">
     <span class='ocr_line' id='line_1_27' title="bbox 413 2576 2107 2651; baseline 0.001 -18"><span class='ocrx_word' id='word_1_194' title='bbox 413 2576 731 2633; x_wconf 88' lang='lat' dir='ltr'><strong>ctoritatem</strong></span> <span class='ocrx_word' id='word_1_195' title='bbox 761 2577 965 2631; x_wconf 89' lang='lat' dir='ltr'><strong>divinis</strong></span> <span class='ocrx_word' id='word_1_196' title='bbox 995 2576 1234 2648; x_wconf 86' lang='lat' dir='ltr'><strong>eloquiis</strong></span> <span class='ocrx_word' id='word_1_197' title='bbox 1252 2577 1590 2633; x_wconf 86' lang='lat' dir='ltr'><strong>ﬁrmandam</strong></span> <span class='ocrx_word' id='word_1_198' title='bbox 1610 2595 1836 2651; x_wconf 89' lang='lat' dir='ltr'><strong>semper</strong></span> <span class='ocrx_word' id='word_1_199' title='bbox 1862 2596 1981 2634; x_wconf 89' lang='lat' dir='ltr'><strong>esse</strong></span> <span class='ocrx_word' id='word_1_200' title='bbox 2003 2598 2107 2651; x_wconf 89' lang='lat' dir='ltr'><strong>pa-</strong></span> 
     </span>
    </p>
   </div>
   <div class='ocr_carea' id='block_1_28' title="bbox 412 2664 2107 2739">
    <p class='ocr_par' dir='ltr' id='par_1_28' title="bbox 412 2664 2107 2739">
     <span class='ocr_line' id='line_1_28' title="bbox 412 2664 2107 2739; baseline 0.001 -19"><span class='ocrx_word' id='word_1_201' title='bbox 412 2664 755 2732; x_wconf 90' lang='lat' dir='ltr'><strong>ratissimos;</strong></span> <span class='ocrx_word' id='word_1_202' title='bbox 791 2668 851 2718; x_wconf 91' lang='lat' dir='ltr'><strong>ut</strong></span> <span class='ocrx_word' id='word_1_203' title='bbox 879 2669 1070 2719; x_wconf 87' lang='lat' dir='ltr'><strong>autem</strong></span> <span class='ocrx_word' id='word_1_204' title='bbox 1100 2665 1255 2735; x_wconf 82' lang='lat' dir='ltr'><strong>leges</strong></span> <span class='ocrx_word' id='word_1_205' title='bbox 1284 2665 1369 2719; x_wconf 85' lang='lat' dir='ltr'><strong>vel</strong></span> <span class='ocrx_word' id='word_1_206' title='bbox 1401 2671 1560 2736; x_wconf 87' lang='lat' dir='ltr'><strong>gesta</strong></span> <span class='ocrx_word' id='word_1_207' title='bbox 1596 2667 1683 2721; x_wconf 85' lang='lat' dir='ltr'><strong>vel</strong></span> <span class='ocrx_word' id='word_1_208' title='bbox 1728 2684 2107 2739; x_wconf 66' lang='lat' dir='ltr'><strong>quaecumque</strong></span> 
     </span>
    </p>
   </div>
   <div class='ocr_carea' id='block_1_29' title="bbox 410 2754 2104 2827">
    <p class='ocr_par' dir='ltr' id='par_1_29' title="bbox 410 2754 2104 2827">
     <span class='ocr_line' id='line_1_29' title="bbox 410 2754 2104 2827; baseline 0.001 -16"><span class='ocrx_word' id='word_1_209' title='bbox 410 2756 479 2811; x_wconf 91' lang='lat' dir='ltr'><strong>de</strong></span> <span class='ocrx_word' id='word_1_210' title='bbox 508 2754 748 2809; x_wconf 88' lang='lat' dir='ltr'><strong>arebivis</strong></span> <span class='ocrx_word' id='word_1_211' title='bbox 778 2754 1023 2809; x_wconf 80' lang='lat' dir='ltr'><strong>offerant</strong></span> <span class='ocrx_word' id='word_1_212' title='bbox 1051 2755 1359 2819; x_wconf 91' lang='lat' dir='ltr'><strong>recitanda,</strong></span> <span class='ocrx_word' id='word_1_213' title='bbox 1385 2757 1456 2810; x_wconf 90' lang='lat' dir='ltr'><strong>ab</strong></span> <span class='ocrx_word' id='word_1_214' title='bbox 1478 2756 1616 2827; x_wconf 86' lang='lat' dir='ltr'>ipsis</span> <span class='ocrx_word' id='word_1_215' title='bbox 1635 2761 1762 2827; x_wconf 83' lang='lat' dir='ltr'><strong>cogi</strong></span> <span class='ocrx_word' id='word_1_216' title='bbox 1782 2758 2104 2826; x_wconf 87' lang='lat' dir='ltr'><strong>Donatistis,</strong></span> 
     </span>
    </p>
   </div>
   <div class='ocr_carea' id='block_1_30' title="bbox 409 2843 2109 2918">
    <p class='ocr_par' dir='ltr' id='par_1_30' title="bbox 409 2843 2109 2918">
     <span class='ocr_line' id='line_1_30' title="bbox 409 2843 2109 2918; baseline 0.002 -19"><span class='ocrx_word' id='word_1_217' title='bbox 409 2844 510 2915; x_wconf 90' lang='lat' dir='ltr'><strong>qui</strong></span> <span class='ocrx_word' id='word_1_218' title='bbox 533 2843 693 2914; x_wconf 91' lang='lat' dir='ltr'><strong>prius</strong></span> <span class='ocrx_word' id='word_1_219' title='bbox 721 2843 930 2897; x_wconf 85' lang='lat' dir='ltr'><strong>talibus</strong></span> <span class='ocrx_word' id='word_1_220' title='bbox 955 2848 1152 2914; x_wconf 87' lang='lat' dir='ltr'><strong>agunt.</strong></span> <span class='ocrx_word' id='word_1_221' title='bbox 1197 2845 1441 2900; x_wconf 85' lang='lat' dir='ltr'><strong>Crimina</strong></span> <span class='ocrx_word' id='word_1_222' title='bbox 1469 2848 1631 2913; x_wconf 89' lang='lat' dir='ltr'><strong>enim,</strong></span> <span class='ocrx_word' id='word_1_223' title='bbox 1674 2845 1884 2918; x_wconf 86' lang='lat' dir='ltr'><strong>inquit,</strong></span> <span class='ocrx_word' id='word_1_224' title='bbox 1919 2848 2109 2902; x_wconf 88' lang='lat' dir='ltr'><strong>dicunt</strong></span> 
     </span>
    </p>
   </div>
   <div class='ocr_carea' id='block_1_31' title="bbox 409 2931 2103 3003">
    <p class='ocr_par' dir='ltr' id='par_1_31' title="bbox 409 2931 2103 3003">
     <span class='ocr_line' id='line_1_31' title="bbox 409 2931 2103 3003; baseline 0.001 -16"><span class='ocrx_word' id='word_1_225' title='bbox 409 2931 755 3003; x_wconf 76' lang='lat' dir='ltr'><strong>traditionis,</strong></span> <span class='ocrx_word' id='word_1_226' title='bbox 780 2936 831 2985; x_wconf 89' lang='lat' dir='ltr'><strong>et</strong></span> <span class='ocrx_word' id='word_1_227' title='bbox 867 2948 930 2986; x_wconf 87' lang='lat' dir='ltr'><strong>ea</strong></span> <span class='ocrx_word' id='word_1_228' title='bbox 956 2936 1052 2986; x_wconf 84' lang='lat' dir='ltr'><strong>aut</strong></span> <span class='ocrx_word' id='word_1_229' title='bbox 1086 2948 1193 2986; x_wconf 89' lang='lat' dir='ltr'><strong>non</strong></span> <span class='ocrx_word' id='word_1_230' title='bbox 1220 2932 1454 3002; x_wconf 80' lang='lat' dir='ltr'><strong>probant</strong></span> <span class='ocrx_word' id='word_1_231' title='bbox 1480 2935 1741 3002; x_wconf 82' lang='lat' dir='ltr'><strong>a-rchivis,</strong></span> <span class='ocrx_word' id='word_1_232' title='bbox 1772 2940 1822 2988; x_wconf 89' lang='lat' dir='ltr'><strong>et</strong></span> <span class='ocrx_word' id='word_1_233' title='bbox 1849 2935 1991 2990; x_wconf 84' lang='lat' dir='ltr'><strong>nihil</strong></span> <span class='ocrx_word' id='word_1_234' title='bbox 2015 2936 2103 2989; x_wconf 87' lang='lat' dir='ltr'><strong>di-</strong></span> 
     </span>
    </p>
   </div>
   <div class='ocr_carea' id='block_1_32' title="bbox 406 3019 2105 3090">
    <p class='ocr_par' dir='ltr' id='par_1_32' title="bbox 406 3019 2105 3090">
     <span class='ocr_line' id='line_1_32' title="bbox 406 3019 2105 3090; baseline 0.001 -15"><span class='ocrx_word' id='word_1_235' title='bbox 406 3024 561 3087; x_wconf 88' lang='lat' dir='ltr'><strong>cunt;</strong></span> <span class='ocrx_word' id='word_1_236' title='bbox 593 3025 689 3074; x_wconf 89' lang='lat' dir='ltr'><strong>aut</strong></span> <span class='ocrx_word' id='word_1_237' title='bbox 726 3019 983 3088; x_wconf 79' lang='lat' dir='ltr'><strong>probant.</strong></span> <span class='ocrx_word' id='word_1_238' title='bbox 1019 3024 1069 3073; x_wconf 88' lang='lat' dir='ltr'><strong>et</strong></span> <span class='ocrx_word' id='word_1_239' title='bbox 1102 3021 1341 3075; x_wconf 82' lang='lat' dir='ltr'><strong>archivis</strong></span> <span class='ocrx_word' id='word_1_240' title='bbox 1384 3037 1479 3075; x_wconf 89' lang='lat' dir='ltr'><strong>nos</strong></span> <span class='ocrx_word' id='word_1_241' title='bbox 1516 3021 1754 3076; x_wconf 80' lang='lat' dir='ltr'><strong>uicissim</strong></span> <span class='ocrx_word' id='word_1_242' title='bbox 1782 3038 1941 3090; x_wconf 84' lang='lat' dir='ltr'><strong>agere</strong></span> <span class='ocrx_word' id='word_1_243' title='bbox 1965 3038 2105 3077; x_wconf 89' lang='lat' dir='ltr'><strong>com-</strong></span> 
     </span>
    </p>
   </div>
   <div class='ocr_carea' id='block_1_33' title="bbox 400 3107 2105 3179">
    <p class='ocr_par' dir='ltr' id='par_1_33' title="bbox 400 3107 2105 3179">
     <span class='ocr_line' id='line_1_33' title="bbox 400 3107 2105 3179; baseline 0.002 -18"><span class='ocrx_word' id='word_1_244' title='bbox 400 3109 610 3179; x_wconf 82' lang='lat' dir='ltr'><strong>pellunt</strong></span> <span class='ocrx_word' id='word_1_245' title='bbox 637 3107 818 3177; x_wconf 86' lang='lat' dir='ltr'><strong>(Ibid.,</strong></span> <span class='ocrx_word' id='word_1_246' title='bbox 850 3124 971 3177; x_wconf 89' lang='lat' dir='ltr'><strong>cap.</strong></span> <span class='ocrx_word' id='word_1_247' title='bbox 1010 3108 1154 3176; x_wconf 81' lang='grc'><strong>155).</strong></span> <span class='ocrx_word' id='word_1_248' title='bbox 1196 3108 1297 3162; x_wconf 90' lang='lat' dir='ltr'><strong>Cui</strong></span> <span class='ocrx_word' id='word_1_249' title='bbox 1329 3108 1689 3178; x_wconf 87' lang='lat' dir='ltr'><strong>responsioni</strong></span> <span class='ocrx_word' id='word_1_250' title='bbox 1718 3125 1846 3179; x_wconf 79' lang='lat' dir='ltr'><strong>cum</strong></span> <span class='ocrx_word' id='word_1_251' title='bbox 1876 3111 2105 3165; x_wconf 81' lang='lat' dir='ltr'><strong>Marcel-</strong></span> 
     </span>
    </p>
   </div>
   <div class='ocr_carea' id='block_1_34' title="bbox 404 3194 2106 3267">
    <p class='ocr_par' dir='ltr' id='par_1_34' title="bbox 404 3194 2106 3267">
     <span class='ocr_line' id='line_1_34' title="bbox 404 3194 2106 3267; baseline 0.003 -20"><span class='ocrx_word' id='word_1_252' title='bbox 404 3194 557 3248; x_wconf 87' lang='lat' dir='ltr'><strong>linus</strong></span> <span class='ocrx_word' id='word_1_253' title='bbox 587 3197 732 3247; x_wconf 87' lang='lat' dir='ltr'><strong>esset</strong></span> <span class='ocrx_word' id='word_1_254' title='bbox 758 3194 1098 3263; x_wconf 75' lang='lat' dir='ltr'><strong>suil‘ragatus</strong></span> <span class='ocrx_word' id='word_1_255' title='bbox 1124 3195 1266 3263; x_wconf 86' lang='lat' dir='ltr'><strong>(Ibid</strong></span> <span class='ocrx_word' id='word_1_256' title='bbox 1292 3235 1308 3261; x_wconf 97' lang='lat'><strong>,</strong></span> <span class='ocrx_word' id='word_1_257' title='bbox 1338 3210 1460 3265; x_wconf 86' lang='lat' dir='ltr'><strong>cap.</strong></span> <span class='ocrx_word' id='word_1_258' title='bbox 1494 3196 1635 3267; x_wconf 83' lang='grc'><strong>156),</strong></span> <span class='ocrx_word' id='word_1_259' title='bbox 1656 3197 1967 3251; x_wconf 70' lang='lat' dir='ltr'><strong>Donatista:</strong></span> <span class='ocrx_word' id='word_1_260' title='bbox 1990 3213 2106 3252; x_wconf 91' lang='lat' dir='ltr'><strong>non</strong></span> 
     </span>
    </p>
   </div>
   <div class='ocr_carea' id='block_1_35' title="bbox 405 3281 2104 3355">
    <p class='ocr_par' dir='ltr' id='par_1_35' title="bbox 405 3281 2104 3355">
     <span class='ocr_line' id='line_1_35' title="bbox 405 3281 2104 3355; baseline 0.003 -20"><span class='ocrx_word' id='word_1_261' title='bbox 405 3281 760 3335; x_wconf 88' lang='lat' dir='ltr'><strong>erubuerunt</strong></span> <span class='ocrx_word' id='word_1_262' title='bbox 789 3282 976 3335; x_wconf 90' lang='lat' dir='ltr'><strong>denuo</strong></span> <span class='ocrx_word' id='word_1_263' title='bbox 1008 3281 1074 3334; x_wconf 89' lang='lat' dir='ltr'><strong>ad</strong></span> <span class='ocrx_word' id='word_1_264' title='bbox 1116 3282 1385 3351; x_wconf 88' lang='lat' dir='ltr'><strong>rejectam</strong></span> <span class='ocrx_word' id='word_1_265' title='bbox 1420 3283 1542 3353; x_wconf 87' lang='lat' dir='ltr'><strong>jam</strong></span> <span class='ocrx_word' id='word_1_266' title='bbox 1584 3284 1681 3338; x_wconf 91' lang='lat' dir='ltr'><strong>diu</strong></span> <span class='ocrx_word' id='word_1_267' title='bbox 1713 3285 2005 3355; x_wconf 88' lang='lat' dir='ltr'><strong>querelam</strong></span> <span class='ocrx_word' id='word_1_268' title='bbox 2036 3287 2104 3340; x_wconf 90' lang='lat' dir='ltr'><strong>de</strong></span> 
     </span>
    </p>
   </div>
   <div class='ocr_carea' id='block_1_36' title="bbox 403 3368 2099 3443">
    <p class='ocr_par' dir='ltr' id='par_1_36' title="bbox 403 3368 2099 3443">
     <span class='ocr_line' id='line_1_36' title="bbox 403 3368 2099 3443; baseline 0.002 -19"><span class='ocrx_word' id='word_1_269' title='bbox 403 3370 720 3440; x_wconf 79' lang='lat' dir='ltr'><strong>legatorum</strong></span> <span class='ocrx_word' id='word_1_270' title='bbox 745 3368 1100 3438; x_wconf 88' lang='lat' dir='ltr'><strong>proferendis</strong></span> <span class='ocrx_word' id='word_1_271' title='bbox 1120 3369 1180 3423; x_wconf 88' lang='lat' dir='ltr'><strong>in</strong></span> <span class='ocrx_word' id='word_1_272' title='bbox 1201 3370 1452 3424; x_wconf 92' lang='lat' dir='ltr'><strong>medium</strong></span> <span class='ocrx_word' id='word_1_273' title='bbox 1478 3372 1760 3426; x_wconf 83' lang='lat' dir='ltr'><strong>mandatis</strong></span> <span class='ocrx_word' id='word_1_274' title='bbox 1772 3372 2099 3443; x_wconf 83' lang='lat' dir='ltr'><strong>confugere,</strong></span> 
     </span>
    </p>
   </div>
   <div class='ocr_carea' id='block_1_37' title="bbox 405 3456 2100 3530">
    <p class='ocr_par' dir='ltr' id='par_1_37' title="bbox 405 3456 2100 3530">
     <span class='ocr_line' id='line_1_37' title="bbox 405 3456 2100 3530; baseline 0.003 -19"><span class='ocrx_word' id='word_1_275' title='bbox 405 3458 503 3511; x_wconf 92' lang='lat' dir='ltr'><strong>sed</strong></span> <span class='ocrx_word' id='word_1_276' title='bbox 552 3472 667 3510; x_wconf 90' lang='lat' dir='ltr'><strong>non</strong></span> <span class='ocrx_word' id='word_1_277' title='bbox 717 3456 829 3510; x_wconf 90' lang='lat' dir='ltr'><strong>alio</strong></span> <span class='ocrx_word' id='word_1_278' title='bbox 881 3461 1051 3527; x_wconf 88' lang='lat' dir='ltr'><strong>atque</strong></span> <span class='ocrx_word' id='word_1_279' title='bbox 1083 3462 1249 3512; x_wconf 89' lang='lat' dir='ltr'><strong>antea</strong></span> <span class='ocrx_word' id='word_1_280' title='bbox 1280 3474 1538 3513; x_wconf 90' lang='lat' dir='ltr'><strong>successu</strong></span> <span class='ocrx_word' id='word_1_281' title='bbox 1566 3460 1760 3530; x_wconf 84' lang='lat' dir='ltr'><strong>(Ibid.,</strong></span> <span class='ocrx_word' id='word_1_282' title='bbox 1792 3476 1951 3530; x_wconf 87' lang='lat' dir='ltr'><strong>capp.</strong></span> <span class='ocrx_word' id='word_1_283' title='bbox 1979 3464 2100 3528; x_wconf 86' lang='grc'><strong>157,</strong></span> 
     </span>
    </p>
   </div>
   <div class='ocr_carea' id='block_1_38' title="bbox 410 3543 2101 3620">
    <p class='ocr_par' dir='ltr' id='par_1_38' title="bbox 410 3543 2101 3620">
     <span class='ocr_line' id='line_1_38' title="bbox 410 3543 2101 3620; baseline 0.002 -20"><span class='ocrx_word' id='word_1_284' title='bbox 410 3545 545 3615; x_wconf 69' lang='grc'><strong>164).</strong></span> <span class='ocrx_word' id='word_1_285' title='bbox 597 3544 770 3599; x_wconf 86' lang='lat' dir='ltr'><strong>Jussit</strong></span> <span class='ocrx_word' id='word_1_286' title='bbox 817 3543 1010 3615; x_wconf 87' lang='lat' dir='ltr'><strong>itaque</strong></span> <span class='ocrx_word' id='word_1_287' title='bbox 1060 3545 1415 3600; x_wconf 82' lang='lat' dir='ltr'><strong>Marcellinus</strong></span> <span class='ocrx_word' id='word_1_288' title='bbox 1454 3552 1662 3610; x_wconf 89' lang='lat' dir='ltr'><strong>actum,</strong></span> <span class='ocrx_word' id='word_1_289' title='bbox 1700 3565 1873 3620; x_wconf 89' lang='lat' dir='ltr'><strong>quem</strong></span> <span class='ocrx_word' id='word_1_290' title='bbox 1917 3549 2101 3603; x_wconf 89' lang='lat' dir='ltr'><strong>Dona-</strong></span> 
     </span>
    </p>
   </div>
   <div class='ocr_carea' id='block_1_39' title="bbox 403 3633 2102 3705">
    <p class='ocr_par' dir='ltr' id='par_1_39' title="bbox 403 3633 2102 3705">
     <span class='ocr_line' id='line_1_39' title="bbox 403 3633 2102 3705; baseline 0.002 -18"><span class='ocrx_word' id='word_1_291' title='bbox 403 3633 553 3688; x_wconf 80' lang='lat' dir='ltr'><strong>tistae</strong></span> <span class='ocrx_word' id='word_1_292' title='bbox 601 3633 932 3699; x_wconf 71' lang='lat' dir='ltr'><strong>efferebant,</strong></span> <span class='ocrx_word' id='word_1_293' title='bbox 973 3649 1122 3687; x_wconf 89' lang='lat' dir='ltr'><strong>anno</strong></span> <span class='ocrx_word' id='word_1_294' title='bbox 1164 3634 1728 3705; x_wconf 89' lang='lat' dir='ltr'><strong>quadringentesimo</strong></span> <span class='ocrx_word' id='word_1_295' title='bbox 1764 3636 1928 3692; x_wconf 91' lang='lat' dir='ltr'><strong>tertio</strong></span> <span class='ocrx_word' id='word_1_296' title='bbox 1966 3653 2102 3691; x_wconf 93' lang='lat' dir='ltr'><strong>con-</strong></span> 
     </span>
    </p>
   </div>
   <div class='ocr_carea' id='block_1_40' title="bbox 404 3721 2100 3792">
    <p class='ocr_par' dir='ltr' id='par_1_40' title="bbox 404 3721 2100 3792">
     <span class='ocr_line' id='line_1_40' title="bbox 404 3721 2100 3792; baseline 0.003 -17"><span class='ocrx_word' id='word_1_297' title='bbox 404 3722 637 3787; x_wconf 85' lang='lat' dir='ltr'><strong>fectum,</strong></span> <span class='ocrx_word' id='word_1_298' title='bbox 669 3722 783 3792; x_wconf 90' lang='lat' dir='ltr'><strong>legi</strong></span> <span class='ocrx_word' id='word_1_299' title='bbox 823 3721 1012 3790; x_wconf 86' lang='lat' dir='ltr'><strong>(Ibid.,</strong></span> <span class='ocrx_word' id='word_1_300' title='bbox 1042 3738 1162 3792; x_wconf 87' lang='lat' dir='ltr'><strong>cap.</strong></span> <span class='ocrx_word' id='word_1_301' title='bbox 1219 3724 1368 3791; x_wconf 71' lang='lat'><strong>174);</strong></span> <span class='ocrx_word' id='word_1_302' title='bbox 1403 3724 1716 3779; x_wconf 90' lang='lat' dir='ltr'><strong>Catholicos</strong></span> <span class='ocrx_word' id='word_1_303' title='bbox 1744 3725 1975 3780; x_wconf 88' lang='lat' dir='ltr'><strong>interim</strong></span> <span class='ocrx_word' id='word_1_304' title='bbox 2007 3742 2100 3780; x_wconf 91' lang='lat' dir='ltr'><strong>ro-</strong></span> 
     </span>
    </p>
   </div>
   <div class='ocr_carea' id='block_1_41' title="bbox 403 3810 2102 3885">
    <p class='ocr_par' dir='ltr' id='par_1_41' title="bbox 403 3810 2102 3885">
     <span class='ocr_line' id='line_1_41' title="bbox 403 3810 2102 3885; baseline 0.003 -22"><span class='ocrx_word' id='word_1_305' title='bbox 403 3827 562 3881; x_wconf 88' lang='lat' dir='ltr'><strong>gans,</strong></span> <span class='ocrx_word' id='word_1_306' title='bbox 608 3814 673 3864; x_wconf 89' lang='lat' dir='ltr'><strong>ut</strong></span> <span class='ocrx_word' id='word_1_307' title='bbox 700 3827 821 3877; x_wconf 91' lang='lat' dir='ltr'><strong>sua,</strong></span> <span class='ocrx_word' id='word_1_308' title='bbox 855 3810 1077 3864; x_wconf 88' lang='lat' dir='ltr'><strong>tametsi</strong></span> <span class='ocrx_word' id='word_1_309' title='bbox 1122 3810 1466 3882; x_wconf 87' lang='lat' dir='ltr'><strong>antiquiora,</strong></span> <span class='ocrx_word' id='word_1_310' title='bbox 1512 3812 1728 3868; x_wconf 77' lang='lat' dir='ltr'><strong>differri</strong></span> <span class='ocrx_word' id='word_1_311' title='bbox 1766 3819 2102 3885; x_wconf 88' lang='lat' dir='ltr'><strong>paterentur</strong></span> 
     </span>
    </p>
   </div>
   <div class='ocr_carea' id='block_1_42' title="bbox 402 3896 2102 3974">
    <p class='ocr_par' dir='ltr' id='par_1_42' title="bbox 402 3896 2102 3974">
     <span class='ocr_line' id='line_1_42' title="bbox 402 3896 2102 3974; baseline 0.002 -21"><span class='ocrx_word' id='word_1_312' title='bbox 402 3898 586 3969; x_wconf 83' lang='lat' dir='ltr'><strong>(Ibid.,</strong></span> <span class='ocrx_word' id='word_1_313' title='bbox 615 3914 736 3968; x_wconf 88' lang='lat' dir='ltr'><strong>cap.</strong></span> <span class='ocrx_word' id='word_1_314' title='bbox 774 3896 914 3969; x_wconf 90' lang='grc'><strong>170).</strong></span> <span class='ocrx_word' id='word_1_315' title='bbox 952 3900 1180 3953; x_wconf 87' lang='lat' dir='ltr'><strong>Peracta</strong></span> <span class='ocrx_word' id='word_1_316' title='bbox 1211 3916 1276 3954; x_wconf 90' lang='lat' dir='ltr'><strong>ea</strong></span> <span class='ocrx_word' id='word_1_317' title='bbox 1315 3900 1581 3973; x_wconf 86' lang='lat' dir='ltr'><strong>lectione,</strong></span> <span class='ocrx_word' id='word_1_318' title='bbox 1620 3902 1976 3957; x_wconf 87' lang='lat' dir='ltr'><strong>Marcellinus</strong></span> <span class='ocrx_word' id='word_1_319' title='bbox 2007 3920 2102 3974; x_wconf 89' lang='lat' dir='ltr'><strong>ap-</strong></span> 
     </span>
    </p>
   </div>
   <div class='ocr_carea' id='block_1_43' title="bbox 400 3985 2098 4061">
    <p class='ocr_par' dir='ltr' id='par_1_43' title="bbox 400 3985 2098 4061">
     <span class='ocr_line' id='line_1_43' title="bbox 400 3985 2098 4061; baseline 0.003 -22"><span class='ocrx_word' id='word_1_320' title='bbox 400 4002 603 4056; x_wconf 89' lang='lat' dir='ltr'><strong>parere</strong></span> <span class='ocrx_word' id='word_1_321' title='bbox 634 3985 869 4058; x_wconf 88' lang='lat' dir='ltr'><strong>quidem</strong></span> <span class='ocrx_word' id='word_1_322' title='bbox 897 3986 1040 4040; x_wconf 85' lang='lat' dir='ltr'><strong>dixit</strong></span> <span class='ocrx_word' id='word_1_323' title='bbox 1065 3987 1339 4055; x_wconf 88' lang='lat' dir='ltr'><strong>petitores</strong></span> <span class='ocrx_word' id='word_1_324' title='bbox 1370 4006 1492 4043; x_wconf 88' lang='lat' dir='ltr'><strong>esse</strong></span> <span class='ocrx_word' id='word_1_325' title='bbox 1523 3990 2098 4061; x_wconf 87' lang='lat' dir='ltr'><strong>Catholicos,quando</strong></span> 
     </span>
    </p>
   </div>
   <div class='ocr_carea' id='block_1_44' title="bbox 398 4072 2099 4143">
    <p class='ocr_par' dir='ltr' id='par_1_44' title="bbox 398 4072 2099 4143">
     <span class='ocr_line' id='line_1_44' title="bbox 398 4072 2099 4143; baseline 0.002 -16"><span class='ocrx_word' id='word_1_326' title='bbox 398 4072 484 4127; x_wconf 89' lang='lat' dir='ltr'><strong>illi</strong></span> <span class='ocrx_word' id='word_1_327' title='bbox 512 4073 831 4127; x_wconf 89' lang='lat' dir='ltr'><strong>schismatis</strong></span> <span class='ocrx_word' id='word_1_328' title='bbox 884 4078 1056 4143; x_wconf 87' lang='lat' dir='ltr'><strong>atque</strong></span> <span class='ocrx_word' id='word_1_329' title='bbox 1085 4073 1365 4129; x_wconf 69' lang='lat' dir='ltr'><strong>haereseos</strong></span> <span class='ocrx_word' id='word_1_330' title='bbox 1395 4075 1614 4130; x_wconf 89' lang='lat' dir='ltr'><strong>crimen</strong></span> <span class='ocrx_word' id='word_1_331' title='bbox 1652 4078 1961 4132; x_wconf 88' lang='lat' dir='ltr'><strong>Donatistis</strong></span> <span class='ocrx_word' id='word_1_332' title='bbox 1990 4078 2099 4132; x_wconf 88' lang='lat' dir='ltr'><strong>im-</strong></span> 
     </span>
    </p>
   </div>
   <div class='ocr_carea' id='block_1_45' title="bbox 397 4159 2100 4232">
    <p class='ocr_par' dir='ltr' id='par_1_45' title="bbox 397 4159 2100 4232">
     <span class='ocr_line' id='line_1_45' title="bbox 397 4159 2100 4232; baseline 0.004 -19"><span class='ocrx_word' id='word_1_333' title='bbox 397 4159 733 4230; x_wconf 87' lang='lat' dir='ltr'><strong>pingerent;</strong></span> <span class='ocrx_word' id='word_1_334' title='bbox 782 4166 1199 4228; x_wconf 76' lang='lat' dir='ltr'><strong>verumtamen,</strong></span> <span class='ocrx_word' id='word_1_335' title='bbox 1250 4179 1363 4232; x_wconf 93' lang='lat' dir='ltr'><strong>quo</strong></span> <span class='ocrx_word' id='word_1_336' title='bbox 1410 4163 1478 4216; x_wconf 89' lang='lat' dir='ltr'><strong>de</strong></span> <span class='ocrx_word' id='word_1_337' title='bbox 1516 4164 1623 4217; x_wconf 90' lang='lat' dir='ltr'><strong>hac</strong></span> <span class='ocrx_word' id='word_1_338' title='bbox 1664 4181 1725 4218; x_wconf 89' lang='lat' dir='ltr'><strong>re</strong></span> <span class='ocrx_word' id='word_1_339' title='bbox 1755 4170 2100 4220; x_wconf 86' lang='lat' dir='ltr'><strong>statueretur</strong></span> 
     </span>
    </p>
   </div>
   <div class='ocr_carea' id='block_1_46' title="bbox 400 4247 2095 4323">
    <p class='ocr_par' dir='ltr' id='par_1_46' title="bbox 400 4247 2095 4323">
     <span class='ocr_line' id='line_1_46' title="bbox 400 4247 2095 4323; baseline 0.005 -23"><span class='ocrx_word' id='word_1_340' title='bbox 400 4247 642 4317; x_wconf 82' lang='lat' dir='ltr'><strong>aequius,</strong></span> <span class='ocrx_word' id='word_1_341' title='bbox 670 4247 780 4301; x_wconf 90' lang='lat' dir='ltr'><strong>alia</strong></span> <span class='ocrx_word' id='word_1_342' title='bbox 810 4254 934 4302; x_wconf 89' lang='lat' dir='ltr'><strong>acta</strong></span> <span class='ocrx_word' id='word_1_343' title='bbox 968 4248 1232 4303; x_wconf 84' lang='lat' dir='ltr'><strong>similiter</strong></span> <span class='ocrx_word' id='word_1_344' title='bbox 1259 4265 1382 4304; x_wconf 92' lang='lat' dir='ltr'><strong>esse</strong></span> <span class='ocrx_word' id='word_1_345' title='bbox 1408 4250 1904 4319; x_wconf 84' lang='lat' dir='ltr'><strong>recitanda(1bid.,</strong></span> <span class='ocrx_word' id='word_1_346' title='bbox 1937 4270 2095 4323; x_wconf 85' lang='lat' dir='ltr'><strong>capp.</strong></span> 
     </span>
    </p>
   </div>
   <div class='ocr_carea' id='block_1_47' title="bbox 402 4334 2096 4408">
    <p class='ocr_par' dir='ltr' id='par_1_47' title="bbox 402 4334 2096 4408">
     <span class='ocr_line' id='line_1_47' title="bbox 402 4334 2096 4408; baseline 0.004 -19"><span class='ocrx_word' id='word_1_347' title='bbox 402 4340 525 4401; x_wconf 92' lang='grc'><strong>177,</strong></span> <span class='ocrx_word' id='word_1_348' title='bbox 579 4334 722 4404; x_wconf 87' lang='grc'><strong>180).</strong></span> <span class='ocrx_word' id='word_1_349' title='bbox 772 4335 894 4398; x_wconf 90' lang='lat' dir='ltr'><strong>Quo</strong></span> <span class='ocrx_word' id='word_1_350' title='bbox 936 4335 1081 4389; x_wconf 64' lang='lat' dir='ltr'><strong>nihil</strong></span> <span class='ocrx_word' id='word_1_351' title='bbox 1127 4336 1319 4391; x_wconf 89' lang='lat' dir='ltr'><strong>minus</strong></span> <span class='ocrx_word' id='word_1_352' title='bbox 1356 4338 1883 4408; x_wconf 88' lang='lat' dir='ltr'><strong>tergiversatoribus</strong></span> <span class='ocrx_word' id='word_1_353' title='bbox 1915 4342 2096 4395; x_wconf 90' lang='lat' dir='ltr'><strong>Dona-</strong></span> 
     </span>
    </p>
   </div>
   <div class='ocr_carea' id='block_1_48' title="bbox 399 4422 2098 4494">
    <p class='ocr_par' dir='ltr' id='par_1_48' title="bbox 399 4422 2098 4494">
     <span class='ocr_line' id='line_1_48' title="bbox 399 4422 2098 4494; baseline 0.004 -17"><span class='ocrx_word' id='word_1_354' title='bbox 399 4423 547 4477; x_wconf 89' lang='lat' dir='ltr'><strong>tistis</strong></span> <span class='ocrx_word' id='word_1_355' title='bbox 572 4422 732 4477; x_wconf 90' lang='lat' dir='ltr'><strong>cordi</strong></span> <span class='ocrx_word' id='word_1_356' title='bbox 758 4427 898 4477; x_wconf 89' lang='lat' dir='ltr'><strong>erat.</strong></span> <span class='ocrx_word' id='word_1_357' title='bbox 934 4423 1293 4494; x_wconf 87' lang='lat' dir='ltr'><strong>Quapropter</strong></span> <span class='ocrx_word' id='word_1_358' title='bbox 1316 4425 1408 4480; x_wconf 87' lang='lat' dir='ltr'><strong>hic</strong></span> <span class='ocrx_word' id='word_1_359' title='bbox 1433 4426 1605 4481; x_wconf 89' lang='lat' dir='ltr'><strong>etiam</strong></span> <span class='ocrx_word' id='word_1_360' title='bbox 1636 4427 1704 4481; x_wconf 91' lang='lat' dir='ltr'><strong>ad</strong></span> <span class='ocrx_word' id='word_1_361' title='bbox 1727 4428 1918 4483; x_wconf 88' lang='lat' dir='ltr'><strong>solitas</strong></span> <span class='ocrx_word' id='word_1_362' title='bbox 1949 4435 2098 4484; x_wconf 90' lang='lat' dir='ltr'><strong>artes</strong></span> 
     </span>
    </p>
   </div>
   <div class='ocr_carea' id='block_1_49' title="bbox 397 4511 2096 4588">
    <p class='ocr_par' dir='ltr' id='par_1_49' title="bbox 397 4511 2096 4588">
     <span class='ocr_line' id='line_1_49' title="bbox 397 4511 2096 4588; baseline 0.004 -23"><span class='ocrx_word' id='word_1_363' title='bbox 397 4511 712 4579; x_wconf 84' lang='lat' dir='ltr'><strong>redierunt,</strong></span> <span class='ocrx_word' id='word_1_364' title='bbox 761 4516 817 4565; x_wconf 90' lang='lat' dir='ltr'><strong>et</strong></span> <span class='ocrx_word' id='word_1_365' title='bbox 862 4511 1253 4567; x_wconf 86' lang='lat' dir='ltr'><strong>cavillationes</strong></span> <span class='ocrx_word' id='word_1_366' title='bbox 1293 4513 1362 4568; x_wconf 90' lang='lat' dir='ltr'><strong>de</strong></span> <span class='ocrx_word' id='word_1_367' title='bbox 1404 4515 1741 4586; x_wconf 61' lang='lat' dir='ltr'><strong>praescripto</strong></span> <span class='ocrx_word' id='word_1_368' title='bbox 1781 4515 1891 4583; x_wconf 89' lang='lat' dir='ltr'><strong>die,</strong></span> <span class='ocrx_word' id='word_1_369' title='bbox 1925 4534 2096 4588; x_wconf 91' lang='lat' dir='ltr'><strong>quem</strong></span> 
     </span>
    </p>
   </div>
   <div class='ocr_carea' id='block_1_50' title="bbox 398 4600 2094 4675">
    <p class='ocr_par' dir='ltr' id='par_1_50' title="bbox 398 4600 2094 4675">
     <span class='ocr_line' id='line_1_50' title="bbox 398 4600 2094 4675; baseline 0.003 -21"><span class='ocrx_word' id='word_1_370' title='bbox 398 4600 655 4670; x_wconf 91' lang='lat' dir='ltr'><strong>elapsum</strong></span> <span class='ocrx_word' id='word_1_371' title='bbox 688 4616 807 4654; x_wconf 89' lang='lat' dir='ltr'><strong>esse</strong></span> <span class='ocrx_word' id='word_1_372' title='bbox 832 4600 1232 4668; x_wconf 85' lang='lat' dir='ltr'><strong>causabantur,</strong></span> <span class='ocrx_word' id='word_1_373' title='bbox 1257 4602 1324 4657; x_wconf 93' lang='lat' dir='ltr'><strong>de</strong></span> <span class='ocrx_word' id='word_1_374' title='bbox 1348 4603 1641 4672; x_wconf 71' lang='lat' dir='ltr'><strong>urendato,</strong></span> <span class='ocrx_word' id='word_1_375' title='bbox 1664 4603 1847 4675; x_wconf 90' lang='lat' dir='ltr'><strong>deque</strong></span> <span class='ocrx_word' id='word_1_376' title='bbox 1874 4606 2094 4659; x_wconf 88' lang='lat' dir='ltr'><strong>ratione</strong></span> 
     </span>
    </p>
   </div>
   <div class='ocr_carea' id='block_1_51' title="bbox 396 4687 2093 4759">
    <p class='ocr_par' dir='ltr' id='par_1_51' title="bbox 396 4687 2093 4759">
     <span class='ocr_line' id='line_1_51' title="bbox 396 4687 2093 4759; baseline 0.004 -18"><span class='ocrx_word' id='word_1_377' title='bbox 396 4687 743 4757; x_wconf 87' lang='lat' dir='ltr'><strong>procedendi</strong></span> <span class='ocrx_word' id='word_1_378' title='bbox 772 4688 1151 4759; x_wconf 84' lang='lat' dir='ltr'><strong>ingesserunt,</strong></span> <span class='ocrx_word' id='word_1_379' title='bbox 1198 4691 1398 4745; x_wconf 87' lang='lat' dir='ltr'><strong>eadem</strong></span> <span class='ocrx_word' id='word_1_380' title='bbox 1427 4691 1709 4747; x_wconf 87' lang='lat' dir='ltr'><strong>cantilena</strong></span> <span class='ocrx_word' id='word_1_381' title='bbox 1739 4709 1905 4748; x_wconf 88' lang='lat' dir='ltr'><strong>aures</strong></span> <span class='ocrx_word' id='word_1_382' title='bbox 1931 4693 2093 4749; x_wconf 83' lang='lat' dir='ltr'><strong>inde-</strong></span> 
     </span>
    </p>
   </div>
   <div class='ocr_carea' id='block_1_52' title="bbox 396 4776 2098 4854">
    <p class='ocr_par' dir='ltr' id='par_1_52' title="bbox 396 4776 2098 4854">
     <span class='ocr_line' id='line_1_52' title="bbox 396 4776 2098 4854; baseline 0.004 -24"><span class='ocrx_word' id='word_1_383' title='bbox 396 4776 650 4831; x_wconf 89' lang='lat' dir='ltr'><strong>sinenter</strong></span> <span class='ocrx_word' id='word_1_384' title='bbox 682 4777 1080 4845; x_wconf 87' lang='lat' dir='ltr'><strong>obtundentes,</strong></span> <span class='ocrx_word' id='word_1_385' title='bbox 1117 4782 1181 4832; x_wconf 90' lang='lat' dir='ltr'><strong>ut</strong></span> <span class='ocrx_word' id='word_1_386' title='bbox 1207 4779 1422 4834; x_wconf 88' lang='lat' dir='ltr'><strong>scilicet</strong></span> <span class='ocrx_word' id='word_1_387' title='bbox 1444 4780 1533 4834; x_wconf 92' lang='lat' dir='ltr'><strong>vel</strong></span> <span class='ocrx_word' id='word_1_388' title='bbox 1563 4780 1798 4835; x_wconf 87' lang='lat' dir='ltr'><strong>omnino</strong></span> <span class='ocrx_word' id='word_1_389' title='bbox 1823 4782 1907 4837; x_wconf 89' lang='lat' dir='ltr'><strong>rei</strong></span> <span class='ocrx_word' id='word_1_390' title='bbox 1928 4787 2098 4854; x_wconf 88' lang='lat' dir='ltr'><strong>caput</strong></span> 
     </span>
    </p>
   </div>
   <div class='ocr_carea' id='block_1_53' title="bbox 395 4864 2096 4942">
    <p class='ocr_par' dir='ltr' id='par_1_53' title="bbox 395 4864 2096 4942">
     <span class='ocr_line' id='line_1_53' title="bbox 395 4864 2096 4942; baseline 0.004 -22"><span class='ocrx_word' id='word_1_391' title='bbox 395 4864 773 4933; x_wconf 89' lang='lat' dir='ltr'><strong>omitteretur,</strong></span> <span class='ocrx_word' id='word_1_392' title='bbox 806 4866 891 4919; x_wconf 87' lang='lat' dir='ltr'><strong>vel</strong></span> <span class='ocrx_word' id='word_1_393' title='bbox 923 4866 1143 4933; x_wconf 88' lang='lat' dir='ltr'><strong>saltem,</strong></span> <span class='ocrx_word' id='word_1_394' title='bbox 1177 4868 1277 4937; x_wconf 91' lang='lat' dir='ltr'><strong>qui</strong></span> <span class='ocrx_word' id='word_1_395' title='bbox 1307 4873 1423 4923; x_wconf 86' lang='lat' dir='ltr'><strong>tam</strong></span> <span class='ocrx_word' id='word_1_396' title='bbox 1458 4870 1628 4939; x_wconf 90' lang='lat' dir='ltr'><strong>longa</strong></span> <span class='ocrx_word' id='word_1_397' title='bbox 1657 4874 1891 4941; x_wconf 89' lang='lat' dir='ltr'><strong>tamque</strong></span> <span class='ocrx_word' id='word_1_398' title='bbox 1924 4871 2096 4942; x_wconf 89' lang='lat' dir='ltr'><strong>plena</strong></span> 
     </span>
    </p>
   </div>
   <div class='ocr_carea' id='block_1_54' title="bbox 394 4952 2090 5028">
    <p class='ocr_par' dir='ltr' id='par_1_54' title="bbox 394 4952 2090 5028">
     <span class='ocr_line' id='line_1_54' title="bbox 394 4952 2090 5028; baseline 0.003 -22"><span class='ocrx_word' id='word_1_399' title='bbox 394 4952 609 5007; x_wconf 89' lang='lat' dir='ltr'><strong>fastidii</strong></span> <span class='ocrx_word' id='word_1_400' title='bbox 639 4957 762 5007; x_wconf 87' lang='lat' dir='ltr'><strong>acta</strong></span> <span class='ocrx_word' id='word_1_401' title='bbox 799 4954 1138 5025; x_wconf 84' lang='lat' dir='ltr'><strong>perlegeret,</strong></span> <span class='ocrx_word' id='word_1_402' title='bbox 1174 4960 1322 5011; x_wconf 90' lang='lat' dir='ltr'><strong>esset</strong></span> <span class='ocrx_word' id='word_1_403' title='bbox 1349 4973 1520 5012; x_wconf 89' lang='lat' dir='ltr'><strong>nemo</strong></span> <span class='ocrx_word' id='word_1_404' title='bbox 1547 4957 1742 5028; x_wconf 86' lang='lat' dir='ltr'><strong>(Ibid.,</strong></span> <span class='ocrx_word' id='word_1_405' title='bbox 1773 4974 1932 5028; x_wconf 86' lang='lat' dir='ltr'><strong>capp.</strong></span> <span class='ocrx_word' id='word_1_406' title='bbox 1970 4961 2090 5027; x_wconf 90' lang='grc'><strong>181,</strong></span> 
     </span>
    </p>
   </div>
   <div class='ocr_carea' id='block_1_55' title="bbox 401 5042 2099 5116">
    <p class='ocr_par' dir='ltr' id='par_1_55' title="bbox 401 5042 2099 5116">
     <span class='ocr_line' id='line_1_55' title="bbox 401 5042 2099 5116; baseline 0.004 -21"><span class='ocrx_word' id='word_1_407' title='bbox 401 5043 519 5108; x_wconf 89' lang='grc'><strong>183,</strong></span> <span class='ocrx_word' id='word_1_408' title='bbox 556 5043 675 5110; x_wconf 91' lang='grc'><strong>188,</strong></span> <span class='ocrx_word' id='word_1_409' title='bbox 708 5045 857 5113; x_wconf 87' lang='grc'><strong>215).</strong></span> <span class='ocrx_word' id='word_1_410' title='bbox 883 5042 1029 5096; x_wconf 90' lang='lat' dir='ltr'><strong>Vicit</strong></span> <span class='ocrx_word' id='word_1_411' title='bbox 1054 5047 1248 5098; x_wconf 88' lang='lat' dir='ltr'><strong>tamen</strong></span> <span class='ocrx_word' id='word_1_412' title='bbox 1281 5045 1592 5116; x_wconf 87' lang='lat' dir='ltr'><strong>aliquando</strong></span> <span class='ocrx_word' id='word_1_413' title='bbox 1622 5047 1854 5101; x_wconf 88' lang='lat' dir='ltr'><strong>tandem</strong></span> <span class='ocrx_word' id='word_1_414' title='bbox 1885 5047 2099 5116; x_wconf 87' lang='lat' dir='ltr'><strong>Cogni-</strong></span> 
     </span>
    </p>
   </div>
   <div class='ocr_carea' id='block_1_56' title="bbox 392 5129 2091 5201">
    <p class='ocr_par' dir='ltr' id='par_1_56' title="bbox 392 5129 2091 5201">
     <span class='ocr_line' id='line_1_56' title="bbox 392 5129 2091 5201; baseline 0.003 -18"><span class='ocrx_word' id='word_1_415' title='bbox 392 5135 484 5184; x_wconf 89' lang='lat' dir='ltr'><strong>tor</strong></span> <span class='ocrx_word' id='word_1_416' title='bbox 515 5133 633 5183; x_wconf 89' lang='lat' dir='ltr'><strong>tam</strong></span> <span class='ocrx_word' id='word_1_417' title='bbox 681 5130 882 5200; x_wconf 88' lang='lat' dir='ltr'><strong>longas</strong></span> <span class='ocrx_word' id='word_1_418' title='bbox 911 5129 1338 5201; x_wconf 89' lang='lat' dir='ltr'><strong>obstinationes,</strong></span> <span class='ocrx_word' id='word_1_419' title='bbox 1382 5140 1440 5187; x_wconf 90' lang='lat' dir='ltr'><strong>et</strong></span> <span class='ocrx_word' id='word_1_420' title='bbox 1467 5134 1806 5188; x_wconf 85' lang='lat' dir='ltr'><strong>relationem</strong></span> <span class='ocrx_word' id='word_1_421' title='bbox 1834 5134 2091 5201; x_wconf 91' lang='lat' dir='ltr'><strong>Anulini,</strong></span> 
     </span>
    </p>
   </div>
   <div class='ocr_carea' id='block_1_57' title="bbox 397 5217 2093 5288">
    <p class='ocr_par' dir='ltr' id='par_1_57' title="bbox 397 5217 2093 5288">
     <span class='ocr_line' id='line_1_57' title="bbox 397 5217 2093 5288; baseline 0.002 -17"><span class='ocrx_word' id='word_1_422' title='bbox 397 5234 512 5288; x_wconf 89' lang='lat' dir='ltr'><strong>qua</strong></span> <span class='ocrx_word' id='word_1_423' title='bbox 541 5217 963 5272; x_wconf 76' lang='lat' dir='ltr'><strong>Donatistarum</strong></span> <span class='ocrx_word' id='word_1_424' title='bbox 995 5220 1256 5288; x_wconf 87' lang='lat' dir='ltr'><strong>querelas</strong></span> <span class='ocrx_word' id='word_1_425' title='bbox 1277 5220 1348 5275; x_wconf 90' lang='lat' dir='ltr'><strong>de</strong></span> <span class='ocrx_word' id='word_1_426' title='bbox 1368 5219 1666 5274; x_wconf 61' lang='lat' dir='ltr'><strong>Caeciliano</strong></span> <span class='ocrx_word' id='word_1_427' title='bbox 1685 5220 1754 5274; x_wconf 90' lang='lat' dir='ltr'><strong>ad</strong></span> <span class='ocrx_word' id='word_1_428' title='bbox 1775 5221 2093 5275; x_wconf 89' lang='lat' dir='ltr'><strong>Constanti-</strong></span> 
     </span>
    </p>
   </div>
   <div class='ocr_carea' id='block_1_58' title="bbox 391 5300 2088 5379">
    <p class='ocr_par' dir='ltr' id='par_1_58' title="bbox 391 5300 2088 5379">
     <span class='ocr_line' id='line_1_58' title="bbox 391 5300 2088 5379; baseline 0.004 -22"><span class='ocrx_word' id='word_1_429' title='bbox 391 5319 533 5358; x_wconf 89' lang='lat' dir='ltr'><strong>num</strong></span> <span class='ocrx_word' id='word_1_430' title='bbox 563 5300 875 5375; x_wconf 79' lang='lat' dir='ltr'><strong>deferebat,</strong></span> <span class='ocrx_word' id='word_1_431' title='bbox 907 5305 1133 5360; x_wconf 85' lang='lat' dir='ltr'><strong>recitari</strong></span> <span class='ocrx_word' id='word_1_432' title='bbox 1161 5307 1341 5362; x_wconf 89' lang='lat' dir='ltr'><strong>voluit</strong></span> <span class='ocrx_word' id='word_1_433' title='bbox 1369 5308 1554 5378; x_wconf 88' lang='lat' dir='ltr'><strong>(Ibid.,</strong></span> <span class='ocrx_word' id='word_1_434' title='bbox 1586 5323 1743 5376; x_wconf 89' lang='lat' dir='ltr'><strong>capp.</strong></span> <span class='ocrx_word' id='word_1_435' title='bbox 1781 5310 1909 5378; x_wconf 89' lang='grc'><strong>216,</strong></span> <span class='ocrx_word' id='word_1_436' title='bbox 1940 5311 2088 5379; x_wconf 88' lang='grc'><strong>220).</strong></span> 
     </span>
    </p>
   </div>
   <div class='ocr_carea' id='block_1_59' title="bbox 392 5391 2088 5464">
    <p class='ocr_par' dir='ltr' id='par_1_59' title="bbox 392 5391 2088 5464">
     <span class='ocr_line' id='line_1_59' title="bbox 392 5391 2088 5464; baseline 0.003 -20"><span class='ocrx_word' id='word_1_437' title='bbox 392 5391 463 5445; x_wconf 90' lang='lat' dir='ltr'><strong>ad</strong></span> <span class='ocrx_word' id='word_1_438' title='bbox 512 5408 759 5464; x_wconf 88' lang='lat' dir='ltr'><strong>eumque</strong></span> <span class='ocrx_word' id='word_1_439' title='bbox 780 5394 1043 5448; x_wconf 65' lang='lat' dir='ltr'><strong>emodum</strong></span> <span class='ocrx_word' id='word_1_440' title='bbox 1093 5396 1162 5448; x_wconf 88' lang='lat' dir='ltr'><strong>de</strong></span> <span class='ocrx_word' id='word_1_441' title='bbox 1210 5411 1378 5448; x_wconf 88' lang='lat' dir='ltr'><strong>causa</strong></span> <span class='ocrx_word' id='word_1_442' title='bbox 1422 5394 1652 5447; x_wconf 86' lang='lat' dir='ltr'><strong>tractari</strong></span> <span class='ocrx_word' id='word_1_443' title='bbox 1698 5399 1946 5464; x_wconf 70' lang='lat' dir='ltr'><strong>emptum</strong></span> <span class='ocrx_word' id='word_1_444' title='bbox 1985 5400 2088 5449; x_wconf 90' lang='lat' dir='ltr'><strong>est.</strong></span> 
     </span>
    </p>
   </div>
   <div class='ocr_carea' id='block_1_60' title="bbox 339 5476 2089 5554">
    <p class='ocr_par' dir='ltr' id='par_1_60' title="bbox 339 5476 2089 5554">
     <span class='ocr_line' id='line_1_60' title="bbox 339 5476 2089 5554; baseline 0.003 -22"><span class='ocrx_word' id='word_1_445' title='bbox 339 5476 359 5492; x_wconf 84' lang='grc'><strong>⁹</strong></span> <span class='ocrx_word' id='word_1_446' title='bbox 392 5479 647 5534; x_wconf 86' lang='lat' dir='ltr'><strong>Perlecta</strong></span> <span class='ocrx_word' id='word_1_447' title='bbox 663 5481 898 5536; x_wconf 88' lang='lat' dir='ltr'><strong>Anulini</strong></span> <span class='ocrx_word' id='word_1_448' title='bbox 921 5482 989 5536; x_wconf 90' lang='lat' dir='ltr'><strong>de</strong></span> <span class='ocrx_word' id='word_1_449' title='bbox 1013 5482 1315 5537; x_wconf 67' lang='lat' dir='ltr'><strong>Caeciliano</strong></span> <span class='ocrx_word' id='word_1_450' title='bbox 1338 5478 1598 5550; x_wconf 88' lang='lat' dir='ltr'><strong>epistola,</strong></span> <span class='ocrx_word' id='word_1_451' title='bbox 1625 5480 1929 5537; x_wconf 68' lang='lat' dir='ltr'><strong>Donatista:</strong></span> <span class='ocrx_word' id='word_1_452' title='bbox 1950 5484 2089 5554; x_wconf 87' lang='lat' dir='ltr'><strong>(quo</strong></span> 
     </span>
    </p>
   </div>
   <div class='ocr_carea' id='block_1_61' title="bbox 1638 250 2769 311">
    <p class='ocr_par' dir='ltr' id='par_1_61' title="bbox 1638 250 2769 311">
     <span class='ocr_line' id='line_1_61' title="bbox 1638 250 2769 311; baseline -0.004 -1"><span class='ocrx_word' id='word_1_453' title='bbox 1638 254 1811 310; x_wconf 85' lang='lat' dir='ltr'><strong>VITA</strong></span> <span class='ocrx_word' id='word_1_454' title='bbox 1868 254 1922 309; x_wconf 91' lang='lat' dir='ltr'><strong>S.</strong></span> <span class='ocrx_word' id='word_1_455' title='bbox 1992 251 2375 311; x_wconf 82' lang='lat' dir='ltr'><strong>AUGUSTINI</strong></span> <span class='ocrx_word' id='word_1_456' title='bbox 2431 250 2769 309; x_wconf 87' lang='lat' dir='ltr'><strong>EPISCOPI.</strong></span> 
     </span>
    </p>
   </div>
   <div class='ocr_carea' id='block_1_62' title="bbox 3838 254 3951 307">
    <p class='ocr_par' dir='ltr' id='par_1_62' title="bbox 3838 254 3951 307">
     <span class='ocr_line' id='line_1_62' title="bbox 3838 254 3951 307; baseline -0.018 0"><span class='ocrx_word' id='word_1_457' title='bbox 3838 254 3951 307; x_wconf 68' lang='grc'><strong>424</strong></span> 
     </span>
    </p>
   </div>
   <div class='ocr_carea' id='block_1_63' title="bbox 2230 371 3952 444">
    <p class='ocr_par' dir='ltr' id='par_1_63' title="bbox 2230 371 3952 444">
     <span class='ocr_line' id='line_1_63' title="bbox 2230 371 3952 444; baseline -0.001 -14"><span class='ocrx_word' id='word_1_458' title='bbox 2230 376 2382 430; x_wconf 90' lang='lat' dir='ltr'><strong>haud</strong></span> <span class='ocrx_word' id='word_1_459' title='bbox 2414 374 2585 430; x_wconf 87' lang='lat' dir='ltr'><strong>dubie</strong></span> <span class='ocrx_word' id='word_1_460' title='bbox 2615 372 3066 428; x_wconf 87' lang='lat' dir='ltr'><strong>occurrerentiis</strong></span> <span class='ocrx_word' id='word_1_461' title='bbox 3095 387 3225 444; x_wconf 76' lang='lat' dir='ltr'><strong>quas</strong></span> <span class='ocrx_word' id='word_1_462' title='bbox 3246 371 3380 427; x_wconf 89' lang='lat' dir='ltr'><strong>inde</strong></span> <span class='ocrx_word' id='word_1_463' title='bbox 3411 371 3640 427; x_wconf 82' lang='lat' dir='ltr'><strong>fuerant</strong></span> <span class='ocrx_word' id='word_1_464' title='bbox 3666 388 3952 429; x_wconf 86' lang='lat' dir='ltr'><strong>consecu-</strong></span> 
     </span>
    </p>
   </div>
   <div class='ocr_carea' id='block_1_64' title="bbox 2229 459 3951 535">
    <p class='ocr_par' dir='ltr' id='par_1_64' title="bbox 2229 459 3951 535">
     <span class='ocr_line' id='line_1_64' title="bbox 2229 459 3951 535; baseline -0.001 -17"><span class='ocrx_word' id='word_1_465' title='bbox 2229 464 2387 535; x_wconf 90' lang='lat' dir='ltr'><strong>tura)</strong></span> <span class='ocrx_word' id='word_1_466' title='bbox 2413 462 2800 535; x_wconf 72' lang='lat' dir='ltr'><strong>Augustinum</strong></span> <span class='ocrx_word' id='word_1_467' title='bbox 2834 464 3130 532; x_wconf 87' lang='lat' dir='ltr'><strong>rogarunt,</strong></span> <span class='ocrx_word' id='word_1_468' title='bbox 3182 476 3295 532; x_wconf 90' lang='lat' dir='ltr'><strong>quo</strong></span> <span class='ocrx_word' id='word_1_469' title='bbox 3341 459 3575 514; x_wconf 85' lang='lat' dir='ltr'><strong>nomine</strong></span> <span class='ocrx_word' id='word_1_470' title='bbox 3606 460 3951 517; x_wconf 85' lang='lat' dir='ltr'><strong>defenderet</strong></span> 
     </span>
    </p>
   </div>
   <div class='ocr_carea' id='block_1_65' title="bbox 2232 549 3944 621">
    <p class='ocr_par' dir='ltr' id='par_1_65' title="bbox 2232 549 3944 621">
     <span class='ocr_line' id='line_1_65' title="bbox 2232 549 3944 621; baseline -0.001 -14"><span class='ocrx_word' id='word_1_471' title='bbox 2232 552 2621 621; x_wconf 64' lang='lat' dir='ltr'><strong>Caecilianum,</strong></span> <span class='ocrx_word' id='word_1_472' title='bbox 2673 551 2870 620; x_wconf 89' lang='lat' dir='ltr'><strong>ejusne</strong></span> <span class='ocrx_word' id='word_1_473' title='bbox 2900 549 3054 604; x_wconf 82' lang='lat' dir='ltr'><strong>filius</strong></span> <span class='ocrx_word' id='word_1_474' title='bbox 3084 553 3253 616; x_wconf 83' lang='lat' dir='ltr'><strong>esset,</strong></span> <span class='ocrx_word' id='word_1_475' title='bbox 3288 565 3363 602; x_wconf 90' lang='lat' dir='ltr'><strong>an</strong></span> <span class='ocrx_word' id='word_1_476' title='bbox 3391 564 3508 602; x_wconf 91' lang='lat' dir='ltr'><strong>non</strong></span> <span class='ocrx_word' id='word_1_477' title='bbox 3548 550 3739 620; x_wconf 87' lang='lat' dir='ltr'><strong>(Ibid.,</strong></span> <span class='ocrx_word' id='word_1_478' title='bbox 3772 566 3944 620; x_wconf 86' lang='lat' dir='ltr'><strong>capp.</strong></span> 
     </span>
    </p>
   </div>
   <div class='ocr_carea' id='block_1_66' title="bbox 2228 638 3944 711">
    <p class='ocr_par' dir='ltr' id='par_1_66' title="bbox 2228 638 3944 711">
     <span class='ocr_line' id='line_1_66' title="bbox 2228 638 3944 711; baseline -0.002 -15"><span class='ocrx_word' id='word_1_479' title='bbox 2228 645 2354 711; x_wconf 87' lang='grc'><strong>221,</strong></span> <span class='ocrx_word' id='word_1_480' title='bbox 2393 642 2537 708; x_wconf 86' lang='grc'><strong>227).</strong></span> <span class='ocrx_word' id='word_1_481' title='bbox 2588 639 2804 705; x_wconf 87' lang='lat' dir='ltr'><strong>Quibus</strong></span> <span class='ocrx_word' id='word_1_482' title='bbox 2850 638 2971 708; x_wconf 90' lang='lat' dir='ltr'><strong>ille,</strong></span> <span class='ocrx_word' id='word_1_483' title='bbox 3013 638 3238 692; x_wconf 91' lang='lat' dir='ltr'><strong>nullum</strong></span> <span class='ocrx_word' id='word_1_484' title='bbox 3282 653 3412 691; x_wconf 88' lang='lat' dir='ltr'><strong>vere</strong></span> <span class='ocrx_word' id='word_1_485' title='bbox 3458 654 3522 691; x_wconf 90' lang='lat' dir='ltr'><strong>ac</strong></span> <span class='ocrx_word' id='word_1_486' title='bbox 3570 638 3805 709; x_wconf 90' lang='lat' dir='ltr'><strong>proprie</strong></span> <span class='ocrx_word' id='word_1_487' title='bbox 3833 655 3944 709; x_wconf 82' lang='lat' dir='ltr'><strong>pa-</strong></span> 
     </span>
    </p>
   </div>
   <div class='ocr_carea' id='block_1_67' title="bbox 2227 725 3943 799">
    <p class='ocr_par' dir='ltr' id='par_1_67' title="bbox 2227 725 3943 799">
     <span class='ocr_line' id='line_1_67' title="bbox 2227 725 3943 799; baseline -0.003 -14"><span class='ocrx_word' id='word_1_488' title='bbox 2227 735 2373 785; x_wconf 88' lang='lat' dir='ltr'><strong>trem</strong></span> <span class='ocrx_word' id='word_1_489' title='bbox 2403 730 2491 784; x_wconf 86' lang='lat' dir='ltr'><strong>vel</strong></span> <span class='ocrx_word' id='word_1_490' title='bbox 2523 733 2695 799; x_wconf 91' lang='lat' dir='ltr'><strong>caput</strong></span> <span class='ocrx_word' id='word_1_491' title='bbox 2717 728 2780 781; x_wconf 89' lang='lat' dir='ltr'><strong>in</strong></span> <span class='ocrx_word' id='word_1_492' title='bbox 2802 727 2890 781; x_wconf 90' lang='lat' dir='ltr'><strong>his</strong></span> <span class='ocrx_word' id='word_1_493' title='bbox 2920 743 3049 798; x_wconf 73' lang='lat' dir='ltr'><strong>quae</strong></span> <span class='ocrx_word' id='word_1_494' title='bbox 3080 725 3150 780; x_wconf 89' lang='lat' dir='ltr'><strong>ad</strong></span> <span class='ocrx_word' id='word_1_495' title='bbox 3180 726 3349 780; x_wconf 85' lang='lat' dir='ltr'><strong>tidem</strong></span> <span class='ocrx_word' id='word_1_496' title='bbox 3382 726 3722 780; x_wconf 82' lang='lat' dir='ltr'><strong>acsalutem</strong></span> <span class='ocrx_word' id='word_1_497' title='bbox 3749 726 3943 797; x_wconf 89' lang='lat' dir='ltr'><strong>perti-</strong></span> 
     </span>
    </p>
   </div>
   <div class='ocr_carea' id='block_1_68' title="bbox 2227 814 3937 888">
    <p class='ocr_par' dir='ltr' id='par_1_68' title="bbox 2227 814 3937 888">
     <span class='ocr_line' id='line_1_68' title="bbox 2227 814 3937 888; baseline -0.002 -16"><span class='ocrx_word' id='word_1_498' title='bbox 2227 822 2447 879; x_wconf 87' lang='lat' dir='ltr'><strong>nerent,</strong></span> <span class='ocrx_word' id='word_1_499' title='bbox 2476 822 2686 888; x_wconf 65' lang='lat' dir='ltr'><strong>praeter</strong></span> <span class='ocrx_word' id='word_1_500' title='bbox 2713 832 2899 870; x_wconf 90' lang='lat' dir='ltr'><strong>unum</strong></span> <span class='ocrx_word' id='word_1_501' title='bbox 2918 814 3229 880; x_wconf 87' lang='lat' dir='ltr'><strong>Christum,</strong></span> <span class='ocrx_word' id='word_1_502' title='bbox 3260 830 3567 885; x_wconf 87' lang='lat' dir='ltr'><strong>agnoscere</strong></span> <span class='ocrx_word' id='word_1_503' title='bbox 3588 814 3937 885; x_wconf 87' lang='lat' dir='ltr'><strong>Catholicos,</strong></span> 
     </span>
    </p>
   </div>
   <div class='ocr_carea' id='block_1_69' title="bbox 2226 902 3934 977">
    <p class='ocr_par' dir='ltr' id='par_1_69' title="bbox 2226 902 3934 977">
     <span class='ocr_line' id='line_1_69' title="bbox 2226 902 3934 977; baseline -0.001 -17"><span class='ocrx_word' id='word_1_504' title='bbox 2226 906 2553 977; x_wconf 87' lang='lat' dir='ltr'><strong>respondit;</strong></span> <span class='ocrx_word' id='word_1_505' title='bbox 2601 922 2666 959; x_wconf 92' lang='lat' dir='ltr'><strong>ac</strong></span> <span class='ocrx_word' id='word_1_506' title='bbox 2695 903 2939 976; x_wconf 87' lang='lat' dir='ltr'><strong>proinde</strong></span> <span class='ocrx_word' id='word_1_507' title='bbox 2969 904 3124 975; x_wconf 91' lang='lat' dir='ltr'><strong>quod</strong></span> <span class='ocrx_word' id='word_1_508' title='bbox 3154 919 3215 957; x_wconf 92' lang='lat' dir='ltr'><strong>se</strong></span> <span class='ocrx_word' id='word_1_509' title='bbox 3254 903 3464 957; x_wconf 88' lang='lat' dir='ltr'><strong>Paulus</strong></span> <span class='ocrx_word' id='word_1_510' title='bbox 3503 902 3934 958; x_wconf 89' lang='lat' dir='ltr'><strong>Corinthiorum</strong></span> 
     </span>
    </p>
   </div>
   <div class='ocr_carea' id='block_1_70' title="bbox 2225 991 3935 1065">
    <p class='ocr_par' dir='ltr' id='par_1_70' title="bbox 2225 991 3935 1065">
     <span class='ocr_line' id='line_1_70' title="bbox 2225 991 3935 1065; baseline -0.002 -17"><span class='ocrx_word' id='word_1_511' title='bbox 2225 1000 2449 1065; x_wconf 89' lang='lat' dir='ltr'><strong>patrem</strong></span> <span class='ocrx_word' id='word_1_512' title='bbox 2486 994 2719 1058; x_wconf 89' lang='lat' dir='ltr'><strong>diceret,</strong></span> <span class='ocrx_word' id='word_1_513' title='bbox 2768 1008 3133 1063; x_wconf 85' lang='lat' dir='ltr'><strong>nequaquam</strong></span> <span class='ocrx_word' id='word_1_514' title='bbox 3181 991 3250 1046; x_wconf 91' lang='lat' dir='ltr'><strong>ad</strong></span> <span class='ocrx_word' id='word_1_515' title='bbox 3299 1007 3432 1045; x_wconf 90' lang='lat' dir='ltr'><strong>eum</strong></span> <span class='ocrx_word' id='word_1_516' title='bbox 3478 991 3716 1046; x_wconf 90' lang='lat' dir='ltr'><strong>modum</strong></span> <span class='ocrx_word' id='word_1_517' title='bbox 3749 992 3935 1061; x_wconf 88' lang='lat' dir='ltr'><strong>accipi</strong></span> 
     </span>
    </p>
   </div>
   <div class='ocr_carea' id='block_1_71' title="bbox 2225 1079 3934 1152">
    <p class='ocr_par' dir='ltr' id='par_1_71' title="bbox 2225 1079 3934 1152">
     <span class='ocr_line' id='line_1_71' title="bbox 2225 1079 3934 1152; baseline -0.002 -14"><span class='ocrx_word' id='word_1_518' title='bbox 2225 1084 2451 1149; x_wconf 67' lang='lat' dir='ltr'><strong>debere,</strong></span> <span class='ocrx_word' id='word_1_519' title='bbox 2482 1083 2580 1136; x_wconf 92' lang='lat' dir='ltr'><strong>sed</strong></span> <span class='ocrx_word' id='word_1_520' title='bbox 2610 1086 2836 1136; x_wconf 88' lang='lat' dir='ltr'><strong>tantum</strong></span> <span class='ocrx_word' id='word_1_521' title='bbox 2871 1079 3007 1152; x_wconf 89' lang='lat' dir='ltr'><strong>quia</strong></span> <span class='ocrx_word' id='word_1_522' title='bbox 3038 1083 3186 1134; x_wconf 89' lang='lat' dir='ltr'><strong>esset</strong></span> <span class='ocrx_word' id='word_1_523' title='bbox 3224 1079 3582 1150; x_wconf 89' lang='lat' dir='ltr'><strong>dispensator</strong></span> <span class='ocrx_word' id='word_1_524' title='bbox 3614 1080 3934 1150; x_wconf 86' lang='lat' dir='ltr'><strong>evangelici</strong></span> 
     </span>
    </p>
   </div>
   <div class='ocr_carea' id='block_1_72' title="bbox 2224 1166 3932 1240">
    <p class='ocr_par' dir='ltr' id='par_1_72' title="bbox 2224 1166 3932 1240">
     <span class='ocr_line' id='line_1_72' title="bbox 2224 1166 3932 1240; baseline -0.004 -14"><span class='ocrx_word' id='word_1_525' title='bbox 2224 1170 2527 1226; x_wconf 89' lang='lat' dir='ltr'><strong>ministerii</strong></span> <span class='ocrx_word' id='word_1_526' title='bbox 2560 1169 2745 1240; x_wconf 86' lang='lat' dir='ltr'><strong>(Ibid.,</strong></span> <span class='ocrx_word' id='word_1_527' title='bbox 2776 1184 2934 1238; x_wconf 85' lang='lat' dir='ltr'><strong>capp.</strong></span> <span class='ocrx_word' id='word_1_528' title='bbox 2968 1170 3093 1235; x_wconf 90' lang='lat'><strong>222,</strong></span> <span class='ocrx_word' id='word_1_529' title='bbox 3133 1167 3266 1237; x_wconf 67' lang='grc'><strong>242)</strong></span> <span class='ocrx_word' id='word_1_530' title='bbox 3299 1183 3312 1222; x_wconf 92' lang='lat'><strong>:</strong></span> <span class='ocrx_word' id='word_1_531' title='bbox 3348 1166 3718 1224; x_wconf 68' lang='lat' dir='ltr'><strong>Cmcilianum</strong></span> <span class='ocrx_word' id='word_1_532' title='bbox 3749 1166 3932 1236; x_wconf 88' lang='lat' dir='ltr'><strong>igitur</strong></span> 
     </span>
    </p>
   </div>
   <div class='ocr_carea' id='block_1_73' title="bbox 2224 1255 3929 1329">
    <p class='ocr_par' dir='ltr' id='par_1_73' title="bbox 2224 1255 3929 1329">
     <span class='ocr_line' id='line_1_73' title="bbox 2224 1255 3929 1329; baseline -0.003 -15"><span class='ocrx_word' id='word_1_533' title='bbox 2224 1276 2340 1314; x_wconf 92' lang='lat' dir='ltr'><strong>non</strong></span> <span class='ocrx_word' id='word_1_534' title='bbox 2369 1257 2567 1329; x_wconf 89' lang='lat' dir='ltr'><strong>patris,</strong></span> <span class='ocrx_word' id='word_1_535' title='bbox 2611 1273 2728 1312; x_wconf 91' lang='lat' dir='ltr'><strong>non</strong></span> <span class='ocrx_word' id='word_1_536' title='bbox 2766 1256 2982 1323; x_wconf 90' lang='lat' dir='ltr'><strong>matris,</strong></span> <span class='ocrx_word' id='word_1_537' title='bbox 3023 1255 3181 1327; x_wconf 91' lang='lat' dir='ltr'><strong>quod</strong></span> <span class='ocrx_word' id='word_1_538' title='bbox 3222 1255 3305 1309; x_wconf 92' lang='lat' dir='ltr'><strong>illi</strong></span> <span class='ocrx_word' id='word_1_539' title='bbox 3346 1255 3561 1310; x_wconf 89' lang='lat' dir='ltr'><strong>insulse</strong></span> <span class='ocrx_word' id='word_1_540' title='bbox 3612 1255 3929 1327; x_wconf 78' lang='lat' dir='ltr'><strong>interroga-</strong></span> 
     </span>
    </p>
   </div>
   <div class='ocr_carea' id='block_1_74' title="bbox 2221 1344 3924 1415">
    <p class='ocr_par' dir='ltr' id='par_1_74' title="bbox 2221 1344 3924 1415">
     <span class='ocr_line' id='line_1_74' title="bbox 2221 1344 3924 1415; baseline -0.001 -15"><span class='ocrx_word' id='word_1_541' title='bbox 2221 1352 2438 1413; x_wconf 86' lang='lat' dir='ltr'><strong>verant,</strong></span> <span class='ocrx_word' id='word_1_542' title='bbox 2487 1347 2673 1400; x_wconf 92' lang='lat' dir='ltr'><strong>locum</strong></span> <span class='ocrx_word' id='word_1_543' title='bbox 2726 1345 2983 1399; x_wconf 89' lang='lat' dir='ltr'><strong>obtinere</strong></span> <span class='ocrx_word' id='word_1_544' title='bbox 3029 1344 3184 1414; x_wconf 89' lang='lat' dir='ltr'><strong>apud</strong></span> <span class='ocrx_word' id='word_1_545' title='bbox 3230 1344 3549 1399; x_wconf 88' lang='lat' dir='ltr'><strong>Catholicos</strong></span> <span class='ocrx_word' id='word_1_546' title='bbox 3584 1344 3769 1415; x_wconf 88' lang='lat' dir='ltr'><strong>(Ibid.,</strong></span> <span class='ocrx_word' id='word_1_547' title='bbox 3800 1361 3924 1413; x_wconf 88' lang='lat' dir='ltr'><strong>cap.</strong></span> 
     </span>
    </p>
   </div>
   <div class='ocr_carea' id='block_1_75' title="bbox 2220 1431 3926 1505">
    <p class='ocr_par' dir='ltr' id='par_1_75' title="bbox 2220 1431 3926 1505">
     <span class='ocr_line' id='line_1_75' title="bbox 2220 1431 3926 1505; baseline -0.002 -16"><span class='ocrx_word' id='word_1_548' title='bbox 2220 1438 2367 1505; x_wconf 88' lang='grc'><strong>231),</strong></span> <span class='ocrx_word' id='word_1_549' title='bbox 2418 1435 2515 1489; x_wconf 90' lang='lat' dir='ltr'><strong>sed</strong></span> <span class='ocrx_word' id='word_1_550' title='bbox 2553 1433 2956 1488; x_wconf 86' lang='lat' dir='ltr'><strong>tantummodo</strong></span> <span class='ocrx_word' id='word_1_551' title='bbox 3001 1432 3212 1498; x_wconf 87' lang='lat' dir='ltr'><strong>fratris,</strong></span> <span class='ocrx_word' id='word_1_552' title='bbox 3258 1433 3376 1487; x_wconf 89' lang='lat' dir='ltr'><strong>sive</strong></span> <span class='ocrx_word' id='word_1_553' title='bbox 3412 1431 3552 1487; x_wconf 87' lang='lat' dir='ltr'><strong>boni</strong></span> <span class='ocrx_word' id='word_1_554' title='bbox 3592 1431 3706 1486; x_wconf 87' lang='lat' dir='ltr'><strong>sive</strong></span> <span class='ocrx_word' id='word_1_555' title='bbox 3753 1433 3926 1499; x_wconf 86' lang='lat' dir='ltr'><strong>mali;</strong></span> 
     </span>
    </p>
   </div>
   <div class='ocr_carea' id='block_1_76' title="bbox 2220 1520 3951 1591">
    <p class='ocr_par' dir='ltr' id='par_1_76' title="bbox 2220 1520 3951 1591">
     <span class='ocr_line' id='line_1_76' title="bbox 2220 1520 3951 1591; baseline -0.002 -13"><span class='ocrx_word' id='word_1_556' title='bbox 2220 1524 2329 1578; x_wconf 88' lang='lat' dir='ltr'><strong>hoc</strong></span> <span class='ocrx_word' id='word_1_557' title='bbox 2359 1523 2513 1577; x_wconf 90' lang='lat' dir='ltr'><strong>enim</strong></span> <span class='ocrx_word' id='word_1_558' title='bbox 2544 1520 2805 1576; x_wconf 72' lang='lat' dir='ltr'><strong>Ecclesia:</strong></span> <span class='ocrx_word' id='word_1_559' title='bbox 2834 1520 2978 1575; x_wconf 86' lang='lat' dir='ltr'><strong>nihil</strong></span> <span class='ocrx_word' id='word_1_560' title='bbox 3004 1520 3231 1575; x_wconf 84' lang='lat' dir='ltr'><strong>officere</strong></span> <span class='ocrx_word' id='word_1_561' title='bbox 3262 1537 3276 1576; x_wconf 89' lang='lat'>:</span> <span class='ocrx_word' id='word_1_562' title='bbox 3309 1521 3433 1591; x_wconf 88' lang='lat' dir='ltr'><strong>ejus</strong></span> <span class='ocrx_word' id='word_1_563' title='bbox 3462 1536 3522 1575; x_wconf 89' lang='lat' dir='ltr'><strong>se</strong></span> <span class='ocrx_word' id='word_1_564' title='bbox 3550 1536 3782 1575; x_wconf 88' lang='lat' dir='ltr'><strong>causam</strong></span> <span class='ocrx_word' id='word_1_565' title='bbox 3826 1520 3951 1575; x_wconf 47' lang='lat' dir='ltr'><strong>de?</strong></span> 
     </span>
    </p>
   </div>
   <div class='ocr_carea' id='block_1_77' title="bbox 2220 1608 3933 1682">
    <p class='ocr_par' dir='ltr' id='par_1_77' title="bbox 2220 1608 3933 1682">
     <span class='ocr_line' id='line_1_77' title="bbox 2220 1608 3933 1682; baseline -0.002 -16"><span class='ocrx_word' id='word_1_566' title='bbox 2220 1611 2473 1678; x_wconf 76' lang='lat' dir='ltr'><strong>tendere,</strong></span> <span class='ocrx_word' id='word_1_567' title='bbox 2505 1610 2642 1682; x_wconf 85' lang='lat' dir='ltr'><strong>quia</strong></span> <span class='ocrx_word' id='word_1_568' title='bbox 2670 1609 3039 1664; x_wconf 91' lang='lat' dir='ltr'><strong>innocentem</strong></span> <span class='ocrx_word' id='word_1_569' title='bbox 3083 1624 3217 1664; x_wconf 90' lang='lat' dir='ltr'><strong>eum</strong></span> <span class='ocrx_word' id='word_1_570' title='bbox 3263 1608 3722 1679; x_wconf 87' lang='lat' dir='ltr'><strong>arbitrabantur;</strong></span> <span class='ocrx_word' id='word_1_571' title='bbox 3770 1614 3831 1664; x_wconf 90' lang='lat' dir='ltr'><strong>at</strong></span> <span class='ocrx_word' id='word_1_572' title='bbox 3878 1609 3933 1663; x_wconf 87' lang='lat' dir='ltr'><strong>si</strong></span> 
     </span>
    </p>
   </div>
   <div class='ocr_carea' id='block_1_78' title="bbox 2221 1696 3932 1768">
    <p class='ocr_par' dir='ltr' id='par_1_78' title="bbox 2221 1696 3932 1768">
     <span class='ocr_line' id='line_1_78' title="bbox 2221 1696 3932 1768; baseline -0.002 -14"><span class='ocrx_word' id='word_1_573' title='bbox 2221 1716 2380 1755; x_wconf 90' lang='lat' dir='ltr'><strong>secus</strong></span> <span class='ocrx_word' id='word_1_574' title='bbox 2410 1698 2575 1765; x_wconf 88' lang='lat' dir='ltr'><strong>foret,</strong></span> <span class='ocrx_word' id='word_1_575' title='bbox 2608 1697 2719 1768; x_wconf 92' lang='lat' dir='ltr'><strong>ipsi</strong></span> <span class='ocrx_word' id='word_1_576' title='bbox 2745 1696 2847 1751; x_wconf 90' lang='lat' dir='ltr'><strong>uni</strong></span> <span class='ocrx_word' id='word_1_577' title='bbox 2874 1697 3103 1768; x_wconf 91' lang='lat' dir='ltr'><strong>culpam</strong></span> <span class='ocrx_word' id='word_1_578' title='bbox 3133 1712 3294 1751; x_wconf 88' lang='lat' dir='ltr'><strong>suam</strong></span> <span class='ocrx_word' id='word_1_579' title='bbox 3324 1696 3516 1751; x_wconf 85' lang='lat' dir='ltr'><strong>fraudi</strong></span> <span class='ocrx_word' id='word_1_580' title='bbox 3543 1698 3798 1751; x_wconf 87' lang='lat' dir='ltr'><strong>futuram</strong></span> <span class='ocrx_word' id='word_1_581' title='bbox 3830 1714 3845 1751; x_wconf 91' lang='lat'><strong>:</strong></span> <span class='ocrx_word' id='word_1_582' title='bbox 3881 1696 3932 1750; x_wconf 89' lang='lat' dir='ltr'><strong>si</strong></span> 
     </span>
    </p>
   </div>
   <div class='ocr_carea' id='block_1_79' title="bbox 2218 1784 3932 1857">
    <p class='ocr_par' dir='ltr' id='par_1_79' title="bbox 2218 1784 3932 1857">
     <span class='ocr_line' id='line_1_79' title="bbox 2218 1784 3932 1857; baseline -0.002 -14"><span class='ocrx_word' id='word_1_583' title='bbox 2218 1789 2429 1843; x_wconf 87' lang='lat' dir='ltr'><strong>vellent</strong></span> <span class='ocrx_word' id='word_1_584' title='bbox 2476 1785 2783 1842; x_wconf 88' lang='lat' dir='ltr'><strong>adversarii</strong></span> <span class='ocrx_word' id='word_1_585' title='bbox 2826 1785 2896 1839; x_wconf 88' lang='lat' dir='ltr'><strong>ab</strong></span> <span class='ocrx_word' id='word_1_586' title='bbox 2936 1786 3059 1857; x_wconf 84' lang='lat' dir='ltr'><strong>ejus</strong></span> <span class='ocrx_word' id='word_1_587' title='bbox 3088 1784 3445 1840; x_wconf 87' lang='lat' dir='ltr'><strong>accusatione</strong></span> <span class='ocrx_word' id='word_1_588' title='bbox 3475 1784 3786 1852; x_wconf 90' lang='lat' dir='ltr'><strong>discedere,</strong></span> <span class='ocrx_word' id='word_1_589' title='bbox 3822 1801 3932 1840; x_wconf 89' lang='lat' dir='ltr'><strong>nec</strong></span> 
     </span>
    </p>
   </div>
   <div class='ocr_carea' id='block_1_80' title="bbox 2222 1873 3929 1945">
    <p class='ocr_par' dir='ltr' id='par_1_80' title="bbox 2222 1873 3929 1945">
     <span class='ocr_line' id='line_1_80' title="bbox 2222 1873 3929 1945; baseline -0.002 -15"><span class='ocrx_word' id='word_1_590' title='bbox 2222 1891 2354 1930; x_wconf 90' lang='lat' dir='ltr'><strong>eum</strong></span> <span class='ocrx_word' id='word_1_591' title='bbox 2420 1875 2755 1930; x_wconf 85' lang='lat' dir='ltr'><strong>defensuros</strong></span> <span class='ocrx_word' id='word_1_592' title='bbox 2822 1888 3050 1945; x_wconf 89' lang='lat' dir='ltr'><strong>quoque</strong></span> <span class='ocrx_word' id='word_1_593' title='bbox 3126 1873 3468 1938; x_wconf 87' lang='lat' dir='ltr'><strong>Catholicos;</strong></span> <span class='ocrx_word' id='word_1_594' title='bbox 3547 1876 3719 1944; x_wconf 85' lang='lat' dir='ltr'><strong>atque</strong></span> <span class='ocrx_word' id='word_1_595' title='bbox 3781 1873 3929 1927; x_wconf 87' lang='lat' dir='ltr'><strong>adeo</strong></span> 
     </span>
    </p>
   </div>
   <div class='ocr_carea' id='block_1_81' title="bbox 2221 1959 3926 2031">
    <p class='ocr_par' dir='ltr' id='par_1_81' title="bbox 2221 1959 3926 2031">
     <span class='ocr_line' id='line_1_81' title="bbox 2221 1959 3926 2031; baseline -0.001 -14"><span class='ocrx_word' id='word_1_596' title='bbox 2221 1979 2449 2017; x_wconf 89' lang='lat' dir='ltr'><strong>causam</strong></span> <span class='ocrx_word' id='word_1_597' title='bbox 2521 1966 2682 2016; x_wconf 90' lang='lat' dir='ltr'><strong>tanto</strong></span> <span class='ocrx_word' id='word_1_598' title='bbox 2757 1959 3080 2015; x_wconf 87' lang='lat' dir='ltr'><strong>breviorem</strong></span> <span class='ocrx_word' id='word_1_599' title='bbox 3149 1960 3269 2014; x_wconf 89' lang='lat' dir='ltr'><strong>fore</strong></span> <span class='ocrx_word' id='word_1_600' title='bbox 3328 1960 3513 2031; x_wconf 86' lang='lat' dir='ltr'><strong>(Ibid.,</strong></span> <span class='ocrx_word' id='word_1_601' title='bbox 3574 1976 3736 2030; x_wconf 89' lang='lat' dir='ltr'><strong>capp.</strong></span> <span class='ocrx_word' id='word_1_602' title='bbox 3796 1963 3926 2028; x_wconf 85' lang='lat'><strong>230,</strong></span> 
     </span>
    </p>
   </div>
   <div class='ocr_carea' id='block_1_82' title="bbox 2218 2047 3931 2120">
    <p class='ocr_par' dir='ltr' id='par_1_82' title="bbox 2218 2047 3931 2120">
     <span class='ocr_line' id='line_1_82' title="bbox 2218 2047 3931 2120; baseline -0.001 -15"><span class='ocrx_word' id='word_1_603' title='bbox 2218 2054 2343 2111; x_wconf 86' lang='lat'><strong>232,</strong></span> <span class='ocrx_word' id='word_1_604' title='bbox 2414 2051 2557 2120; x_wconf 88' lang='lat'><strong>233).</strong></span> <span class='ocrx_word' id='word_1_605' title='bbox 2616 2048 2897 2103; x_wconf 88' lang='lat' dir='ltr'><strong>Producta</strong></span> <span class='ocrx_word' id='word_1_606' title='bbox 2986 2052 3071 2103; x_wconf 89' lang='lat' dir='ltr'><strong>est</strong></span> <span class='ocrx_word' id='word_1_607' title='bbox 3146 2047 3414 2103; x_wconf 90' lang='lat' dir='ltr'><strong>diuticule</strong></span> <span class='ocrx_word' id='word_1_608' title='bbox 3482 2047 3605 2103; x_wconf 69' lang='lat' dir='ltr'><strong>haec</strong></span> <span class='ocrx_word' id='word_1_609' title='bbox 3670 2048 3931 2119; x_wconf 85' lang='lat' dir='ltr'><strong>disputa-</strong></span> 
     </span>
    </p>
   </div>
   <div class='ocr_carea' id='block_1_83' title="bbox 2218 2136 3926 2208">
    <p class='ocr_par' dir='ltr' id='par_1_83' title="bbox 2218 2136 3926 2208">
     <span class='ocr_line' id='line_1_83' title="bbox 2218 2136 3926 2208; baseline -0.001 -15"><span class='ocrx_word' id='word_1_610' title='bbox 2218 2138 2297 2193; x_wconf 91' lang='lat' dir='ltr'><strong>tio</strong></span> <span class='ocrx_word' id='word_1_611' title='bbox 2329 2154 2343 2193; x_wconf 90' lang='lat'>:</span> <span class='ocrx_word' id='word_1_612' title='bbox 2377 2153 2622 2208; x_wconf 90' lang='lat' dir='ltr'><strong>cumque</strong></span> <span class='ocrx_word' id='word_1_613' title='bbox 2652 2136 2872 2190; x_wconf 90' lang='lat' dir='ltr'><strong>interea</strong></span> <span class='ocrx_word' id='word_1_614' title='bbox 2921 2136 3276 2191; x_wconf 79' lang='lat' dir='ltr'><strong>Marcellinus</strong></span> <span class='ocrx_word' id='word_1_615' title='bbox 3308 2136 3617 2190; x_wconf 85' lang='lat' dir='ltr'><strong>Donatistis</strong></span> <span class='ocrx_word' id='word_1_616' title='bbox 3646 2153 3926 2192; x_wconf 87' lang='lat' dir='ltr'><strong>nonnun-</strong></span> 
     </span>
    </p>
   </div>
   <div class='ocr_carea' id='block_1_84' title="bbox 2220 2223 3925 2297">
    <p class='ocr_par' dir='ltr' id='par_1_84' title="bbox 2220 2223 3925 2297">
     <span class='ocr_line' id='line_1_84' title="bbox 2220 2223 3925 2297; baseline 0.001 -17"><span class='ocrx_word' id='word_1_617' title='bbox 2220 2242 2391 2297; x_wconf 88' lang='lat' dir='ltr'><strong>quam</strong></span> <span class='ocrx_word' id='word_1_618' title='bbox 2422 2225 2792 2296; x_wconf 85' lang='lat' dir='ltr'><strong>responderet</strong></span> <span class='ocrx_word' id='word_1_619' title='bbox 2824 2223 3005 2278; x_wconf 88' lang='lat' dir='ltr'><strong>verbis</strong></span> <span class='ocrx_word' id='word_1_620' title='bbox 3042 2223 3379 2295; x_wconf 85' lang='lat' dir='ltr'><strong>Augustini;</strong></span> <span class='ocrx_word' id='word_1_621' title='bbox 3412 2224 3722 2279; x_wconf 88' lang='lat' dir='ltr'><strong>Petilianus</strong></span> <span class='ocrx_word' id='word_1_622' title='bbox 3753 2226 3925 2281; x_wconf 90' lang='lat' dir='ltr'><strong>illum</strong></span> 
     </span>
    </p>
   </div>
   <div class='ocr_carea' id='block_1_85' title="bbox 2218 2312 3923 2384">
    <p class='ocr_par' dir='ltr' id='par_1_85' title="bbox 2218 2312 3923 2384">
     <span class='ocr_line' id='line_1_85' title="bbox 2218 2312 3923 2384; baseline 0.001 -17"><span class='ocrx_word' id='word_1_623' title='bbox 2218 2313 2592 2381; x_wconf 90' lang='lat' dir='ltr'><strong>insimulavit,</strong></span> <span class='ocrx_word' id='word_1_624' title='bbox 2643 2312 2901 2382; x_wconf 88' lang='lat' dir='ltr'><strong>dejerans</strong></span> <span class='ocrx_word' id='word_1_625' title='bbox 2966 2312 3097 2383; x_wconf 86' lang='lat' dir='ltr'><strong>plus</strong></span> <span class='ocrx_word' id='word_1_626' title='bbox 3150 2329 3316 2384; x_wconf 78' lang='lat' dir='ltr'><strong>aequo</strong></span> <span class='ocrx_word' id='word_1_627' title='bbox 3370 2312 3559 2368; x_wconf 90' lang='lat' dir='ltr'><strong>favere</strong></span> <span class='ocrx_word' id='word_1_628' title='bbox 3614 2313 3923 2369; x_wconf 88' lang='lat' dir='ltr'><strong>Catholicis</strong></span> 
     </span>
    </p>
   </div>
   <div class='ocr_carea' id='block_1_86' title="bbox 2221 2398 2937 2474">
    <p class='ocr_par' dir='ltr' id='par_1_86' title="bbox 2221 2398 2937 2474">
     <span class='ocr_line' id='line_1_86' title="bbox 2221 2398 2937 2474; baseline -0.004 -17"><span class='ocrx_word' id='word_1_629' title='bbox 2221 2403 2417 2474; x_wconf 84' lang='lat' dir='ltr'><strong>(Ibid.,</strong></span> <span class='ocrx_word' id='word_1_630' title='bbox 2440 2417 2599 2471; x_wconf 85' lang='lat' dir='ltr'><strong>capp.</strong></span> <span class='ocrx_word' id='word_1_631' title='bbox 2632 2404 2758 2467; x_wconf 88' lang='lat'>233,</span> <span class='ocrx_word' id='word_1_632' title='bbox 2791 2398 2937 2470; x_wconf 78' lang='grc'><strong>234).</strong></span> 
     </span>
    </p>
   </div>
   <div class='ocr_carea' id='block_1_87' title="bbox 2287 2487 3920 2561">
    <p class='ocr_par' dir='ltr' id='par_1_87' title="bbox 2287 2487 3920 2561">
     <span class='ocr_line' id='line_1_87' title="bbox 2287 2487 3920 2561; baseline -0.002 -15"><span class='ocrx_word' id='word_1_633' title='bbox 2287 2493 2340 2546; x_wconf 85' lang='grc'><strong>4.</strong></span> <span class='ocrx_word' id='word_1_634' title='bbox 2373 2489 2780 2561; x_wconf 81' lang='lat' dir='ltr'><strong>Augustinum,</strong></span> <span class='ocrx_word' id='word_1_635' title='bbox 2823 2487 2918 2543; x_wconf 90' lang='lat' dir='ltr'><strong>ubi</strong></span> <span class='ocrx_word' id='word_1_636' title='bbox 2959 2488 3208 2543; x_wconf 90' lang='lat' dir='ltr'><strong>sermoni</strong></span> <span class='ocrx_word' id='word_1_637' title='bbox 3236 2506 3337 2544; x_wconf 92' lang='lat' dir='ltr'><strong>suo</strong></span> <span class='ocrx_word' id='word_1_638' title='bbox 3368 2489 3438 2544; x_wconf 89' lang='lat' dir='ltr'><strong>de</strong></span> <span class='ocrx_word' id='word_1_639' title='bbox 3468 2488 3691 2559; x_wconf 88' lang='lat' dir='ltr'><strong>paterni</strong></span> <span class='ocrx_word' id='word_1_640' title='bbox 3727 2489 3920 2543; x_wconf 88' lang='lat' dir='ltr'><strong>nomi-</strong></span> 
     </span>
    </p>
   </div>
   <div class='ocr_carea' id='block_1_88' title="bbox 2218 2576 3922 2649">
    <p class='ocr_par' dir='ltr' id='par_1_88' title="bbox 2218 2576 3922 2649">
     <span class='ocr_line' id='line_1_88' title="bbox 2218 2576 3922 2649; baseline -0.001 -15"><span class='ocrx_word' id='word_1_641' title='bbox 2218 2578 2307 2634; x_wconf 91' lang='lat' dir='ltr'><strong>nis</strong></span> <span class='ocrx_word' id='word_1_642' title='bbox 2352 2578 2705 2649; x_wconf 88' lang='lat' dir='ltr'><strong>proprietate</strong></span> <span class='ocrx_word' id='word_1_643' title='bbox 2747 2576 2923 2631; x_wconf 83' lang='lat' dir='ltr'><strong>finem</strong></span> <span class='ocrx_word' id='word_1_644' title='bbox 2971 2576 3268 2648; x_wconf 88' lang='lat' dir='ltr'><strong>imposuit,</strong></span> <span class='ocrx_word' id='word_1_645' title='bbox 3302 2576 3609 2631; x_wconf 68' lang='lat' dir='ltr'><strong>Donatistm</strong></span> <span class='ocrx_word' id='word_1_646' title='bbox 3652 2576 3922 2632; x_wconf 89' lang='lat' dir='ltr'><strong>sciscitati</strong></span> 
     </span>
    </p>
   </div>
   <div class='ocr_carea' id='block_1_89' title="bbox 2218 2664 3917 2736">
    <p class='ocr_par' dir='ltr' id='par_1_89' title="bbox 2218 2664 3917 2736">
     <span class='ocr_line' id='line_1_89' title="bbox 2218 2664 3917 2736; baseline -0.001 -16"><span class='ocrx_word' id='word_1_647' title='bbox 2218 2671 2366 2732; x_wconf 89' lang='lat' dir='ltr'><strong>sunt,</strong></span> <span class='ocrx_word' id='word_1_648' title='bbox 2399 2683 2431 2720; x_wconf 89' lang='lat' dir='ltr'><strong>a</strong></span> <span class='ocrx_word' id='word_1_649' title='bbox 2462 2682 2576 2736; x_wconf 92' lang='lat' dir='ltr'><strong>quo</strong></span> <span class='ocrx_word' id='word_1_650' title='bbox 2597 2670 2740 2719; x_wconf 87' lang='lat' dir='ltr'><strong>esset</strong></span> <span class='ocrx_word' id='word_1_651' title='bbox 2758 2665 2817 2720; x_wconf 92' lang='lat' dir='ltr'><strong>in</strong></span> <span class='ocrx_word' id='word_1_652' title='bbox 2841 2664 3168 2735; x_wconf 89' lang='lat' dir='ltr'><strong>episcopum</strong></span> <span class='ocrx_word' id='word_1_653' title='bbox 3192 2670 3551 2720; x_wconf 89' lang='lat' dir='ltr'><strong>consecratus</strong></span> <span class='ocrx_word' id='word_1_654' title='bbox 3572 2664 3759 2736; x_wconf 86' lang='lat' dir='ltr'><strong>(Ibid.,</strong></span> <span class='ocrx_word' id='word_1_655' title='bbox 3790 2681 3917 2736; x_wconf 87' lang='lat' dir='ltr'><strong>cap.</strong></span> 
     </span>
    </p>
   </div>
   <div class='ocr_carea' id='block_1_90' title="bbox 2215 2753 3923 2825">
    <p class='ocr_par' dir='ltr' id='par_1_90' title="bbox 2215 2753 3923 2825">
     <span class='ocr_line' id='line_1_90' title="bbox 2215 2753 3923 2825; baseline -0.001 -16"><span class='ocrx_word' id='word_1_656' title='bbox 2215 2757 2363 2823; x_wconf 73' lang='grc'><strong>243).</strong></span> <span class='ocrx_word' id='word_1_657' title='bbox 2396 2753 2686 2809; x_wconf 90' lang='lat' dir='ltr'><strong>Possidius</strong></span> <span class='ocrx_word' id='word_1_658' title='bbox 2704 2770 2854 2820; x_wconf 87' lang='lat' dir='ltr'><strong>vero,</strong></span> <span class='ocrx_word' id='word_1_659' title='bbox 2881 2759 2943 2809; x_wconf 91' lang='lat' dir='ltr'><strong>ut</strong></span> <span class='ocrx_word' id='word_1_660' title='bbox 2964 2753 3064 2825; x_wconf 88' lang='lat' dir='ltr'><strong>qui</strong></span> <span class='ocrx_word' id='word_1_661' title='bbox 3090 2754 3284 2825; x_wconf 89' lang='lat' dir='ltr'><strong>magni</strong></span> <span class='ocrx_word' id='word_1_662' title='bbox 3305 2754 3459 2810; x_wconf 87' lang='lat' dir='ltr'><strong>illius</strong></span> <span class='ocrx_word' id='word_1_663' title='bbox 3479 2753 3584 2807; x_wconf 88' lang='lat' dir='ltr'><strong>viri</strong></span> <span class='ocrx_word' id='word_1_664' title='bbox 3606 2758 3923 2824; x_wconf 55' lang='lat' dir='ltr'><strong>praecepto-</strong></span> 
     </span>
    </p>
   </div>
   <div class='ocr_carea' id='block_1_91' title="bbox 2214 2841 3919 2914">
    <p class='ocr_par' dir='ltr' id='par_1_91' title="bbox 2214 2841 3919 2914">
     <span class='ocr_line' id='line_1_91' title="bbox 2214 2841 3919 2914; baseline -0.001 -17"><span class='ocrx_word' id='word_1_665' title='bbox 2214 2843 2292 2897; x_wconf 89' lang='lat' dir='ltr'><strong>ris</strong></span> <span class='ocrx_word' id='word_1_666' title='bbox 2322 2842 2409 2896; x_wconf 90' lang='lat' dir='ltr'><strong>sui</strong></span> <span class='ocrx_word' id='word_1_667' title='bbox 2447 2846 2809 2914; x_wconf 86' lang='lat' dir='ltr'><strong>perspectum</strong></span> <span class='ocrx_word' id='word_1_668' title='bbox 2849 2842 3084 2897; x_wconf 89' lang='lat' dir='ltr'><strong>haberet</strong></span> <span class='ocrx_word' id='word_1_669' title='bbox 3130 2842 3409 2907; x_wconf 91' lang='lat' dir='ltr'><strong>animum,</strong></span> <span class='ocrx_word' id='word_1_670' title='bbox 3436 2841 3750 2912; x_wconf 87' lang='lat' dir='ltr'><strong>respondit,</strong></span> <span class='ocrx_word' id='word_1_671' title='bbox 3779 2857 3919 2896; x_wconf 86' lang='lat' dir='ltr'><strong>cau-</strong></span> 
     </span>
    </p>
   </div>
   <div class='ocr_carea' id='block_1_92' title="bbox 2217 2929 3924 3001">
    <p class='ocr_par' dir='ltr' id='par_1_92' title="bbox 2217 2929 3924 3001">
     <span class='ocr_line' id='line_1_92' title="bbox 2217 2929 3924 3001; baseline -0.001 -16"><span class='ocrx_word' id='word_1_672' title='bbox 2217 2947 2337 2985; x_wconf 86' lang='lat' dir='ltr'><strong>sam</strong></span> <span class='ocrx_word' id='word_1_673' title='bbox 2365 2930 2694 3001; x_wconf 88' lang='lat' dir='ltr'><strong>Augustini,</strong></span> <span class='ocrx_word' id='word_1_674' title='bbox 2744 2930 3177 3001; x_wconf 89' lang='lat' dir='ltr'><strong>qualiscumque</strong></span> <span class='ocrx_word' id='word_1_675' title='bbox 3217 2930 3452 2984; x_wconf 88' lang='lat' dir='ltr'><strong>tandem</strong></span> <span class='ocrx_word' id='word_1_676' title='bbox 3492 2929 3591 2984; x_wconf 89' lang='lat' dir='ltr'><strong>illa</strong></span> <span class='ocrx_word' id='word_1_677' title='bbox 3619 2934 3786 2999; x_wconf 76' lang='lat' dir='ltr'><strong>esset,</strong></span> <span class='ocrx_word' id='word_1_678' title='bbox 3820 2930 3924 2984; x_wconf 84' lang='lat' dir='ltr'><strong>dc-</strong></span> 
     </span>
    </p>
   </div>
   <div class='ocr_carea' id='block_1_93' title="bbox 2214 3017 3919 3090">
    <p class='ocr_par' dir='ltr' id='par_1_93' title="bbox 2214 3017 3919 3090">
     <span class='ocr_line' id='line_1_93' title="bbox 2214 3017 3919 3090; baseline -0.001 -17"><span class='ocrx_word' id='word_1_679' title='bbox 2214 3020 2558 3074; x_wconf 87' lang='lat' dir='ltr'><strong>fendendam</strong></span> <span class='ocrx_word' id='word_1_680' title='bbox 2588 3017 2681 3073; x_wconf 92' lang='lat' dir='ltr'><strong>hic</strong></span> <span class='ocrx_word' id='word_1_681' title='bbox 2705 3034 2817 3073; x_wconf 90' lang='lat' dir='ltr'><strong>non</strong></span> <span class='ocrx_word' id='word_1_682' title='bbox 2881 3019 3192 3090; x_wconf 90' lang='lat' dir='ltr'><strong>suscepisse</strong></span> <span class='ocrx_word' id='word_1_683' title='bbox 3229 3017 3545 3074; x_wconf 89' lang='lat' dir='ltr'><strong>Catholicos</strong></span> <span class='ocrx_word' id='word_1_684' title='bbox 3572 3018 3758 3089; x_wconf 90' lang='lat' dir='ltr'><strong>(Ibid.,</strong></span> <span class='ocrx_word' id='word_1_685' title='bbox 3797 3034 3919 3088; x_wconf 85' lang='lat' dir='ltr'><strong>cap.</strong></span> 
     </span>
    </p>
   </div>
   <div class='ocr_carea' id='block_1_94' title="bbox 2213 3106 3922 3178">
    <p class='ocr_par' dir='ltr' id='par_1_94' title="bbox 2213 3106 3922 3178">
     <span class='ocr_line' id='line_1_94' title="bbox 2213 3106 3922 3178; baseline 0 -17"><span class='ocrx_word' id='word_1_686' title='bbox 2213 3109 2357 3174; x_wconf 77' lang='lat' dir='ltr'><strong>2i5).</strong></span> <span class='ocrx_word' id='word_1_687' title='bbox 2393 3106 2767 3161; x_wconf 81' lang='lat' dir='ltr'><strong>Nihilosccius</strong></span> <span class='ocrx_word' id='word_1_688' title='bbox 2796 3112 2989 3161; x_wconf 86' lang='lat' dir='ltr'><strong>tamen</strong></span> <span class='ocrx_word' id='word_1_689' title='bbox 3019 3107 3105 3161; x_wconf 91' lang='lat' dir='ltr'><strong>illi</strong></span> <span class='ocrx_word' id='word_1_690' title='bbox 3134 3106 3416 3174; x_wconf 88' lang='lat' dir='ltr'><strong>institere,</strong></span> <span class='ocrx_word' id='word_1_691' title='bbox 3446 3112 3615 3178; x_wconf 89' lang='lat' dir='ltr'><strong>atque</strong></span> <span class='ocrx_word' id='word_1_692' title='bbox 3642 3106 3703 3160; x_wconf 92' lang='lat' dir='ltr'><strong>in</strong></span> <span class='ocrx_word' id='word_1_693' title='bbox 3735 3107 3922 3161; x_wconf 89' lang='lat' dir='ltr'><strong>sancti</strong></span> 
     </span>
    </p>
   </div>
   <div class='ocr_carea' id='block_1_95' title="bbox 2216 3193 3917 3266">
    <p class='ocr_par' dir='ltr' id='par_1_95' title="bbox 2216 3193 3917 3266">
     <span class='ocr_line' id='line_1_95' title="bbox 2216 3193 3917 3266; baseline 0.001 -18"><span class='ocrx_word' id='word_1_694' title='bbox 2216 3193 2473 3265; x_wconf 85' lang='lat' dir='ltr'><strong>Episcopi</strong></span> <span class='ocrx_word' id='word_1_695' title='bbox 2535 3193 2923 3251; x_wconf 85' lang='lat' dir='ltr'><strong>ordinatione,</strong></span> <span class='ocrx_word' id='word_1_696' title='bbox 2956 3211 3214 3266; x_wconf 66' lang='lat' dir='ltr'><strong>quaerere</strong></span> <span class='ocrx_word' id='word_1_697' title='bbox 3267 3195 3570 3249; x_wconf 59' lang='lat' dir='ltr'><strong>calumnias</strong></span> <span class='ocrx_word' id='word_1_698' title='bbox 3619 3194 3917 3266; x_wconf 88' lang='lat' dir='ltr'><strong>quidpiam</strong></span> 
     </span>
    </p>
   </div>
   <div class='ocr_carea' id='block_1_96' title="bbox 2212 3282 3922 3354">
    <p class='ocr_par' dir='ltr' id='par_1_96' title="bbox 2212 3282 3922 3354">
     <span class='ocr_line' id='line_1_96' title="bbox 2212 3282 3922 3354; baseline 0 -17"><span class='ocrx_word' id='word_1_699' title='bbox 2212 3283 2571 3338; x_wconf 88' lang='lat' dir='ltr'><strong>videbantur.</strong></span> <span class='ocrx_word' id='word_1_700' title='bbox 2609 3282 2714 3337; x_wconf 89' lang='lat' dir='ltr'><strong>Ubi</strong></span> <span class='ocrx_word' id='word_1_701' title='bbox 2743 3287 2931 3338; x_wconf 89' lang='lat' dir='ltr'><strong>tamen</strong></span> <span class='ocrx_word' id='word_1_702' title='bbox 2961 3283 3082 3354; x_wconf 92' lang='lat' dir='ltr'><strong>ipse</strong></span> <span class='ocrx_word' id='word_1_703' title='bbox 3111 3300 3313 3337; x_wconf 89' lang='lat' dir='ltr'><strong>manus</strong></span> <span class='ocrx_word' id='word_1_704' title='bbox 3343 3283 3448 3337; x_wconf 90' lang='lat' dir='ltr'><strong>sibi</strong></span> <span class='ocrx_word' id='word_1_705' title='bbox 3478 3299 3512 3336; x_wconf 88' lang='lat' dir='ltr'><strong>a</strong></span> <span class='ocrx_word' id='word_1_706' title='bbox 3542 3283 3779 3354; x_wconf 80' lang='lat' dir='ltr'><strong>Megalio</strong></span> <span class='ocrx_word' id='word_1_707' title='bbox 3809 3282 3922 3337; x_wconf 91' lang='lat' dir='ltr'><strong>im-</strong></span> 
     </span>
    </p>
   </div>
   <div class='ocr_carea' id='block_1_97' title="bbox 2213 3371 3917 3443">
    <p class='ocr_par' dir='ltr' id='par_1_97' title="bbox 2213 3371 3917 3443">
     <span class='ocr_line' id='line_1_97' title="bbox 2213 3371 3917 3443; baseline -0.001 -18"><span class='ocrx_word' id='word_1_708' title='bbox 2213 3371 2426 3441; x_wconf 89' lang='lat' dir='ltr'><strong>positas</strong></span> <span class='ocrx_word' id='word_1_709' title='bbox 2451 3371 2642 3442; x_wconf 88' lang='lat' dir='ltr'><strong>palam</strong></span> <span class='ocrx_word' id='word_1_710' title='bbox 2674 3376 2821 3426; x_wconf 89' lang='lat' dir='ltr'><strong>esset</strong></span> <span class='ocrx_word' id='word_1_711' title='bbox 2850 3371 3156 3443; x_wconf 88' lang='lat' dir='ltr'><strong>professus,</strong></span> <span class='ocrx_word' id='word_1_712' title='bbox 3191 3371 3475 3443; x_wconf 90' lang='lat' dir='ltr'><strong>simulque</strong></span> <span class='ocrx_word' id='word_1_713' title='bbox 3501 3375 3780 3442; x_wconf 87' lang='lat' dir='ltr'><strong>rogasset,</strong></span> <span class='ocrx_word' id='word_1_714' title='bbox 3811 3371 3917 3425; x_wconf 87' lang='lat' dir='ltr'><strong>ha-</strong></span> 
     </span>
    </p>
   </div>
   <div class='ocr_carea' id='block_1_98' title="bbox 2211 3459 3918 3531">
    <p class='ocr_par' dir='ltr' id='par_1_98' title="bbox 2211 3459 3918 3531">
     <span class='ocr_line' id='line_1_98' title="bbox 2211 3459 3918 3531; baseline 0.001 -18"><span class='ocrx_word' id='word_1_715' title='bbox 2211 3461 2483 3514; x_wconf 87' lang='lat' dir='ltr'><strong>berentne</strong></span> <span class='ocrx_word' id='word_1_716' title='bbox 2527 3459 2764 3530; x_wconf 89' lang='lat' dir='ltr'><strong>aliquid,</strong></span> <span class='ocrx_word' id='word_1_717' title='bbox 2808 3460 2964 3531; x_wconf 88' lang='lat' dir='ltr'><strong>quod</strong></span> <span class='ocrx_word' id='word_1_718' title='bbox 3010 3465 3206 3516; x_wconf 90' lang='lat' dir='ltr'><strong>contra</strong></span> <span class='ocrx_word' id='word_1_719' title='bbox 3242 3459 3530 3526; x_wconf 88' lang='lat' dir='ltr'><strong>dicerent;</strong></span> <span class='ocrx_word' id='word_1_720' title='bbox 3559 3459 3671 3513; x_wconf 91' lang='lat' dir='ltr'><strong>alio</strong></span> <span class='ocrx_word' id='word_1_721' title='bbox 3699 3475 3918 3514; x_wconf 86' lang='lat' dir='ltr'><strong>sermo-</strong></span> 
     </span>
    </p>
   </div>
   <div class='ocr_carea' id='block_1_99' title="bbox 2211 3546 3916 3619">
    <p class='ocr_par' dir='ltr' id='par_1_99' title="bbox 2211 3546 3916 3619">
     <span class='ocr_line' id='line_1_99' title="bbox 2211 3546 3916 3619; baseline 0.001 -17"><span class='ocrx_word' id='word_1_722' title='bbox 2211 3565 2344 3602; x_wconf 88' lang='lat' dir='ltr'><strong>nem</strong></span> <span class='ocrx_word' id='word_1_723' title='bbox 2392 3548 2751 3603; x_wconf 82' lang='lat' dir='ltr'><strong>detorserant</strong></span> <span class='ocrx_word' id='word_1_724' title='bbox 2800 3546 2986 3619; x_wconf 87' lang='lat' dir='ltr'><strong>(Ibid.,</strong></span> <span class='ocrx_word' id='word_1_725' title='bbox 3036 3564 3155 3617; x_wconf 86' lang='lat' dir='ltr'><strong>cap.</strong></span> <span class='ocrx_word' id='word_1_726' title='bbox 3200 3547 3344 3619; x_wconf 78' lang='grc'><strong>247).</strong></span> <span class='ocrx_word' id='word_1_727' title='bbox 3399 3546 3677 3603; x_wconf 88' lang='lat' dir='ltr'><strong>Libellum</strong></span> <span class='ocrx_word' id='word_1_728' title='bbox 3716 3548 3916 3619; x_wconf 83' lang='lat' dir='ltr'><strong>itaque</strong></span> 
     </span>
    </p>
   </div>
   <div class='ocr_carea' id='block_1_100' title="bbox 2210 3635 3917 3707">
    <p class='ocr_par' dir='ltr' id='par_1_100' title="bbox 2210 3635 3917 3707">
     <span class='ocr_line' id='line_1_100' title="bbox 2210 3635 3917 3707; baseline 0.001 -17"><span class='ocrx_word' id='word_1_729' title='bbox 2210 3636 2384 3691; x_wconf 89' lang='lat' dir='ltr'><strong>totius</strong></span> <span class='ocrx_word' id='word_1_730' title='bbox 2412 3635 2635 3690; x_wconf 92' lang='lat' dir='ltr'><strong>concilii</strong></span> <span class='ocrx_word' id='word_1_731' title='bbox 2677 3635 2765 3690; x_wconf 90' lang='lat' dir='ltr'><strong>sui</strong></span> <span class='ocrx_word' id='word_1_732' title='bbox 2794 3636 3026 3690; x_wconf 90' lang='lat' dir='ltr'><strong>nomine</strong></span> <span class='ocrx_word' id='word_1_733' title='bbox 3073 3635 3423 3701; x_wconf 89' lang='lat' dir='ltr'><strong>obtulerunt,</strong></span> <span class='ocrx_word' id='word_1_734' title='bbox 3469 3651 3582 3707; x_wconf 92' lang='lat' dir='ltr'><strong>quo</strong></span> <span class='ocrx_word' id='word_1_735' title='bbox 3620 3651 3687 3690; x_wconf 84' lang='lat' dir='ltr'><strong>ex</strong></span> <span class='ocrx_word' id='word_1_736' title='bbox 3716 3641 3917 3691; x_wconf 86' lang='lat' dir='ltr'><strong>aucto-</strong></span> 
     </span>
    </p>
   </div>
   <div class='ocr_carea' id='block_1_101' title="bbox 2211 3723 3915 3794">
    <p class='ocr_par' dir='ltr' id='par_1_101' title="bbox 2211 3723 3915 3794">
     <span class='ocr_line' id='line_1_101' title="bbox 2211 3723 3915 3794; baseline 0 -17"><span class='ocrx_word' id='word_1_737' title='bbox 2211 3723 2475 3779; x_wconf 87' lang='lat' dir='ltr'><strong>ritatibus</strong></span> <span class='ocrx_word' id='word_1_738' title='bbox 2492 3723 2697 3779; x_wconf 77' lang='lat' dir='ltr'><strong>divinis</strong></span> <span class='ocrx_word' id='word_1_739' title='bbox 2722 3724 2968 3794; x_wconf 88' lang='lat' dir='ltr'><strong>probare</strong></span> <span class='ocrx_word' id='word_1_740' title='bbox 2990 3724 3431 3790; x_wconf 88' lang='lat' dir='ltr'><strong>contendebant,</strong></span> <span class='ocrx_word' id='word_1_741' title='bbox 3455 3728 3708 3794; x_wconf 89' lang='lat' dir='ltr'><strong>pastores</strong></span> <span class='ocrx_word' id='word_1_742' title='bbox 3730 3724 3915 3778; x_wconf 91' lang='lat' dir='ltr'><strong>malos</strong></span> 
     </span>
    </p>
   </div>
   <div class='ocr_carea' id='block_1_102' title="bbox 2212 3811 3911 3883">
    <p class='ocr_par' dir='ltr' id='par_1_102' title="bbox 2212 3811 3911 3883">
     <span class='ocr_line' id='line_1_102' title="bbox 2212 3811 3911 3883; baseline -0.001 -17"><span class='ocrx_word' id='word_1_743' title='bbox 2212 3813 2459 3867; x_wconf 84' lang='lat' dir='ltr'><strong>maculas</strong></span> <span class='ocrx_word' id='word_1_744' title='bbox 2489 3828 2609 3866; x_wconf 90' lang='lat' dir='ltr'><strong>esse</strong></span> <span class='ocrx_word' id='word_1_745' title='bbox 2637 3827 2698 3865; x_wconf 87' lang='lat' dir='ltr'><strong>ac</strong></span> <span class='ocrx_word' id='word_1_746' title='bbox 2725 3829 2913 3866; x_wconf 63' lang='lat' dir='ltr'><strong>naavos</strong></span> <span class='ocrx_word' id='word_1_747' title='bbox 2950 3813 3228 3881; x_wconf 66' lang='lat' dir='ltr'><strong>Ecclesiae,</strong></span> <span class='ocrx_word' id='word_1_748' title='bbox 3260 3812 3421 3883; x_wconf 90' lang='lat' dir='ltr'><strong>cujus</strong></span> <span class='ocrx_word' id='word_1_749' title='bbox 3450 3811 3511 3866; x_wconf 92' lang='lat' dir='ltr'><strong>in</strong></span> <span class='ocrx_word' id='word_1_750' title='bbox 3540 3811 3673 3866; x_wconf 79' lang='lat' dir='ltr'><strong>filiis</strong></span> <span class='ocrx_word' id='word_1_751' title='bbox 3702 3811 3911 3883; x_wconf 84' lang='lat' dir='ltr'><strong>impro-</strong></span> 
     </span>
    </p>
   </div>
   <div class='ocr_carea' id='block_1_103' title="bbox 2209 3900 3912 3971">
    <p class='ocr_par' dir='ltr' id='par_1_103' title="bbox 2209 3900 3912 3971">
     <span class='ocr_line' id='line_1_103' title="bbox 2209 3900 3912 3971; baseline -0.001 -16"><span class='ocrx_word' id='word_1_752' title='bbox 2209 3901 2347 3955; x_wconf 88' lang='lat' dir='ltr'><strong>bum</strong></span> <span class='ocrx_word' id='word_1_753' title='bbox 2376 3900 2600 3954; x_wconf 90' lang='lat' dir='ltr'><strong>nullum</strong></span> <span class='ocrx_word' id='word_1_754' title='bbox 2644 3916 2764 3954; x_wconf 90' lang='lat' dir='ltr'><strong>esse</strong></span> <span class='ocrx_word' id='word_1_755' title='bbox 2809 3906 3116 3971; x_wconf 89' lang='lat' dir='ltr'><strong>oporteret.</strong></span> <span class='ocrx_word' id='word_1_756' title='bbox 3163 3901 3364 3955; x_wconf 88' lang='lat' dir='ltr'><strong>saltem</strong></span> <span class='ocrx_word' id='word_1_757' title='bbox 3394 3900 3816 3970; x_wconf 86' lang='lat' dir='ltr'><strong>deprehensum</strong></span> <span class='ocrx_word' id='word_1_758' title='bbox 3848 3917 3912 3955; x_wconf 89' lang='lat' dir='ltr'><strong>ac</strong></span> 
     </span>
    </p>
   </div>
   <div class='ocr_carea' id='block_1_104' title="bbox 2210 3987 3908 4059">
    <p class='ocr_par' dir='ltr' id='par_1_104' title="bbox 2210 3987 3908 4059">
     <span class='ocr_line' id='line_1_104' title="bbox 2210 3987 3908 4059; baseline -0.001 -16"><span class='ocrx_word' id='word_1_759' title='bbox 2210 3988 2577 4043; x_wconf 87' lang='lat' dir='ltr'><strong>manifestum</strong></span> <span class='ocrx_word' id='word_1_760' title='bbox 2622 4004 2635 4042; x_wconf 89' lang='lat'>:</span> <span class='ocrx_word' id='word_1_761' title='bbox 2689 3990 2936 4042; x_wconf 91' lang='lat' dir='ltr'><strong>occultos</strong></span> <span class='ocrx_word' id='word_1_762' title='bbox 2981 3989 3137 4042; x_wconf 90' lang='lat' dir='ltr'><strong>enim</strong></span> <span class='ocrx_word' id='word_1_763' title='bbox 3184 3988 3406 4059; x_wconf 91' lang='lat' dir='ltr'><strong>aliquos</strong></span> <span class='ocrx_word' id='word_1_764' title='bbox 3450 3987 3511 4042; x_wconf 88' lang='lat' dir='ltr'><strong>in</strong></span> <span class='ocrx_word' id='word_1_765' title='bbox 3550 4005 3618 4042; x_wconf 90' lang='lat' dir='ltr'><strong>ea</strong></span> <span class='ocrx_word' id='word_1_766' title='bbox 3658 3987 3908 4055; x_wconf 80' lang='lat' dir='ltr'><strong>latitare,</strong></span> 
     </span>
    </p>
   </div>
   <div class='ocr_carea' id='block_1_105' title="bbox 2208 4075 3909 4147">
    <p class='ocr_par' dir='ltr' id='par_1_105' title="bbox 2208 4075 3909 4147">
     <span class='ocr_line' id='line_1_105' title="bbox 2208 4075 3909 4147; baseline 0.001 -18"><span class='ocrx_word' id='word_1_767' title='bbox 2208 4077 2333 4146; x_wconf 90' lang='lat' dir='ltr'><strong>ipsa</strong></span> <span class='ocrx_word' id='word_1_768' title='bbox 2360 4075 2414 4130; x_wconf 90' lang='lat' dir='ltr'><strong>vi</strong></span> <span class='ocrx_word' id='word_1_769' title='bbox 2445 4075 2696 4130; x_wconf 88' lang='lat' dir='ltr'><strong>veritatis</strong></span> <span class='ocrx_word' id='word_1_770' title='bbox 2714 4076 2880 4131; x_wconf 87' lang='lat' dir='ltr'><strong>fateri</strong></span> <span class='ocrx_word' id='word_1_771' title='bbox 2901 4076 3455 4147; x_wconf 82' lang='lat' dir='ltr'><strong>cogebantur(1bid.,</strong></span> <span class='ocrx_word' id='word_1_772' title='bbox 3480 4092 3601 4146; x_wconf 89' lang='lat' dir='ltr'><strong>cap.</strong></span> <span class='ocrx_word' id='word_1_773' title='bbox 3624 4077 3777 4146; x_wconf 74' lang='grc'><strong>249).</strong></span> <span class='ocrx_word' id='word_1_774' title='bbox 3809 4077 3909 4131; x_wconf 87' lang='lat' dir='ltr'><strong>De-</strong></span> 
     </span>
    </p>
   </div>
   <div class='ocr_carea' id='block_1_106' title="bbox 2208 4162 3913 4226">
    <p class='ocr_par' dir='ltr' id='par_1_106' title="bbox 2208 4162 3913 4226">
     <span class='ocr_line' id='line_1_106' title="bbox 2208 4162 3913 4226; baseline 0.002 -11"><span class='ocrx_word' id='word_1_775' title='bbox 2208 4162 2443 4217; x_wconf 86' lang='lat' dir='ltr'><strong>claravit</strong></span> <span class='ocrx_word' id='word_1_776' title='bbox 2470 4162 2846 4226; x_wconf 83' lang='lat' dir='ltr'><strong>Marcellinus,</strong></span> <span class='ocrx_word' id='word_1_777' title='bbox 2875 4164 3048 4218; x_wconf 90' lang='lat' dir='ltr'><strong>istum</strong></span> <span class='ocrx_word' id='word_1_778' title='bbox 3067 4164 3327 4219; x_wconf 90' lang='lat' dir='ltr'><strong>libellum</strong></span> <span class='ocrx_word' id='word_1_779' title='bbox 3360 4180 3473 4219; x_wconf 90' lang='lat' dir='ltr'><strong>non</strong></span> <span class='ocrx_word' id='word_1_780' title='bbox 3501 4163 3763 4218; x_wconf 90' lang='lat' dir='ltr'><strong>omnium</strong></span> <span class='ocrx_word' id='word_1_781' title='bbox 3794 4181 3913 4219; x_wconf 68' lang='lat' dir='ltr'><strong>suae</strong></span> 
     </span>
    </p>
   </div>
   <div class='ocr_carea' id='block_1_107' title="bbox 2206 4250 3914 4324">
    <p class='ocr_par' dir='ltr' id='par_1_107' title="bbox 2206 4250 3914 4324">
     <span class='ocr_line' id='line_1_107' title="bbox 2206 4250 3914 4324; baseline 0.001 -20"><span class='ocrx_word' id='word_1_782' title='bbox 2206 4250 2406 4321; x_wconf 86' lang='lat' dir='ltr'><strong>partis,</strong></span> <span class='ocrx_word' id='word_1_783' title='bbox 2437 4252 2537 4307; x_wconf 92' lang='lat' dir='ltr'><strong>sed</strong></span> <span class='ocrx_word' id='word_1_784' title='bbox 2569 4253 2965 4307; x_wconf 87' lang='lat' dir='ltr'><strong>tantummodo</strong></span> <span class='ocrx_word' id='word_1_785' title='bbox 2982 4257 3203 4324; x_wconf 88' lang='lat' dir='ltr'><strong>septem</strong></span> <span class='ocrx_word' id='word_1_786' title='bbox 3225 4252 3653 4322; x_wconf 88' lang='lat' dir='ltr'><strong>disputatorum</strong></span> <span class='ocrx_word' id='word_1_787' title='bbox 3673 4252 3914 4307; x_wconf 88' lang='lat' dir='ltr'><strong>nomine</strong></span> 
     </span>
    </p>
   </div>
   <div class='ocr_carea' id='block_1_108' title="bbox 2207 4339 3913 4413">
    <p class='ocr_par' dir='ltr' id='par_1_108' title="bbox 2207 4339 3913 4413">
     <span class='ocr_line' id='line_1_108' title="bbox 2207 4339 3913 4413; baseline 0.001 -20"><span class='ocrx_word' id='word_1_788' title='bbox 2207 4339 2468 4394; x_wconf 89' lang='lat' dir='ltr'><strong>debuisse</strong></span> <span class='ocrx_word' id='word_1_789' title='bbox 2511 4340 2793 4395; x_wconf 90' lang='lat' dir='ltr'><strong>conscribi</strong></span> <span class='ocrx_word' id='word_1_790' title='bbox 2840 4342 3025 4413; x_wconf 88' lang='lat' dir='ltr'><strong>(Ibid.,</strong></span> <span class='ocrx_word' id='word_1_791' title='bbox 3069 4358 3188 4411; x_wconf 88' lang='lat' dir='ltr'><strong>cap.</strong></span> <span class='ocrx_word' id='word_1_792' title='bbox 3224 4345 3348 4407; x_wconf 89' lang='grc'><strong>252,</strong></span> <span class='ocrx_word' id='word_1_793' title='bbox 3378 4340 3503 4412; x_wconf 87' lang='grc'><strong>253)</strong></span> <span class='ocrx_word' id='word_1_794' title='bbox 3539 4356 3551 4395; x_wconf 94' lang='lat'><strong>:</strong></span> <span class='ocrx_word' id='word_1_795' title='bbox 3585 4340 3739 4395; x_wconf 90' lang='lat' dir='ltr'><strong>unde</strong></span> <span class='ocrx_word' id='word_1_796' title='bbox 3769 4340 3913 4395; x_wconf 89' lang='lat' dir='ltr'><strong>libe-</strong></span> 
     </span>
    </p>
   </div>
   <div class='ocr_carea' id='block_1_109' title="bbox 2206 4431 4021 4504">
    <p class='ocr_par' dir='ltr' id='par_1_109' title="bbox 2206 4431 4021 4504">
     <span class='ocr_line' id='line_1_109' title="bbox 2206 4431 4021 4504; baseline 0 -20"><span class='ocrx_word' id='word_1_797' title='bbox 2206 4447 2334 4484; x_wconf 90' lang='lat' dir='ltr'><strong>rum</strong></span> <span class='ocrx_word' id='word_1_798' title='bbox 2381 4436 2504 4485; x_wconf 88' lang='lat' dir='ltr'><strong>erat</strong></span> <span class='ocrx_word' id='word_1_799' title='bbox 2549 4431 2871 4500; x_wconf 88' lang='lat' dir='ltr'><strong>Catholicis,</strong></span> <span class='ocrx_word' id='word_1_800' title='bbox 2918 4432 3083 4487; x_wconf 91' lang='lat' dir='ltr'><strong>illum</strong></span> <span class='ocrx_word' id='word_1_801' title='bbox 3128 4432 3450 4504; x_wconf 86' lang='lat' dir='ltr'><strong>explodere,</strong></span> <span class='ocrx_word' id='word_1_802' title='bbox 3498 4435 3554 4486; x_wconf 88' lang='lat' dir='ltr'><strong>et</strong></span> <span class='ocrx_word' id='word_1_803' title='bbox 3596 4431 3912 4502; x_wconf 87' lang='lat' dir='ltr'><strong>quominus</strong></span> <span class='ocrx_word' id='word_1_804' title='bbox 4018 4440 4021 4456; x_wconf 81' lang='lat'><em>‘</em></span> 
     </span>
    </p>
   </div>
   <div class='ocr_carea' id='block_1_110' title="bbox 2203 4518 3909 4590">
    <p class='ocr_par' dir='ltr' id='par_1_110' title="bbox 2203 4518 3909 4590">
     <span class='ocr_line' id='line_1_110' title="bbox 2203 4518 3909 4590; baseline 0.001 -19"><span class='ocrx_word' id='word_1_805' title='bbox 2203 4519 2557 4586; x_wconf 85' lang='lat' dir='ltr'><strong>recitaretur,</strong></span> <span class='ocrx_word' id='word_1_806' title='bbox 2589 4519 2967 4587; x_wconf 86' lang='lat' dir='ltr'><strong>intercedere;</strong></span> <span class='ocrx_word' id='word_1_807' title='bbox 2997 4525 3055 4575; x_wconf 89' lang='lat' dir='ltr'><strong>at</strong></span> <span class='ocrx_word' id='word_1_808' title='bbox 3084 4537 3156 4575; x_wconf 90' lang='lat' dir='ltr'><strong>ne</strong></span> <span class='ocrx_word' id='word_1_809' title='bbox 3186 4520 3486 4575; x_wconf 90' lang='lat' dir='ltr'><strong>minimam</strong></span> <span class='ocrx_word' id='word_1_810' title='bbox 3518 4518 3751 4590; x_wconf 91' lang='lat' dir='ltr'><strong>quidem</strong></span> <span class='ocrx_word' id='word_1_811' title='bbox 3782 4535 3909 4573; x_wconf 88' lang='lat' dir='ltr'><strong>mo-</strong></span> 
     </span>
    </p>
   </div>
   <div class='ocr_carea' id='block_1_111' title="bbox 2203 4607 3909 4679">
    <p class='ocr_par' dir='ltr' id='par_1_111' title="bbox 2203 4607 3909 4679">
     <span class='ocr_line' id='line_1_111' title="bbox 2203 4607 3909 4679; baseline 0 -19"><span class='ocrx_word' id='word_1_812' title='bbox 2203 4623 2328 4660; x_wconf 91' lang='lat' dir='ltr'><strong>ram</strong></span> <span class='ocrx_word' id='word_1_813' title='bbox 2353 4610 2452 4661; x_wconf 89' lang='lat' dir='ltr'><strong>aut</strong></span> <span class='ocrx_word' id='word_1_814' title='bbox 2468 4607 2888 4662; x_wconf 87' lang='lat' dir='ltr'><strong>cunctationem</strong></span> <span class='ocrx_word' id='word_1_815' title='bbox 2904 4607 3138 4679; x_wconf 88' lang='lat' dir='ltr'><strong>injicere</strong></span> <span class='ocrx_word' id='word_1_816' title='bbox 3161 4609 3485 4673; x_wconf 85' lang='lat' dir='ltr'><strong>voluerunt,</strong></span> <span class='ocrx_word' id='word_1_817' title='bbox 3503 4623 3573 4661; x_wconf 93' lang='lat' dir='ltr'><strong>ne</strong></span> <span class='ocrx_word' id='word_1_818' title='bbox 3597 4623 3909 4678; x_wconf 83' lang='lat' dir='ltr'><strong>argumen-</strong></span> 
     </span>
    </p>
   </div>
   <div class='ocr_carea' id='block_1_112' title="bbox 2201 4694 3909 4767">
    <p class='ocr_par' dir='ltr' id='par_1_112' title="bbox 2201 4694 3909 4767">
     <span class='ocr_line' id='line_1_112' title="bbox 2201 4694 3909 4767; baseline -0.001 -18"><span class='ocrx_word' id='word_1_819' title='bbox 2201 4699 2414 4761; x_wconf 89' lang='lat' dir='ltr'><strong>torum,</strong></span> <span class='ocrx_word' id='word_1_820' title='bbox 2460 4694 2669 4767; x_wconf 88' lang='lat' dir='ltr'><strong>quibus</strong></span> <span class='ocrx_word' id='word_1_821' title='bbox 2715 4697 3020 4751; x_wconf 88' lang='lat' dir='ltr'><strong>utebantur</strong></span> <span class='ocrx_word' id='word_1_822' title='bbox 3064 4696 3392 4763; x_wconf 86' lang='lat' dir='ltr'><strong>adversarii,</strong></span> <span class='ocrx_word' id='word_1_823' title='bbox 3440 4695 3560 4751; x_wconf 88' lang='lat' dir='ltr'><strong>vim</strong></span> <span class='ocrx_word' id='word_1_824' title='bbox 3595 4694 3909 4749; x_wconf 88' lang='lat' dir='ltr'><strong>formidare</strong></span> 
     </span>
    </p>
   </div>
   <div class='ocr_carea' id='block_1_113' title="bbox 2202 4782 3907 4854">
    <p class='ocr_par' dir='ltr' id='par_1_113' title="bbox 2202 4782 3907 4854">
     <span class='ocr_line' id='line_1_113' title="bbox 2202 4782 3907 4854; baseline -0.001 -17"><span class='ocrx_word' id='word_1_825' title='bbox 2202 4782 2532 4838; x_wconf 89' lang='lat' dir='ltr'><strong>viderentur</strong></span> <span class='ocrx_word' id='word_1_826' title='bbox 2556 4784 2672 4854; x_wconf 85' lang='lat' dir='ltr'><strong>(Ad</strong></span> <span class='ocrx_word' id='word_1_827' title='bbox 2702 4786 2969 4840; x_wconf 89' lang='lat' dir='ltr'><strong>Donatist.</strong></span> <span class='ocrx_word' id='word_1_828' title='bbox 2996 4788 3121 4854; x_wconf 84' lang='lat' dir='ltr'><strong>post</strong></span> <span class='ocrx_word' id='word_1_829' title='bbox 3149 4785 3348 4839; x_wconf 82' lang='lat' dir='ltr'><strong>Collat.</strong></span> <span class='ocrx_word' id='word_1_830' title='bbox 3380 4800 3437 4837; x_wconf 91' lang='lat' dir='ltr'><strong>n.</strong></span> <span class='ocrx_word' id='word_1_831' title='bbox 3462 4784 3571 4853; x_wconf 79' lang='grc'><strong>49).</strong></span> <span class='ocrx_word' id='word_1_832' title='bbox 3622 4782 3907 4837; x_wconf 90' lang='lat' dir='ltr'><strong>Libellum</strong></span> 
     </span>
    </p>
   </div>
   <div class='ocr_carea' id='block_1_114' title="bbox 2202 4870 3908 4944">
    <p class='ocr_par' dir='ltr' id='par_1_114' title="bbox 2202 4870 3908 4944">
     <span class='ocr_line' id='line_1_114' title="bbox 2202 4870 3908 4944; baseline 0 -20"><span class='ocrx_word' id='word_1_833' title='bbox 2202 4870 2377 4942; x_wconf 84' lang='lat' dir='ltr'><strong>igitur</strong></span> <span class='ocrx_word' id='word_1_834' title='bbox 2415 4888 2584 4927; x_wconf 88' lang='lat' dir='ltr'><strong>suum</strong></span> <span class='ocrx_word' id='word_1_835' title='bbox 2626 4873 2936 4927; x_wconf 70' lang='lat' dir='ltr'><strong>Donatistae</strong></span> <span class='ocrx_word' id='word_1_836' title='bbox 2961 4876 3234 4927; x_wconf 88' lang='lat' dir='ltr'><strong>curarunt</strong></span> <span class='ocrx_word' id='word_1_837' title='bbox 3261 4871 3568 4944; x_wconf 90' lang='lat' dir='ltr'><strong>legendum</strong></span> <span class='ocrx_word' id='word_1_838' title='bbox 3599 4870 3670 4925; x_wconf 88' lang='lat' dir='ltr'><strong>ab</strong></span> <span class='ocrx_word' id='word_1_839' title='bbox 3692 4887 3808 4925; x_wconf 91' lang='lat' dir='ltr'><strong>uno</strong></span> <span class='ocrx_word' id='word_1_840' title='bbox 3839 4886 3908 4925; x_wconf 79' lang='lat' dir='ltr'><strong>ex</strong></span> 
     </span>
    </p>
   </div>
   <div class='ocr_carea' id='block_1_115' title="bbox 2202 4958 3912 5032">
    <p class='ocr_par' dir='ltr' id='par_1_115' title="bbox 2202 4958 3912 5032">
     <span class='ocr_line' id='line_1_115' title="bbox 2202 4958 3912 5032; baseline -0.001 -19"><span class='ocrx_word' id='word_1_841' title='bbox 2202 4959 2459 5030; x_wconf 88' lang='lat' dir='ltr'><strong>ipsorum</strong></span> <span class='ocrx_word' id='word_1_842' title='bbox 2511 4960 2808 5032; x_wconf 88' lang='lat' dir='ltr'><strong>episcopis.</strong></span> <span class='ocrx_word' id='word_1_843' title='bbox 2844 4962 3152 5032; x_wconf 88' lang='lat' dir='ltr'><strong>Legentem</strong></span> <span class='ocrx_word' id='word_1_844' title='bbox 3182 4961 3301 5015; x_wconf 90' lang='lat' dir='ltr'><strong>sine</strong></span> <span class='ocrx_word' id='word_1_845' title='bbox 3336 4958 3757 5030; x_wconf 82' lang='lat' dir='ltr'><strong>interruptione</strong></span> <span class='ocrx_word' id='word_1_846' title='bbox 3788 4959 3912 5013; x_wconf 88' lang='lat' dir='ltr'><strong>ulla</strong></span> 
     </span>
    </p>
   </div>
   <div class='ocr_carea' id='block_1_116' title="bbox 2203 5046 3908 5120">
    <p class='ocr_par' dir='ltr' id='par_1_116' title="bbox 2203 5046 3908 5120">
     <span class='ocr_line' id='line_1_116' title="bbox 2203 5046 3908 5120; baseline -0.001 -18"><span class='ocrx_word' id='word_1_847' title='bbox 2203 5048 2473 5102; x_wconf 89' lang='lat' dir='ltr'><strong>Catholici</strong></span> <span class='ocrx_word' id='word_1_848' title='bbox 2503 5050 2683 5119; x_wconf 67' lang='lat' dir='ltr'><strong>requis</strong></span> <span class='ocrx_word' id='word_1_849' title='bbox 2711 5055 2766 5103; x_wconf 78' lang='lat' dir='ltr'><strong>et</strong></span> <span class='ocrx_word' id='word_1_850' title='bbox 2787 5048 3052 5120; x_wconf 89' lang='lat' dir='ltr'><strong>benignis</strong></span> <span class='ocrx_word' id='word_1_851' title='bbox 3084 5048 3319 5103; x_wconf 86' lang='lat' dir='ltr'><strong>auribus</strong></span> <span class='ocrx_word' id='word_1_852' title='bbox 3349 5047 3656 5102; x_wconf 88' lang='lat' dir='ltr'><strong>audierunt</strong></span> <span class='ocrx_word' id='word_1_853' title='bbox 3686 5046 3908 5114; x_wconf 85' lang='lat' dir='ltr'><strong>(Collat.</strong></span> 
     </span>
    </p>
   </div>
   <div class='ocr_carea' id='block_1_117' title="bbox 2203 5135 3911 5207">
    <p class='ocr_par' dir='ltr' id='par_1_117' title="bbox 2203 5135 3911 5207">
     <span class='ocr_line' id='line_1_117' title="bbox 2203 5135 3911 5207; baseline 0 -18"><span class='ocrx_word' id='word_1_854' title='bbox 2203 5137 2471 5205; x_wconf 85' lang='lat' dir='ltr'><strong>Carthag.</strong></span> <span class='ocrx_word' id='word_1_855' title='bbox 2506 5140 2556 5204; x_wconf 92' lang='lat'>3,</span> <span class='ocrx_word' id='word_1_856' title='bbox 2592 5153 2752 5206; x_wconf 90' lang='lat' dir='ltr'><strong>capp.</strong></span> <span class='ocrx_word' id='word_1_857' title='bbox 2795 5138 3040 5192; x_wconf 82' lang='lat'><strong>257-259</strong></span> <span class='ocrx_word' id='word_1_858' title='bbox 3079 5142 3131 5192; x_wconf 85' lang='lat' dir='ltr'><strong>et</strong></span> <span class='ocrx_word' id='word_1_859' title='bbox 3171 5136 3316 5207; x_wconf 77' lang='grc'><strong>264).</strong></span> <span class='ocrx_word' id='word_1_860' title='bbox 3373 5135 3659 5206; x_wconf 90' lang='lat' dir='ltr'><strong>Scriptum</strong></span> <span class='ocrx_word' id='word_1_861' title='bbox 3711 5140 3911 5189; x_wconf 87' lang='lat' dir='ltr'><strong>autem</strong></span> 
     </span>
    </p>
   </div>
   <div class='ocr_carea' id='block_1_118' title="bbox 2200 5221 3911 5290">
    <p class='ocr_par' dir='ltr' id='par_1_118' title="bbox 2200 5221 3911 5290">
     <span class='ocr_line' id='line_1_118' title="bbox 2200 5221 3911 5290; baseline 0.001 -15"><span class='ocrx_word' id='word_1_862' title='bbox 2200 5221 2344 5277; x_wconf 91' lang='lat' dir='ltr'><strong>illud</strong></span> <span class='ocrx_word' id='word_1_863' title='bbox 2370 5239 2437 5276; x_wconf 94' lang='lat' dir='ltr'><strong>eo</strong></span> <span class='ocrx_word' id='word_1_864' title='bbox 2464 5224 2654 5277; x_wconf 87' lang='lat' dir='ltr'><strong>animo</strong></span> <span class='ocrx_word' id='word_1_865' title='bbox 2683 5223 3065 5290; x_wconf 85' lang='lat' dir='ltr'><strong>confecerant,</strong></span> <span class='ocrx_word' id='word_1_866' title='bbox 3088 5229 3151 5278; x_wconf 91' lang='lat' dir='ltr'><strong>ut</strong></span> <span class='ocrx_word' id='word_1_867' title='bbox 3172 5222 3589 5279; x_wconf 88' lang='lat' dir='ltr'><strong>Catholicorum</strong></span> <span class='ocrx_word' id='word_1_868' title='bbox 3613 5222 3911 5289; x_wconf 89' lang='lat' dir='ltr'><strong>mandato,</strong></span> 
     </span>
    </p>
   </div>
   <div class='ocr_carea' id='block_1_119' title="bbox 2202 5309 3915 5382">
    <p class='ocr_par' dir='ltr' id='par_1_119' title="bbox 2202 5309 3915 5382">
     <span class='ocr_line' id='line_1_119' title="bbox 2202 5309 3915 5382; baseline 0 -18"><span class='ocrx_word' id='word_1_869' title='bbox 2202 5311 2358 5381; x_wconf 91' lang='lat' dir='ltr'><strong>quod</strong></span> <span class='ocrx_word' id='word_1_870' title='bbox 2381 5309 2680 5365; x_wconf 89' lang='lat' dir='ltr'><strong>recitatum</strong></span> <span class='ocrx_word' id='word_1_871' title='bbox 2704 5310 2765 5365; x_wconf 91' lang='lat' dir='ltr'><strong>in</strong></span> <span class='ocrx_word' id='word_1_872' title='bbox 2793 5310 2983 5382; x_wconf 88' lang='lat' dir='ltr'><strong>prima</strong></span> <span class='ocrx_word' id='word_1_873' title='bbox 3015 5311 3324 5366; x_wconf 88' lang='lat' dir='ltr'><strong>Collatione</strong></span> <span class='ocrx_word' id='word_1_874' title='bbox 3355 5311 3560 5373; x_wconf 84' lang='lat' dir='ltr'><strong>fuerat,</strong></span> <span class='ocrx_word' id='word_1_875' title='bbox 3599 5309 3915 5380; x_wconf 87' lang='lat' dir='ltr'><strong>responde-</strong></span> 
     </span>
    </p>
   </div>
   <div class='ocr_carea' id='block_1_120' title="bbox 2202 5397 3912 5471">
    <p class='ocr_par' dir='ltr' id='par_1_120' title="bbox 2202 5397 3912 5471">
     <span class='ocr_line' id='line_1_120' title="bbox 2202 5397 3912 5471; baseline -0.001 -20"><span class='ocrx_word' id='word_1_876' title='bbox 2202 5403 2343 5452; x_wconf 85' lang='lat' dir='ltr'><strong>rent.</strong></span> <span class='ocrx_word' id='word_1_877' title='bbox 2391 5398 2566 5469; x_wconf 91' lang='lat' dir='ltr'><strong>Atqui</strong></span> <span class='ocrx_word' id='word_1_878' title='bbox 2604 5398 3026 5455; x_wconf 88' lang='lat' dir='ltr'><strong>demonstravit</strong></span> <span class='ocrx_word' id='word_1_879' title='bbox 3054 5399 3427 5471; x_wconf 87' lang='lat' dir='ltr'><strong>Augustinus,</strong></span> <span class='ocrx_word' id='word_1_880' title='bbox 3445 5397 3589 5452; x_wconf 88' lang='lat' dir='ltr'><strong>nihil</strong></span> <span class='ocrx_word' id='word_1_881' title='bbox 3607 5414 3729 5463; x_wconf 88' lang='lat' dir='ltr'><strong>eos,</strong></span> <span class='ocrx_word' id='word_1_882' title='bbox 3753 5397 3912 5470; x_wconf 84' lang='lat' dir='ltr'><strong>quod</strong></span> 
     </span>
    </p>
   </div>
   <div class='ocr_carea' id='block_1_121' title="bbox 2202 5484 3910 5556">
    <p class='ocr_par' dir='ltr' id='par_1_121' title="bbox 2202 5484 3910 5556">
     <span class='ocr_line' id='line_1_121' title="bbox 2202 5484 3910 5556; baseline -0.001 -17"><span class='ocrx_word' id='word_1_883' title='bbox 2202 5484 2388 5540; x_wconf 89' lang='lat' dir='ltr'><strong>eidem</strong></span> <span class='ocrx_word' id='word_1_884' title='bbox 2429 5485 2696 5540; x_wconf 88' lang='lat' dir='ltr'><strong>mandato</strong></span> <span class='ocrx_word' id='word_1_885' title='bbox 2756 5487 3123 5554; x_wconf 84' lang='lat' dir='ltr'><strong>satisfaceret,</strong></span> <span class='ocrx_word' id='word_1_886' title='bbox 3172 5487 3449 5550; x_wconf 85' lang='lat' dir='ltr'><strong>attulisse,</strong></span> <span class='ocrx_word' id='word_1_887' title='bbox 3500 5484 3656 5556; x_wconf 87' lang='lat' dir='ltr'><strong>quod</strong></span> <span class='ocrx_word' id='word_1_888' title='bbox 3713 5485 3910 5555; x_wconf 85' lang='lat' dir='ltr'><strong>ipsum</strong></span> 
     </span>
    </p>
   </div>
  </div>
