4062 6354
439 255 535 306 427

434 371 539 426 lini
566 365 923 439 proconsulis
944 365 1016 419 ad
1044 361 1477 420 Constantinum
1503 359 1912 431 imperatorem
1939 359 2006 413 de
2030 360 2138 412 Do-

435 458 775 515 natistarum
807 452 1255 509 accusationibus
1292 450 1560 504 adversus
1604 448 1968 502 Caecilianum
2008 445 2135 518 epi-

439 549 615 613 stola;
643 545 783 599 item
811 543 922 596 alia
953 542 1208 613 ejusdem
1242 537 1497 603 Anulini,
1541 553 1653 608 qua
1701 535 2137 591 Constantinum

441 634 742 690 certiorem
773 631 1033 696 faciebat,
1078 629 1279 682 missos
1308 627 1378 680 ab
1406 643 1463 679 se
1496 626 1566 680 ad
1613 627 1932 680 Romanam
1972 641 2137 694 syno-

439 724 580 778 dum
607 719 973 777 Caacilianum
1006 733 1070 770 ac
1096 717 1218 784 ejus
1246 712 1622 768 adversarios:
1647 729 1775 782 quae
1789 711 2030 782 epistola
2052 710 2137 764 in-

440 809 832 875 teriit(Collat.
859 807 1150 871 Carthag..
1183 807 1408 872 3,capp.
1436 800 1720 870 316,3l8).
1746 800 1886 853 Huic
1911 785 2135 852 lectioni

443 897 899 966 additte'quoque
921 889 1426 947 suntConstantini
1451 889 1521 943 ad
1551 887 1860 942 Miltiadem
1886 886 2140 956 aliosque

443 985 726 1042 antistites
755 983 823 1037 ad
861 980 1168 1035 concilium
1197 980 1518 1033 Romanum
1560 976 1868 1030 destinatos
1913 974 2139 1039 litterae,

442 1088 666 1128 necnon
704 1074 760 1125 et
787 1068 971 1140 prima
1001 1065 1244 1122 Romani
1273 1063 1500 1119 concilii
1534 1079 1686 1116 anno
1719 1078 1891 1132 supra
1917 1066 2140 1115 trecen-

442 1161 712 1237 tesimum
745 1157 963 1213 decimo
992 1155 1162 1210 tertio
1188 1153 1364 1208 habiti
1399 1144 1573 1206 se'ssio
1606 1151 1792 1222 (Ibid.,
1825 1165 1984 1219 capp.
2017 1153 2140 1215 3l9,

446 1248 718 1319 32l).Hic
765 1263 898 1300 vero
950 1243 1402 1298 interturbarunt
1435 1238 1767 1307 Donatistas,
1825 1253 1929 1292 uec
1987 1237 2144 1308 prius

448 1333 789 1391 tumultuari
812 1332 1170 1396 destiterunt,
1187 1345 1358 1401 quam
1396 1329 1475 1381 eis
1504 1327 1788 1381 Tribunus
1813 1326 2145 1380 concederet

447 1427 530 1489 ut,
570 1438 700 1492 quae
730 1423 1049 1491 spectarent
1078 1418 1149 1471 ad
1191 1416 1476 1471 Caeciliani
1507 1413 1955 1480 damnationem,
1997 1414 2147 1481 lege-

447 1515 645 1564 rentur
685 1509 866 1578 (Ibid.,
900 1522 1060 1576 capp.
1092 1507 1216 1567 322,
1250 1505 1393 1573 333).
1423 1504 1568 1557 Turn
1598 1502 1686 1556 illi
1711 1505 1971 1556 exortum
2012 1501 2145 1554 hinc

447 1614 568 1652 esse
597 1597 899 1651 discidium
930 1593 1355 1655 contendentes,
1389 1591 1541 1662 quod
1573 1588 1986 1660 persecutionis
2006 1593 2145 1642 tem-

445 1701 584 1755 pore
617 1683 809 1738 divina
840 1681 1130 1736 volumina
1156 1695 1466 1750 praecessor
1514 1677 1800 1732 Caeciliani
1829 1676 2146 1732 Mensurius

444 1771 782 1834 tradidissst,
841 1768 1254 1822 accusationem
1302 1767 1461 1821 illam
1521 1770 1585 1819 ut
1633 1765 1962 1836 probarent,
2015 1780 2146 1817 cum

444 1859 702 1931 ejusdem
750 1856 1019 1912 Mensurii
1071 1854 1374 1926 epistolam
1432 1854 1502 1907 ad
1552 1852 1876 1908 Secundum
1935 1851 2145 1922 Tigisi-

444 1953 666 2015 tanum,
744 1943 867 1999 tum
937 1943 1108 2013 hujus
1175 1941 1612 2011 responsionem
1670 1939 1742 1993 ad
1798 1939 2145 1994 Mensurium

445 2034 756 2088 recitarunt
809 2031 999 2103 (Ibid.,
1034 2045 1192 2098 capp.
1228 2031 1351 2096 334,
1400 2030 1544 2092 342).
1600 2026 1930 2081 Familiares
1984 2031 2149 2080 erant

443 2123 553 2176 illae
602 2121 877 2191 epistolas,
946 2133 1050 2171 nec
1106 2118 1223 2170 ullo
1282 2120 1469 2186 pacto,
1530 2131 1756 2170 veraene
1819 2120 2012 2168 essent
2073 2130 2147 2167 an

447 2225 628 2276 secus,
656 2211 914 2262 constare
945 2209 1186 2276 poterat.
1228 2205 1337 2258 Sed
1374 2221 1437 2257 ex
1469 2203 1537 2256 iis
1566 2218 1931 2274 nequaquam
1978 2203 2150 2256 ﬁebat

445 2298 834 2365 manifestum,
886 2294 1105 2348 codices
1167 2308 1356 2346 sacros
1409 2291 1761 2346 Mensurium
1805 2290 2143 2344 tradidisse:

444 2385 597 2455 quod
623 2384 812 2454 ipsum
837 2385 1032 2436 tamen
1061 2380 1212 2434 haud
1244 2380 1480 2432 obscure
1509 2378 1577 2432 de
1629 2377 1896 2431 Secundo
1943 2377 2146 2432 innue-

443 2473 582 2527 bant
615 2470 1056 2542 (Brevic.Collat.
1101 2471 1152 2537 3,
1184 2484 1242 2522 η.
1272 2468 1381 2534 27).
1435 2467 1601 2520 Lecta
1649 2471 1736 2519 est
1783 2465 2008 2532 deinde,
2051 2482 2147 2519 as-

444 2559 817 2614 sentientibus
857 2556 1176 2623 Catholicis,
1210 2556 1324 2608 lata
1355 2555 1417 2608 in
1450 2553 1821 2610 Caecilianum
1852 2570 1885 2606 a
1913 2554 2147 2608 Cartha-

445 2647 671 2718 ginensi
710 2645 944 2700 concilio
993 2643 1274 2698 sententia
1329 2643 1522 2713 (Ibid.,
1572 2659 1630 2697 η.
1691 2645 1781 2704 26,
1833 2645 1883 2695 et
1940 2642 2143 2697 Collat.

446 2734 715 2800 Carthag.
745 2736 796 2800 3,
841 2748 997 2801 capp.
1035 2733 1156 2796 346,
1182 2729 1326 2800 347).
1361 2731 1542 2794 Quam
1562 2729 1756 2783 inrem
1781 2728 2143 2782 animadver-

446 2837 575 2876 sum
595 2821 822 2874 voluere
862 2817 1154 2886 Catholici,
1185 2816 1411 2886 publico
1450 2815 1610 2870 nullo
1643 2815 1860 2886 judicio
1907 2817 2146 2870 damna-

445 2913 569 2963 tum
597 2907 773 2962 fuisse
813 2907 1190 2972 Mensurium;
1223 2909 1279 2958 et
1320 2903 1767 2975 Carthaginense
1814 2904 2142 2971 concilium,

441 2997 598 3068 quod
627 2999 822 3050 contra
850 2993 1215 3050 Caecilianum
1244 2993 1502 3064 legerant
1541 3008 1656 3046 non
1685 2992 1895 3046 habere
1940 3009 2144 3046 consu-

442 3087 555 3138 lem
594 3088 649 3138 et
679 3084 871 3150 diem;
908 3081 1164 3154 quamyis
1194 3081 1301 3134 hoc
1328 3097 1502 3134 merae
1542 3080 1905 3150 negligentize
1940 3081 2142 3151 magis,

440 3188 615 3242 quam
641 3171 848 3237 fraudi,
880 3171 1141 3225 lubentes
1168 3169 1277 3240 ipsi
1305 3169 1660 3223 tribuerent:
1694 3169 1942 3239 denique
1977 3170 2144 3223 (ἱεροὶ-

438 3260 660 3314 lianum
679 3259 741 3312 in
771 3275 838 3313 eo
870 3259 1209 3312 damnatum
1239 3257 1556 3322 absentem,
1601 3257 1774 3327 idque
1805 3258 1876 3310 ab
1926 3257 2143 3328 episco-

441 3346 532 3417 pis
561 3346 680 3417 qui,
714 3345 1142 3416 cujuscriminis
1157 3345 1322 3398 illum
1349 3344 1828 3410 condemnabant,
1855 3346 1962 3399 hoc
1988 3345 2142 3401 idem

442 3433 674 3488 sibimet
700 3433 762 3486 in
786 3434 896 3486 alio
937 3431 1174 3486 concilio
1196 3431 1592 3486 condonarunt
1615 3432 1836 3502 (Collat.
1871 3435 2138 3501 Carthag.

443 3525 495 3588 3,
528 3538 644 3591 cap.
669 3525 732 3576 35
749 3523 811 3592 l).
841 3521 1116 3575 Ultimum
1137 3525 1330 3574 autem
1354 3519 1496 3574 illud
1528 3525 1588 3572 ut
1610 3520 1846 3590 planum
1867 3520 2140 3590 facerent,

442 3610 695 3664 Cirtense
725 3609 1033 3664 concilium
1058 3625 1206 3663 anno
1228 3609 1624 3663 trecentesimo
1649 3608 1847 3679 quinto
1879 3609 2140 3664 habitum

441 3697 555 3769 legi
596 3698 1181 3768 postnlarunt;cujus
1212 3697 1628 3764 testimonium,
1664 3713 1795 3752 cum
1832 3698 2034 3751 consul
2083 3702 2141 3751 et
2174 3737 2178 3742 .

438 3785 557 3839 dies
583 3786 705 3856 ejus
741 3785 1046 3856 legeretur,
1071 3801 1136 3839 eo
1168 3785 1460 3839 infirmare
1491 3784 1682 3839 conati
1712 3789 1842 3839 sunt
1867 3785 2137 3838 schisma-

436 3872 553 3940 tici,
589 3873 744 3944 quod
769 3873 822 3926 ei
853 3873 1126 3944 temporis
1160 3878 1312 3940 nota,
1359 3878 1568 3944 praeter
1598 3877 1830 3928 actuum
1876 3873 2136 3927 ecclesia-

436 3961 728 4016 sticorum.
754 3962 1134 4029 utivolebant,
1163 3962 1660 4022 consuetudinem,
1683 3966 1829 4016 esset
1848 3961 2136 4032 adscripta

435 4049 617 4116 (Ibid.,
659 4065 780 4118 cap.
815 4052 958 4118 353).
987 4049 1096 4104 Sed
1119 4036 1391 4103 Catholici
1411 4050 1938 4120 nunquamnonsui
1960 4049 2133 4104 moris

434 4137 608 4190 fuisse
638 4137 1078 4205 contenderunt,
1124 4138 1414 4192 consulem
1463 4143 1520 4191 et
1545 4137 1699 4192 diem
1747 4139 2002 4192 conciliis
2031 4139 2132 4194 ad-

434 4224 679 4278 scribere
712 4225 939 4294 (Brevic.
975 4226 1175 4278 Collat.
1207 4228 1258 4291 3,
1289 4240 1346 4278 n.
1386 4227 1496 4294 27).
1530 4230 1793 4279 Attamen
1824 4226 2132 4281 Donatista:

432 4312 567 4365 hinc
608 4312 935 4382 disputandi
965 4312 1140 4365 ﬁnem
1189 4328 1305 4365 non
1364 4312 1648 4380 fecerunt,
1702 4314 1879 4368 donec
1941 4317 2128 4386 palam

433 4400 607 4454 edixit
641 4399 930 4470 Cognitor,
959 4399 1170 4453 decreti
1196 4400 1366 4454 fidem
1389 4400 1707 4471 adjectione
1734 4403 1983 4457 consulis
2013 4420 2130 4458 non

430 4487 616 4558 perire
662 4485 890 4557 (Collat.
926 4489 1195 4555 Carthag.
1231 4490 1282 4553 3,
1317 4504 1476 4558 capp.
1538 4491 1660 4556 393,
1694 4490 1838 4561 396).
1901 4492 2046 4562 Ergo
2097 4509 2130 4547 a

427 4575 670 4630 cencilio
702 4575 944 4630 Cirtensi
976 4576 1045 4630 ad
1072 4576 1518 4646 Carthaginense
1551 4578 1799 4633 reditum
1829 4583 1930 4633 est.
1969 4581 2127 4636 Insti-

428 4668 549 4717 tere
584 4662 882 4717 Catholicis
905 4663 1232 4730 Donatistae,
1270 4668 1333 4717 ut
1362 4664 1484 4734 ejus
1508 4665 1904 4721 auctoritatem
1944 4684 2124 4739 agno-

428 4755 668 4819 scerent,
702 4768 764 4805 ac
795 4752 1178 4818 Caecilianum,
1212 4753 1681 4824 quandoquidem
1730 4754 1788 4808 in
1819 4772 1886 4810 eo
1939 4757 2126 4814 fuerat

428 4839 856 4907 condemnatus,
889 4857 1053 4894 reum
1106 4857 1225 4895 esse
1281 4841 1708 4898 confiterentur.
1760 4844 2121 4916 Responsum

426 4931 510 4980 est
535 4944 567 4980 a
603 4927 928 4995 Catholicis,
962 4928 1284 4982 Donatistas
1314 4928 1468 5000 ipsos
1497 4930 1717 5002 liquido
1749 4931 2118 5003 significasse,

424 5031 555 5069 cum
605 5031 728 5068 rem
779 5015 848 5069 ad
889 5015 1323 5070 Constantinum
1377 5017 1726 5086 detulerunt,
1787 5021 2119 5091 hujusmodi

424 5102 962 5159 condemnationem
994 5104 1230 5159 minime
1261 5104 1518 5160 sufﬁcere
1550 5109 1774 5177 (Brevia.
1833 5110 2013 5164 Coltat
2063 5115 2114 5179 3,

420 5209 475 5248 π.
512 5192 618 5264 30).

489 5286 541 5335 7.
577 5284 651 5335 At
682 5296 814 5335 vero
845 5279 1038 5347 etiam,
1071 5297 1242 5351 quam
1276 5281 1571 5336 inﬁrmum
1613 5287 1758 5337 esset
1784 5284 2025 5353 petitum
2048 5303 2117 5341 ex

420 5368 516 5424 illo
547 5370 785 5424 concilio
824 5369 1259 5439 Carlhaginensi
1305 5374 1730 5439 argumentum,
1761 5371 1942 5426 multo
1971 5373 2114 5426 luci-

394 5457 542 5511 ~dius
571 5457 740 5511 allata
770 5455 1106 5511 Priminiani
1135 5456 1339 5512 eodem
1369 5457 1537 5526 plane
1556 5456 1728 5511 modo
1760 5474 1790 5512 a
1820 5457 2110 5513 Maximia-

1641 237 1810 294 VITA
1851 235 1912 291 S.
1960 232 2348 290 AUGUSTINI
2392 228 2729 286 EPISCOPI.

3845 219 3960 271 428

2245 357 2404 410 nistis
2434 351 2689 409 damnati
2713 347 2950 404 historia
2971 346 3464 400 demonstrarunt:
3495 342 3574 398 ita
3593 346 3658 397 ut
3681 342 3966 396 schisma-

2245 444 2344 498 tici
2369 441 2615 497 veritatis
2645 437 2859 492 retibus
2877 434 3158 505 impediti,
3174 437 3229 487 et
3250 432 3308 485 in
3330 431 3645 486 horrendas
3665 434 3903 484 constru
3914 430 3962 482 si

2247 529 2556 602 angustias,
2590 525 2731 582 nihil
2761 523 3104 588 invenirent,
3133 520 3286 592 quod
3317 519 3373 574 in
3414 535 3503 584 ea,
3535 518 3592 572 in
3625 535 3802 590 quam
3853 534 3959 571 eos

2249 616 2791 676 Maximianistarum
2833 611 3046 665 mentio
3091 609 3430 679 conjeeerat,
3481 606 3954 661 consternatione

2248 702 2726 778 reponerent,uisi
2754 700 2903 772 quod
2931 701 3051 752 erat
3080 697 3376 753 Catholicis
3406 695 3768 754 fundamenti
3799 696 3955 763 loco,

2249 811 2456 865 nempe
2482 809 2585 847 nec
2609 805 2838 844 causam
2867 803 3071 852 causae,
3106 803 3208 840 nec
3225 801 3534 856 personam
3565 783 3948 854 przejudicare

2248 898 2507 955 personae
2536 879 2646 949 (Ad
2666 881 2853 932 Donat.
2871 879 2992 944 post
3008 875 3202 928 Collat.
3219 914 3233 939 ,
3256 889 3301 927 c.
3326 875 3415 938 30,
3438 872 3641 926 Collat.
3671 870 3954 935 Carthag.

2249 974 2302 1038 2,
2320 987 2440 1038 cap.
2477 970 2623 1037 372).
2660 965 2798 1020 Hinc
2833 961 3084 1032 erumpit
3107 959 3457 1031 Augustinus
3497 959 3559 1012 in
3591 959 3685 1012 illa
3729 957 3906 1011 verba
3935 974 3949 1012 :

2252 1061 2294 1114 Ο
2321 1071 2629 1127 responsum
2665 1054 2836 1118 breve,
2870 1051 3160 1120 liquidum,
3184 1065 3367 1104 verum
3392 1043 3558 1105 ."Non
3581 1049 3764 1117 potuit
3803 1049 3954 1099 enim

2247 1165 2350 1218 pro
2375 1149 2526 1202 nobis
2558 1147 2786 1209 brevior,
2814 1148 2865 1196 et
2893 1143 3107 1208 certior,
3139 1143 3187 1192 et
3215 1138 3479 1207 liquidior
3513 1138 3654 1204 ferri
3682 1137 3956 1190 sententia

2255 1239 2441 1307 (Serm.
2474 1236 2593 1301 itii,
2626 1250 2682 1287 η.
2719 1233 2824 1301 13).
2861 1228 3012 1284 Nihil
3039 1227 3192 1283 aliud
3239 1243 3305 1280 ex
3337 1225 3406 1278 iis
3462 1229 3800 1294 extorquere
3855 1239 3956 1277 cu-

2251 1324 2488 1396 piebant
2517 1321 2808 1378 Catholici.
2841 1317 3005 1383 Illud,
3027 1315 3126 1382 ait,
3155 1317 3206 1370 si
3232 1319 3433 1368 montes
3459 1328 3649 1367 aureos
3673 1313 3957 1377 daremus,

2254 1412 2470 1483 quando
2501 1427 2666 1465 emere
2689 1421 2964 1478 possemus
2996 1404 3108 1475 (Ad
3122 1406 3312 1458 Donat.
3346 1402 3702 1471 postCollat.,
3734 1417 3792 1454 η.
3817 1400 3959 1469 5'2)?

2254 1503 2440 1558 Multis
2465 1499 2682 1570 quidem
2727 1496 2904 1551 verbis
2952 1495 3258 1562 super/luis,
3301 1490 3460 1545 addit
3506 1489 3661 1544 idem
3705 1493 3960 1554 sanctus,

2254 1594 2406 1660 gesta
2429 1589 2781 1643 oneraverunt
2804 1601 2818 1651 ;
2842 1589 2891 1638 et
2913 1585 3043 1652 quia
3057 1597 3164 1635 non
3181 1580 3688 1649 potueruntefﬁcere
3714 1582 3777 1630 ut
3792 1592 3962 1630 causa

2252 1693 2359 1732 non
2404 1680 2672 1744 ageretur,
2723 1675 2818 1726 hoc
2859 1673 3102 1739 fecerunt
3137 1670 3367 1722 multum
3405 1666 3688 1736 loquendo,
3721 1670 3783 1718 ut
3813 1666 3961 1734 quod

2255 1769 2432 1817 actum
2461 1769 2556 1827 est,
2590 1762 2814 1830 difﬁcile
2833 1762 3114 1826 legeretur.
3138 1757 3243 1812 Sed
3268 1757 3458 1810 debent
3476 1755 3624 1809 vobis
3655 1756 3821 1808 etiam
3846 1756 3958 1806 ista

2255 1866 2435 1904 eorum
2454 1866 2629 1919 pauca
2649 1849 2811 1902 verba
2832 1849 3093 1915 sufﬁcere,
3123 1861 3188 1898 ne
3205 1848 3427 1913 propter
3441 1844 3614 1897 nescio
3636 1857 3757 1910 quae
3777 1845 3959 1896 nescio

2255 1954 2481 2008 quorum
2510 1939 2780 1992 hominum
2808 1937 3058 2000 crimina,
3103 1934 3327 1986 oderitis
3355 1933 3619 1985 unitatem
3667 1931 3954 1984 catholicae

2258 2028 2538 2092 Ecclesiae;
2573 2025 2703 2094 quia
2729 2027 2869 2077 sicut
2895 2023 3011 2092 ipsi
3035 2022 3313 2086 dixerunt,
3353 2021 3676 2088 relegem-nt,
3721 2019 3960 2072 subscri-

2252 2119 2496 2182 pserunt,
2526 2129 2617 2167 nec
2653 2127 2819 2166 causa
2857 2125 3032 2165 causa:
3054 2108 3402 2178 praejudicat,
3436 2123 3528 2160 nec
3572 2121 3807 2176 persona
3837 2121 3959 2174 per-

2255 2218 2396 2256 sonz
2419 2203 2609 2271 (Epist.
2646 2203 2766 2265 141,
2808 2215 2864 2253 n.
2904 2198 2980 2268 7).
3038 2196 3226 2250 Latius
3279 2195 3523 2249 excurrit
3578 2193 3957 2264 Augustinus,

2257 2295 2321 2344 ut
2351 2305 2446 2343 eos
2471 2305 2607 2343 usus
2637 2288 2867 2353 indicet,
2900 2302 3043 2357 quos
3077 2285 3317 2339 Ecclesia
3347 2285 3532 2353 potest
3571 2298 3635 2336 ex
3683 2283 3786 2335 illa
3814 2281 3960 2336 veri-

2257 2382 2371 2432 tate
2426 2377 2653 2442 elicere,
2704 2391 2876 2446 quam
2918 2373 3222 2428 Donatistae
3268 2372 3421 2425 illius
3469 2370 3666 2440 lingua
3713 2370 3957 2423 confessi

2257 2471 2408 2534 sunt,
2440 2466 2541 2538 qui
2571 2465 2935 2520 defensorum
2985 2479 3169 2517 causae
3218 2477 3333 2514 suae
3390 2463 3510 2513 erat
3566 2457 3957 2512 nobilissimus

2259 2557 2484 2627 (Brevic.
2519 2556 2721 2609 Collat.
2755 2557 2809 2622 3,
2841 2569 2898 2608 n.
2930 2551 3070 2621 2-3).
3096 2553 3216 2608 Non
3246 2551 3388 2603 enim
3415 2551 3576 2602 scivit
3605 2547 3741 2616 quid
3782 2547 3954 2611 dixit,

2257 2645 2450 2715 inquit
2478 2642 2832 2713 Augustinus
2855 2659 2869 2707 ;
2903 2640 2996 2694 sed
3010 2640 3239 2709 Caiphae
3262 2639 3480 2705 similis,
3511 2653 3630 2691 cum
3659 2641 3797 2690 esset
3815 2638 3955 2690 Pun-

2255 2736 2414 2802 tifem,
2445 2732 2786 2802 prophetavit
2813 2732 3012 2798 (Serm.
3052 2730 3174 2796 164,
3203 2744 3260 2781 n.
3310 2727 3414 2796 13).
3445 2727 3579 2780 Post
3605 2725 3788 2795 ipsam
3822 2724 3956 2778 Col-

2257 2821 2528 2875 lationem
2540 2820 2712 2874 verba
2725 2835 2824 2872 sua
2855 2818 2913 2871 in
2942 2816 3155 2871 alienos
3177 2832 3374 2870 sensus
3406 2817 3748 2869 convertere
3769 2812 3958 2866 moliti

2255 2913 2389 2963 sunt
2414 2925 2426 2962 :
2469 2909 2564 2962 sed
2592 2908 2819 2962 frustra.
2857 2906 2997 2959 Hinc
3025 2905 3297 2959 exclamat
3322 2903 3676 2974 Augustinus
3703 2918 3718 2954 :
3751 2902 3957 2957 0mira

2253 2997 2493 3064 defensio
2516 2998 2535 3050 !
2566 2999 2696 3050 Tam
2724 2993 3014 3064 densumlet
3034 2999 3244 3047 arctum
3269 2997 3367 3058 est,
3384 2993 3479 3046 ubi
3506 2993 3580 3045 eis
3609 2990 3959 3044 adhaeserunt

2246 3085 2432 3156 pedes,
2460 3090 2521 3138 ut
2543 3099 2627 3139 eos
2653 3085 2869 3137 evellere
2897 3087 3166 3148 conantes,
3191 3083 3406 3148 frustra
3435 3085 3485 3133 et
3510 3095 3701 3133 manus
3719 3085 3767 3133 et
3787 3085 3956 3148 caput

2251 3175 2440 3242 ﬁgant,
2474 3177 2523 3226 et
2552 3175 2611 3226 in
2639 3171 2817 3226 eodem
2860 3171 2969 3224 luto
3007 3171 3312 3223 haesitantes
3356 3170 3561 3222 arctius
3601 3167 3957 3221 involvantur

2253 3261 2367 3331 (Ad
2392 3263 2582 3314 Donat.
2615 3263 2734 3328 post
2765 3258 2990 3326 Collat.,
3015 3273 3071 3311 n.
3105 3257 3212 3325 25).
3251 3257 3316 3311 Et
3354 3256 3490 3310 hinc
3534 3259 3677 3322 erat,
3718 3271 3821 3308 cur
3863 3255 3954 3308 vel

2250 3347 2689 3420 pertinacissimi
2769 3349 3190 3402 Donatistarum
3273 3345 3380 3400 sibi
3442 3344 3550 3399 hoc
3603 3359 3718 3397 uno
3773 3343 3954 3397 verbo

2250 3437 2475 3492 nullum
2523 3436 2783 3507 responsi
2827 3437 3018 3490 locum
3063 3433 3316 3506 relinqui
3363 3449 3482 3488 non
3523 3431 3957 3488 dissimularent

2251 3527 2455 3598 (Epist.
2485 3528 2606 3588 173,
2632 3541 2688 3579 n.
2717 3525 2796 3594 7).

2320 3616 2352 3668 8
2394 3615 2465 3667 Ut
2503 3611 2832 3668 Collationis
2875 3612 3176 3667 historiam
3211 3626 3666 3682 prosequamur;
3720 3608 3953 3678 rogavit

2247 3701 2552 3769 Tribunus,
2584 3717 2725 3754 num
2753 3700 2822 3754 ad
2853 3700 3289 3755 Constantinum
3315 3705 3445 3754 ante
3471 3698 3777 3752 concilium
3811 3699 3948 3751 Car-

2248 3789 2608 3860 thaginense,
2640 3805 2712 3842 an
2743 3793 2964 3843 tantum
2985 3793 3113 3859 post
3131 3788 3276 3843 illud
3305 3788 3652 3842 celebratum
3683 3787 3953 3858 perfuge-

2245 3878 2362 3932 rint
2392 3877 2936 3945 Donatistaa((70llat.
2965 3879 3233 3945 Carthag.
3254 3880 3305 3944 3,
3339 3892 3461 3946 cap.
3491 3875 3619 3946 377)
3644 3892 3656 3929 :
3685 3874 3777 3929 cui
3809 3876 3946 3946 quid

2244 3964 2327 4018 illi
2350 3964 2768 4035 responderint,
2800 3980 2915 4018 non
2945 3963 3204 4018 habetur.
3239 3963 3516 4019 Catholici
3544 3978 3698 4028 vero,
3731 3963 3791 4017 id
3831 3964 3946 4016 sive

2245 4054 2374 4104 ante
2419 4052 2532 4104 sive
2560 4054 2690 4120 post
2731 4055 3110 4105 memoratum
3152 4049 3459 4104 concilium
3499 4051 3709 4103 factum
3748 4049 3942 4113 fuerit,

2243 4139 2674 4209 expendendum
2699 4154 2818 4192 esse
2850 4137 3204 4192 Constantini
3219 4137 3525 4207 judicium,
3550 4153 3614 4190 ac
3640 4137 3945 4191 lectionem

2241 4232 2472 4281 actuum
2533 4227 2990 4299 prosequendam
3052 4226 3470 4280 contenderunt
3523 4226 3701 4294 (Ibid,
3779 4242 3939 4295 capp.

2275 4317 2534 4384 79,382):
2585 4319 2755 4386 atque
2800 4314 2879 4368 ita
2927 4319 3055 4385 post
3100 4314 3281 4368 varias
3338 4313 3828 4368 schismaticornm
3872 4316 3942 4369 de

2241 4402 2481 4457 Cirtensi
2501 4403 2742 4457 concilio
2766 4402 3236 4473 vitilitigationes,
3257 4404 3528 4457 Romanas
3560 4404 3782 4473 synodi,
3812 4421 3943 4474 quae

2241 4492 2608 4547 Caecilianum
2631 4491 2871 4546 crimine
2908 4493 3266 4560 liberaverat,
3296 4493 3623 4547 continuata
3652 4501 3737 4547 est
3765 4499 3938 4564 atque

2235 4580 2491 4635 absoluta
2532 4581 2696 4635 lectio
2747 4582 2927 4651 (Ibid,
2971 4597 3093 4651 cap.
3145 4582 3288 4650 403).
3331 4582 3426 4636 His
3457 4581 3702 4652 peractis
3749 4583 3940 4636 Dona-

2233 4669 2404 4738 tistae,
2419 4685 2548 4724 cum
2562 4669 2630 4724 de
2645 4670 2861 4741 synodo
2886 4671 3162 4736 Romana,
3179 4671 3663 4742 quemadmodum
3686 4686 3784 4724 eos
3800 4671 3942 4725 Mar-

2232 4757 2470 4812 cellinus
2500 4759 2948 4829 interrogaverat
2977 4758 3161 4830 (Ibid,
3191 4774 3310 4828 cap.
3344 4758 3491 4829 405),
3518 4763 3666 4813 esset
3695 4774 3940 4829 respon-

2230 4845 2504 4916 dendum,
2537 4847 2608 4901 ad
2639 4847 2893 4901 Cirtense
2914 4847 3219 4900 concilium
3251 4846 3576 4913 redeuntes,
3599 4847 3709 4900 hoc
3726 4847 3940 4902 idcirco

2231 4935 2657 5005 supposititium
2670 4951 2788 4989 esse
2808 4935 3186 5003 aftirmarunt,
3202 4935 3355 5006 quod
3368 4935 3781 5006 persecutionis
3796 4941 3934 4991 tem-

2233 5037 2374 5091 pore
2397 5038 2762 5093 nequaquam
2780 5023 3028 5077 liberum
3048 5023 3218 5077 fuerit
3247 5023 3483 5076 concilia
3505 5023 3621 5077 ulla
3646 5023 3940 5079 celebrare

2233 5107 2458 5178 (Brevia.
2477 5111 2676 5164 Collat.
2706 5113 2757 5176 3,
2789 5126 2843 5164 η.
2879 5113 2945 5164 32
2970 5126 2984 5176 ;
3014 5111 3213 5164 Collat.
3238 5111 3507 5178 Carthag.
3529 5113 3579 5178 3,
3602 5126 3764 5181 capp.
3799 5115 3926 5178 407,

2225 5197 2368 5266 408).
2400 5197 2465 5250 In
2494 5211 2620 5251 eam
2666 5213 2787 5251 rem
2835 5197 3048 5268 inquiri
3077 5199 3256 5252 voluit
3301 5199 3658 5253 Marcellinus
3692 5201 3930 5270 (Collat.

2226 5286 2495 5353 Carthag.
2529 5289 2580 5350 3,
2604 5302 2722 5354 cap.
2743 5288 2896 5356 413).
2918 5288 3190 5342 Catholici
3215 5303 3351 5358 ergo
3374 5287 3713 5343 christianes
3736 5289 3939 5359 plebes

2223 5373 2474 5428 fervente
2513 5390 2741 5446 quoque
2770 5376 3164 5446 persecutione
3184 5377 3377 5431 solitas
3407 5379 3750 5449 congregari
3779 5396 3938 5434 com-

2222 5466 2612 5518 monstrarunt
2625 5465 2941 5534 praésertim
2958 5480 3022 5520 ex
3040 5466 3213 5536 gestis
3226 5471 3560 5536 martyrum,
3579 5467 3676 5537 qui
3692 5469 3932 5523 confite-
