4062 6342
236 277 355 332 429

230 685 354 748 tur,
405 684 669 740 mittendi
711 691 959 757 potestas
1016 693 1123 746 sibi
1153 694 1313 749 fieret
1343 696 1552 766 (Collat.
1587 701 1849 769 Carthag.
1881 707 1932 770 3,

230 785 364 838 cap.
393 772 548 842 419).
581 773 702 837 Qua
722 780 947 846 negata,
973 783 1144 850 atque
1169 782 1299 837 inde
1321 789 1808 854 expostulantibus
1833 792 1933 844 Ca-

229 858 488 928 tholicis,
514 861 820 917 Donatista
835 864 944 934 ipsi
967 869 1228 937 quadam
1241 877 1556 943 martyrum
1573 882 1729 946 gesta
1749 878 1807 931 in
1821 895 1933 933 me-

228 945 398 1000 dium
427 951 716 1017 protulere
739 952 1022 1008 recitanda
1050 956 1234 1025 (Ibid.,
1254 975 1374 1028 cap.
1399 963 1541 1031 432).
1567 945 1676 1018 Pro
1705 981 1762 1019 se
1788 984 1931 1037 quo—

229 1049 350 1103 que
382 1035 658 1091 Catholici
687 1039 798 1092 alia
830 1047 1146 1113 martyrum
1174 1051 1296 1100 acta
1323 1047 1748 1120 deprompsere,
1781 1035 1931 1110 unde

230 1121 486 1190 privatos
515 1126 796 1194 quosdam
827 1127 1061 1184 domum
1092 1133 1370 1189 habendis
1402 1137 1658 1194 tidelium
1694 1143 1930 1196 coetibus

228 1208 412 1278 (quod
458 1209 542 1262 illi
582 1214 1004 1270 contendebant
1049 1220 1208 1273 nulla
1235 1223 1456 1277 ratione
1504 1227 1754 1296 potuisse
1782 1229 1926 1299 ﬁeri)

226 1313 396 1351 suam
429 1301 902 1368 accommodasse,
931 1304 1048 1359 imo
1078 1307 1251 1362 etiam
1281 1314 1589 1367 nonnullos
1619 1315 1680 1368 in
1707 1333 1927 1372 carcere

226 1385 356 1454 ipso
391 1387 745 1456 Baptismum
775 1392 1008 1446 collecta
1028 1395 1211 1463 plebis
1232 1397 1444 1453 ibidem
1469 1401 1616 1455 facta
1645 1406 1925 1475 accepisse

222 1475 524 1528 constabat
568 1477 751 1545 (Ibid.,
799 1495 958 1549 capp.
999 1483 1122 1546 433,
1175 1487 1300 1551 449,
1350 1489 1475 1554 451,
1507 1491 1652 1560 453).
1711 1492 1926 1556 Quibus

222 1561 497 1628 recitatis,
528 1579 644 1617 non
674 1568 852 1620 semel
882 1571 1275 1638 pronuntiavit
1304 1575 1591 1631 Tribunus
1621 1579 1923 1636 duodecim

221 1649 627 1720 episcoporum
675 1654 1001 1721 concilium,
1047 1660 1214 1729 quale
1263 1663 1515 1718 Cirtense
1552 1666 1756 1733 fuerat,
1789 1673 1923 1723 tunc

221 1736 407 1801 facile,
457 1740 714 1808 quamvis
742 1745 1148 1812 persecutionis
1188 1754 1464 1820 tempore,
1509 1755 1758 1823 potuisse
1787 1773 1920 1810 con-

219 1826 453 1894 gregari
497 1829 721 1894 (Brevic.
773 1833 961 1886 Collat.
997 1836 1048 1900 3,
1092 1850 1151 1889 n.
1185 1839 1282 1903 33;
1334 1840 1524 1894 Collat.
1573 1843 1832 1912 Carthag.
1866 1847 1918 1912 3,

216 1928 340 1996 cap.
372 1915 523 1982 444).
547 1917 846 1972 Donatista
870 1924 1063 1975 autem
1093 1927 1216 1977 aeta
1239 1941 1358 1990 sua,
1385 1927 1679 1996 nimirum,
1711 1936 1773 1985 ut
1791 1949 1919 1986 vero

215 1985 406 2055 simile
456 2007 560 2067 est,
607 2011 933 2061 sanctorum
979 2009 1289 2080 Saturnini,
1336 2014 1518 2069 Dativi
1571 2022 1626 2072 et
1673 2019 1919 2073 aliorum

215 2087 347 2142 ideo
394 2090 809 2160 produxerunt,
842 2099 905 2148 ut
941 2095 1030 2150 his
1059 2099 1423 2155 ostenderent
1453 2102 1701 2158 Cirtense
1732 2106 1916 2159 conci-

211 2177 357 2230 lium
397 2182 654 2249 tempore
684 2184 1094 2250 persecutionis
1120 2186 1380 2242 habitum
1413 2189 1607 2259 fuisse,
1636 2209 1764 2246 cum
1796 2193 1917 2264 ipsa

209 2266 408 2334 pridie
447 2267 572 2320 idus
609 2268 924 2324 februarias
950 2272 1085 2326 anni
1118 2276 1504 2331 trecentesimi
1532 2281 1718 2349 quarti
1748 2287 1909 2336 nota-

208 2359 438 2408 rentur.
508 2356 781 2410 Catholici
825 2364 1040 2427 contra,
1078 2361 1228 2414 notis
1284 2367 1610 2433 temporum
1669 2369 1914 2424 necdum

209 2442 506 2509 discussis,
553 2445 882 2500 asserebant
940 2464 1056 2501 non
1100 2449 1272 2504 fuisse
1321 2451 1430 2506 nisi
1476 2453 1743 2509 undecim
1788 2462 1920 2526 post

208 2531 509 2585 mensibus
537 2533 909 2589 celebratum.
962 2537 1025 2589 Et
1054 2541 1202 2592 certe
1235 2539 1409 2610 elapsi
1447 2547 1608 2596 erant
1639 2559 1670 2596 a
1700 2552 1911 2616 marty—

207 2633 338 2672 rum
380 2619 640 2689 passione
671 2637 892 2675 menses
935 2624 1235 2692 tredecim;
1267 2629 1732 2700 quandoquidem
1763 2649 1912 2687 anno

207 2708 616 2762 trecentesimo
644 2709 845 2778 quinto
871 2711 1129 2766 habitum
1151 2713 1257 2768 fuit
1287 2717 1455 2770 tertio
1487 2734 1666 2772 nonas
1696 2721 1908 2776 martii.

203 2793 310 2848 Sed
345 2795 614 2849 Officium
644 2801 768 2851 tum
788 2800 1013 2854 concilii
1034 2801 1223 2871 hujus,
1247 2819 1376 2857 cum
1399 2810 1653 2860 actorum
1679 2807 1908 2863 illorum

205 2887 461 2954 tempus,
493 2884 863 2941 consideratis
891 2889 1218 2942 consulibus
1248 2907 1310 2943 ac
1349 2891 1546 2946 diebus
1577 2901 1908 2964 computare

202 2970 456 3040 iussum,
504 2988 686 3027 unum
726 2975 960 3029 omnino
990 2992 1244 3031 mensem
1281 2978 1661 3034 intercessisse
1690 2998 1903 3036 renun-

202 3059 390 3113 tiavit.
443 3061 516 3113 Ea
557 3077 618 3114 re
667 3062 934 3116 nonnihil
960 3065 1170 3119 turbati
1198 3070 1331 3120 sunt
1359 3067 1661 3136 Catholici;
1691 3071 1904 3142 quippe

203 3147 302 3218 qui
318 3151 718 3204 tantummodo
737 3155 864 3220 pest
881 3152 1103 3206 ﬁnitam
1125 3154 1498 3210 Collationem
1519 3157 1904 3228 deprehende-

204 3240 342 3290 runt
365 3252 569 3306 reapse
616 3242 738 3292 acta
785 3244 1101 3311 martyrum
1131 3241 1464 3297 Diocletiani
1495 3249 1551 3298 et
1580 3245 1905 3300 Maximiani

203 3325 527 3390 consulatu,
559 3331 717 3402 gesta
742 3332 935 3382 autem
965 3329 1233 3384 Cirtensis
1263 3332 1486 3386 concilii
1511 3337 1643 3403 post
1673 3351 1903 3389 eorum-

209 3412 342 3466 dem
373 3415 732 3468 consulatum
759 3416 1091 3486 consignata
1137 3435 1285 3488 esse;
1319 3419 1451 3474 hinc
1478 3437 1648 3491 porro
1676 3423 1899 3494 lapsum

204 3517 325 3555 esse
341 3501 630 3570 Officium,
651 3503 804 3573 quod
835 3504 894 3558 in
923 3505 1030 3572 his,
1060 3507 1300 3576 perinde
1325 3512 1496 3580 atque
1517 3509 1577 3563 in
1603 3510 1716 3564 illis
1741 3512 1902 3578 actis,

204 3603 320 3642 non
349 3593 478 3658 post
519 3590 898 3657 consulatum,
939 3593 1037 3646 sed
1073 3593 1408 3664 simpliciter
1435 3598 1791 3652 consulatum
1822 3600 1900 3653 le-

201 3676 378 3746 gisset
407 3678 632 3748 (Coltat.
677 3679 934 3745 Carthag.
982 3683 1035 3749 3,
1081 3697 1240 3751 capp.
1286 3685 1408 3750 433,
1458 3685 1584 3751 435,
1613 3688 1664 3737 et
1691 3687 1897 3740 Brevic.

203 3767 406 3820 Cottat.
451 3768 505 3833 3,
551 3781 608 3819 n.
636 3766 742 3834 32).
778 3767 1022 3837 Longior
1055 3767 1154 3822 illa
1182 3769 1292 3823 fuit
1319 3771 1652 3841 disceptatio
1684 3773 1752 3826 de
1781 3773 1899 3827 Cir-

201 3852 379 3906 tensis
423 3853 646 3906 concilii
672 3854 831 3920 actis,
867 3871 1053 3925 neque
1083 3857 1390 3910 Donatista
1420 3859 1595 3912 ﬁnem
1621 3858 1902 3914 faciebant

203 3940 450 4011 urgendi
471 3940 807 4006 Catholicos,
837 3946 898 3994 ut
923 3957 990 3994 ea
1007 3943 1368 4012 supposititia
1389 3949 1558 4016 atque
1578 3945 1900 4000 adulterina

198 4043 324 4081 esse
369 4027 687 4080 faterentur
732 4044 746 4080 :
796 4029 1023 4082 tametsi
1066 4030 1328 4084 fraudem
1372 4032 1464 4085 hic
1505 4032 1710 4088 factam
1740 4034 1899 4088 nullo

197 4114 312 4184 ipsi
342 4115 784 4184 comprobarent
805 4122 1142 4186 argumento
1167 4118 1362 4189 (Epist.
1391 4122 1510 4187 141,
1533 4135 1589 4174 n.
1619 4120 1724 4190 11).
1755 4126 1896 4178 Cum

195 4203 433 4258 tandem
480 4203 836 4258 Marcellinus
881 4204 1156 4272 evicisset,
1210 4213 1268 4262 ut
1299 4207 1367 4262 de
1397 4209 1658 4263 Romana
1683 4211 1898 4279 synodo

199 4291 632 4362 responderent,
685 4291 1012 4360 Miltiadem,
1045 4311 1158 4364 quo
1195 4296 1439 4366 praside
1468 4295 1664 4350 habita
1691 4297 1895 4366 fuerat,

199 4380 474 4434 dixerunt
498 4379 814 4434 traditionis
843 4397 1007 4435 reum
1039 4401 1055 4435 :
1089 4398 1262 4452 quam
1294 4383 1711 4438 accusationem
1740 4385 1899 4439 vanis

199 4469 542 4538 quibusdam
562 4484 625 4522 ac
647 4469 909 4524 futilibus
929 4471 1272 4526 testimoniis
1293 4471 1647 4526 adornabant
1675 4473 1892 4541 (Collat.

200 4557 470 4624 Carthag.
505 4561 558 4622 3,
587 4572 707 4625 cap.
739 4558 890 4626 471).

267 4647 326 4700 9.
369 4646 472 4698 Ubi
503 4644 620 4698 visa
650 4650 754 4711 est,
788 4646 1028 4717 quastio
1056 4647 1125 4701 de
1155 4649 1414 4702 Romano
1439 4649 1622 4720 deque
1652 4651 1893 4704 Cirtensi

199 4731 442 4786 concilio
455 4733 681 4787 abunde
699 4733 970 4804 discussa,
1001 4735 1360 4789 Constantini
1384 4735 1456 4790 ad
1478 4737 1800 4790 Eumalium
1823 4738 1893 4791 de

199 4821 500 4890 sententia,
515 4837 628 4891 qua
649 4821 906 4892 partibus
930 4822 1138 4877 auditis
1152 4821 1514 4877 Caecilianum
1528 4823 1894 4878 innocentem

201 4908 320 4977 ipse
351 4909 767 4978 pronuntiaret,
813 4911 1018 4965 littera
1047 4911 1312 4981 perlecta
1353 4915 1486 4964 sunt
1517 4911 1698 4979 (Ibid.,
1731 4927 1890 4980 capp.

202 5001 323 5062 515,
373 4998 522 5067 530).
574 4998 668 5051 llis
714 4999 866 5069 quod
909 4999 1081 5070 objici
1122 5003 1336 5069 posset,
1380 4999 1519 5052 nihil
1551 4999 1894 5053 invenerunt

203 5085 527 5152 Donatista,
558 5085 670 5138 nisi
709 5087 862 5156 quod
905 5087 1146 5141 cavillati
1177 5092 1329 5156 sunt,
1367 5104 1462 5142 eas
1501 5087 1739 5140 nomina
1763 5102 1893 5140 con-

199 5173 387 5228 sulum
430 5189 548 5228 non
577 5174 846 5243 praeferre
872 5190 884 5227 :
916 5175 1012 5229 sed
1041 5175 1316 5245 Cognitor
1344 5191 1411 5230 ea
1436 5191 1497 5229 re
1530 5190 1892 5246 nequaquam

199 5257 477 5316 inﬁrmari
505 5261 845 5331 rescriptum
877 5261 1179 5316 declaravit
1209 5263 1397 5331 (Ibid.,
1422 5278 1582 5331 capp.
1609 5266 1733 5331 523,
1765 5264 1889 5327 525,

200 5348 344 5418 528).
376 5353 448 5404 At
488 5349 760 5404 continuo
789 5353 937 5419 post,
969 5349 1302 5403 earumdem
1341 5350 1663 5404 litterarum
1693 5365 1889 5404 exem-

197 5434 378 5503 plum,
410 5436 468 5491 in
498 5453 612 5507 quo
643 5436 899 5490 consules
917 5436 1583 5506 notabantur,repertum
1600 5441 1684 5492 est
1705 5437 1888 5507 (lbid.,

199 5537 316 5591 cap.
340 5526 486 5592 534).
507 5525 650 5579 Tum
673 5523 758 5580 illi
777 5523 1026 5580 adaliani
1038 5523 1469 5594 responsionem
1489 5526 1887 5596 confugerunt,

1730 300 1933 358 LIBER
1970 302 2240 363 SEXTUS.

235 418 456 472 bantur
478 420 538 474 in
566 422 922 491 passionibus
951 427 1066 480 suis
1097 445 1155 483 se
1189 431 1480 487 collectam
1503 441 1558 490 et
1587 438 1940 496 dominicum

235 506 446 577 egisse.
481 510 841 582 Quapropter
867 515 1102 584 petiere,
1129 522 1191 570 ut
1218 535 1248 572 e
1278 521 1395 574 suis
1414 523 1653 594 aliquos,
1679 544 1712 580 a
1733 529 1939 598 quibus

233 599 370 648 acta
415 596 815 666 hujuscemodi
862 602 1246 660 confessiones
1295 609 1619 666 exhibentia
1666 596 1936 672 afferren-

3636 337 3743 391 430

2053 433 2108 482 et
2146 431 2379 501 quidem
2427 434 2579 489 haud
2623 439 2794 507 paulo
2837 441 3183 511 solidiorem,
3228 447 3271 500 si
3321 451 3491 505 modo
3519 455 3742 510 veritati

2051 523 2195 572 esset
2221 519 2434 576 innixa.
2467 524 2737 580 Dixerunt
2764 527 2974 600 itaque,
3003 537 3134 599 post
3162 533 3356 590 datum
3380 537 3518 594 illud
3548 545 3742 598 rescri-

2048 610 2232 675 ptum,
2265 609 2334 662 ab
2363 611 2563 665 eodem
2596 614 2852 686 principe
2889 620 3329 676 condemnatum
3368 625 3539 681 fuisse
3571 631 3739 684 Caci-

2048 694 2286 762 lianum,
2313 699 2546 770 ejusque
2592 701 2674 754 rei
2714 703 2979 774 Optatum
3018 711 3218 763 testem
3254 727 3375 765 esse
3399 714 3584 783 (Ibid.,
3617 734 3736 787 cap.

2046 785 2189 850 532).
2214 786 2338 839 1am
2360 791 2490 841 ante
2512 795 2870 859 rogaverant,
2899 799 2961 846 ut
2989 799 3325 852 recitaretur
3344 800 3500 854 locus
3529 785 3738 872 Optati,

2045 875 2101 924 et
2131 872 2239 926 hoc
2270 874 2626 930 Marcellinus
2665 885 2996 934 curaturum
3028 899 3148 936 sese
3178 887 3521 954 promiserat
3553 906 3564 942 :
3605 908 3740 962 qua-

2042 964 2298 1028 propter,
2325 977 2455 1016 cum
2477 963 2616 1018 illud
2643 967 2889 1021 secundo
2908 970 3221 1039 petiissent,
3238 991 3487 1030 annuere
3509 994 3738 1050 quoque

2044 1047 2333 1114 Catholici,
2398 1052 2585 1120 palam
2641 1056 2834 1107 tamen
2889 1059 3192 1112 contestati
3244 1062 3423 1130 prius,
3484 1047 3736 1122 errorem

2041 1133 2296 1202 ejusdem
2345 1139 2610 1204 auctoris,
2645 1140 2692 1193 si
2737 1141 2883 1196 forte
2927 1159 3058 1197 eum
3090 1145 3204 1199 labi
3233 1149 3577 1219 contigisset,
3629 1153 3737 1208 sibi

2039 1220 2265 1275 officere
2313 1223 2757 1296 haudquaquam
2805 1245 3002 1298 posse;
3065 1235 3527 1305 quandoquidem
3583 1239 3736 1294 illius

2039 1309 2246 1379 scripta
2275 1326 2387 1363 non
2427 1312 2690 1368 habenda
2728 1322 2916 1370 essent
2947 1319 3014 1372 ab
3047 1322 3274 1376 errandi
3306 1325 3630 1380 conditione
3660 1327 3733 1382 li-

2036 1396 2191 1463 bera,
2219 1399 2369 1467 quod
2396 1399 2562 1454 unius
2583 1407 2704 1456 erat
2723 1403 3027 1475 Scriptura
3049 1410 3335 1464 canonica
3359 1409 3540 1479 (Ibid.,
3569 1431 3728 1484 capp.

2034 1485 2160 1549 480,
2199 1487 2325 1552 482,
2359 1488 2508 1559 533).
2544 1491 2751 1544 Verum
2789 1492 2932 1547 illud
2965 1511 3144 1550 unum
3173 1497 3594 1568 deprehensum
3625 1508 3729 1571 est,

2037 1571 2294 1627 videlicet
2335 1576 2604 1644 Optatum
2631 1579 2895 1646 scribere,
2929 1597 3032 1651 per
3069 1584 3425 1654 aliquantum
3455 1591 3729 1658 temporis

2036 1660 2235 1714 Brixia
2267 1662 2419 1732 pacis
2449 1681 2585 1734 ergo
2614 1667 2904 1721 detentum
2935 1671 3298 1725 Cacilianum
3338 1674 3509 1728 fuisse
3539 1676 3725 1745 (Ibid.,

2033 1763 2152 1816 cap.
2197 1752 2338 1816 536).
2365 1753 2507 1804 Tum
2529 1755 2946 1809 contenderunt
2966 1759 3291 1827 Donatista,
3315 1760 3582 1830 Optatum
3602 1780 3725 1817 ver-

2031 1834 2118 1888 bis
2150 1837 2503 1892 mollioribus
2543 1845 2842 1894 extenuare
2887 1843 3130 1897 voluisse
3181 1846 3464 1900 Caciliani
3492 1848 3726 1903 damna-

2031 1920 2263 1976 tionem.
2312 1923 2420 1978 Sed
2451 1941 2789 1994 responsum
2821 1932 2924 1993 est,
2956 1928 3161 1983 debere
3192 1932 3384 2002 itaque
3415 1933 3542 1987 illos
3571 1936 3726 1991 aliud

2030 2007 2441 2074 testimonium,
2495 2026 2608 2080 quo
2638 2011 2693 2065 id
2722 2012 3049 2082 probarent,
3092 2016 3409 2072 evidentius
3441 2021 3720 2090 reperire;

2029 2093 2085 2146 in
2115 2111 2228 2164 quo
2257 2112 2455 2150 eorum
2484 2097 2776 2168 diligentia
2801 2099 3010 2155 frustra
3045 2102 3170 2157 fuit.
3211 2105 3386 2159 Jussit
3415 2123 3547 2161 vero
3579 2110 3720 2164 Mar-

2027 2183 2262 2237 cellinus
2287 2184 2555 2254 paginam
2581 2187 2810 2254 codicis,
2840 2193 2905 2242 ut
2927 2189 3058 2244 inde
3091 2192 3280 2261 Optati
3308 2209 3507 2248 sensus
3527 2213 3718 2251 nosce-

2027 2275 2200 2334 retur,
2233 2276 2412 2326 totam
2441 2275 2665 2328 recitari
2698 2292 2712 2329 :
2744 2277 2906 2346 cujus
2935 2279 3174 2333 lectione
3195 2283 3400 2350 patuit,
3426 2284 3720 2354 proditum

2024 2359 2229 2413 litteris
2259 2361 2328 2414 ab
2357 2362 2558 2432 Optato
2589 2363 2782 2430 fuisse,
2807 2366 3114 2421 concilium
3144 2369 3460 2424 Romanum
3486 2387 3719 2426 omnem

2023 2447 2276 2501 criminis
2299 2449 2684 2518 suspicionem
2714 2468 2748 2505 a
2779 2453 3080 2508 Caciliano
3105 2457 3386 2511 sententia
3407 2475 3507 2512 sua
3530 2475 3717 2513 remo-

2022 2533 2192 2589 visse.
2233 2537 2309 2589 Ex
2338 2535 2434 2590 illo
2466 2538 2620 2592 enim
2643 2539 2714 2592 ab
2745 2539 2943 2594 Officio
2972 2543 3276 2598 recitatum
3303 2550 3388 2599 est
3422 2563 3434 2600 :
3472 2548 3720 2602 Cacilia-

2021 2638 2124 2676 nus
2151 2627 2388 2678 omnium
2412 2640 2582 2696 supra
2609 2635 3023 2683 memoratarum
3061 2636 3338 2687 sententiis
3367 2637 3615 2689 innocens
3639 2640 3717 2690 est

2019 2715 2425 2779 pronuntiatus.
2473 2714 2632 2778 Quod
2664 2731 2794 2768 cum
2827 2716 3182 2783 recitaretur,
3218 2719 3521 2775 Donatista
3559 2722 3716 2776 dixe-

2021 2803 2158 2851 runt
2187 2799 2295 2852 hoc
2326 2817 2384 2853 se
2411 2816 2528 2854 non
2555 2802 2784 2870 petiisse
2813 2803 3058 2870 recitari,
3079 2804 3364 2876 simulque
3395 2811 3713 2864 stomacha-

2018 2885 2227 2938 bantur
2255 2887 2522 2940 adversus
2551 2905 2664 2954 eos,
2699 2889 2799 2958 qui
2823 2890 3003 2944 risum
3027 2896 3220 2946 tenere
3250 2899 3710 2964 nonvpotuerant,

2017 2988 2146 3026 cum
2199 2973 2490 3028 audissent
2541 2991 2714 3046 quam
2768 2981 3020 3046 apertam
3075 2983 3270 3032 contra
3327 2997 3384 3034 se
3439 2982 3711 3052 paginam

2016 3059 2402 3127 protulissent.
2451 3061 2559 3115 Sed
2605 3062 2739 3132 quia
2789 3063 2934 3116 risus
2962 3081 3077 3118 non
3106 3071 3331 3135 poterat
3352 3069 3706 3124 notariorum

2016 3147 2224 3200 tabulis
2260 3147 2460 3218 excipi,
2505 3149 2692 3204 verbis
2741 3151 3047 3206 Donatista
3077 3153 3193 3207 suis
3221 3154 3371 3223 apud
3400 3157 3534 3210 Acta
3566 3157 3710 3212 risos

2016 3251 2074 3288 se
2117 3251 2237 3289 esse
2280 3236 2468 3290 testati
2499 3241 2649 3302 sunt,
2685 3255 2814 3293 cum
2853 3239 3126 3308 dicerent,
3169 3242 3419 3296 Audiant
3451 3246 3547 3312 qui
3573 3247 3706 3299 rise-

2013 3329 2142 3378 runt
2175 3340 2188 3378 :
2221 3324 2377 3394 quod
2401 3323 2471 3378 ab
2500 3326 2892 3396 exceptoribus
2923 3328 3216 3398 scriptum,
3251 3333 3306 3383 et
3333 3345 3366 3383 a
3398 3331 3707 3386 Donatistis

2014 3410 2394 3482 subscriptum
2419 3417 2504 3467 est
2527 3414 2759 3483 (Brevic.
2793 3416 2993 3471 Collat.
3029 3419 3082 3486 3,
3112 3433 3168 3471 η.
3203 3419 3290 3484 38,
3322 3423 3372 3471 et
3401 3419 3493 3474 Ad
3513 3422 3702 3475 Donat.

2012 3504 2132 3568 post
2157 3501 2384 3567 Collat.,
2409 3517 2466 3555 n.
2501 3502 2607 3569 54).

2087 3591 2172 3643 10.
2208 3588 2307 3641 Hic
2334 3589 2451 3658 jam
2480 3592 2820 3658 apertissime
2867 3607 2963 3646 nos
3001 3591 3265 3662 adjuvare
3297 3600 3586 3664 caperunt,
3618 3595 3706 3649 in-

2012 3675 2138 3744 quit
2163 3675 2534 3745 Augustinus,
2564 3683 2826 3746 tanquam
2859 3694 2892 3730 a
2936 3680 3090 3732 nobis
3119 3687 3297 3736 essent
3321 3684 3595 3749 instructi,
3627 3685 3711 3739 vel

2012 3767 2273 3829 tanquam
2310 3763 2585 3816 nobiscum
2615 3765 2688 3817 ad
2717 3767 3075 3819 innocentiam
3114 3769 3388 3822 Caeciliani
3416 3770 3706 3836 defenden-

2010 3848 2138 3901 dam
2180 3849 2672 3917 declarandamque
2715 3851 2904 3904 delecti
2949 3853 3057 3920 (Ad
3092 3856 3406 3908 Donatistas
3428 3862 3554 3924 post
3583 3860 3705 3912 Col-

2011 3937 2136 4000 lat.,
2157 3952 2212 3991 n.
2247 3939 2352 4006 54).
2379 3937 2528 4001 Quin
2557 3937 2674 3992 imo
2705 3939 2809 3992 hac
2836 3939 2895 3991 in
2915 3945 3074 4008 parte
3093 3941 3470 4010 ipsorummet
3500 3944 3703 3997 Catho-

2011 4024 2248 4077 licorum
2279 4025 2641 4080 sedulitatem
2673 4025 2925 4080 vicerunt
2965 4042 2978 4080 :
3027 4027 3238 4081 etenim
3269 4045 3373 4097 pro
3405 4030 3705 4085 Caciliano

2011 4118 2384 4167 monumenta
2431 4114 2706 4168 Catholici
2752 4113 2985 4185 quidem
3015 4115 3170 4178 bina,
3208 4116 3290 4169 illi
3320 4122 3512 4171 autem
3561 4135 3704 4188 qua-

2009 4204 2170 4255 terna
2205 4201 2264 4254 in
2310 4201 2566 4256 medium
2611 4203 2904 4272 protulere
2938 4203 3140 4272 (Epist.
3181 4206 3265 4272 l4,
3297 4221 3353 4260 n.
3394 4206 3495 4272 12),
3527 4205 3702 4259 nimi-

2007 4304 2137 4342 rum
2172 4289 2360 4359 Optati
2390 4288 2781 4344 testimonium
2814 4306 2942 4344 cum
2974 4291 3157 4344 tribus
3187 4291 3311 4344 aliis
3341 4292 3700 4358 lectionibus,

2007 4393 2250 4448 quarum
2286 4377 2427 4432 duas
2466 4377 2753 4439 Catholici,
2775 4394 2904 4432 cum
2928 4378 3038 4432 illis
3060 4378 3318 4433 instructi
3350 4396 3461 4433 non
3494 4385 3700 4445 essent,

2007 4465 2239 4519 maximi
2268 4471 2490 4536 emptas
2519 4466 2827 4521 voluissent
2853 4466 2974 4536 (Ad
3000 4469 3308 4522 Donatistas
3337 4473 3456 4536 post
3485 4469 3699 4533 Collat.,

2003 4570 2060 4608 τι.
2102 4554 2208 4621 54).
2266 4555 2398 4607 Erat
2448 4553 2555 4607 hoc
2611 4554 2681 4608 ab
2735 4553 2804 4606 iis
2861 4553 3198 4619 docendum,
3254 4555 3618 4609 Cacilianum
3667 4573 3699 4609 a

2006 4642 2396 4707 Constantino,
2449 4641 2548 4710 qui
2578 4658 2730 4705 eum,
2762 4645 2824 4694 ut
2849 4639 3121 4695 Catholici
3149 4642 3698 4712 demonstraverant,

2003 4729 2195 4798 priore
2237 4727 2454 4798 judicio
2511 4728 2846 4793 absolverat,
2901 4727 2960 4781 in
3016 4729 3317 4798 posteriori
3373 4731 3698 4801 cognitione

2003 4816 2175 4870 fuisse
2205 4816 2538 4869 damnatum
2564 4815 2747 4884 :quod
2770 4822 2834 4868 ut
2862 4814 3173 4882 efficerent,
3201 4817 3513 4887 supplicem
3537 4819 3703 4872 libel-
3757 4821 3760 4824 ⁴

2003 4905 2123 4958 lum
2155 4903 2336 4957 eidem
2369 4903 2616 4972 principi
2647 4903 2718 4955 ab
2752 4918 2810 4954 se
2835 4901 3092 4956 oblatum
3121 4905 3516 4972 produxerunt
3544 4909 3697 4971 (Bre-

2002 4996 2106 5047 vic.
2139 4991 2328 5047 Collat.
2368 4993 2420 5057 3,
2463 5005 2556 5044 nn.
2609 4992 2695 5054 39,
2741 4989 2862 5059 40);
2914 5006 3026 5060 quo
3072 5007 3206 5044 sane
3248 4997 3303 5045 et
3351 4994 3476 5046 illos
3515 4994 3585 5046 ab
3631 5010 3698 5046 eo

2002 5081 2427 5144 condemnatos,
2482 5082 2538 5131 et
2581 5077 2922 5131 declaratam
2968 5077 3254 5132 Caeciliani
3281 5079 3694 5148 innocentiam,

2003 5169 2356 5239 exploratum
2405 5170 2545 5221 erat.
2588 5165 2728 5220 Dein
2768 5164 3130 5235 imperatoris
3161 5168 3464 5221 memorati
3488 5168 3557 5221 ad
3590 5169 3695 5222 Ve-

2005 5258 2193 5312 rinum
2245 5257 2460 5310 litteras
2496 5255 2760 5320 intulere,
2793 5254 3001 5324 quibus
3030 5269 3124 5307 eos
3165 5255 3414 5325 graviter
3448 5255 3694 5310 detesta-

2000 5352 2114 5414 tus,
2147 5345 2463 5416 nequitiam
2491 5359 2690 5398 eorum
2718 5343 2944 5397 Domini
2967 5342 3202 5413 judicio,
3231 5343 3329 5414 qui
3352 5343 3542 5413 jamin
3568 5344 3695 5398 illos

2000 5437 2247 5505 coeperat
2307 5433 2616 5499 vindicare,
2677 5431 3018 5486 dimittebat.
3063 5432 3129 5486 In
3171 5449 3268 5486 eos
3314 5431 3502 5486 afferri
3551 5432 3695 5486 nihil

2025 5527 2251 5595 poterat
2287 5521 2664 5590 luculentius;
2711 5537 2898 5593 neque
2946 5520 3002 5574 id
3051 5535 3148 5574 eos
3195 5513 3430 5575 forsitan
3478 5521 3666 5574 lateba
