4062 6418
380 318 475 370 431

379 453 580 493 verum
613 454 644 490 a
672 435 922 491 Tribuno
961 433 1366 505 impetraturos
1395 452 1452 488 se
1483 435 1786 506 sperabant
1811 435 2070 488 eamdem

379 527 725 592 libertatem,
740 539 913 594 quam
936 539 967 577 a
989 524 1360 578 Constantino
1382 539 1486 594 per
1508 525 1675 578 hasce
1703 523 1922 578 litteras
1944 540 2071 594 per-

381 615 613 669 missam
651 613 790 684 ipsis
829 628 948 666 esse
972 612 1205 682 patebat
1237 629 1248 666 :
1292 613 1388 665 sed
1417 613 1513 666 ille
1547 612 1697 666 aliud
1727 611 1835 665 sibi
1863 613 1934 665 ab
1965 613 2072 665 Ho-

380 704 544 758 norio
587 705 935 772 praeceptum
981 717 1101 753 esse
1129 700 1428 770 respondit
1468 701 1678 770 (Collat.
1727 701 1985 767 Carthag.
2019 705 2071 765 3,

381 807 539 861 capp.
595 793 715 850 155,
769 788 914 858 552).
961 789 1149 858 Atque
1195 789 1338 842 adeo
1385 788 1530 842 nihil
1583 788 1738 842 aliud
1785 788 2073 841 consecuti

381 884 514 934 sunt
542 877 776 948 prolatis
803 881 888 930 tot
915 875 1332 950 instrumentis,
1363 876 1476 929 nisi
1503 880 1570 930 ut
1592 877 1746 946 ipsos
1775 875 2074 930 damnatos

380 967 555 1022 fuisse
603 965 792 1037 palam
839 963 1029 1030 ﬁeret;
1081 963 1367 1034 simulque
1405 963 1875 1018 convincerentur
1901 978 2073 1033 quam

380 1055 578 1126 inique
609 1052 910 1108 Catholicis
936 1051 1132 1105 odium
1157 1057 1214 1106 et
1233 1052 1506 1105 invidiam
1535 1055 1772 1122 propter
1798 1050 1858 1103 id
1887 1049 2071 1103 conci-

380 1144 622 1207 tassent;
654 1139 808 1211 quod
839 1139 987 1208 apud
1020 1140 1430 1208 Imperatorem
1454 1154 1681 1192 causam
1705 1137 1950 1208 egissent
1976 1139 2072 1191 Ec-

381 1230 593 1295 clesiaa;
628 1243 758 1281 cum
787 1229 843 1280 et
871 1225 979 1297 ipsi
1005 1225 1368 1280 Caecilianum
1391 1244 1422 1280 a
1452 1226 1764 1296 majoribus
1784 1225 1899 1279 suis
1921 1225 2070 1296 apud

383 1316 814 1374 Constantinum
842 1314 1158 1368 faterentur
1187 1319 1531 1381 accusatum,
1564 1313 1748 1384 iisque
1777 1313 2074 1383 agentibus

382 1407 452 1461 ab
475 1406 574 1460 illo
603 1404 954 1468 damnatum,
989 1401 1096 1455 etsi
1118 1401 1488 1468 mendaciter,
1517 1401 1847 1471 jactitarent
1877 1403 2070 1470 (Epist.

386 1497 510 1564 141,
540 1511 595 1548 n.
641 1492 716 1563 8).
761 1493 887 1545 lam
928 1490 1264 1544 videbantur
1293 1490 1495 1544 afferre
1523 1489 1670 1544 nihil
1699 1506 1883 1561 posse,
1918 1489 2075 1560 quod

384 1580 686 1637 Ecclesium
714 1577 1058 1632 cumulatius
1087 1578 1382 1648 adjuvaret
1405 1594 1417 1631 :
1451 1578 1770 1632 attulerunt
1797 1581 2076 1644 tamen,et

380 1682 496 1721 non
521 1682 679 1720 secus
718 1681 782 1718 ac
821 1665 1050 1717 Balaam
1091 1663 1269 1718 invito
1309 1664 1503 1718 animo
1535 1664 1635 1718 Dei
1663 1665 1881 1735 populo
1928 1665 2072 1719 bene

377 1758 640 1823 precatus
683 1757 796 1818 est;
846 1751 925 1804 sic
950 1751 1044 1804 isti
1073 1757 1270 1805 contra
1307 1754 1660 1806 voluntatem
1688 1753 1946 1822 partibus
1977 1754 2075 1806 Ec-

377 1841 563 1895 clesiae
595 1839 909 1904 catholicae,
942 1840 1057 1892 Deo
1079 1839 1482 1908 compellente,
1505 1841 1719 1895 mirum
1750 1841 1809 1895 in
1837 1840 2072 1894 modum

377 1931 663 1984 faverunt.
703 1926 925 1996 Quippe
955 1926 1013 1979 in
1034 1942 1156 1980 rem
1189 1927 1447 1981 Ecclesia:
1477 1933 1618 1994 erat,
1652 1929 1896 1982 Felicem
1927 1943 2068 1997 quo-

378 2034 489 2089 que
507 2020 963 2088 Aptungensem,
993 2030 1025 2067 a
1055 2030 1167 2084 quo
1188 2015 1376 2070 fuerat
1401 2016 1695 2070 ordinatus
1716 2016 2070 2077 Caecilianus,

376 2107 740 2160 innocentem
786 2104 1174 2158 demonstrare
1215 2119 1228 2156 :
1277 2104 1439 2173 cujus
1487 2104 1723 2174 quidem
1769 2103 1853 2157 rei
1896 2103 2070 2158 docu-

375 2197 573 2249 menta
600 2191 900 2247 Catholicis
946 2190 1019 2243 ad
1063 2206 1297 2244 manum
1336 2195 1514 2257 erant,
1551 2197 1611 2246 ut
1643 2208 1730 2258 ea,
1757 2191 1857 2246 ubi
1888 2207 2070 2244 causa:

375 2283 522 2336 ratio
561 2281 622 2335 id
663 2279 996 2350 postularet,
1029 2278 1431 2347 depromerent
1465 2296 1478 2333 :
1519 2295 1706 2350 neque
1737 2283 1931 2333 tamen
1959 2278 2071 2332 illis

374 2369 614 2424 forsitan
649 2367 741 2421 usi
791 2369 998 2431 essent,
1045 2367 1271 2436 quando
1319 2367 1456 2420 satis
1495 2367 1727 2421 aliunde
1765 2366 2072 2420 manifesta

375 2461 498 2511 erat
540 2453 826 2510 Caeciliani
872 2452 1213 2508 innocentia.
1255 2454 1362 2508 Sed
1393 2454 1548 2524 ipsos
1580 2454 1888 2508 Donatistas
1917 2471 2068 2524 prae-

376 2547 690 2609 verterunt,
722 2546 778 2596 et
821 2541 1196 2607 Constantini,
1231 2542 1387 2613 quod
1411 2543 1658 2596 fac-turos
1689 2543 1816 2596 illos
1845 2558 2067 2613 speras-

376 2638 461 2687 set
487 2647 675 2692 nemo,
708 2630 922 2685 litteras
945 2629 1006 2682 in
1045 2629 1231 2684 medio
1262 2646 1523 2700 posuere,
1558 2631 1786 2702 quibus,
1821 2631 2070 2685 discussa

377 2737 565 2787 causa,
596 2719 839 2772 Felicem
869 2734 903 2771 a
931 2717 1252 2772 traditionis
1290 2718 1530 2772 crimine
1559 2719 1864 2773 liberatum
1894 2719 2067 2773 fuisse

377 2807 744 2879 agnoscebat;
791 2806 1058 2877 idemque
1106 2806 1466 2872 decernebat,
1515 2812 1579 2861 ut
1619 2806 1935 2877 Ingentius,
1969 2806 2068 2878 qui

373 2899 639 2952 adversus
686 2895 948 2962 Felicem,
999 2895 1206 2951 falsum
1244 2912 1302 2949 se
1348 2895 1547 2949 fecisse
1592 2895 1772 2950 fassus
1821 2900 1962 2962 erat,
1995 2896 2066 2950 ad

372 2987 739 3052 Comitatum,
765 2984 865 3038 ubi
892 2983 1177 3038 Caeciliani
1197 2989 1554 3038 accusatores
1574 2984 1800 3038 molesti
1819 2984 2066 3038 nimium

371 3090 435 3129 ac
463 3075 777 3145 pertinaces
805 3072 1135 3126 confutandi
1168 3077 1352 3139 erant,
1383 3072 1727 3127 mitteretur.
1757 3073 2065 3126 Donatistae

370 3164 586 3217 litteras
629 3163 776 3227 illas,
820 3161 958 3229 ipsis
989 3161 1357 3214 vehementer
1384 3160 1664 3225 adversas,
1697 3176 1764 3214 eo
1809 3161 2064 3230 profere-

367 3251 530 3318 bant,
577 3249 732 3319 quod
761 3264 855 3301 eas
884 3247 1167 3301 sententia
1195 3247 1256 3300 in
1295 3247 1453 3316 ipsos
1483 3264 1516 3300 a
1545 3248 1922 3302 Constantino
1954 3250 2067 3304 lata

369 3337 713 3409 posteriores
753 3335 952 3388 haberi
976 3335 1187 3388 vellent
1223 3350 1236 3388 :
1270 3350 1382 3404 quo
1413 3334 1678 3389 videlicet
1706 3351 1934 3390 causam
1966 3352 2064 3392 eo-

372 3425 503 3478 dem
555 3423 652 3476 illo
703 3419 920 3491 judicio
973 3419 1384 3490 persuaderent
1419 3419 1643 3474 finitam
1691 3422 1848 3475 nullo
1892 3423 2064 3477 modo

369 3511 572 3576 fuisse;
605 3513 773 3580 atque
814 3508 953 3562 adeo
983 3507 1298 3561 examinari
1328 3512 1611 3578 oportere,
1659 3509 1797 3578 quid
1829 3510 2063 3580 hujusce

369 3597 616 3671 Ingentii
659 3597 989 3652 missionem
1038 3599 1186 3650 esset
1220 3601 1584 3650 consecutum
1616 3597 1726 3666 (Ad
1754 3600 2063 3653 Donatistas

364 3693 490 3758 post
530 3687 743 3752 Collat.,
790 3701 846 3739 n.
900 3686 1012 3752 55).
1046 3684 1155 3738 Sed
1198 3684 1652 3754 respondebatur
1681 3701 1714 3738 a
1737 3685 2058 3754 Catholicis,

369 3777 514 3832 nihil
545 3775 790 3844 amplius
823 3789 942 3828 esse
973 3772 1153 3840 dubii,
1174 3773 1314 3843 quin
1335 3772 1628 3826 absolutus
1647 3772 1846 3828 fuisset
1864 3792 1897 3828 a
1923 3776 2062 3829 Con-

367 3865 615 3921 stantino
655 3864 1012 3927 Caseilianus;
1050 3862 1289 3932 jamque
1327 3863 1434 3915 hoc
1463 3861 1575 3915 illis
1616 3862 1968 3930 incumbere,
2001 3869 2062 3918 ut

366 3955 690 4010 institutum
716 3953 960 4006 alterum
984 3950 1267 4021 judicium
1288 3949 1642 4020 argumentis
1669 3950 1939 4020 legitimis
1964 3953 2062 4006 do-

365 4046 558 4096 cerent
586 4039 810 4110 (Brevia.
841 4039 1031 4094 Collat.
1061 4040 1114 4102 3,
1142 4053 1198 4090 η.
1238 4037 1349 4105 42).
1382 4036 1529 4100 Quin
1570 4041 1788 4106 postea,
1841 4039 2060 4093 collatis

363 4134 514 4186 inter
545 4146 603 4184 se
631 4134 956 4198 temporum
972 4129 1144 4192 notis,
1168 4127 1520 4180 intellectum
1552 4131 1636 4180 est
1665 4129 1916 4197 Ingentii
1934 4146 2061 4183 cau-

365 4236 486 4274 sam
532 4217 886 4272 absolutione
931 4213 1218 4268 Caeciliani
1267 4213 1519 4283 priorem
1569 4215 1866 4270 exstitisse.
1919 4218 2059 4272 Hinc

362 4306 595 4362 interim
639 4304 782 4358 illud
819 4301 1143 4371 compendii
1172 4302 1475 4355 accedebat
1520 4301 1840 4368 Catholicis,
1881 4304 2053 4372 quod,

364 4395 570 4467 quibus
614 4391 954 4446 testimoniis
999 4390 1306 4443 utebantur
1353 4389 1677 4456 adversarii,
1712 4406 1778 4443 ea
1819 4390 2056 4446 mirifice

363 4483 561 4538 Felicis
603 4479 991 4534 innocentiam
1040 4477 1425 4532 adstruebant.
1490 4479 1642 4532 Hanc
1697 4482 1888 4534 tamen
1943 4481 2054 4550 ipsi

363 4586 593 4644 quoque
621 4574 900 4640 praeterea
945 4567 1443 4631 conﬁrmaverunt,
1474 4566 1660 4620 oblata
1689 4566 1892 4620 Eliani
1923 4584 2052 4638 pro-

361 4659 624 4726 consulis,
656 4658 755 4729 qui
784 4658 852 4711 de
875 4672 1043 4710 causa
1071 4655 1223 4708 illius
1251 4659 1614 4724 cognoverat,
1656 4655 1930 4710 relatione
1979 4658 2051 4711 ad

361 4746 826 4814 Constantinum;
853 4747 970 4800 imo
993 4750 1048 4799 et
1068 4745 1204 4815 ipsis
1231 4744 1485 4814 ejusdem
1513 4743 1856 4814 cognitionis
1881 4746 2045 4813 actis;

358 4839 430 4892 ad
454 4852 583 4908 quas
615 4837 983 4888 monumenta
1012 4832 1165 4903 quod
1195 4837 1572 4902 opponerent,
1604 4831 1750 4886 nihil
1774 4833 2047 4902 ponderis

355 4926 594 4996 alicujus
622 4923 920 4977 inventum
951 4939 984 4975 a
1015 4920 1338 4975 Donatistis.

426 5019 510 5068 11.
546 5010 819 5067 Catholici
846 5009 1100 5078 tandem,
1140 5009 1237 5063 ubi
1281 5009 1474 5064 videre
1511 5010 1633 5080 jam
1672 5009 1808 5064 satis
1834 5026 1901 5064 ea
1930 5010 2043 5064 dis-

351 5120 514 5160 cussa
541 5117 682 5167 esse,
714 5116 844 5170 quas
874 5097 980 5152 sibi
1009 5098 1366 5152 defendenda
1396 5099 1638 5163 fuerant,
1665 5098 1954 5168 petierunt
1981 5102 2045 5153 ut

350 5195 507 5248 litem
530 5189 798 5260 Cognitor
819 5185 1100 5239 sententia
1129 5200 1229 5240 sua
1251 5184 1444 5238 ﬁniret
1465 5185 1680 5251 (Collat.
1705 5187 1960 5253 Carthag.
1988 5189 2039 5253 3,

346 5297 506 5352 capp.
537 5283 661 5348 57l,
694 5275 841 5347 576).
885 5273 1189 5328 Donatista}
1219 5278 1415 5326 contra
1444 5273 1640 5326 eadem
1671 5274 1791 5328 sine
1816 5274 1928 5327 ﬁne
1953 5275 2041 5328 in-

347 5371 643 5441 gerebant,
677 5371 734 5422 et
757 5380 887 5436 quas
908 5363 1017 5434 ipsi
1042 5379 1143 5433 pro
1166 5378 1222 5415 se
1253 5362 1578 5430 attulerant,
1595 5377 1662 5414 ea
1681 5362 2044 5432 queritaban-

347 5466 440 5514 tur
467 5475 533 5513 ex
561 5458 851 5512 voluntate
873 5451 1332 5508 adversariorum
1364 5450 1679 5504 adulterata
1706 5450 1894 5520 (Ibid.,
1916 5466 2036 5521 cap.

347 5551 489 5614 583).
552 5547 736 5609 Quare
784 5545 1075 5612 comperto
1125 5541 1238 5611 jam
1288 5539 1419 5595 novi
1464 5538 1853 5606 instrumenti,
1884 5539 2040 5608 quod

1585 312 1752 368 VITA
1793 313 1845 365 S.
1901 310 2282 368 AUGUSTINI
2341 315 2671 371 EPISCOPI.
3779 321 3889 372 432

2185 436 2491 506 legeretur,
2519 437 2661 490 nihil
2685 453 3001 506 superesse,
3022 437 3379 492 Marcellinus
3403 443 3591 508 partes
3610 444 3890 510 utrasque.

2184 524 2368 578 locum
2418 525 2717 579 sententia-3
2771 525 3082 579 scribendae
3133 525 3448 580 secedendo
3507 527 3642 581 dare
3689 528 3886 598 jussit.

2183 612 2393 666 Oborta
2414 613 2645 667 demum
2667 619 2831 668 nocte
2857 613 2965 680 (Ad
2985 616 3303 669 Donatistas
3322 620 3445 683 post
3465 616 3683 683 Collat.,
3707 633 3764 670 η.
3801 619 3886 686 16)

2186 698 2336 766 (nam
2370 697 2464 751 illa
2487 703 2649 752 astate
2679 715 2830 768 saepe
2863 698 3246 768 contingebat,
3281 703 3344 753 ut
3368 700 3588 770 judices
3615 701 3890 756 audiendi

2184 785 2511 840 necessitate
2537 803 2715 858 usque
2746 787 2818 840 ad
2849 787 3087 840 multam
3116 792 3344 842 noctem
3375 788 3570 842 sedere
3601 805 3883 861 cogeren-

2182 876 2295 938 tur,
2324 889 2427 927 nec
2455 873 2565 927 nisi
2595 879 2764 928 noctu
2795 874 2924 928 lites
2955 874 3334 946 dirimerent),
3367 876 3652 947 episcopis
3681 894 3886 933 rursus

2182 960 2467 1016 introduci
2520 962 2714 1032 jussis,
2775 963 3130 1017 Marcellinus
3185 963 3528 1018 sententiam
3567 966 3822 1021 recitavit
3870 985 3883 1022 :

2183 1065 2296 1119 qua
2320 1052 2502 1103 totum
2547 1049 2873 1103 summatim
2906 1049 3202 1120 negotium
3234 1051 3585 1122 complexus,
3613 1053 3885 1108 confuta-

2182 1141 2266 1190 tos
2310 1154 2342 1190 a
2383 1137 2685 1192 Catholicis
2732 1138 3055 1192 Donatistas
3103 1139 3362 1194 omnium
3406 1148 3883 1212 argumentorum

2182 1225 2644 1279 manifestatione
2672 1225 3084 1296 pronuntiavit.
3117 1227 3281 1291 Quod
3315 1232 3687 1300 posteaquam
3715 1232 3879 1286 evul-

2182 1316 2379 1382 gatum
2423 1317 2526 1380 est,
2580 1313 2788 1368 mirum
2829 1319 3037 1385 quanta
3085 1315 3298 1370 exstitit
3343 1317 3603 1372 omnium
3656 1319 3878 1386 laetitia,

2183 1402 2336 1472 quod
2379 1403 2526 1456 Deus
2555 1403 2807 1469 tandem,
2841 1419 2871 1456 a
2901 1403 3108 1474 quibus
3137 1407 3312 1458 staret
3353 1405 3580 1472 veritas,
3612 1424 3644 1461 a
3668 1408 3881 1478 quibus

2183 1496 2375 1546 autem
2423 1492 2783 1546 mendacium
2835 1497 3004 1562 atque
3042 1509 3221 1561 error,
3273 1494 3615 1564 prodidisset
3664 1498 3875 1566 (Collat.

2181 1581 2440 1648 Carthag.
2475 1583 2525 1648 3,
2555 1597 2712 1650 capp.
2748 1582 2870 1648 584,
2895 1581 3041 1651 585).

2829 1705 3052 1759 CAPUT
3090 1705 3232 1759 XIII.

2186 1813 2205 1863 l
2250 1811 2523 1876 Quantum
2544 1813 2826 1864 eminuerit
2846 1812 2902 1863 in
2925 1810 3216 1865 Collatione
3243 1810 3605 1878 Augustinus.
3639 1815 3672 1866 2
3697 1815 3878 1868 Dona-

2253 1902 2508 1953 tistarum
2539 1905 2664 1967 quot
2699 1901 2845 1952 tricas
2873 1914 2935 1951 ac
2963 1901 3447 1964 tergiversationes.
3481 1903 3510 1953 3
3543 1900 3713 1966 Quam
3738 1919 3880 1971 pru-

2251 1985 2437 2038 denter
2483 2000 2593 2038 sese
2621 1986 2844 2050 gesserit
2879 1985 3243 2039 Marcellinus.
3277 1985 3310 2038 4
3339 1987 3630 2041 DonatistaD
3658 1988 3732 2040 ad
3764 1991 3880 2043 1m-

2247 2079 2548 2142 peratorem
2590 2077 2905 2141 provocant.
2947 2075 2976 2125 5
3009 2073 3321 2126 Collationis
3359 2079 3485 2128 acta
3527 2077 3882 2133 Marcellinus

2248 2163 2450 2229 scripto
2489 2163 2546 2213 in
2591 2162 2955 2215 schismaticos
2984 2160 3155 2213 edicto
3180 2163 3514 2229 promulgat.
3548 2165 3578 2216 6
3617 2165 3682 2218 In
3726 2181 3879 2219 com—

2247 2249 2505 2318 pendium
2548 2250 2646 2303 illa
2689 2249 2889 2315 redigit
2916 2249 3279 2316 Augustinus.
3309 2253 3339 2302 7
3373 2252 3496 2305 Post
3527 2252 3876 2309 Collationem

2246 2339 2551 2405 frequentes
2589 2337 2663 2390 ad
2688 2339 2983 2392 Ecclesium
3014 2352 3069 2390 se
3096 2339 3364 2407 recipiunt
3392 2342 3705 2397 Donatistae.
3736 2345 3769 2396 8
3813 2345 3877 2398 In

2250 2425 2334 2477 his
2365 2427 2683 2478 nominatim
2713 2424 2952 2479 Gabinus
2984 2441 3045 2478 ac
3073 2427 3227 2491 virgo
3254 2427 3478 2480 Felicia.

2252 2532 2300 2582 l.
2336 2530 2387 2582 Is
2417 2529 2600 2583 exitus
2628 2529 2737 2582 fuit
2763 2530 3118 2584 celeberrimi
3149 2530 3302 2584 illius
3331 2539 3664 2601 conventus,
3698 2551 3875 2606 quem

2175 2616 2441 2671 Africana
2486 2617 2728 2672 Ecclesia
2773 2619 2896 2688 jam
2946 2623 3094 2673 totos
3151 2624 3277 2674 octo
3321 2636 3502 2675 annos
3550 2625 3873 2694 expetebat,

2178 2722 2464 2777 quemque
2490 2707 2551 2760 in
2572 2707 2875 2778 praecipuis
2896 2707 3253 2778 episcopatus
3273 2711 3577 2780 Augustini
3596 2712 3877 2769 fructibus

2169 2795 2302 2864 jure
2348 2811 2739 2852 numeramus.
2784 2797 2945 2850 Certe
2977 2797 3212 2867 quidem
3243 2802 3397 2852 extra
3425 2802 3874 2857 controversiam

2177 2887 2278 2950 est,
2308 2882 2497 2953 ipsum
2528 2899 2590 2937 ex
2621 2884 3036 2938 Catholicorum
3080 2889 3241 2956 parte
3272 2885 3394 2955 ejus
3420 2887 3584 2958 quasi
3615 2895 3874 2944 mentem

2177 2971 2478 3039 exstitisse;
2503 2988 2604 3026 nec
2623 2972 2754 3034 alia,
2786 2977 2849 3026 ut
2879 2988 2980 3026 nos
3010 2972 3244 3043 quidem
3271 2973 3636 3041 arbitramur,
3671 2979 3786 3032 ulla
3812 2995 3876 3032 re

2175 3059 2382 3114 melius
2423 3059 2781 3131 intelligitur,
2822 3065 3103 3131 quantum
3133 3061 3364 3132 ingenio
3395 3065 3637 3119 valuerit
3669 3066 3878 3121 doctor

2175 3151 2271 3204 ille
2297 3167 2361 3204 ac
2390 3150 2590 3205 vindex
2621 3151 2896 3204 Ecclesiae.
2921 3151 3304 3206 Etenimlicet
3331 3153 3542 3224 ubique
3573 3155 3694 3225 ipse
3726 3173 3874 3226 prae-

2176 3239 2353 3292 claras
2381 3239 2572 3310 Alypii
2599 3239 2758 3293 dotes
2787 3240 3038 3307 extollat,
3071 3240 3203 3295 licet
3241 3241 3412 3295 etiam
3441 3243 3647 3313 quibus
3671 3245 3872 3316 dispu-

2172 3327 2332 3381 tandi
2397 3327 2689 3397 provincia
2756 3327 3096 3383 demandata
3173 3333 3276 3399 est,
3343 3329 3385 3383 ii
3441 3331 3614 3386 dubio
3666 3337 3870 3403 procul

2175 3416 2434 3470 omnium
2462 3416 2858 3471 Africanorum
2878 3416 3196 3472 antistitum
3219 3418 3343 3488 ejus
3363 3419 3545 3472 astatis
3565 3420 3869 3474 clarissimi

2166 3504 2329 3574 juxta
2374 3521 2437 3559 ac
2486 3504 2817 3576 peritissimi
2852 3505 3092 3573 fuerint;
3143 3506 3508 3562 nihilosecius
3555 3512 3749 3563 tamen
3805 3510 3870 3564 in

2174 3593 2442 3648 omnibus
2484 3594 2789 3664 Augustini
2828 3594 3011 3660 dictis,
3062 3609 3130 3648 ea
3157 3593 3368 3650 dilucet
3406 3595 3625 3667 ingenii
3653 3597 3758 3665 vis,
3799 3616 3872 3654 ea

2170 3681 2408 3736 facilitas
2437 3698 2502 3736 ac
2531 3682 2794 3749 suavitas,
2830 3686 3054 3737 tantum
3091 3682 3340 3754 denique
3370 3685 3570 3753 gratias
3610 3686 3783 3741 simul
3812 3695 3870 3742 et

2171 3786 2501 3840 nervorum,
2529 3776 2594 3824 ut
2623 3771 2867 3826 aliorum
2886 3787 3005 3842 prae
3027 3771 3125 3825 illo
3147 3772 3368 3827 lumina
3383 3780 3869 3840 evanescant,exs-

2171 3859 2641 3930 tinguanturque.
2687 3860 3043 3914 Juridiciales
3087 3860 3385 3930 formulas,
3437 3867 3494 3915 et
3535 3879 3734 3918 curam
3764 3865 3867 3919 ob-

2170 3948 2433 4002 servandi
2476 3948 2655 4002 sicubi
2696 3949 2990 4020 quidpiam
3028 3955 3264 4020 peccent
3295 3951 3627 4022 Donatistae,
3659 3954 3867 4024 Alypio

2170 4041 2226 4090 et
2275 4037 2527 4091 Possidio
2570 4037 2842 4108 relinquit
2893 4054 2906 4092 :
2952 4042 3010 4092 at
3044 4038 3271 4109 quoties
3307 4040 3482 4095 ardua
3511 4042 3778 4112 quaedam
3808 4051 3869 4098 et

2166 4126 2361 4195 magni
2401 4126 2675 4180 momenti
2722 4126 2960 4196 quaestio
3004 4127 3272 4198 agitatur,
3321 4133 3420 4182 aut
3465 4130 3750 4185 firmanda
3781 4137 3868 4186 est

2168 4214 2428 4268 Ecclesiae
2471 4215 2634 4283 ﬁdes,
2670 4219 2794 4268 tum
2847 4231 2981 4269 vero
3028 4215 3114 4269 illi
3169 4216 3519 4287 disceptandi
3559 4235 3772 4274 munus
3800 4238 3864 4274 ac

2165 4303 2346 4357 vicem
2375 4319 2573 4358 omnes
2614 4303 2898 4360 deferunt.
2941 4305 3084 4358 Hinc
3126 4309 3208 4358 est
3257 4321 3360 4360 cur
3407 4323 3538 4360 eum
3568 4307 3629 4361 in
3659 4309 3864 4378 primis

2166 4391 2386 4446 duabus
2416 4391 2824 4446 Collationibus
2845 4393 2934 4446 vix
2958 4392 3273 4464 quidquam
3293 4394 3544 4448 locutum
3566 4396 3820 4466 reperias
3845 4415 3858 4451 :

2163 4480 2224 4534 in
2270 4479 2339 4533 iis
2367 4497 2499 4535 vero
2530 4497 2658 4550 quas
2690 4481 2854 4535 nobis
2899 4498 2928 4536 e
2959 4483 3126 4536 tertia
3153 4482 3347 4537 relicta
3378 4487 3529 4546 sunt,
3571 4500 3860 4556 nusquam

2162 4568 2278 4621 fere
2319 4568 2484 4621 illum
2515 4585 2628 4622 non
2659 4569 2978 4624 audiamus.
3013 4571 3072 4626 Si
3101 4571 3201 4642 qui
3228 4587 3399 4641 porro
3429 4573 3858 4630 animadverte-

2157 4659 2314 4723 runt,
2346 4656 2546 4709 eadem
2575 4657 2644 4710 ab
2669 4656 2766 4711 illo
2792 4657 2855 4711 in
2882 4657 2996 4712 suis
3023 4658 3184 4713 libris
3211 4661 3393 4714 multo
3423 4661 3630 4716 clarius
3656 4679 3720 4716 ac
3759 4681 3856 4718 ve-

2158 4744 2482 4800 hementius
2520 4749 2774 4812 tractata,
2809 4762 2982 4817 quam
3011 4746 3072 4800 in
3100 4748 3443 4816 Collatione;
3476 4750 3653 4805 iidem
3683 4751 3859 4808 simul

2156 4833 2519 4900 confitentur,
2551 4850 2668 4887 non
2698 4834 2922 4888 licuisse
2943 4835 3028 4888 illi
3047 4851 3152 4905 per
3180 4836 3508 4907 frequentes
3539 4840 3862 4896 Donatista-

2154 4938 2284 4975 rum
2321 4921 2808 4992 interpellationes
2853 4923 3054 4977 eadem
3101 4923 3270 4979 isthic
3312 4926 3535 4996 ingenii
3586 4928 3860 4986 libertate

2153 5026 2320 5080 agere
2364 5011 2538 5077 (Bald.
2584 5014 2642 5064 in
2679 5014 2923 5066 Historia
2953 5013 3165 5075 Collat.,
3204 5018 3500 5082 pag-125,
3533 5017 3591 5082 C,
3623 5018 3706 5084 D).
3742 5021 3861 5074 Nec

2151 5099 2292 5152 forte
2321 5098 2609 5154 immerito
2645 5104 2742 5154 aut
2770 5098 3091 5154 istiusmodi
3119 5103 3558 5170 perturbationi,
3592 5110 3692 5158 aut
3717 5122 3860 5161 con-

2151 5186 2422 5241 tentionis
2461 5187 2666 5241 fervori
2695 5187 2982 5254 tribueris,
3035 5190 3187 5259 quod
3219 5190 3580 5247 observatum
3612 5195 3857 5263 quibus-

2153 5275 2305 5343 dam,
2335 5279 2609 5347 tanquam
2631 5276 2700 5330 ab
2722 5276 2944 5331 incuria
2963 5278 3302 5347 profectum,
3325 5280 3474 5334 inter
3495 5291 3858 5339 sacramenta

2149 5363 2313 5433 regni
2339 5365 2522 5434 Iudae,
2553 5381 2682 5435 qua:
2721 5365 2977 5435 legitima
3012 5372 3193 5434 erant,
3243 5371 3300 5421 et
3327 5369 3490 5439 regni
3520 5371 3715 5440 Israel,
3749 5375 3856 5428 ubi

2149 5457 2358 5522 praeter
2385 5452 2572 5523 legem
2600 5453 3053 5517 celebrabantur,
3081 5471 3201 5509 non
3225 5455 3360 5510 satis
3388 5457 3714 5514 distinxisse
3745 5462 3855 5517 Ca-

2149 5540 2414 5608 tholicos;
2449 5542 2543 5596 sed
2577 5543 2894 5611 generatim
2916 5544 3246 5612 afﬁrmasse,
3275 5547 3632 5616 repudiatam
3655 5565 3688 5604 a
3709 5552 3853 5606 Pro-
