4062 6354
223 291 331 342 433

216 513 480 552 nionem.

292 590 351 640 2.
404 587 479 640 Ex
515 584 675 639 omni
708 601 841 640 sane
875 589 1135 641 actorum
1173 591 1441 642 contextu
1478 587 1770 642 advertere
1815 591 1918 655 est,

218 679 369 746 quot
397 679 569 741 artes,
604 679 743 746 quot
773 674 1159 728 cavillationes
1193 675 1560 730 adhibuerint
1592 677 1916 731 Donatistae.

219 763 540 818 Petilianus
572 762 672 834 qui
704 763 974 818 causidici
1006 779 1216 818 munus
1239 763 1299 817 in
1333 763 1456 818 foro
1484 763 1721 830 obierat,
1750 769 1919 835 atque

217 851 280 905 in
307 851 414 906 hac
438 867 608 906 causa
639 856 828 922 partes
865 851 983 922 agit
1009 851 1346 922 praecipuas,
1377 853 1557 906 multo
1589 852 1772 922 magis
1799 857 1918 907 arte

216 938 457 1006 forensi,
486 946 660 1010 quam
688 938 1062 993 ecclesiastica
1093 939 1351 993 doctrina
1377 939 1594 1009 pollere
1624 955 1682 993 se
1707 940 1915 1009 prodit.

217 1026 502 1082 Enieritus
527 1043 684 1090 vero,
719 1027 819 1098 qui
859 1029 1133 1081 secundas
1162 1027 1285 1096 ipse
1325 1028 1586 1094 sustinet,
1627 1028 1730 1082 etsi
1766 1027 1919 1083 vide-

218 1122 315 1172 tur
343 1116 535 1187 aliqua
565 1115 839 1186 praeditus
870 1115 1095 1169 dicendi
1124 1115 1407 1181 facultate,
1429 1121 1588 1170 tanta
1612 1116 1917 1170 verborum

216 1202 463 1274 ambage
487 1207 741 1258 mentem
761 1203 1046 1274 exprimit,
1064 1207 1130 1258 ut
1149 1220 1274 1258 eam
1292 1205 1634 1274 plerumque
1653 1221 1804 1276 aegre
1825 1205 1918 1259 ad-

217 1291 458 1346 modum
479 1307 852 1363 assequamur
873 1293 1052 1358 (Bald.
1085 1295 1143 1346 in
1161 1295 1406 1347 Historia
1427 1294 1610 1350 Collat.
1617 1309 1751 1362 pag.
1769 1297 1786 1347 l
1801 1293 1914 1363 23.)

217 1379 538 1434 Moratorias
565 1396 764 1434 eorum
789 1379 1240 1450 vitilitigationes
1261 1397 1326 1434 ac
1347 1382 1592 1452 strophae
1614 1398 1680 1435 eo
1698 1386 1914 1452 specta-

214 1467 359 1522 bant
387 1484 606 1535 omnes,
628 1472 693 1522 ut
714 1469 794 1522 rei
822 1469 1165 1523 decisionem
1193 1469 1503 1523 traherent.
1527 1470 1648 1534 Quo
1676 1471 1910 1536 factum,

216 1556 478 1610 utmulto
492 1557 619 1626 plus
637 1556 911 1627 temporis
932 1559 988 1610 et
1009 1556 1384 1610 verborumin
1408 1556 1660 1610 leviculis
1670 1557 1839 1612 rebus
1858 1561 1915 1611 et

212 1661 246 1697 a
264 1643 565 1715 proposito
583 1643 784 1698 alienis
806 1644 1163 1714 insumptum
1185 1645 1277 1710 sit,
1301 1661 1473 1714 quam
1498 1644 1558 1698 in
1587 1645 1709 1715 ipso
1731 1661 1911 1699 causa:

210 1732 421 1804 capite.
455 1734 576 1787 Imo
597 1732 784 1786 verius
811 1732 1040 1799 dixeris,
1063 1732 1191 1786 illos
1209 1733 1314 1786 hoc
1334 1749 1514 1786 unum
1539 1737 1762 1787 secutos
1779 1733 1913 1787 fuis-

210 1835 293 1885 se,
323 1823 393 1873 ut
423 1819 646 1889 agendo
676 1821 875 1886 multa,
905 1836 1134 1890 prorsus
1159 1827 1426 1890 ageretur
1447 1820 1611 1875 nihil.
1638 1821 1779 1875 Hinc
1807 1822 1913 1875 Do-

211 1907 456 1962 natistas
485 1907 793 1978 alloquitur
821 1913 1048 1962 sanctus
1084 1908 1436 1980 Augustinus
1460 1909 1520 1964 in
1547 1911 1668 1964 haec
1692 1911 1863 1965 verba
1895 1927 1907 1964 :

211 1998 348 2051 Ecce
377 1998 614 2065 episcopi
635 1999 811 2066 partis
830 2001 1037 2062 vestra,
1061 2013 1192 2065 quos
1221 2013 1399 2052 omnes
1424 2000 1713 2065 elegerunt,
1736 2004 1796 2052 ut
1809 2015 1912 2068 pro

211 2087 465 2141 omnibus
507 2087 866 2156 loquerentur,
905 2089 1086 2141 conati
1115 2092 1260 2152 sunt,
1297 2093 1559 2155 quantum
1601 2093 1909 2156 potuerunt,

212 2179 272 2228 ut
303 2167 524 2229 omnino
556 2176 679 2244 ipsa
711 2189 875 2228 causa
906 2190 1012 2228 non
1043 2180 1310 2240 ageretur,
1338 2179 1564 2244 propter
1597 2191 1760 2244 quam
1788 2181 1910 2230 tan-

215 2269 299 2317 tus
333 2279 589 2317 numerus
623 2265 992 2332 episcoporum
1031 2265 1315 2332 utriusque
1346 2265 1524 2331 partis
1563 2264 1629 2318 de
1658 2266 1912 2318 universa

212 2350 439 2416 Africa,
478 2355 527 2404 et
569 2351 634 2404 de
659 2356 770 2405 tam
799 2352 1110 2419 longinquis
1155 2352 1303 2416 locis,
1331 2353 1712 2420 Carthaginem
1755 2369 1909 2406 vene-

212 2443 322 2492 rat.
358 2440 431 2492 Et
463 2453 582 2493 cum
611 2441 782 2493 omnis
813 2441 1003 2494 anima
1027 2454 1286 2508 suspensa
1307 2445 1638 2509 exspectaret
1665 2442 1724 2494 in
1755 2445 1914 2496 tanta

212 2526 518 2580 collectione
559 2527 695 2594 quid
740 2532 1010 2595 ageretur,
1049 2528 1140 2580 illi
1175 2528 1504 2583 vehementer
1544 2530 1822 2583 instabant
1853 2534 1912 2583 ut

211 2614 376 2670 nihil
399 2619 664 2681 ageretur.
702 2615 882 2680 Quare
913 2617 1030 2684 hoc,
1061 2617 1172 2670 nisi
1201 2619 1335 2685 quia
1369 2631 1586 2670 causam
1617 2632 1771 2671 suam
1802 2633 1914 2671 ma-

212 2704 322 2756 lam
353 2702 612 2769 sciebant,
637 2708 687 2756 et
711 2704 975 2768 facillime
997 2718 1051 2756 se
1079 2717 1228 2772 posse
1250 2705 1415 2769 vinci,
1444 2707 1494 2758 si
1517 2709 1784 2770 ageretur,
1809 2705 1913 2759 du-

214 2792 394 2845 bitare
424 2806 530 2845 non
561 2793 854 2860 poterant?
871 2793 991 2860 Ipse
1018 2807 1142 2859 ergo
1161 2793 1375 2846 animus
1399 2808 1594 2855 eorum,
1624 2808 1731 2860 quo
1761 2795 1910 2846 time-

213 2880 347 2933 bant
376 2895 441 2933 ne
465 2895 630 2934 causa
660 2885 926 2946 ageretur,
955 2881 1074 2948 jam
1102 2882 1267 2934 victos
1297 2895 1380 2933 eos
1413 2895 1524 2934 esse
1554 2882 1907 2934 monstrabat.

212 2968 274 3023 Si
303 2969 450 3021 enim
483 2971 859 3036 eatorquerent
879 2967 1025 3036 quod
1041 2968 1308 3034 volebant,
1329 2972 1390 3022 ut
1410 2969 1531 3036 jam
1551 2969 1764 3022 collatio
1791 2971 1910 3037 ipsa

211 3070 318 3109 non
345 3055 524 3125 ﬁeret,
545 3070 637 3110 nec
657 3055 1122 3124 disputationibus
1145 3057 1346 3110 nostris
1365 3057 1564 3110 veritas
1585 3061 1871 3125 appareret
1894 3072 1908 3110 :

211 3143 498 3197 redeuntes
541 3159 576 3196 a
609 3143 958 3210 Carthagine,
993 3143 1128 3211 quid
1169 3144 1319 3198 vobis
1362 3149 1518 3197 erant
1557 3147 1910 3212 responsuri?

214 3231 352 3299 quid
377 3231 800 3286 demonstraturi
815 3234 842 3285 ?
867 3229 1058 3298 Credo,
1080 3233 1354 3301 prolaturi
1375 3237 1528 3286 erant
1549 3233 1728 3299 Gesta,
1750 3237 1800 3286 et
1824 3233 1910 3286 di-

214 3322 362 3374 cturi
388 3319 537 3374 vobis
564 3336 576 3374 :
607 3322 713 3376 Nos
743 3320 1078 3374 instabamus
1107 3325 1169 3374 ut
1195 3335 1361 3374 causa
1386 3335 1491 3374 non
1527 3326 1796 3387 ageretur,
1829 3322 1913 3374 illi

213 3407 499 3461 instabant
527 3412 587 3462 ut
607 3413 874 3474 ageretur.
907 3410 1011 3464 Vos
1040 3409 1357 3476 emspectatis
1380 3406 1563 3462 videre
1586 3409 1721 3476 quid
1739 3410 1910 3475 egeri-

213 3511 333 3550 mus
386 3511 542 3550 :ecce
589 3497 744 3562 legite
785 3496 879 3550 ubi
911 3511 994 3550 eos
1040 3498 1286 3559 vicimus,
1326 3501 1386 3549 ut
1423 3496 1564 3549 nihil
1613 3511 1910 3563 ageremus.

215 3586 374 3637 Forte
398 3589 447 3637 et
471 3599 562 3638 vos
589 3583 1001 3652 responderetis,
1032 3586 1082 3637 si
1123 3600 1212 3637 cor
1251 3584 1516 3637 haberetis
1556 3602 1572 3636 :
1604 3585 1757 3638 Nihil
1788 3600 1912 3651 ergo

214 3669 415 3736 acturi,
445 3672 644 3739 utquid
668 3671 830 3726 istis?
853 3673 936 3725 vel
963 3673 1162 3740 potius,
1195 3675 1290 3738 qui
1312 3672 1454 3724 nihil
1475 3673 1682 3737 egistis,
1716 3670 1914 3740 utquid

213 3759 478 3814 redistis?
523 3758 718 3826 (Epist.
775 3759 894 3822 141,
926 3773 982 3811 n.
1031 3758 1102 3824 3.)
1154 3757 1358 3811 Scribit
1395 3757 1544 3810 idem
1578 3756 1689 3810 alio
1740 3757 1908 3810 loco:

215 3847 625 3915 Congregantur
645 3861 709 3899 ea:
731 3847 983 3898 universa
1004 3847 1201 3911 Africa
1223 3850 1297 3899 tot
1317 3847 1574 3913 episcopi,
1588 3844 1913 3910 ingrediun-

216 3939 309 3988 tur
345 3935 728 3999 Carthaginem
757 3947 874 3986 cum
907 3937 1062 3986 tanta
1090 3933 1316 4000 speciosi
1343 3933 1578 3998 agminis
1603 3946 1823 3999 pompa,
1853 3934 1914 3983 ut

215 4027 330 4076 tam
359 4035 567 4087 magna:
595 4021 832 4072 civitatis
862 4021 1036 4073 oculos
1070 4021 1124 4072 in
1156 4034 1211 4073 se
1235 4019 1682 4085 intentionemque
1709 4032 1915 4071 conver-

215 4113 360 4163 tant.
391 4108 498 4174 Qui
526 4109 818 4175 loquantur
833 4123 932 4176 pro
961 4108 1224 4172 omnibus,
1258 4108 1530 4173 eliguntur
1554 4107 1622 4160 ab
1646 4105 1908 4159 omnibus.

216 4199 390 4252 Locus
419 4198 582 4251 etiam
606 4211 663 4249 re
697 4200 848 4249 tanta
878 4196 1075 4262 dignus
1109 4197 1167 4248 in
1190 4195 1320 4248 urbe
1347 4193 1527 4248 media
1551 4197 1903 4262 procuratur.

220 4287 448 4353 Utrique
489 4285 838 4349 conveniunt;
868 4283 1044 4352 judea:
1087 4289 1286 4352 praesto
1320 4286 1418 4347 est,
1467 4283 1663 4336 tabula
1695 4286 1910 4350 patent,

215 4387 480 4442 suspensa
509 4375 744 4426 omnium
775 4373 938 4426 corda
961 4375 1168 4426 exitum
1196 4376 1360 4426 tanta:
1389 4371 1698 4425 Collationis
1723 4385 1912 4439 exspe-

218 4466 388 4516 ctant.
429 4464 572 4516 Tunc
604 4477 639 4514 a
669 4462 969 4515 lectissimis
1014 4465 1064 4514 et
1099 4460 1473 4514 disertissimis
1504 4460 1660 4524 viris,
1693 4460 1912 4528 quantis

217 4549 427 4604 viribus
438 4551 533 4618 agi
544 4549 728 4603 debuit
740 4547 972 4618 aliquid,
989 4551 1155 4602 tantis
1167 4550 1355 4615 agitur
1370 4551 1429 4600 ut
1440 4550 1641 4614 agatur
1651 4547 1789 4600 nihil
1801 4545 1914 4616 (Ad

219 4639 535 4693 Donatistas
561 4642 685 4706 post
711 4638 924 4704 Collat.,
956 4653 1003 4690 c.
1032 4638 1122 4701 25,
1150 4653 1204 4690 n.
1234 4636 1347 4704 43).
1379 4635 1588 4688 Verum
1615 4649 1789 4705 quam
1819 4650 1911 4688 su-

222 4729 474 4794 spectam
514 4724 623 4794 ipsi
651 4723 928 4778 baberent
965 4738 1195 4776 causam
1228 4737 1412 4785 suam,
1445 4721 1604 4774 nullo
1645 4720 1757 4774 alio
1789 4735 1912 4773 cer-

222 4812 353 4866 tiori
383 4811 612 4882 probari
639 4815 832 4882 posset
859 4813 1218 4881 argumento,
1246 4823 1419 4879 quam
1446 4807 1596 4877 quod
1617 4811 1913 4876 tantopere

222 4915 294 4953 nc
321 4915 412 4954 res
441 4899 787 4953 enodaretur
806 4897 1316 4968 explicareturque,
1340 4893 1740 4948 formidabant.
1767 4894 1912 4962 Ergo

223 4991 355 5040 ante
379 4986 571 5041 omnia
592 4985 962 5039 schismaticis
983 4983 1289 5039 debilitatis
1310 4981 1633 5052 in0piuzque
1650 4997 1765 5034 suae
1785 4996 1915 5034 con-

225 5074 374 5140 sciis,
408 5079 472 5128 ut
499 5089 570 5127 ne
601 5072 836 5127 omnino
875 5071 1259 5127 controversia
1283 5075 1640 5136 tractaretur,
1671 5069 1731 5122 in
1768 5067 1914 5122 votis

225 5161 412 5216 fuerat
444 5179 456 5215 :
492 5161 589 5216 sed
622 5160 850 5231 quando
879 5159 1019 5215 illud
1049 5177 1163 5214 non
1191 5159 1495 5214 valuerunt
1522 5157 1771 5228 assequi,
1803 5157 1913 5210 sal-

228 5253 345 5304 tem
396 5254 519 5304 acta
560 5249 742 5318 longis
775 5248 890 5302 suis
929 5265 991 5302 ac
1019 5248 1321 5319 superﬂuis
1368 5246 1724 5302 sermonibus
1770 5245 1912 5300 adeo

230 5338 638 5405 produxerunt,
674 5341 739 5390 ut
776 5335 865 5390 vix
897 5352 965 5391 ea
995 5337 1300 5409 quisquam
1347 5338 1536 5408 legere
1580 5334 1904 5388 sustineret.

231 5427 381 5490 Quod
408 5427 514 5491 illi,
541 5424 731 5496 inquit
757 5423 1128 5493 Augustinus,
1160 5431 1340 5478 utrum
1371 5426 1545 5489 magis
1572 5425 1759 5491 inopia
1785 5423 1916 5474 veri-

236 5517 385 5577 tatis,
415 5530 488 5568 an
516 5513 792 5568 industria
823 5513 1140 5567 calliditatis
1180 5515 1403 5577 egerint,
1438 5513 1630 5566 nescio.
1665 5511 1798 5565 Hinc
1825 5515 1914 5564 tuo

1719 289 1929 345 LIBER
1989 290 2282 348 SEXTUS.

217 407 416 479 phetis
439 423 738 479 nunquam
763 408 936 463 fuisse
958 407 1325 463 Judaicorum
1349 424 1638 464 sacrorum
1663 425 1924 465 commu-

3626 296 3730 352 434

2032 429 2151 467 men
2194 417 2362 469 solum
2402 430 2622 469 causam
2658 421 2769 468 tam
2807 417 3100 484 pessimam
3137 420 3420 485 utcumque
3461 417 3726 484 adjuvare

2027 505 2338 570 potuerunt,
2371 519 2535 572 quam
2568 505 2748 572 potius
2793 503 3030 557 deserere
3061 504 3375 557 debuerunt.
3408 507 3643 573 Denique
3674 507 3724 558 si

2032 593 2088 643 in
2128 592 2270 656 illos,
2315 594 2411 659 qui
2460 596 2700 659 egerunt,
2749 590 3034 645 intendant
3081 592 3259 645 caeteri
3309 594 3718 656 accusationem,

2031 694 2219 747 eosque
2242 681 2426 748 potius
2470 684 2716 732 asserunt
2744 696 2778 732 a
2824 681 2974 734 nobis
3015 681 3186 746 fuisse
3225 683 3526 748 corruptos,
3555 683 3616 732 ut
3646 684 3723 734 tot

2027 767 2506 836 prosecutionibus,
2537 769 2616 821 vel
2646 784 2679 820 a
2701 783 2756 822 se
2778 769 3008 837 prolatis
3036 767 3347 822 lectionibus
3375 770 3451 822 sic
3479 769 3721 837 adjuva-

2030 863 2149 912 rent
2213 873 2432 913 causam
2483 862 2742 924 nostram,
2793 862 2869 912 sic
2925 861 3247 928 perimerent
3313 873 3494 924 suam;
3546 861 3722 913 nescio

2030 947 2476 1016 quemadmodum
2501 963 2557 1002 se
2581 951 2788 1018 possint
2809 948 3114 1013 defendere,
3129 947 3264 1000 etab
3285 949 3393 1001 ista
3422 949 3722 1015 suspicione

2027 1051 2285 1104 purgare,
2313 1038 2424 1090 nisi
2448 1038 2590 1102 forte
2619 1037 2824 1104 dicant,
2856 1037 2918 1090 Si
2946 1038 3190 1104 corrupti
3219 1049 3469 1104 essemus,
3502 1050 3722 1089 causam

2030 1127 2139 1176 tam
2165 1125 2385 1190 malam,
2417 1130 2467 1177 et
2485 1141 2586 1193 per
2608 1139 2703 1178 nos
2729 1129 2779 1177 et
2805 1139 2902 1191 per
2930 1124 3050 1177 illos
3080 1125 3396 1187 convictam,
3430 1125 3532 1175 cito
3557 1125 3721 1176 etiam

2024 1211 2302 1278 ﬁniremus
2345 1227 2357 1264 :
2398 1227 2540 1265 nunc
2569 1227 2694 1265 vero
2739 1212 2822 1264 vel
2866 1210 2994 1264 inde
3037 1209 3253 1277 credite,
3294 1225 3389 1264 nos
3436 1225 3502 1262 ex
3540 1212 3721 1263 animo

2025 1298 2290 1364 adfuisse,
2319 1305 2371 1354 et
2396 1299 2610 1368 aliquid
2637 1299 2887 1368 prodesse
2915 1299 3162 1364 voluisse,
3203 1297 3347 1366 quod
3372 1298 3599 1351 multum
3642 1299 3719 1352 lo-

2027 1387 2236 1454 quendo
2265 1389 2488 1455 egimus,
2530 1403 2592 1440 ne
2636 1387 2780 1455 quod
2825 1391 3006 1440 actum
3048 1389 3125 1439 est
3162 1385 3327 1452 facile
3357 1387 3637 1451 legeretur,
3671 1391 3721 1439 et

2023 1489 2118 1528 nos
2151 1489 2261 1528 esse
2290 1477 2457 1528 victos
2488 1479 2591 1529 cito
2622 1477 3039 1541 cognosceretur.
3075 1474 3137 1528 Si
3173 1474 3265 1526 hoc
3304 1473 3371 1526 ab
3400 1475 3475 1526 eis
3503 1488 3606 1526 non
3633 1476 3721 1541 ﬁe-

2023 1567 2127 1629 ret,
2157 1578 2251 1616 nec
2281 1564 2438 1632 ipsis,
2468 1579 2562 1616 nec
2589 1564 2743 1616 nobis
2766 1562 3088 1630 jurantibus
3117 1563 3355 1628 forsitan
3388 1561 3716 1622 crederetur,

2022 1650 2122 1702 illa
2150 1665 2268 1718 quae
2291 1665 2394 1718 pro
2430 1650 2581 1703 nobis
2618 1654 2806 1704 contra
2833 1665 2907 1714 se,
2939 1652 2989 1702 et
3019 1654 3129 1701 tam
3157 1648 3330 1701 multa
3359 1648 3638 1714 dixerunt,
3670 1653 3721 1701 et

2025 1743 2136 1792 tam
2162 1739 2335 1792 multa
2362 1739 2621 1805 legerunt,
2646 1740 2823 1804 gratis
2853 1752 2938 1790 eos
2977 1737 3129 1789 nobis
3174 1737 3354 1789 omnia
3375 1738 3718 1804 prastitisse.

2023 1829 2129 1882 Nec
2160 1831 2336 1879 tamen
2356 1828 2514 1893 ipsis,
2549 1825 2644 1878 sed
2670 1829 2774 1879 Deo
2801 1827 2985 1892 potius
3009 1825 3133 1876 hinc
3161 1824 3372 1890 agimus
3393 1824 3623 1890 gratias.
3653 1825 3718 1877 Ut

2022 1914 2163 1966 enim
2197 1913 2296 1966 illa
2333 1914 2514 1965 omnia
2554 1913 2638 1965 vel
2679 1911 2962 1979 loquendo,
3005 1911 3088 1962 vel
3135 1909 3373 1976 legendo,
3405 1925 3508 1977 pro
3551 1925 3718 1964 causa

2021 2005 2208 2054 nostra
2233 2004 2537 2068 promerent
2568 2003 2730 2068 atque
2753 1999 3128 2067 propalarent,
3173 1999 3375 2050 veritas
3414 2012 3498 2050 eos
3537 2000 3714 2062 torsit,

2021 2104 2126 2143 non
2148 2089 2389 2143 charitas
2419 2089 2677 2141 invitavit
2695 2086 2884 2155 (lbid.,
2905 2102 2962 2139 n.
2987 2085 3093 2154 57).
3117 2088 3388 2139 Enervare
3408 2087 3550 2139 vires
3574 2088 3716 2139 veri-

2023 2179 2150 2230 tatis
2179 2177 2358 2230 conati
2384 2179 2528 2236 sunt,
2565 2180 2612 2228 et
2641 2176 2886 2229 inanium
2910 2173 3116 2227 nebulis
3141 2174 3572 2241 prosecutionum
3600 2175 3717 2242 ejus

2021 2267 2358 2319 serenitatem
2377 2264 2650 2328 nebulare,
2675 2266 2940 2332 quantum
2954 2265 3268 2330 potuerunt,
3295 2263 3431 2314 enisi
3443 2264 3588 2313 sunt.
3605 2261 3719 2315 Ad-

2018 2355 2132 2420 fuit
2160 2355 2434 2418 Dominus,
2465 2353 2596 2405 vicit
2625 2352 2882 2405 serenitas
2913 2350 3028 2419 ejus
3058 2350 3278 2402 nebulas
3308 2364 3487 2402 eorum
3519 2348 3713 2417 (Serm.

2027 2443 2147 2510 164,
2190 2457 2246 2494 η.
2291 2440 2398 2511 l2).
2439 2440 2523 2493 Ita
2565 2439 2709 2492 nihil
2749 2439 2930 2510 ferme
2971 2437 3032 2491 in
3083 2436 3338 2491 medium
3381 2436 3715 2502 efferebant,

2023 2529 2178 2601 quod
2208 2544 2325 2582 non
2349 2527 2542 2598 potius
2571 2544 2700 2580 cum
2723 2526 3048 2588 Catholicis,
3073 2541 3246 2596 quam
3272 2541 3464 2579 secum
3484 2525 3714 2578 faceret.

2094 2621 2143 2672 3.
2175 2616 2283 2681 Qui
2308 2621 2554 2686 prmerat
2583 2615 2716 2669 huic
2743 2614 2960 2685 judicio
2991 2613 3368 2680 Marcellinus,
3393 2613 3464 2667 ad
3489 2629 3715 2667 causam

2021 2704 2166 2758 tanti
2194 2703 2470 2757 momenti
2488 2703 2829 2758 industriam
2859 2703 3029 2773 plane
3051 2702 3401 2772 singularem
3431 2717 3560 2755 cum
3583 2701 3715 2754 civi-

2021 2792 2091 2846 lis
2117 2797 2288 2862 atque
2318 2791 2680 2845 ecclesiastici
2701 2791 2848 2860 juris
2871 2791 3082 2860 peritia
3105 2791 3468 2861 conjunctam.
3488 2789 3714 2842 attulit:

2023 2895 2136 2932 non
2166 2878 2396 2948 quidem
2427 2883 2492 2932 ut
2527 2879 2598 2932 ab
2623 2882 2749 2931 utra
2779 2881 2942 2947 parte
2970 2881 3144 2930 staret
3173 2877 3382 2930 veritas
3415 2876 3714 2944 dignosce-

2021 2970 2137 3033 ret;
2167 2966 2380 3036 quippe
2401 2965 2625 3019 etiamsi
2645 2968 2948 3034 corruptus
2971 2981 3003 3016 a
3035 2962 3344 3016 Donatistis
3363 2961 3594 3028 fuisset;
3619 2977 3715 3016 eos

2020 3060 2215 3109 tamen
2247 3053 2493 3125 propriis
2524 3053 2780 3124 ipsorum
2814 3050 3242 3123 probationibus
3283 3049 3565 3104 convictos
3597 3065 3715 3103 non

2019 3142 2299 3214 potuisset
2327 3157 2442 3196 non
2467 3141 2737 3195 damnare
2769 3157 2783 3194 :
2821 3139 2917 3194 sed
2950 3145 3012 3193 ut
3055 3137 3333 3209 ejusmodi
3362 3136 3713 3207 litigatorum

2020 3232 2191 3286 tricas
2217 3235 2273 3285 et
2297 3229 2545 3284 fallacias
2576 3227 2902 3298 explicaret,
2940 3232 3110 3298 atque
3143 3225 3347 3280 amotis
3376 3224 3714 3295 tergiversa-

2021 3319 2298 3388 tionibus,
2318 3318 2392 3372 ad
2411 3317 2773 3372 tractandum
2795 3316 2848 3370 id
2872 3315 3024 3387 quod
3046 3315 3346 3385 agebatur,
3370 3313 3600 3367 eosdem
3623 3313 3715 3367 ad-

2023 3408 2277 3463 duceret.
2318 3408 2370 3460 Is
2413 3405 2731 3460 lenitudine
2777 3419 3008 3476 quoque
3057 3419 3122 3456 ac
3157 3401 3438 3472 patientia
3462 3416 3597 3454 usus
3631 3405 3716 3453 est

2023 3495 2378 3562 incredibili;
2422 3495 2564 3549 adeo
2596 3497 2660 3547 ut
2704 3493 2764 3546 in
2797 3491 3176 3562 suspicionem
3229 3489 3407 3543 animi
3450 3489 3715 3543 adversus

2025 3584 2342 3638 Donatistas
2394 3580 2780 3652 propensioris
2830 3579 3017 3633 vocari
3071 3577 3366 3649 potuisset,
3423 3577 3471 3630 si
3526 3577 3715 3630 minor

2023 3669 2146 3737 ejus
2184 3665 2484 3720 exstitisset
2531 3663 2871 3734 integritatis
2910 3679 2973 3716 ac
3011 3657 3310 3732 probitatis
3353 3660 3711 3714 existimatio.

2028 3757 2224 3810 Verum
2254 3754 2319 3806 de
2356 3752 2632 3805 industria
2681 3751 2755 3803 ad
2801 3767 2919 3803 eum
2947 3750 3162 3802 modum
3208 3764 3263 3802 se
3293 3748 3530 3816 gerebat.
3574 3750 3716 3803 Nam

2023 3858 2142 3896 cum
2165 3855 2251 3894 eos
2281 3840 2487 3893 videret
2511 3841 2690 3907 premi
2721 3839 2965 3902 veritate,
2997 3852 3090 3889 nec
3121 3838 3196 3889 eis
3224 3836 3403 3888 videri
3425 3837 3579 3888 vellet
3609 3836 3714 3888 ad-

2020 3944 2239 3991 versus;
2285 3928 2512 3980 nimium
2547 3928 2818 3994 patienter
2845 3924 3070 3994 pertulit
3098 3921 3336 3975 homines
3379 3937 3478 3990 per
3525 3924 3718 3975 inania

2021 4021 2300 4083 vagantes,
2333 4019 2382 4068 et
2415 4017 2526 4067 tam
2553 4014 2726 4066 multa
2753 4013 3026 4080 superflua
3063 4009 3314 4074 dicentes,
3341 4013 3390 4062 et
3417 4009 3490 4062 ad
3532 4009 3716 4062 eadem

2023 4107 2176 4158 toties
2206 4103 2449 4157 convicta
2486 4100 2764 4155 redeuntes
2806 4099 2923 4168 (Ad
2974 4099 3284 4152 Donatistas
3329 4101 3448 4165 post
3497 4096 3710 4161 Collat.,

2022 4209 2078 4247 n.
2107 4194 2216 4262 57).

2092 4284 2144 4336 4.
2178 4281 2515 4349 Quanquam
2547 4280 2741 4331 autem
2771 4275 2838 4329 ad
2883 4274 3186 4329 terendum
3209 4271 3488 4343 judicium
3519 4271 3570 4324 ei
3603 4273 3712 4326 Do-

2025 4369 2246 4424 natistae
2284 4367 2396 4437 ipsi
2419 4365 2782 4437 praeiverant,
2815 4363 2931 4417 sive
2968 4363 3204 4433 prolatis
3233 4361 3499 4415 adversus
3538 4363 3717 4413 semet

2023 4454 2435 4520 instrumentis,
2463 4454 2578 4507 sive
2606 4452 2724 4518 illa,
2757 4467 2929 4522 quam
2969 4448 3326 4503 dissimulare
3363 4462 3479 4500 non
3508 4450 3713 4516 potue-

2022 4549 2177 4610 runt,
2207 4558 2391 4597 causae
2420 4539 2739 4596 difﬁdentia
2764 4542 2822 4592 et
2845 4537 3274 4607 desperatione:
3301 4540 3493 4589 tamen
3520 4535 3589 4588 ad
3610 4535 3716 4588 lm-

2023 4635 2345 4703 peratorem
2373 4628 2483 4699 ipsi
2504 4628 2881 4698 appellarunt,
2902 4626 2969 4678 iis
2990 4625 3357 4678 vehementer
3375 4622 3714 4677 mirantibus

2023 4718 2123 4790 qui
2149 4721 2308 4788 gesta
2333 4715 2623 4774 vidissent,
2653 4712 2996 4783 propriaque
3027 4727 3224 4765 eorum
3256 4711 3424 4765 verba
3462 4710 3541 4765 ibi
3576 4711 3714 4765 scri-

2021 4811 2121 4877 pta
2145 4809 2201 4859 et
2238 4802 2572 4871 subscripta,
2605 4799 2813 4870 quibus
2861 4814 3088 4852 causam
3133 4798 3242 4868 ipsi
3271 4815 3432 4852 suam
3460 4814 3716 4869 pereme-
3744 4834 3747 4837 -

2025 4897 2172 4960 rant,
2200 4889 2580 4960 inspexissent
2607 4887 2935 4957 (Possidius,
2956 4887 3016 4940 in
3040 4888 3168 4939 Vita
3185 4886 3506 4952 Augustini,
3531 4901 3588 4939 n.
3616 4889 3712 4951 15;

2023 4982 2386 5048 Augustinus,
2417 4977 2510 5030 Ad
2539 4977 2848 5030 Donatistas
2875 4978 2996 5042 post
3034 4974 3248 5039 Collat.,
3281 4989 3342 5026 η.
3386 4974 3487 5041 l6).
3520 4973 3716 5043 Atqui-

2025 5069 2162 5123 dum
2192 5066 2280 5120 illi
2306 5063 2692 5136 provocabant
2720 5080 2754 5117 a
2778 5061 2987 5132 judice,
3033 5059 3400 5114 nihilosecius
3444 5075 3501 5114 se
3531 5075 3561 5113 e
3591 5075 3712 5113 cer-

2022 5155 2236 5211 tamine
2266 5153 2502 5209 victores
2541 5152 2743 5206 abiisse
2776 5149 3114 5221 jactitabant
3157 5149 3346 5206 (Serm.
3379 5150 3501 5206 359,
3532 5163 3589 5201 η.
3635 5148 3710 5217 6).

2027 5245 2307 5300 Eademne
2354 5242 2426 5295 sit
2454 5241 2680 5296 illorum
2725 5237 3068 5310 provocatio,
3109 5241 3279 5307 atque
3329 5233 3559 5304 scriptio
3589 5235 3712 5303 illa,

2025 5331 2377 5402 quam'ipsos
2403 5328 2553 5383 fama
2582 5328 2800 5382 ferebat
2826 5324 3017 5381 statim
3045 5341 3078 5379 a
3110 5323 3420 5379 Collatione
3449 5322 3711 5386 edidisse,

2025 5425 2082 5473 et
2112 5435 2286 5488 quam
2322 5418 2530 5472 refellit
2567 5415 2916 5486 Augustinus
2956 5413 3101 5468 libro
3127 5413 3195 5466 ad
3230 5411 3547 5466 Donatistas
3587 5416 3716 5481 post

2027 5506 2399 5562 Collationem
2430 5505 2636 5575 scripto
2657 5504 2773 5575 (Ad
2794 5504 3103 5559 Donatistas
3132 5505 3251 5571 post
3278 5501 3491 5566 Collat.,
3513 5515 3568 5553 n.
3603 5499 3712 5567 32),
