4062 6360
289 307 393 358 435

290 440 406 479 non
437 422 571 476 satis
595 424 832 475 constat.
859 418 967 474 Sed
1007 417 1068 470 in
1097 417 1202 470 hac
1241 431 1339 468 eos
1369 414 1521 484 ipsos
1561 412 1867 484 Scriptura:
1904 412 1988 466 lo-

290 527 408 570 cos,
439 509 538 580 qui
578 509 700 578 jam
745 506 803 559 in
851 503 1162 561 Collatione
1214 500 1449 556 discussi
1499 499 1746 565 fuerant,
1795 513 1990 552 rursus

289 597 546 669 proferre
576 613 691 648 non
722 593 1064 648 verebantur
1088 609 1100 645 :
1129 591 1298 643 istum
1332 588 1598 642 videlicet
1624 603 1688 640 ex
1716 587 1989 657 Apostolo

290 685 556 756 petitum,
586 683 762 738 Nolite
792 682 988 748 jugum
1029 679 1220 732 duce-re
1249 693 1366 730 cum
1406 675 1718 746 inﬁdelibus
1759 676 1830 742 (ll
1868 675 1988 730 Car.

292 790 366 832 v1,
411 772 518 842 14),
561 770 814 839 aliosque
858 765 1224 837 hujusmodi;
1271 765 1367 818 sed
1411 763 1700 834 praecipue
1742 767 1991 816 ostenta-

291 861 431 915 bant
459 860 620 912 illum
651 857 867 927 Aggasi,
915 857 1248 926 Quicumque
1277 854 1558 906 accesserit
1594 853 1706 917 illa,
1736 853 1994 918 inquina-

295 952 440 1004 bitur
484 949 697 1016 (Aggaei
744 964 801 1012 ιι,
859 948 972 1012 lt).
1022 943 1237 998 Ibidem
1287 941 1640 995 conabantur
1687 940 1990 1010 explicare,

293 1038 445 1110 quod
473 1037 532 1090 in
574 1035 882 1090 Collatione
917 1033 1202 1096 dixerant,
1245 1032 1485 1084 Causam
1524 1046 1728 1096 causas,
1769 1034 1826 1081 et
1865 1043 1985 1097 per-

294 1142 492 1181 sonam
524 1139 638 1178 non
663 1121 1048 1193 praejudicare
1079 1134 1341 1190 personas
1379 1117 1489 1186 (Ad
1528 1118 1834 1170 Danatistas
1871 1121 1995 1183 post

295 1215 520 1273 Callat.,
566 1227 623 1264 η.
664 1213 773 1278 25).
828 1208 1224 1262 Causabantur
1265 1203 1604 1258 sententiam
1654 1207 1827 1256 noctu
1869 1218 1996 1271 pro-

296 1300 617 1354 nuntiatam
659 1314 779 1352 esse
813 1297 1006 1367 (Ibid.,
1055 1311 1148 1349 nn.
1207 1297 1290 1353 l6,
1340 1294 1429 1357 20,
1481 1292 1601 1358 58);
1637 1307 1695 1343 se
1737 1290 1890 1360 ipsos
1936 1289 1997 1342 in

298 1387 628 1442 Collationis
666 1387 789 1439 loco
824 1384 986 1455 quasi
1033 1383 1094 1436 in
1140 1397 1364 1435 carcere
1411 1380 1692 1444 inclusos;
1742 1383 1995 1448 ereptam

298 1475 408 1530 sibi
437 1475 760 1529 facultatem
793 1473 988 1534 libere,
1021 1487 1150 1541 qua:
1180 1469 1413 1534 vellent,
1442 1467 1502 1520 in
1529 1467 1781 1520 medium
1807 1466 1995 1537 profe-

299 1563 490 1628 rendi;
527 1566 581 1616 et
611 1561 760 1632 quod
791 1576 920 1614 cum
943 1559 1117 1629 judex
1149 1557 1322 1612 ﬁdem
1341 1555 1678 1609 catholicam
1700 1555 1996 1625 profitere-

299 1657 410 1716 tur,
461 1651 634 1704 etiam
683 1647 1054 1718 propensiore
1096 1645 1288 1699 animo
1328 1644 1527 1698 fuisset
1573 1643 1633 1696 in
1681 1642 1999 1696 Catholicos

299 1743 402 1808 (De
451 1740 624 1794 Gestis
671 1753 790 1791 cum
836 1737 1098 1800 Emerita,
1146 1750 1207 1787 η.
1263 1733 1347 1801 2).
1405 1731 1686 1786 Emeritus
1735 1732 2001 1785 defensor

301 1843 499 1880 eorum
521 1826 582 1878 in
606 1822 921 1877 Collatione
947 1819 1275 1891 prmcipuus
1300 1819 1619 1886 (Possidius,
1649 1821 1703 1870 in
1729 1821 1864 1872 Vita
1885 1819 1997 1872 Au-

300 1916 528 1984 gusti-ni,
566 1929 612 1968 c.
651 1913 762 1979 14),
803 1909 1026 1980 aliquot
1067 1913 1197 1978 post
1235 1907 1422 1973 annis,
1462 1906 1708 1960 fueritne
1747 1906 2001 1959 auctori-

300 2005 417 2055 tate
451 2000 651 2064 victus,
693 2014 766 2052 an
804 1997 1065 2067 potentia
1111 2011 1438 2066 oppressus,
1485 1995 1720 2048 cuilibet
1766 2009 1832 2048 ex
1864 1994 2002 2064 ipsis

303 2089 440 2144 actis
479 2093 673 2158 patere
719 2086 947 2141 dicebat
993 2086 1085 2154 (De
1133 2085 1310 2140 Gestis
1339 2098 1460 2137 cum
1505 2081 1786 2146 Emerita,
1816 2097 1879 2134 η.
1929 2082 2000 2146 3).

300 2180 444 2232 Tum
483 2193 616 2231 vero
655 2176 798 2246 ipse,
839 2189 971 2228 cum
1010 2172 1108 2226 alii
1143 2171 1396 2241 judicem
1450 2187 1482 2224 a
1523 2169 1826 2225 Catholicis
1865 2184 2003 2222 auro

303 2269 640 2335 corruptum
690 2262 864 2316 fuisse
915 2261 973 2313 in
1021 2261 1224 2330 vulgus
1269 2262 1602 2329 sparserunt
1631 2257 1820 2325 (Ibid.,
1848 2273 1884 2309 η
1934 2259 2000 2322 2;

304 2355 396 2409 Ad
426 2355 734 2407 Danatistas
759 2354 882 2419 post
923 2350 1142 2416 Callat.,
1185 2364 1285 2400 nn.
1331 2351 1376 2412 Ι,
1412 2350 1497 2414 39,
1528 2350 1616 2411 57,
1661 2345 1782 2411 etc.)
1811 2345 2002 2408 Quan-

306 2457 480 2512 quam
521 2455 653 2493 vero
708 2440 1118 2506 Imperatorem
1167 2434 1596 2506 appellaverint,
1634 2431 2006 2486 nihilominus

305 2535 499 2583 tamen
530 2527 712 2581 tertias
743 2523 1071 2580 Collationis
1097 2528 1220 2576 acta
1249 2522 1505 2594 perinde,
1541 2527 1714 2592 atque
1744 2520 2003 2591 superio-

249 2638 257 2651 ι
309 2633 438 2671 rum
468 2617 731 2680 duarum,
763 2613 1218 2683 subscripserant
1251 2628 1263 2665 :
1298 2611 1393 2665 sed
1434 2627 1716 2681 nusquam
1744 2609 1861 2663 fere
1892 2625 2005 2662 non

309 2704 518 2767 addito,
561 2704 711 2756 salva
745 2701 1128 2772 appellatione
1170 2715 1229 2753 se
1273 2698 1650 2753 subscribere.
1701 2696 2008 2752 Marcellini

310 2791 666 2862 subscriptio,
699 2789 926 2843 tametsi
964 2788 1215 2858 primum
1265 2804 1325 2840 se
1375 2785 1830 2855 subscripturnm
1881 2802 2008 2855 spo-

309 2881 623 2952 pondisset,
654 2883 842 2932 tamen
873 2877 1109 2930 omnino
1141 2876 1200 2928 in
1231 2875 1404 2929 trium
1437 2876 1660 2929 dierum
1690 2873 1826 2928 actis
1855 2873 2004 2928 desi-

313 2971 567 3024 deratur.
603 2971 675 3022 At
699 2967 822 3021 fieri
845 2983 980 3020 sane
1003 2965 1210 3036 potuit,
1244 2969 1307 3018 ut
1332 2965 1587 3035 partibus
1609 2963 1667 3018 in
1694 2964 1752 3018 id
1777 2979 2008 3018 consen-

310 3059 582 3113 tientibus
613 3058 717 3110 hoc
745 3071 918 3110 onere
949 3054 1220 3108 liberatus
1250 3053 1439 3106 fuerit.
1721 3057 1724 3060 ‘

382 3151 433 3200 5.
463 3146 611 3210 Quin
633 3150 755 3199 acta
777 3143 1130 3207 Collationis,
1155 3141 1253 3195 ubi
1277 3140 1526 3210 primum
1549 3140 1706 3194 fuere
1727 3139 2011 3209 descripta

313 3233 667 3298 concinnius,
700 3231 926 3302 publice
956 3229 1249 3300 proposita
1279 3228 1510 3293 fuerint,
1543 3228 1686 3281 nulli
1717 3243 2010 3281 censemus

315 3319 740 3388 ambigendum.
777 3319 841 3370 Et
870 3317 982 3369 huc
1010 3314 1246 3368 indubie
1276 3314 1636 3368 referendum
1664 3319 1749 3367 est
1778 3314 2012 3383 subjun-

314 3414 468 3462 ctum
499 3412 766 3460 extremas
799 3403 1100 3459 Collationi
1123 3403 1444 3473 Cognitoris
1475 3403 1742 3456 edictum.
1767 3403 1871 3457 Sed
1897 3419 2012 3456 non

315 3496 393 3549 ita
422 3493 786 3565 perspicuum
817 3497 918 3558 est,
962 3507 1032 3544 an
1063 3492 1168 3543 hoc
1192 3490 1388 3543 haberi
1420 3490 1624 3544 debeat
1653 3507 1756 3560 pro
1787 3495 2014 3544 senten-

315 3584 395 3637 tia
441 3581 750 3635 secundum
792 3579 1109 3635 Catholicos
1148 3578 1532 3648 pronuntiata,
1566 3595 1679 3648 qua
1709 3577 1823 3644 ille,
1873 3583 2013 3632 teste

316 3669 654 3740 Augustino,
700 3668 894 3721 omnia
959 3684 1086 3737 qua:
1140 3667 1207 3719 de
1275 3667 1497 3736 prolixa
1553 3666 1723 3719 trium
1789 3667 2012 3721 dierum

318 3757 536 3812 actione
554 3755 741 3826 potuit
760 3755 1058 3815 recordari,
1080 3755 1410 3824 complexus
1436 3760 1519 3807 est
1551 3755 1784 3824 (Brevia.
1822 3757 2010 3810 Callet.

317 3850 368 3913 3,
400 3863 456 3899 η.
489 3847 598 3914 43).
632 3847 744 3898 llac
775 3848 963 3897 autem
993 3843 1052 3896 in
1072 3842 1260 3896 edicto
1292 3842 1589 3913 sequentia
1619 3843 1868 3896 declarat
1895 3847 2016 3896 tan-

319 3951 489 4004 quam
511 3932 932 3987 evidentissime
954 3931 1194 4002 probata
1215 3930 1430 4000 (Labbe,
1448 3936 1571 3983 tam.
1588 3935 1638 3994 2,
1653 3947 1784 3999 pag.
1815 3934 1964 3998 1505)
1998 3948 2010 3984 :

317 4021 502 4075 Alieni
549 4021 772 4074 sceleris
812 4037 958 4073 noxa
1006 4019 1183 4072 alium
1232 4019 1356 4072 fieri
1404 4034 1564 4072 reum
1615 4018 1852 4072 omnino
1900 4035 2014 4072 non

318 4126 508 4179 posse;
542 4114 714 4178 atque
744 4108 886 4161 adeo
920 4123 1036 4159 non
1073 4105 1328 4176 patuisse
1370 4105 1672 4159 Ecclesiam
1710 4106 1926 4159 collatis
1956 4107 2014 4159 in

321 4196 683 4250 Caecilianum
730 4193 1067 4247 criminibus
1125 4193 1309 4258 inﬁci;
1359 4209 1547 4262 neque
1607 4199 1800 4246 tamen
1852 4194 2014 4247 illum

319 4283 548 4338 admissi
576 4281 891 4350 cujuspiam
922 4279 1242 4333 convictum
1273 4280 1389 4332 ullo
1412 4280 1582 4332 modo
1607 4279 1808 4346 fuisse;
1835 4297 2013 4350 quan-

320 4370 631 4441 doquidem
665 4368 718 4423 ei
740 4368 1075 4434 Concilium,
1101 4385 1132 4420 a
1153 4383 1265 4438 quo
1292 4367 1399 4421 fuit
1423 4367 1710 4421 inauditus
1739 4372 1792 4422 et
1813 4369 2016 4422 absens

318 4459 746 4523 condemnatus,
771 4457 997 4510 ofﬁcere
1021 4456 1172 4509 haud
1193 4456 1374 4526 magis
1388 4456 1582 4517 valuit,
1605 4473 1774 4527 quam
1799 4457 2016 4510 absenti

319 4563 546 4618 quoque
587 4545 876 4599 Primiano
908 4543 1453 4601 Maximianistarum
1497 4545 1746 4614 synodus
1785 4561 1798 4597 :
1846 4545 2015 4598 fuisse

320 4641 513 4690 autem
534 4634 774 4688 crimine
795 4634 1099 4689 liberatum
1122 4633 1178 4687 in
1211 4633 1406 4687 multis
1428 4633 1841 4704 posterioribus
1859 4634 2013 4703 judi-

319 4724 449 4788 ciis;
480 4725 765 4776 Donatum
795 4739 927 4777 vero
959 4727 1246 4777 auctorem
1279 4722 1502 4776 discidii
1533 4721 1965 4792 pronuntiatum
1998 4740 2010 4776 :

323 4811 561 4864 Felicem
617 4812 1044 4881 Aptuugensem
1095 4811 1164 4864 de
1212 4811 1566 4864 calumniosa
1614 4811 2013 4864 criminatione

320 4896 582 4952 similiter
611 4896 668 4949 in
702 4898 944 4950 solemni
965 4897 1182 4967 judicio
1210 4903 1517 4968 purgatum
1553 4913 1695 4953 esse.
1731 4898 2014 4952 Perstrin—

318 4987 403 5058 git
432 4985 510 5041 ibi
533 4985 956 5039 Donatistarum
979 4986 1378 5055 pertinaciam,
1401 4987 1608 5057 quibus
1632 4986 1820 5055 perire
1844 4985 1904 5040 in
1933 5003 2014 5039 er-

318 5090 449 5128 rore
479 5090 604 5140 suo,
637 5089 810 5144 quam
853 5074 1028 5127 libere
1071 5074 1130 5127 in
1174 5075 1322 5128 viam
1353 5075 1552 5128 salutis
1594 5075 1802 5140 redire,
1837 5075 2014 5128 satius

317 5163 656 5217 videbatur:
697 5166 872 5232 utque
901 5161 1217 5232 periculum
1253 5162 1439 5227 faciat,
1480 5177 1620 5214 num
1657 5163 1820 5228 forte,
1862 5164 2014 5232 quod

320 5251 389 5305 ab
417 5252 496 5306 eis
524 5250 782 5305 obtinere
812 5250 897 5304 vis
924 5250 1175 5303 veritatis
1205 5266 1322 5302 non
1351 5249 1547 5315 valuit,
1581 5248 1652 5301 sit
1683 5265 2016 5318 expressura

320 5338 614 5405 severitas;
648 5343 745 5392 aut
784 5338 983 5391 saltem
1012 5337 1332 5407 prohibeat,
1363 5352 1435 5390 ne
1484 5352 1656 5407 quam
1697 5337 1822 5404 sibi,
1855 5354 2012 5390 eam-

319 5425 449 5480 dem
479 5441 705 5497 queque
728 5425 852 5479 aliis
880 5424 1189 5496 perniciem
1221 5425 1480 5490 afferant,
1503 5423 1834 5494 gravissima
1867 5425 2012 5478 mul-

320 5517 408 5566 cta
427 5513 719 5584 proposita
747 5513 932 5581 edicit,
961 5518 1027 5568 ut
1063 5528 1262 5567 omnes
1300 5512 1560 5566 omnium
1597 5512 1866 5567 ordinum
1907 5512 2010 5565 viri

1489 291 1657 346 Vl'l‘A
1715 291 1768 345 S.
1843 288 2215 346 AUGUSTINI
2276 288 2614 344 EPISCOPI.

3693 285 3806 338 ~i365

2102 411 2436 483 provideant
2464 425 2569 481 pro
2599 424 2701 462 sua
2723 407 2892 474 virili,
2927 422 2998 460 ne
3027 410 3336 460 conventus
3365 406 3595 460 illorum
3617 409 3718 459 aut
3739 405 3802 458 in

2099 499 2356 562 urbibus,
2398 502 2496 551 aut
2535 495 2757 566 uspiam
2796 493 3031 548 omnino
3071 493 3266 547 sinant
3301 494 3492 560 coire;
3544 495 3805 564 itemque

2100 587 2236 641 dent
2264 601 2520 656 operam,
2551 590 2613 638 ut
2660 583 2910 637 ecclesias
2939 598 3041 635 suo
3071 581 3249 652 ipsius
3284 582 3450 651 jussu
3493 581 3806 635 Donatistis

2103 678 2230 728 ante
2267 673 2640 728 Collationem
2688 671 2946 736 redditas,
2979 685 3150 741 quam
3201 669 3454 739 primum
3502 670 3807 726 tradantur

2104 759 2428 816 Catholicis.
2468 762 2765 814 Persancte
2793 759 3060 817 atlirmat,
3084 773 3182 810 eos
3203 757 3304 828 qui
3329 760 3450 828 jam
3476 759 3716 812 istorum
3742 759 3801 812 in

2103 848 2406 903 factionem
2445 847 2844 918 transfugient,
2876 861 3104 916 poenam
3140 845 3364 916 legibus
3409 862 3582 916 super
3624 862 3690 900 ea
3744 863 3805 898 re

2104 937 2504 1008 promulgatis,
2554 936 2649 990 sed
2696 935 2940 988 necdum
2995 939 3188 988 tamen
3244 935 3413 1004 plene
3466 934 3802 999 observatis,

2106 1025 2474 1079 constitutam
2494 1025 2668 1077 vitare
2698 1023 2936 1076 ulterius
2967 1039 3080 1076 non
3102 1039 3288 1093 posse.
3315 1024 3458 1076 Item
3481 1022 3800 1088 universos,

2107 1114 2206 1185 qui
2237 1113 2726 1168 Circumcelliones
2758 1112 2815 1165 in
2845 1111 2960 1165 suis
2985 1112 3215 1181 prmdiis
3245 1111 3571 1177 habuerint,
3602 1127 3806 1165 eorum

2106 1206 2342 1254 conatus
2381 1201 2675 1254 seditiosos
2711 1216 2968 1253 coercere
3001 1199 3164 1270 jubet
3196 1217 3208 1253 :
3247 1199 3346 1270 qui
3382 1199 3440 1253 ni
3486 1199 3810 1270 paruerint,

2108 1289 2228 1344 loca
2258 1289 2354 1342 illa
2377 1306 2410 1342 a
2437 1289 2568 1342 ﬁsco
2599 1305 2730 1342 mox
2762 1288 3124 1358 occupanda;
3159 1287 3370 1358 quippe
3396 1287 3500 1340 hoc
3529 1303 3644 1340 non
3675 1286 3811 1340 fidei

2107 1377 2395 1432 catholicae
2447 1381 2687 1442 tantum,
2723 1377 2819 1430 sed
2863 1376 3033 1430 etiam
3081 1375 3329 1446 publica:
3375 1375 3814 1447 tranquillitatis

2106 1467 2400 1520 interesse.
2445 1469 2711 1519 Attamen
2756 1479 3078 1518 concessam
3129 1463 3312 1518 edicto
3361 1479 3463 1518 suo
3513 1463 3813 1534 superiore

2110 1553 2417 1608 Donatistis
2447 1557 2798 1606 commeatus
2819 1553 3179 1606 securitatem
3207 1551 3573 1619 conﬁrmans,
3599 1569 3672 1606 ne
3696 1568 3816 1622 qua

2111 1641 2322 1696 reditus
2353 1641 2463 1694 illis
2500 1641 2932 1706 intercludatur,
2983 1644 3150 1707 vetat,
3185 1641 3363 1694 donec
3407 1640 3524 1694 suis
3568 1640 3815 1711 quisque

2111 1730 2341 1784 sedibus
2370 1729 2573 1783 redditi
2601 1730 2910 1793 declarent,
2944 1734 3139 1782 utrum
3165 1729 3234 1782 ad
3263 1729 3565 1782 Ecclesium
3594 1729 3809 1794 redire,

2113 1824 2284 1888 atque
2316 1833 2410 1870 eas
2441 1817 2811 1882 conditiones,
2836 1833 2976 1887 quas
3001 1816 3115 1870 illis
3138 1817 3260 1887 jam
3282 1821 3411 1869 ante
3440 1817 3818 1871 Collationem

2113 1906 2455 1974 obtulerant,
2486 1921 2550 1958 ac
2595 1905 2766 1959 etiam
2810 1909 2945 1959 tunc
2982 1905 3299 1958 offerebant
3337 1904 3631 1971 Catholici,
3671 1904 3819 1958 acci-

2113 2010 2249 2064 pere
2292 1994 2527 2048 demum
2569 1992 2853 2046 sententia
2895 1996 3064 2045 esset.
3125 1994 3386 2046 Testatur
3437 2008 3664 2064 quoque
3689 1994 3816 2064 jam

2115 2083 2343 2150 peracta
2385 2080 2698 2135 Collatione
2743 2081 3121 2152 Augustinus,
3167 2079 3474 2151 episcopali
3528 2081 3810 2151 dignitate

2114 2169 2240 2222 illos
2267 2185 2380 2222 non
2409 2167 2680 2234 abdicari,
2703 2168 2802 2239 qui
2823 2184 2880 2221 se
2900 2169 2971 2222 ad
2992 2167 3326 2222 catholicam
3347 2168 3817 2223 communionem

2115 2256 2421 2323 referrent;
2443 2257 2691 2325 tametsi,
2715 2256 2811 2327 qui
2837 2257 3135 2326 praefracto
3157 2255 3351 2308 animo
3373 2258 3817 2326 perseverabant

2116 2347 2175 2398 in
2213 2360 2426 2412 errore,
2457 2344 2591 2398 hinc
2622 2344 2989 2415 superbiendi
3024 2360 3220 2398 ansam
3258 2349 3529 2415 caperent
3568 2344 3682 2414 (Ad
3722 2349 3821 2399 Da-

2115 2437 2348 2488 natistas
2383 2439 2505 2502 post
2543 2435 2758 2503 Callet,
2793 2450 2849 2487 η.
2884 2437 2990 2503 58).
3033 2434 3386 2488 Marcellinus
3415 2435 3819 2505 appellationis

2119 2521 2539 2576 Donatistarum
2571 2538 2673 2575 suo
2702 2521 2761 2575 in
2792 2522 2972 2576 edicto
3005 2522 3230 2576 disertis
3248 2521 3433 2575 verbis
3465 2537 3580 2575 non
3611 2522 3816 2576 memi-

2118 2611 2204 2664 nit
2234 2627 2246 2664 :
2281 2611 2386 2664 hoc
2411 2610 2686 2664 nimirum
2717 2610 2857 2664 nihil
2889 2612 3065 2677 aliud,
3097 2627 3267 2682 quam
3292 2611 3611 2681 superiores
3642 2611 3817 2680 leges,

2120 2699 2244 2769 ipso
2276 2698 2644 2768 Imperatoris
2673 2699 2742 2753 de
2783 2699 3042 2753 habenda
3084 2699 3393 2753 Collatione
3424 2699 3693 2752 mandato
3723 2715 3815 2752 re-

2118 2791 2372 2853 novatas,
2403 2786 2690 2840 observari
2715 2787 2907 2858 jubet.
2955 2788 3275 2841 Marcellino
3307 2787 3427 2857 jam
3467 2787 3583 2840 vita
3625 2786 3820 2840 functo

2123 2874 2400 2928 Bonorius
2417 2879 2577 2944 gesta
2598 2874 2928 2929 Collationis
2952 2875 3076 2945 lege
3099 2874 3264 2928 tertio
3284 2874 3561 2927 kalendas
3581 2879 3821 2944 septem-

2121 2963 2238 3017 bris
2258 2962 2576 3034 annisupra
2597 2963 3224 3034 quadringentesimum
3248 2963 3453 3017 decimi
3471 2963 3661 3033 quarti
3690 2963 3820 3016 data

2121 3050 2493 3116 confirmavit,
2527 3054 2583 3103 et
2610 3055 2733 3104 rata
2761 3056 2932 3122 atque
2963 3050 3222 3121 legitima
3251 3051 3448 3105 haberi
3488 3051 3665 3104 voluit
3698 3051 3819 3119 (Co-

2122 3139 2240 3192 dice
2272 3138 2489 3204 Theadl,
2523 3137 2588 3190 de
2610 3140 2910 3204 Haereticis,
2947 3140 3058 3207 lege
3084 3139 3188 3208 55).

2192 3229 2243 3280 6.
2282 3227 2485 3280 Eadem
2511 3228 2672 3280 Gesta
2702 3226 3121 3297 vigilantiSSimi
3151 3226 3364 3297 quique
3395 3225 3817 3297 episcoporum,

2123 3330 2187 3368 ac
2242 3314 2602 3384 potissimum
2654 3315 3136 3385 Cartliaginensis,
3187 3313 3586 3385 Hipponensis,
3639 3315 3819 3384 Taga-

2123 3402 2348 3469 stcnsis,
2381 3408 2433 3456 et
2474 3403 2980 3473 Constantinensis,
3010 3419 3114 3473 per
3151 3403 3642 3474 quadragesimale
3665 3403 3819 3473 jeju-

2123 3490 2303 3554 nium,
2346 3507 2458 3560 quo
2506 3496 2763 3561 tempore
2807 3493 2954 3545 hanc
2998 3491 3196 3545 audire
3240 3491 3540 3544 lectionem
3600 3492 3818 3560 populo

2124 3579 2306 3648 magis
2335 3579 2584 3645 vacabat,
2617 3595 2649 3632 a
2679 3579 2861 3647 capite
2889 3579 2962 3633 ad
2999 3579 3209 3632 calcem
3239 3579 3513 3632 curabant
3542 3578 3767 3632 recitari
3806 3595 3819 3631 :

2124 3667 2359 3738 ipseque
2408 3667 2550 3721 adeo
2597 3668 2968 3738 Augustinus,
2999 3683 3127 3721 cum
3179 3683 3328 3721 anno
3373 3667 3822 3737 quadringente-

2126 3755 2268 3808 simo
2299 3755 2519 3809 decimo
2550 3759 2746 3809 octavo
2783 3761 2932 3809 esset
2963 3756 3252 3818 Caesarem,
3287 3755 3554 3809 Deuterio
3582 3755 3825 3824 hujusce

2126 3842 2363 3896 civitatis
2386 3843 2646 3907 antistiti,
2685 3843 2753 3896 ad
2781 3843 3120 3898 imitandum
3153 3844 3420 3898 eumdem
3452 3859 3690 3908 morem,
3723 3860 3822 3897 au-

2125 3937 2339 3984 ctorem
2371 3947 2430 3984 se
2466 3935 2636 4001 atque
2676 3932 3026 3985 hortatorem
3064 3931 3313 4002 praabuit
3361 3933 3452 4001 (De
3491 3932 3662 3987 Gestis
3699 3948 3822 3985 cum

2126 4021 2379 4086 Emerita,
2415 4036 2469 4072 n.
2503 4022 2572 4088 4).
2627 4019 2824 4089 Signat
2870 4021 3021 4073 haud
3071 4020 3242 4074 dubie
3290 4025 3448 4090 gesta
3497 4019 3593 4072 illa
3629 4035 3732 4072 suo
3763 4019 3826 4072 in

2127 4107 2403 4161 Chronico
2433 4107 2668 4174 ldacius,
2702 4107 2799 4161 ubi
2829 4109 2894 4160 ad
2936 4123 3150 4161 annum
3193 4107 3827 4178 quadringentesimum

2128 4195 2528 4249 duodecimum
2551 4196 2655 4249 ait:
2673 4197 3012 4264 Augustinus
3029 4197 3256 4250 habetur
3270 4197 3504 4264 insignis
3529 4212 3541 4250 :
3568 4198 3709 4250 inter
3736 4211 3827 4248 cu-

2119 4285 2214 4353 jus
2250 4284 2435 4337 studia
2484 4287 2790 4352 magniﬁca,
2835 4287 3153 4339 Donatistas
3193 4285 3262 4338 ab
3300 4300 3356 4338 eo
3400 4287 3497 4338 Dei
3545 4284 3826 4352 adjutaria

2126 4377 2405 4440 superatas
2448 4372 2683 4440 probata
2719 4372 2852 4440 ﬁdes
2897 4373 3229 4427 demonstrat
3273 4374 3552 4426 Actorum.
3599 4373 3711 4424 Nec
3757 4387 3826 4424 ea

2128 4461 2262 4513 sane
2288 4460 2521 4512 fuerunt
2547 4460 2838 4530 incognita
2865 4460 3068 4514 Graecis
3100 4478 3112 4515 :
3147 4460 3378 4530 quando
3421 4459 3621 4531 quinta
3651 4475 3822 4529 syno-

2129 4547 2232 4600 dus
2263 4563 2330 4598 ex
2361 4545 2668 4598 centesimo
2699 4546 3049 4616 octogesimo
3081 4546 3321 4617 septimo
3352 4546 3536 4600 tertia:
3562 4545 3827 4601 Collatio-

2127 4634 2214 4686 nis
2240 4633 2478 4687 articulo
2519 4633 2690 4688 verba
2719 4635 2984 4705 quasdam
3015 4634 3320 4704 Augustini
3345 4635 3581 4704 profert,
3615 4634 3824 4704 quibus

2127 4723 2295 4775 licere
2339 4722 2640 4775 anathema
2687 4722 2744 4775 in
2794 4723 3162 4776 demortuum
3203 4723 3409 4788 dicere,
3444 4723 3822 4776 demonstret.

2125 4812 2262 4861 Acta
2291 4808 2542 4879 priorum
2575 4809 2820 4863 duarum
2860 4811 3253 4878 Collationum,
3287 4827 3416 4867 cum
3445 4815 3607 4881 parte
3638 4811 3825 4865 tertiae

2127 4896 2197 4949 ad
2228 4902 2475 4950 nostram
2523 4903 2746 4952 atatem
2792 4900 2988 4968 usque
3022 4903 3422 4970 pervenerunt,
3472 4899 3568 4952 sed
3601 4899 3826 4952 mendis

2124 4985 2332 5038 fcedata
2356 4987 2745 5056 compluribus
2799 4987 2939 5041 Cum
2988 5004 3052 5040 ea
3090 5004 3262 5058 porro
3309 4986 3635 5058 longissima
3684 4987 3822 5054 sint,

2126 5079 2182 5127 et
2225 5073 2678 5144 impeditissimis
2726 5091 2918 5129 rerum
2947 5076 3284 5146 ambagibus
3327 5075 3617 5146 implicata
3647 5079 3822 5145 atque

2127 5162 2195 5216 ad
2226 5163 2533 5232 legendum
2565 5164 2832 5230 molesta;
2871 5165 3162 5218 Marcellus
3188 5163 3445 5235 quidam,
3472 5178 3645 5233 quem
3676 5179 3824 5215 non-

2125 5251 2271 5304 nihil
2290 5251 2641 5305 auctoritatis
2661 5252 2721 5305 in
2753 5253 2860 5306 hoc
2884 5252 3099 5323 judicio
3122 5250 3476 5306 Marcellinus
3496 5249 3705 5303 habere
3727 5265 3827 5301 vo-

2125 5339 2329 5405 luerat,
2363 5339 2420 5392 in
2461 5341 2864 5410 compendium
2895 5341 3020 5410 ipsa
3048 5340 3328 5410 redigere,
3359 5356 3392 5392 a
3429 5336 3733 5393 Severiano
3766 5340 3824 5391 et

2123 5425 2364 5490 Juliano,
2401 5427 2717 5481 Catholicus
2755 5428 3015 5482 videlicet
3061 5445 3089 5480 a
3123 5427 3422 5483 Catholicis
3452 5429 3683 5494 rogatus
3712 5430 3819 5477 est.

2127 5516 2312 5568 Exstat
2343 5515 2528 5569 adhuc
2553 5515 2810 5585 epistola,
2838 5533 2951 5587 qua
2981 5515 3250 5570 certiores
3287 5531 3384 5568 eos
3412 5514 3704 5568 Marcellus
3734 5513 3822 5565 fa-
