4062 6356
134 341 231 392 437
1576 329 1788 386 LIBER
1830 331 1839 383 ε

2021 335 2129 389 US.

130 458 231 524 cit,
249 472 395 527 sese,
408 456 560 528 quod
577 456 933 525 optaverant,
952 452 1300 525 prestitisse,
1326 468 1550 507 necnon
1570 451 1842 506 arithme-

131 545 277 601 ticas
307 550 471 601 notas
500 543 755 598 articulis
785 540 1000 614 ubique
1046 540 1351 608 addidisse,
1400 557 1515 613 quo
1560 538 1840 613 quidquid

131 633 312 689 fuerit
356 632 583 689 libitum
614 630 938 686 inveniatur
979 629 1337 684 commodius
1381 628 1594 698 (Labbe,
1626 633 1752 683 tom.
1784 630 1838 692 2,

128 737 264 793 pag.
310 719 483 792 I337).
520 721 723 775 Utrum
753 723 945 773 autem
977 717 1165 790 epella
1202 717 1323 771 haec
1357 714 1602 771 Marcelli
1640 715 1838 770 eadem

133 810 394 882 putanda
419 809 512 878 sit,
538 811 709 879 atque
740 806 1112 861 articulorum
1128 803 1457 861 Collationis
1482 802 1655 873 tituli,
1696 818 1839 875 quos

131 899 289 953 illius
308 897 562 969 epistolae
592 895 877 967 subjectos
907 896 964 949 et
992 893 1203 965 cuique
1238 891 1542 949 Collationi
1571 890 1840 963 praeﬁxos

131 987 350 1054 videas,
382 1002 498 1040 non
530 983 874 1051 definimus;
934 981 1023 1037 his
1061 985 1213 1036 certe
1258 985 1512 1035 actorum
1567 995 1838 1051 compen-

132 1076 298 1132 dium
330 1073 614 1148 quoddam
647 1071 961 1127 exhibetur.
1011 1071 1221 1125 Verum
1266 1085 1395 1124 cum
1439 1068 1592 1123 idem
1638 1068 1841 1139 perob-

135 1179 371 1219 scurum
401 1163 473 1217 sit
496 1165 667 1233 atque
692 1159 1111 1231 imperfectum,
1132 1172 1497 1229 nequaquam
1525 1155 1840 1227 prohibuit,

136 1251 280 1326 quin
310 1250 664 1321 Augustinus
693 1247 869 1313 aliud,
902 1246 1054 1318 quod
1087 1245 1260 1300 etiam
1290 1260 1441 1299 nunc
1462 1260 1565 1315 pro
1593 1256 1836 1297 numero

136 1341 461 1396 sessionum
491 1335 820 1394 Collationis
847 1334 1195 1407 tripertitum
1214 1337 1413 1397 exstat,
1448 1331 1837 1399 concinnaret,

140 1430 424 1486 Laborem
451 1426 603 1481 hunc
642 1441 810 1479 suum
858 1440 926 1478 ea
952 1439 1016 1478 re
1044 1422 1354 1477 utilitatem
1383 1421 1688 1476 allaturum
1719 1435 1840 1473 esse

134 1515 504 1583 existimavit,
525 1514 663 1587 quia
690 1513 751 1568 in
780 1529 847 1568 eo
869 1513 1084 1576 liceret,
1115 1509 1399 1583 quidquid
1428 1509 1489 1564 in
1520 1508 1834 1563 Collatione

132 1610 364 1679 gestum
390 1609 559 1673 esset,
598 1617 971 1675 cognoscam;
1005 1614 1231 1655 necnon
1256 1598 1455 1652 eadem
1486 1612 1659 1668 opera
1687 1612 1837 1668 quo-

132 1696 237 1750 ties
276 1694 503 1757 liberet,
534 1696 657 1746 acta
695 1692 816 1763 ipsa
845 1691 1160 1755 consulere,
1210 1702 1583 1742 numerorum
1631 1685 1841 1740 scilicet

132 1781 436 1848 beneﬁcio,
469 1779 568 1852 qui
595 1780 661 1835 ad
679 1779 867 1851 operis
897 1777 1131 1849 hujusce
1159 1776 1477 1848 marginem
1495 1774 1668 1842 (unde
1689 1790 1842 1829 nunc

132 1871 369 1944 quidem
400 1868 626 1937 absunt)
656 1865 948 1937 adscripti,
990 1863 1319 1921 Collationis
1348 1862 1617 1917 articulos
1660 1863 1838 1917 deno-

132 1957 352 2012 tabant.
385 1958 645 2011 Testatur
674 1959 900 2009 sanctus
935 1954 1142 2008 Doctor
1169 1952 1627 2007 lucubrationem
1654 1950 1836 2018 illam,

132 2060 308 2115 quem
325 2043 689 2099 Breviculum
703 2041 1037 2098 Collationis
1071 2041 1318 2113 appellat
1347 2040 1835 2111 (Retractationum

134 2134 229 2187 lib.
258 2136 316 2199 2,
347 2147 467 2202 cap.
511 2130 619 2201 39),
654 2146 800 2202 opus
829 2129 996 2184 multi
1022 2128 1249 2184 sudoris
1286 2128 1496 2195 fuisse;
1539 2143 1724 2199 neque
1752 2131 1837 2181 ta-

135 2236 267 2275 men
301 2219 411 2273 sibi
439 2219 685 2274 liberum
715 2218 773 2273 id
817 2234 937 2272 non
979 2217 1287 2287 suscipere,
1325 2220 1629 2287 propterea
1665 2214 1834 2285 quod,

135 2309 234 2381 qui
282 2308 505 2381 prolixa
535 2307 678 2362 adeo
707 2307 868 2362 Gesta
900 2305 1209 2377 perlegere,
1255 2308 1400 2359 esset
1436 2319 1605 2358 nemo
1646 2304 1838 2373 (Epist.

141 2400 261 2464 l39,
304 2413 364 2451 n.
398 2395 472 2467 3).
530 2394 884 2450 Bonifacium
917 2392 1184 2448 comitem
1212 2392 1283 2447 ad
1326 2392 1479 2446 idem
1526 2390 1666 2444 illud
1714 2392 1842 2444 Bre-

136 2483 385 2538 viarium
412 2482 654 2537 remittit
684 2484 877 2553 (Epist.
915 2484 1033 2549 l85,
1065 2498 1123 2536 n.
1155 2480 1235 2553 6).
1273 2479 1442 2551 Atqui
1484 2495 1601 2533 non
1645 2478 1699 2533 ei
1744 2477 1836 2533 de-

140 2570 224 2626 dit
252 2587 511 2643 operam,
554 2569 665 2625 nisi
694 2575 826 2641 post
849 2569 1023 2625 libros
1044 2569 1113 2624 de
1144 2567 1433 2639 Baptismo
1462 2567 1835 2639 parvulorum

136 2659 451 2724 absolutos,
483 2658 760 2713 nimirum
789 2674 943 2713 anno
971 2657 1311 2712 duodecimo
1354 2672 1525 2728 supra
1568 2654 1839 2727 quadrin-

135 2747 523 2818 gentesimum
558 2762 574 2801 :
620 2746 702 2801 uti
744 2747 859 2802 Deo
914 2746 1085 2801 dante
1141 2748 1339 2816 postea
1369 2759 1568 2798 sumus
1594 2743 1837 2798 demon-

136 2835 374 2891 straturi
385 2878 398 2891 .

200 2928 256 2978 '7.
290 2925 501 2977 Verum
533 2938 685 2977 anno
734 2920 869 2975 huic
926 2919 1495 2992 quadringentesimo
1538 2918 1838 2973 undecimo

136 3010 549 3067 adscribendus
580 3010 804 3064 videtur
828 3008 1028 3063 Sermo
1056 3008 1116 3062 in
1146 3007 1480 3079 Apostolum
1510 3006 1578 3061 ad
1596 3006 1836 3071 Galatas,

136 3115 308 3170 quem
348 3100 571 3154 fortean
628 3096 967 3175 Carthagine
1020 3096 1392 3169 Augustinus,
1426 3111 1554 3150 cum
1598 3094 1839 3166 jamjam

139 3187 366 3260 publice
396 3186 682 3260 affigenda
707 3191 871 3241 erant
899 3185 1228 3241 Collationis
1266 3189 1409 3251 acta,
1449 3183 1843 3257 pronuntiavit

138 3277 329 3347 (Serm.
382 3277 500 3343 164,
531 3292 588 3331 n.
623 3275 725 3346 l3).
776 3276 840 3330 In
886 3291 954 3329 eo
1008 3291 1237 3329 causam
1294 3274 1440 3328 hanc
1497 3272 1646 3327 inter
1704 3272 1841 3327 alias

139 3381 315 3419 nnam
348 3381 469 3419 esse
501 3364 734 3432 indicat,
782 3379 884 3418 cur
927 3363 1349 3418 Donatistarum
1393 3362 1667 3434 prmsules
1718 3360 1839 3414 ani-

140 3470 301 3508 mum
332 3454 390 3508 in
418 3452 1136 3520 secessioneobﬁrmarent,
1160 3451 1432 3506 nimirum
1457 3450 1611 3523 quod
1640 3466 1840 3504 eorum

141 3541 415 3596 timerent
458 3541 853 3609 offensionem,
906 3540 1113 3612 quibus
1164 3539 1463 3594 falsitatem
1524 3537 1841 3593 diutissime

140 3629 536 3683 vendiderant.
568 3627 749 3681 Simul
791 3627 964 3681 etiam
1011 3626 1269 3696 explicat,
1316 3642 1487 3697 quam
1529 3625 1641 3679 illis
1681 3642 1838 3680 men-

141 3720 277 3782 tem,
299 3730 430 3787 qute
455 3715 625 3769 verba
656 3715 723 3769 ad
753 3715 971 3785 plebes,
1012 3730 1153 3786 quas
1183 3713 1543 3781 seduxerunt,
1592 3712 1841 3768 veritatis

147 3818 330 3867 amor,
363 3802 411 3857 si
456 3803 603 3857 hanc
633 3801 695 3857 in
736 3807 966 3873 pectore
1006 3802 1362 3869 habuissent,
1409 3817 1713 3873 suggerere
1744 3801 1840 3855 de-

140 3889 363 3945 buerat.
392 3892 605 3955 Dicant,
646 3889 853 3960 inquit,
893 3892 1039 3944 suis:
1082 3891 1257 3946 Simul
1306 3892 1628 3955 erravimus,
1679 3889 1842 3943 simul

143 3977 212 4031 ab
244 3993 427 4032 errore
454 3977 779 4032 recedamus.
815 3980 981 4032 Duces
1001 3978 1150 4032 vobis
1187 3980 1399 4044 fuimus
1440 3976 1514 4031 ad
1531 3978 1762 4044 foveam,
1791 3980 1840 4030 et

139 4068 316 4120 secuti
344 4066 472 4119 estis
505 4080 624 4119 cum
672 4064 981 4119 duceremus
1011 4065 1086 4118 ad
1098 4067 1347 4131 foveam;
1388 4068 1438 4118 et
1474 4079 1614 4118 nunc
1654 4066 1841 4134 sequi-

141 4155 281 4207 mini
319 4168 439 4207 cum
467 4152 713 4206 ducimus
745 4151 819 4206 ad
854 4153 1165 4207 Ecclesiam.
1191 4152 1384 4207 Melius
1399 4152 1613 4222 quidem
1634 4157 1771 4213 erat,
1793 4156 1844 4208 si

140 4256 423 4311 nunquam
451 4255 782 4295 erraremus:
814 4239 909 4293 sed
935 4241 1018 4294 vel
1047 4239 1192 4308 quod
1227 4236 1514 4294 secundum
1559 4244 1637 4292 est
1662 4240 1841 4305 facia-

143 4345 283 4397 mus,
316 4333 378 4383 ut
405 4343 637 4382 errorem
678 4328 978 4397 aliquando
1007 4328 1338 4382 emendemus
1392 4326 1570 4397 (Ibid,
1618 4342 1674 4381 n.
1733 4327 1839 4397 14).

144 4418 291 4471 Tum
369 4414 711 4487 subjungit:
790 4419 1008 4471 Possent
1058 4418 1164 4470 ista
1217 4416 1390 4469 dicere
1435 4431 1448 4469 :
1500 4415 1842 4483 indignanti-

149 4505 244 4559 bus
275 4505 531 4571 dicerent,
561 4505 722 4559 iratis
752 4504 1007 4571 dicerent,
1059 4503 1361 4572 aliquando
1390 4507 1439 4559 et
1478 4504 1564 4557 illi
1583 4507 1841 4573 ponerent

148 4593 599 4662 indignationem,
630 4596 875 4646 amarent
902 4593 985 4645 vel
1022 4607 1137 4645 sero
1167 4594 1454 4645 unitatem.
1499 4594 1577 4645 Ac
1608 4590 1840 4645 demum

146 4680 217 4734 ad
258 4680 576 4736 Catholicos
624 4695 895 4734 conversa
937 4678 1196 4732 oratione
1227 4678 1307 4731 sic
1358 4694 1456 4731 eos
1486 4678 1836 4749 alloquitur;

147 4770 255 4823 Nos
286 4773 482 4835 tamen,
520 4770 744 4834 fratres,
771 4769 1040 4838 patientes
1085 4768 1228 4820 circa
1254 4767 1373 4820 illos
1408 4767 1613 4832 simus;
1643 4769 1699 4819 in
1726 4768 1841 4832 fer-

148 4871 270 4910 vore
296 4860 423 4911 sunt
450 4859 501 4909 et
530 4860 733 4909 tumore
759 4856 901 4909 oculi
927 4870 1058 4923 quos
1078 4867 1347 4907 curamus.
1374 4854 1493 4906 Non
1531 4852 1649 4906 dico
1674 4858 1733 4906 ut
1762 4868 1845 4905 cu-

148 4959 271 4998 rare
309 4958 603 5010 cessemus;
632 4943 726 4998 sed
752 4948 812 4997 ut
848 4960 955 4998 non
1000 4940 1440 4997 insultationibus
1490 4940 1565 4994 ad
1612 4940 1842 5009 majores

151 5031 540 5086 amaritudines
565 5046 943 5100 provocemus:
989 5034 1250 5085 rationem
1297 5030 1485 5083 leniter
1528 5029 1839 5096 reddamus,

151 5134 254 5173 non
278 5120 343 5174 de
368 5121 597 5174 victoria
620 5119 846 5189 superbe
873 5121 1200 5175 emsultemus
1231 5116 1417 5189 (Ibid,
1450 5133 1507 5171 n.
1540 5115 1647 5188 15).
1681 5118 1840 5171 Atta-

157 5222 285 5261 men
314 5210 537 5279 sperato
567 5222 824 5260 successu
855 5223 974 5261 non
1004 5207 1173 5278 plane
1202 5205 1384 5261 caruit
1429 5204 1683 5277 prudens
1721 5203 1840 5272 illa,

155 5309 322 5363 quam
353 5293 707 5366 Augustinus
730 5294 935 5363 tenuit,
958 5294 1165 5366 agendi
1190 5294 1336 5349 ratio
1361 5311 1374 5349 :
1399 5292 1685 5366 siquidem
1714 5292 1841 5348 Col-

156 5380 423 5437 lationem
460 5381 746 5437 consecuti
774 5385 906 5436 sunt
933 5383 1269 5452 multorum,
1302 5381 1473 5437 etiam
1504 5379 1843 5437 Circumcel-

157 5467 393 5539 lionum,
433 5469 505 5524 ad
531 5469 786 5525 Ecclesiae
818 5470 988 5524 fidem
1022 5469 1253 5523 reditus.
1287 5471 1365 5523 De
1403 5469 1493 5523 his
1521 5484 1843 5523 sermonem

158 5554 370 5612 habens
438 5558 792 5630 Augustinus
846 5558 1162 5614 Exercenda
1238 5562 1336 5621 est,
1397 5557 1495 5621 ait,
1580 5559 1844 5623 charitas,

3540 337 3643 389 438

1953 457 2179 511 amandi
2206 462 2256 511 et
2284 460 2410 526 ipsi.
2447 458 2610 511 Multi
2634 460 2856 511 correcti
2889 460 3168 525 ﬂeverunt,
3194 457 3350 511 multi
3390 460 3639 513 correcti:

1951 559 2046 599 nos
2075 547 2338 611 novimus,
2365 545 2440 599 ad
2460 560 2555 600 nos
2598 549 2855 599 venerunt
2893 545 2958 599 de
2997 561 3214 599 numero
3266 547 3506 615 ipsorum
3550 549 3641 613 fu-

1950 634 2233 687 riosorum.
2264 634 2416 688 Fient
2444 633 2686 701 quotidie
2710 636 2988 702 praeterita
3016 648 3137 696 sua,
3158 649 3251 688 nec
3269 636 3546 688 satiantur
3563 636 3643 688 la-

1951 724 2167 791 crgmis,
2218 723 2549 777 attendentes
2606 739 2785 777 eorum
2830 725 3089 790 furorem,
3135 725 3232 793 qui
3287 739 3392 778 non
3436 724 3647 789 digesta

1949 809 2203 864 ebrietate
2230 811 2491 864 vanitatis
2520 810 2696 864 adhuc
2737 812 2965 865 szviunt
2997 812 3186 880 (Serm.
3218 814 3342 876 359,
3373 827 3429 865 n.
3462 814 3529 872 8).
3568 812 3645 865 De

1950 895 2156 952 iisdem
2179 898 2353 952 habet
2382 896 2517 953 alibi
2538 898 2839 968 sequentia
2861 914 2875 951 :
2898 901 2985 952 Em
3015 900 3109 953 hoc
3139 914 3328 967 genere
3353 900 3475 968 quis
3495 900 3645 965 igno~

1948 990 2040 1040 rat
2064 1001 2227 1054 quam
2264 988 2425 1040 multi
2443 989 2603 1040 antea
2630 1001 2728 1055 per
2750 985 2994 1039 diversas
3019 991 3213 1040 mortes
3237 987 3413 1055 ibant,
3434 990 3484 1039 et
3502 988 3643 1057 peri-

1951 1074 2079 1128 bant
2102 1090 2116 1140 ;
2153 1078 2203 1128 et
2228 1089 2368 1128 nunc
2384 1076 2441 1127 in
2471 1075 2686 1128 illorum
2719 1076 3134 1143 comparatione,
3157 1089 3321 1143 quam
3348 1074 3513 1142 pauci
3532 1075 3646 1128 suis

1948 1162 2167 1230 ignibus
2187 1162 2463 1215 ardeant?
2492 1161 2598 1217 Sed
2624 1163 2675 1215 si
2698 1165 2864 1231 putas
2892 1163 3095 1215 moveri
3114 1177 3208 1215 nos
3232 1165 3492 1231 oportere,
3516 1164 3649 1230 quia

1949 1252 2052 1306 isto
2082 1252 2235 1305 modo
2263 1255 2340 1305 tot
2370 1251 2544 1304 millia
2569 1253 2877 1305 moriuntur
2902 1270 2917 1318 ;
2947 1255 3210 1319 quantum
3240 1253 3523 1305 existimas
3552 1266 3647 1305 nos

1950 1340 2145 1393 habere
2172 1337 2570 1407 consolationis,
2603 1338 2747 1407 quod
2777 1354 2811 1391 α
2843 1342 2998 1393 tanta
3025 1338 3294 1392 dementia
3325 1340 3508 1408 partis
3544 1341 3645 1393 Do-

1949 1431 2090 1494 nati,
2122 1428 2217 1482 ubi
2235 1442 2340 1481 non
2356 1428 2525 1481 solum
2537 1429 2765 1494 nefariae
2785 1426 3071 1481 divisionis
3096 1442 3265 1486 error,
3280 1441 3465 1481 verum
3484 1428 3647 1480 etiam

1947 1515 2108 1581 furor
2122 1516 2223 1569 iste
2235 1515 2320 1568 lea:
2334 1516 2485 1581 facta
2502 1519 2599 1581 est,
2618 1515 2769 1582 longe
2783 1518 2946 1583 atque
2960 1514 3473 1584 imcomparabiliter
3484 1515 3648 1583 plura

1949 1603 2126 1657 millia
2149 1603 2449 1657 liberantur
2467 1604 2497 1656 ?
2522 1602 2857 1673 NequeZenim
2887 1605 3002 1669 isti,
3036 1605 3133 1672 qui
3145 1607 3395 1673 pereunt,
3428 1603 3647 1657 illorum

1948 1691 2138 1745 saltem
2167 1706 2383 1745 numero
2419 1696 2726 1761 aequantur,
2755 1693 2853 1760 qui
2878 1707 2946 1746 ea:
2969 1693 3088 1760 ipso
3131 1706 3319 1758 genere
3363 1706 3504 1745 nunc
3525 1692 3648 1759 jam

1952 1782 2197 1833 tenentur
2244 1780 2433 1833 ordine
2473 1779 2797 1848 disciplinae,
2851 1779 3189 1846 colendisque
3225 1780 3397 1846 agris,
3448 1780 3645 1831 amisso

1950 1868 2446 1923 Circumcellionum
2475 1871 2525 1920 et
2544 1882 2698 1935 opere
2722 1871 2772 1920 et
2792 1867 3025 1931 nomine,
3059 1868 3381 1930 inserviunt,
3428 1870 3645 1919 servant

1950 1958 2273 2021 castitatem,
2309 1958 2487 2009 tenent
2513 1956 2812 2007 unitatem:
2845 1956 3047 2023 quanto
3091 1956 3271 2007 minus
3300 1957 3646 2022 obsequantur

1950 2045 2048 2097 isti
2067 2043 2279 2113 perditi
2305 2056 2524 2096 numero
2552 2044 2836 2110 utriusque
2862 2056 3044 2108 sea-us,
3095 2057 3202 2095 non
3239 2041 3408 2095 solum
3448 2056 3643 2111 puero-

1947 2146 2069 2185 rum
2101 2134 2151 2184 et
2173 2130 2501 2200 puellarum,
2538 2130 2801 2199 juvcnum
2820 2134 2871 2183 et
2916 2131 3209 2197 virginum,
3249 2145 3434 2183 verum
3481 2131 3646 2183 etiam

1949 2220 2362 2288 conjugatorum
2390 2221 2442 2272 et
2472 2232 2656 2272 senum
2683 2237 2698 2285 ;
2728 2232 2976 2286 quorum,
3000 2218 3418 2271 innumerabiles
3439 2233 3506 2271 ea:
3538 2220 3643 2271 Do-

1949 2308 2279 2361 natistarum
2305 2307 2523 2373 nefaria
2552 2306 2882 2360 dissensione
2906 2306 2963 2359 in
3000 2321 3188 2375 pacem
3216 2306 3421 2362 Christi
3463 2321 3647 2359 veram

1949 2398 2000 2447 et
2028 2394 2342 2448 catholicam
2374 2397 2653 2448 transeunt
2678 2395 2706 2448 ?
2735 2394 2833 2449 Isti
2876 2395 3095 2464 quippe,
3129 2395 3225 2462 qui
3252 2410 3305 2447 se
3334 2393 3643 2460 incendunt,

1948 2497 2042 2536 nec
2072 2486 2147 2537 tot
2191 2483 2429 2537 homines
2477 2488 2626 2551 sunt,
2659 2487 2787 2552 quot
2843 2482 2957 2537 loca
3007 2486 3135 2537 sunt
3191 2483 3412 2552 populis
3464 2483 3644 2551 plena,

1951 2585 2069 2638 quae
2096 2570 2165 2624 ab
2192 2571 2411 2624 emitiali
2450 2575 2598 2641 peste
2635 2571 2832 2625 erroris
2866 2571 3016 2625 illius
3046 2574 3096 2624 et
3121 2571 3330 2637 furoris
3372 2585 3473 2639 per
3510 2571 3647 2623 hanc

1949 2660 2271 2714 instantiam
2295 2660 2634 2729 perﬁcienda
2679 2662 2910 2715 unitatis
2944 2664 3208 2714 eruuntur
3238 2660 3454 2729 (Contra
3501 2659 3646 2715 Gau-

1949 2748 2209 2809 dentium,
2244 2747 2340 2801 lib.
2370 2750 2418 2810 1,
2446 2763 2502 2801 n.
2545 2747 2654 2818 33).

2020 2838 2071 2891 8.
2115 2834 2454 2889 Nominatur
2481 2834 2633 2888 inter
2678 2850 2795 2900 eos,
2854 2834 2957 2906 qui
2995 2850 3055 2889 se
3085 2850 3117 2887 a
3145 2834 3350 2888 Donati
3400 2833 3646 2887 factione

1949 2926 2253 2989 retraxere,
2283 2921 2343 2975 in
2382 2920 2585 2993 primis
2612 2920 2861 2976 Gabinus
2891 2921 3143 2992 quidam,
3184 2925 3249 2974 ut
3268 2919 3356 2973 vir
3392 2935 3510 2991 prie
3538 2936 3644 2973 ca:-

1948 3010 2086 3066 teris
2123 3010 2341 3064 honore
2380 3008 2618 3063 illustris
2666 3008 2847 3075 (Ibid,
2895 3024 2990 3063 nn.
3048 3012 3130 3075 12,
3180 3011 3266 3075 13,
3313 3009 3435 3076 43).
3480 3008 3645 3061 Anno

1950 3096 2517 3171 quadringentesimo
2550 3096 2770 3151 decimo
2791 3100 2987 3151 octavo
3009 3096 3432 3151 Donatistarum
3459 3095 3645 3150 Caesa-

1949 3186 2235 3243 reensium
2264 3185 2356 3241 vix
2376 3185 2681 3258 quisquam
2712 3189 2849 3252 erat,
2901 3184 3002 3256 qui
3049 3200 3109 3239 se
3147 3183 3208 3239 in
3237 3182 3521 3255 gremium
3550 3184 3645 3237 Ec-

1949 3275 2131 3331 clesiae
2152 3274 2441 3331 catholicae
2462 3290 2577 3329 non
2603 3274 2924 3341 retulisset;
2950 3272 3209 3344 quamvis
3228 3276 3419 3326 tamen
3445 3286 3644 3325 eorum

1948 3365 2211 3438 plurimis
2241 3364 2483 3421 necdum
2508 3363 2677 3435 plane
2708 3362 2937 3435 cognita
2974 3366 3123 3417 esset
3152 3365 3323 3433 atque
3352 3363 3646 3432 perspecta

1948 3453 2157 3508 veritas
2187 3452 2281 3524 (De
2311 3453 2485 3510 Gestis
2535 3468 2656 3507 cum
2701 3453 2960 3519 Emerita,
3011 3466 3067 3506 n.
3136 3451 3210 3519 2).
3268 3452 3463 3521 Neque
3510 3464 3645 3503 sane

1948 3542 2076 3597 ﬁeri
2085 3544 2329 3613 poterat,
2353 3539 2491 3612 quin
2506 3539 2565 3595 in
2576 3543 2662 3594 tot
2676 3544 3081 3610 tantorumque
3106 3539 3449 3611 populorum
3470 3537 3645 3608 agmi-

1948 3629 2118 3684 nibus
2143 3633 2333 3683 essent
2357 3628 2540 3683 adbuc
2568 3626 2831 3682 nonnulli
2852 3627 2976 3699 ipsa
3003 3627 3251 3682 novitate
3283 3624 3522 3691 turbati;
3546 3624 3645 3678 sed

1950 3721 2006 3771 et
2032 3717 2138 3788 ipsi
2164 3716 2444 3788 paulatim
2471 3716 2543 3770 ab
2572 3716 2680 3770 hac
2708 3714 3044 3770 inﬁrmitate
3075 3715 3441 3770 sanabuntur.
3487 3712 3554 3767 Et
3599 3710 3646 3765 si

1948 3804 2065 3859 ﬁcti
2095 3803 2273 3875 aliqui
2319 3807 2764 3874 perseverarent,
2796 3819 2914 3857 non
2962 3802 3161 3875 utique
3207 3805 3441 3874 propter
3493 3800 3647 3872 ipsos

1948 3909 2065 3947 non
2097 3892 2327 3946 fuerant
2371 3891 2680 3961 colligendi
2718 3907 2947 3946 veraces
3000 3892 3224 3960 (Contra
3262 3890 3645 3954 Gaudentium,

1950 3981 2044 4035 lib.
2074 3983 2123 4043 1,
2154 3996 2214 4034 n.
2249 3977 2361 4049 27).
2396 3980 2586 4034 Exstat
2609 3982 2886 4050 praeterea
2916 3979 3066 4033 inter
3094 3978 3399 4050 Augustini
3427 3978 3647 4034 SermoL

1949 4083 2049 4121 nes
2072 4065 2261 4121 brevis
2290 4066 2553 4138 quaedam
2572 4066 2644 4121 ad
2668 4067 2951 4137 populum
2986 4066 3191 4133 oratio,
3221 4066 3385 4137 cujus
3415 4063 3647 4119 initium

1950 4158 2070 4209 est:
2101 4158 2206 4209 Deo
2243 4156 2477 4223 gratias,
2507 4155 2732 4221 fratres,
2772 4154 3230 4223 congratulamini
3267 4155 3440 4222 fratri
3472 4157 3648 4209 vestro

1951 4243 2139 4312 (Serm.
2199 4244 2341 4306 360).
2404 4242 2477 4296 Ex
2535 4242 2658 4313 ejus
2728 4246 2921 4297 autem
2978 4242 3350 4314 inscriptione
3401 4258 3466 4296 ac
3519 4239 3649 4296 stilo

1950 4328 2101 4384 haud
2122 4328 2330 4399 injuria
2350 4328 2477 4400 quis
2493 4330 2820 4401 conjecerit,
2852 4330 3007 4386 illam
3030 4331 3202 4387 fuisse
3233 4331 3302 4385 ab
3331 4328 3648 4402 Augustino

1951 4418 2323 4489 compositam
2349 4437 2365 4485 ;
2394 4418 2489 4472 sed
2520 4418 2753 4474 nomine
2784 4419 3090 4475 Donatistae
3119 4419 3296 4486 illius,
3328 4418 3429 4489 qui
3456 4416 3647 4489 publi-

1950 4522 2043 4560 cas
2073 4507 2187 4561 Deo
2216 4505 2451 4577 gratias,
2480 4507 2638 4578 quod
2684 4524 2743 4561 se
2797 4508 2867 4562 ab
2909 4524 3100 4562 errore
3148 4507 3464 4573 liberasset,
3509 4504 3646 4576 agit.

1954 4595 2107 4649 Idem
2136 4594 2227 4648 hic
2257 4610 2444 4648 sermo
2471 4599 2829 4664 praenotatur
2853 4597 2922 4650 ad
2952 4594 3175 4665 vigilias
3200 4593 3525 4649 Maximiani
3546 4608 3650 4646 seu

1952 4681 2241 4736 Maximini
2262 4681 2511 4748 habitus,
2542 4682 2602 4737 id
2623 4688 2728 4748 est,
2743 4682 2803 4736 ni
2817 4682 3096 4750 fallimur,
3128 4681 3281 4734 inter
3307 4684 3649 4734 nocturnum

1952 4767 2213 4821 Ofﬁcium
2245 4767 2493 4822 Africani
2523 4767 2815 4837 cujusdam
2832 4768 3097 4839 martyris
3109 4783 3176 4821 eo
3203 4766 3480 4820 vocabulo
3500 4781 3647 4819 nun-
3734 4837 3738 4841 '

1950 4854 2163 4925 cupati,
2196 4855 2293 4909 sed
2307 4856 2468 4925 cujus
2479 4855 2730 4925 cognitio
2743 4856 2814 4909 ad
2830 4853 3440 4925 nostramjmemoriam
3466 4869 3647 4925 usque

1952 4958 2069 4996 non
2099 4940 2373 5012 pervenit.
2397 4940 2486 4995 Sic
2506 4942 2788 5011 psalmum
2820 4941 3306 5013 septuagesimum
3337 4940 3647 4995 secundum

1953 5028 2215 5100 exposuit
2243 5027 2302 5082 in
2332 5027 2633 5099 pervigilio
2659 5029 2837 5084 sancti
2878 5029 3168 5101 Cypriani,
3202 5047 3273 5084 an
3298 5034 3491 5084 autem
3522 5030 3648 5084 Car-

1949 5115 2200 5188 thagine,
2234 5132 2352 5170 non
2380 5115 2654 5188 explicat:
2695 5116 2838 5171 illud
2869 5118 3053 5172 solum
3083 5121 3240 5171 extra
3267 5116 3504 5171 dubium
3542 5118 3648 5181 est,

1949 5203 2395 5275 haudquaquam
2427 5205 2607 5259 multo
2623 5205 3015 5276 postelapsum
3040 5207 3383 5275 praesentem
3429 5216 3648 5255 annum

1949 5291 2007 5347 id
2039 5292 2292 5359 factum;
2336 5292 2801 5365 quandoquidem
2861 5294 3212 5348 Honoratum
3257 5289 3498 5361 epistola
3548 5304 3650 5341 sua

1953 5381 2142 5436 medio
2198 5380 2421 5437 circiter
2463 5398 2614 5437 anno
2682 5378 3241 5453 quadringentesimo
3310 5374 3649 5433 duodecimo

1955 5469 2089 5523 data
2139 5469 2210 5524 ad
2268 5471 2525 5525 eamdem
2561 5469 2974 5542 expositionem
3018 5466 3259 5522 remittit
3291 5465 3491 5536 (Epist.
3526 5465 3645 5528 140,

1957 5574 2015 5612 n.
2043 5557 2293 5626 l3).Quo
2324 5557 2514 5613 studio
2552 5557 2659 5613 sibi
2698 5558 2947 5629 populus
3001 5570 3165 5609 aures
3207 5554 3510 5625 praeberet,
3570 5550 3647 5605 ibi
