4062 6354
359 266 458 317 4311

355 382 656 454 signiﬁcat,
708 398 880 453 seque
919 387 1089 454 negat
1121 385 1243 454 ejus
1283 385 1473 439 ardori
1514 399 1715 454 parem
1765 398 1886 436 esse
1937 381 2058 451 jam

355 487 521 542 posse
547 488 558 525 :
592 487 656 524 ac
685 471 919 525 demum
943 471 1014 525 ab
1044 488 1110 525 eo
1141 472 1249 526 sibi
1271 473 1383 527 vim
1416 472 1675 527 adhiberi
1701 471 1905 526 blande
1927 485 2060 540 que-

358 560 504 613 ritur
536 562 750 628 (Enarr.
784 561 841 612 in
866 561 1010 614 Psal.
1040 577 1211 624 Lxxu,
1245 577 1301 614 η.
1353 562 1460 631 34).
1497 563 1561 614 In
1609 577 1806 614 eorum
1851 573 2058 612 nume-

358 664 509 717 rum,
541 664 682 719 quos
715 649 861 702 Deus
888 649 1068 703 voluit
1093 666 1126 702 a
1156 650 1332 703 servis
1363 651 1479 705 suis
1509 650 1829 720 compulsos
1868 648 1928 701 in
1967 663 2061 700 au-

357 738 472 790 lam
505 735 820 807 nuptialem
850 735 1095 807 ingredi,
1120 737 1281 807 virgo
1314 738 1576 808 quaedam
1605 737 1832 791 nomine
1857 733 2064 790 Felicia

359 824 619 890 refertur,
654 841 825 894 quam
858 824 1114 879 Christus
1161 825 1508 896 virginitatis
1557 826 1664 879 sibi
1717 828 2061 893 nuncupata:

355 913 542 966 fructu
568 917 916 982 perstantem
949 913 1006 965 in
1040 914 1344 968 schismate
1377 914 1609 968 destitui
1666 930 1776 966 non
1816 917 1899 965 est
1930 928 2061 981 pas-

360 1015 475 1054 sus.
509 1001 641 1054 Eam
672 1000 731 1053 in
762 1005 1054 1070 posterum
1084 1001 1437 1072 Augustinus
1485 1002 1546 1054 in
1587 1018 1686 1055 sua
1716 999 1961 1066 dioecesi,
2004 1006 2063 1054 ut

357 1089 662 1145 verisimile
692 1089 926 1160 quidem
970 1093 1070 1156 est,
1128 1095 1595 1155 commorantem,
1646 1105 1748 1159 pro
1793 1088 1911 1142 tilia
1957 1087 2064 1142 sibi

361 1177 590 1249 egregie
611 1177 800 1243 chara,
834 1182 890 1231 et
910 1177 1233 1232 honorabili
1260 1179 1515 1248 corporis
1545 1177 1750 1233 Christi
1782 1177 2060 1242 membro;

362 1283 583 1320 necnon
611 1265 857 1336 Spiritus
884 1265 1062 1320 sancti
1099 1267 1404 1337 praisentia
1434 1266 1558 1321 vivo
1597 1265 1814 1320 habuit.
1846 1265 1932 1319 Ad
1962 1282 2064 1319 nos

364 1370 544 1425 usque
574 1354 834 1425 pervenit
881 1355 1146 1425 cpistola,
1196 1372 1312 1427 qua
1357 1355 1516 1409 illam
1568 1355 1768 1409 oborto
1817 1355 2064 1425 quodam

367 1442 633 1497 seandalo
675 1443 1069 1513 perturbatam
1118 1443 1353 1510 solatur,
1407 1444 1786 1514 hortaturque
1835 1447 1898 1496 ut
1950 1459 2066 1496 uno

369 1533 505 1597 Deo,
547 1547 664 1585 non
691 1531 1042 1595 hominibus,
1063 1531 1300 1599 nitatur,
1323 1549 1386 1586 ac
1419 1532 1588 1586 simul
1620 1548 1690 1586 ne
1721 1531 1910 1585 minus
1933 1531 2065 1585 inde

1551 1745 2064 1866 LIBER

1537 261 1706 314 Vl'l'A
1761 261 1814 313 S.
1877 257 2260 314 AUGUSTIM
2325 261 2662 315 EI’ISCOPI.

3780 267 3892 320 «HD

2168 382 2490 452 Ecclesiam,
2522 382 2582 436 in
2609 384 2772 454 cujus
2802 383 2990 437 sinum
3043 399 3102 437 se
3146 388 3455 454 receperat,
3488 399 3683 439 amare
3744 402 3886 457 per-

2169 475 2284 540 gat.
2320 472 2501 541 Rogat
2529 487 2674 537 eam,
2696 476 2776 538 ut,
2805 487 2918 543 quo
2951 470 3143 526 animo
3174 470 3394 525 litteras
3425 472 3549 526 illas
3571 473 3883 545 acceperit,

2170 558 2470 612 certiorem
2508 559 2696 630 ipsum
2745 560 2913 614 faciat
2969 561 3258 632 rescriptis
3310 561 3447 629 suis,
3509 580 3652 626 sese,
3685 569 3751 618 ut
3811 565 3884 618 ad

2170 647 2353 718 ipsam
2385 647 2674 717 scriberet,
2713 649 2910 702 salutis
2962 649 3116 702 illius
3165 650 3350 704 studio
3399 656 3456 706 et
3493 652 3883 707 sollicitudine

2170 735 2482 790 adductum
2514 752 2840 792 asseverans
2871 736 3068 806 (Epist.
3109 739 3255 809 208).
3306 740 3436 793 Post
3483 740 3874 795 Collationem

2173 839 2430 878 reversus
2461 826 2782 896 Hipponem
2801 825 3152 895 Augustinus
3181 827 3422 895 curavit,
3455 832 3518 882 ut
3545 833 3669 882 acta
3695 828 3881 881 Colla-

2173 911 2346 965 tionis
2375 913 2586 984 populo
2619 913 3012 980 recitarentur,
3049 915 3111 968 Et
3136 914 3244 968 hoc
3268 914 3458 986 ipsum
3498 916 3752 970 fortassis
3784 915 3875 970 in-

2175 1000 2344 1066 dicat,
2377 1017 2505 1055 cum
2536 1001 2597 1056 in
2637 1018 2899 1055 sermone
2932 1003 3303 1073 nonagesimo
3342 1021 3491 1058 nono
3531 1021 3633 1076 per
3656 1004 3885 1062 aestivos

2175 1090 2387 1141 calores
2421 1105 2534 1142 non
2560 1090 2728 1161 longe
2760 1095 2889 1161 post
2919 1091 3141 1146 finitam
3189 1093 3566 1147 Collationem
3616 1109 3884 1164 pronun-
3973 1155 3986 1164 κ

2176 1175 2336 1242 tiato,
2362 1178 2624 1247 quasdam
2651 1178 2902 1232 referens
2928 1195 3056 1249 qua:
3090 1179 3149 1233 in
3173 1181 3372 1234 eadem
3396 1182 3519 1236 ﬁeri
3539 1181 3883 1252 contigerat,

2178 1264 2367 1318 addit:
2435 1267 2587 1332 Quod
2639 1269 2802 1320 etiam
2864 1269 2924 1321 in
2989 1269 3161 1323 Gestis
3226 1271 3362 1339 ipsis
3427 1272 3596 1338 legere
3656 1275 3886 1340 potestis

2180 1354 2367 1422 (Serm.
2401 1359 2486 1421 99,
2520 1372 2576 1408 η.
2610 1356 2681 1422 8).
2719 1357 2781 1409 ln
2823 1356 3141 1411 Donatistas
3171 1359 3486 1430 plurimum
3524 1375 3593 1415 ea
3637 1358 3697 1412 in
3749 1377 3886 1414 con-

2177 1441 2342 1497 cione
2364 1442 2679 1498 invehitur.

2155 1653 2524 1661 Μ

2163 1742 3026 1867 SEPTIMUS.

432 1923 608 1972 Annos
640 1925 1002 1989 complectitur
1034 1932 1153 1977 octo
1187 1943 1218 1976 a
1248 1926 1761 1990 quadringentesimo
1797 1925 2089 1981 undecimo,
2125 1939 2191 1972 ex
2220 1939 2321 1988 quo
2350 1939 2485 1974 anno
2516 1939 2626 1974 rem
2665 1925 2856 1974 habere
2890 1925 3051 1989 coepit
3080 1925 3404 1989 Augustinus
3436 1940 3552 1976 cum
3586 1925 3825 1975 inimicis

1953 2012 2138 2073 gratiae
2170 2008 2288 2056 Dei.

935 2241 1161 2296 CAPUT
1203 2242 1496 2296 PRIMUM.

372 2333 390 2382 1
431 2330 679 2396 Pelagius
711 2330 951 2383 haeresim
981 2345 1135 2384 suam
1164 2334 1413 2400 proferre
1443 2333 1660 2403 incipit.
1704 2335 1737 2385 2
1766 2332 2074 2400 Discipulus

439 2418 556 2484 ejus
598 2418 869 2473 Ccelestius
910 2433 945 2470 a
972 2419 1388 2485 Carthaginensi
1417 2420 1638 2474 concilio
1669 2421 2076 2474 condemnatur.

446 2508 476 2557 3
503 2505 820 2571 Pelagianos
853 2511 1132 2574 oppugnat
1162 2509 1527 2574 Augustinus,
1555 2524 1615 2562 ac
1641 2508 1804 2562 libros
1826 2508 1899 2560 ad
1922 2509 2078 2561 Mar-

443 2593 691 2646 cellinum
717 2593 850 2648 duos
882 2594 947 2648 de
970 2596 1250 2663 Baptismo
1275 2597 1630 2664 parvulorum
1651 2597 1861 2650 scribit.
1892 2599 1919 2648 4
1944 2597 2077 2664 Epi-

444 2681 637 2733 stolam
683 2681 758 2734 ad
786 2683 1025 2736 eumdem
1068 2699 1161 2737 seu
1207 2684 1405 2738 librum
1449 2686 1820 2754 superioribus
1865 2687 2080 2738 tertium

449 2774 635 2823 contra
659 2772 975 2837 Pelagianos
1007 2773 1284 2840 adjungit.
1317 2776 1347 2826 5
1380 2772 1540 2827 Liber
1562 2774 1731 2827 eidem
1769 2773 2080 2828 Marcellino

448 2864 790 2927 nuncupatus
821 2860 884 2913 de
913 2861 1127 2929 Spiritu
1151 2865 1201 2915 et
1222 2862 1448 2915 Littera.
1486 2864 1515 2914 6
1538 2863 1866 2928 Carthagine
1891 2865 2083 2914 contra

449 2947 862 3012 Pelagianorum
891 2964 1123 3003 errorem
1151 2965 1443 3004 sermonem
1489 2951 1646 3004 habet
1689 2951 1762 3004 ad
1797 2951 2078 3019 populum.

447 3038 476 3086 7
509 3036 723 3102 Pelagio
750 3037 1014 3091 rescribit.
1047 3040 1078 3091 8
1107 3040 1171 3092 In
1195 3040 1422 3107 epistola
1463 3039 1536 3092 ad
1571 3041 1926 3093 Anastasium
1957 3053 2084 3104 gru-

448 3122 536 3176 tiaa
564 3126 928 3178 necessitatem
957 3125 1031 3178 ad
1060 3126 1223 3193 legem
1272 3127 1607 3194 implendam
1635 3127 1858 3195 probat.
1897 3131 1928 3181 9
1955 3127 2080 3180 Ho-

449 3216 639 3264 norato
665 3213 986 3280 respondens
1009 3213 1229 3267 disserit
1259 3214 1324 3266 de
1360 3217 1545 3280 gratia
1574 3218 1699 3268 novi
1730 3216 2075 3269 Testamenti.

457 3301 504 3350 1.
543 3299 692 3351 Bello
726 3299 1146 3353 Donatistarum
1178 3306 1309 3370 post
1336 3307 1569 3356 centum
1609 3307 1665 3356 et
1691 3302 1946 3374 quinque
1978 3304 2082 3356 cir-

382 3385 522 3438 citer
558 3401 757 3455 annos,
790 3403 891 3456 per
923 3403 1067 3458 quos
1115 3389 1186 3442 ab
1227 3389 1296 3442 iis
1351 3389 1717 3444 vehementer
1765 3392 2079 3448 admodum

382 3472 591 3543 agitata
639 3479 722 3526 est
762 3474 1022 3528 Africana
1080 3477 1340 3542 Ecclesia,
1385 3477 1506 3547 jam
1557 3479 1786 3533 tandem
1837 3481 2080 3534 feliciter

385 3561 659 3626 confecto,
689 3562 843 3616 aliud
869 3562 1138 3616 continuo
1163 3581 1293 3618 cum
1317 3565 1631 3635 Pelagianis
1661 3567 2081 3638 suscipiendum

384 3648 512 3714 fuit,
546 3649 698 3719 quod
730 3650 1007 3704 universae
1039 3652 1297 3705 Ecclesim
1325 3654 1495 3724 longe
1528 3653 1626 3708 illo
1665 3655 1921 3708 futurum
1962 3661 2083 3709 erat

386 3735 759 3805 periculosius
788 3739 1215 3808 magnitudine,
1250 3757 1314 3794 ac
1338 3741 1710 3798 diuturnitate
1761 3743 2076 3798 molestius.

389 3825 597 3878 Verum
627 3829 688 3878 ut
711 3826 780 3880 de
808 3831 893 3880 tot
921 3828 1156 3897 proeliis,
1189 3845 1316 3900 qua:
1347 3846 1477 3884 cum
1508 3832 1818 3886 Donatistis
1847 3849 1951 3902 pro
1989 3833 2082 3886 Ec-

385 3912 569 3967 clesia:
590 3930 725 3984 pace
757 3916 1058 3969 commissa
1087 3923 1238 3984 sunt,
1269 3920 1521 3988 palmam
1548 3920 1676 3974 tulit
1705 3922 2079 3992 Augustinus,

385 4016 489 4072 per
517 4008 687 4072 quem
705 4002 961 4058 videlicet
987 4008 1170 4058 totum
1202 4005 1341 4060 illud
1372 4006 1701 4061 instauratae
1730 4009 1964 4063 unitatis
1987 4010 2084 4063 bo-

383 4101 522 4140 num
553 4090 607 4138 et
635 4091 886 4155 coeptum
915 4091 971 4139 et
996 4088 1310 4158 perfectum
1356 4095 1440 4142 est
1478 4092 1791 4159 (Possidius,
1842 4095 1899 4146 in
1955 4095 2083 4148 Vita

385 4175 706 4241 Augustini,
740 4190 785 4227 c.
818 4176 940 4241 l3);
973 4174 1051 4227 sic
1079 4173 1140 4228 in
1187 4175 1388 4245 quovis
1418 4193 1548 4231 cum
1597 4178 1844 4233 inimicis
1882 4181 2083 4250 gratias

391 4262 490 4314 Dei
519 4261 848 4329 certamine,
878 4262 999 4331 jam
1035 4261 1167 4316 inde
1196 4279 1227 4316 a
1254 4267 1513 4334 tempore
1559 4283 1672 4336 quo
1705 4267 1762 4321 in
1793 4285 1886 4322 eos
1915 4269 2082 4324 dimi-

387 4348 502 4402 cari
533 4349 717 4418 coepit,
754 4349 1026 4402 catholica
1055 4349 1201 4402 acies
1248 4351 1505 4420 ejusdem
1549 4354 1728 4407 sancti
1757 4356 1863 4408 viri
1911 4357 2082 4411 ductu

389 4442 445 4491 et
471 4441 692 4507 pugnat
718 4441 774 4490 et
802 4436 974 4490 vincit
1015 4437 1282 4508 (Prosper,
1325 4441 1520 4496 Contra
1557 4444 1890 4513 Cotlatorem,
1922 4462 1976 4499 η.
2004 4450 2080 4515 2).

389 4523 580 4593 COpiis
600 4522 711 4575 illis
740 4522 985 4576 inimicis
1015 4525 1212 4595 gratias
1245 4525 1365 4592 Dei,
1399 4543 1529 4598 quae
1561 4529 1734 4582 totius
1766 4530 1902 4584 tidei
1941 4531 2084 4585 chri-

387 4611 585 4664 stiana’.
614 4611 1248 4667 fundamentaevertere
1279 4615 1611 4680 moliuntur,
1645 4618 1963 4687 Pelagianis
1993 4635 2084 4672 no-

389 4713 523 4752 men
562 4714 681 4752 esse
708 4715 739 4752 a
778 4699 1008 4770 Pelagio
1038 4717 1235 4755 earum
1257 4708 1483 4758 auctore
1515 4721 1578 4758 ac
1606 4705 1768 4772 duce,
1792 4722 1960 4761 nemo
1991 4723 2084 4760 ne-

389 4785 492 4840 scit
517 4786 717 4855 (Epist.
755 4790 872 4853 l76,
913 4805 1005 4843 nn.
1043 4793 1095 4856 3,
1150 4792 1226 4859 4).
1285 4791 1386 4845 Hic
1432 4793 1490 4846 in
1536 4793 1722 4847 insula
1772 4794 2080 4858 Britannia,

390 4873 543 4928 unde
571 4874 655 4928 illi
705 4875 921 4929 Britoni
966 4893 1304 4949 cognomen,
1333 4881 1555 4949 {humili
1600 4883 1723 4937 loco
1762 4888 1928 4938 natus
1977 4888 2076 4938 est.

387 4961 705 5016 Monasticaa
735 4962 862 5016 vita:
893 4963 1218 5020 institutum
1247 4973 1494 5039 secutus,
1514 4970 1928 5026 existimatione
1960 4988 2082 5026 san-

385 5051 592 5106 ctitatis
622 5051 954 5121 aliquandiu
974 5054 1169 5108 floruit
1196 5056 1349 5110 haud
1379 5058 1618 5128 vulgari.
1678 5060 1898 5114 Erroris
1965 5061 2082 5114 suis

387 5139 608 5194 semina
645 5140 714 5193 ab
753 5140 1036 5194 veteribus
1065 5143 1440 5214 philosophis,
1474 5163 1697 5202 necnon
1737 5149 1805 5202 ab
1840 5149 2081 5221 Origene

382 5228 613 5298 collegit
639 5229 846 5299 (Epist.
891 5232 1008 5298 178,
1059 5247 1114 5284 η.
1151 5235 1204 5297 2,
1252 5234 1427 5300 Epist.
1473 5238 1592 5303 157,
1646 5252 1699 5290 n.
1749 5241 1856 5306 2t;
1898 5242 2078 5309 Epist.

389 5320 512 5384 175,
539 5334 594 5372 n.
630 5317 702 5388 6).
739 5319 811 5372 Ea
843 5319 1061 5386 Romae,
1096 5319 1194 5374 ubi
1228 5320 1544 5378 diutissime
1573 5324 1728 5393 vixit,
1784 5329 2084 5399 spargebat

387 5419 518 5458 cum
546 5404 606 5458 in
637 5405 875 5476 scriptis,
919 5411 1040 5460 tum
1067 5407 1125 5461 in
1157 5410 1516 5464 sermonibus
1547 5416 1600 5465 et
1622 5415 2084 5469 contentionibus

383 5491 620 5561 privatis
645 5510 658 5560 ;
692 5494 916 5550 tametsi
946 5495 1008 5550 in
1035 5496 1125 5551 his
1163 5497 1384 5562 timide,
1417 5504 1471 5554 et
1501 5501 1669 5557 vitato
1700 5508 1978 5575 quantum
2012 5505 2081 5558 li-

2175 2241 2338 2296 cebat
2373 2240 2615 2311 strepitu
2645 2245 2964 2296 versaretur
2982 2242 3071 2311 (De
3106 2245 3316 2297 Peccato
3345 2244 3628 2310 originali,
3669 2259 3729 2297 η.
3763 2245 3881 2312 24).

2181 2329 2342 2384 Prius
2381 2329 2627 2383 absentis
2648 2332 2704 2382 et
2731 2330 2925 2384 Roma:
2955 2329 3248 2384 constituti
3276 2331 3491 2403 Pelagii
3523 2348 3737 2386 nomen
3756 2348 3892 2386 cum

2180 2434 2390 2489 magna
2419 2419 2540 2488 ejus
2571 2418 2735 2472 laude
2762 2419 3030 2489 cognovit
3066 2420 3417 2488 Augustinus
3444 2438 3458 2487 ;
3507 2428 3706 2491 postea
3755 2438 3893 2475 vero

2185 2507 2350 2576 coepit
2371 2507 2443 2560 ad
2473 2522 2604 2559 eum
2628 2506 2780 2560 fama
2812 2507 3080 2577 perferre.
3117 2507 3271 2577 quod
3303 2508 3576 2563 adversus
3622 2509 3720 2563 Dei
3750 2525 3888 2580 gra-

2182 2594 2322 2648 tiam
2353 2595 2673 2666 disputaret
2701 2595 2794 2664 (De
2821 2595 2994 2650 Gestis
3025 2597 3250 2664 Pelagii,
3297 2612 3349 2650 n.
3406 2599 3516 2664 46).
3569 2597 3670 2651 Illa
3708 2597 3892 2650 sancti

2185 2683 2433 2737 Doctoris
2461 2684 2646 2749 verba,
2676 2686 2757 2737 Da
2785 2684 2930 2752 quod
2950 2685 3130 2752 jubes,
3155 2689 3203 2738 et
3225 2685 3357 2754 jube
3389 2685 3534 2754 quod
3571 2687 3676 2754 vis,
3720 2687 3887 2739 Pela-

2183 2771 2310 2842 gius
2342 2773 2537 2826 Romae
2576 2788 2706 2826 cum
2744 2789 2776 2826 a
2807 2773 3054 2844 quodam
3093 2773 3358 2844 episcopo
3401 2773 3577 2828 fuisse
3624 2791 3691 2829 eo
3741 2791 3890 2844 pras-

2185 2864 2341 2914 sente
2373 2865 2833 2929 commemorata,
2868 2861 3014 2915 ferre
3032 2877 3148 2915 non
3176 2862 3384 2932 potuit,
3408 2866 3464 2916 et
3494 2863 3892 2916 contradicens

2186 2948 2476 3018 aliquanto
2508 2949 2865 3015 commotius,
2888 2965 3033 3019 pene
3054 2965 3184 3003 cum
3205 2966 3270 3004 eo
3301 2949 3402 3021 qui
3428 2949 3524 3004 illa
3543 2967 3893 3005 commemo-

2186 3040 2406 3089 raverat
2425 3035 2670 3109 litigavit
2699 3037 2794 3104 (De
2815 3040 2957 3091 Dono
2983 3039 3416 3106 perseverantiae,
3446 3055 3499 3093 η.
3547 3042 3653 3107 53).
3688 3041 3894 3094 Postea

2187 3138 2317 3176 vero
2347 3138 2519 3194 quam
2548 3123 2608 3176 in
2628 3122 2885 3178 Africam
2917 3123 3093 3190 venit,
3129 3125 3482 3196 Hipponensi
3509 3125 3716 3194 littore,
3753 3143 3889 3182 cum

2183 3211 2533 3281 Augustinus
2562 3211 2718 3265 illinc
2747 3212 2986 3279 abesset,
3013 3218 3281 3283 exceptus
3311 3219 3414 3281 est,
3435 3231 3607 3282 anno,
3633 3219 3694 3269 ut
3721 3216 3881 3270 vide-

2185 3303 2298 3366 tur,
2319 3298 2883 3370 quadringentesimo
2907 3301 3158 3356 decimo:
3180 3302 3277 3357 sed
3290 3303 3443 3374 quod
3456 3302 3578 3374 ejus
3614 3304 3883 3358 haeresim

2186 3392 2426 3458 saperet,
2460 3388 2537 3442 ibi
2567 3388 2804 3444 omnino
2829 3389 2972 3444 nihil
3011 3391 3082 3445 ab
3112 3393 3209 3447 illo
3235 3393 3496 3447 auditum
3525 3397 3610 3448 est
3635 3413 3650 3462 ;
3673 3393 3808 3466 quia
3831 3402 3895 3448 et.

2185 3475 2350 3530 citius
2384 3493 2556 3546 quam
2586 3478 2914 3547 putabatur,
2957 3478 3090 3532 inde
3142 3480 3426 3549 profectus
3475 3484 3578 3534 est.
3629 3483 3890 3534 Postmo-

2186 3564 2321 3618 dum
2354 3567 2476 3634 ejus
2497 3565 2699 3620 faciem
2731 3567 3071 3638 Carthagine
3103 3571 3278 3622 semel
3299 3574 3356 3625 et
3384 3569 3592 3624 iterum
3622 3569 3894 3623 viditAu-

2185 3653 2466 3723 gustinus,
2499 3671 2649 3708 anno
2692 3654 2905 3709 scilicet
2946 3655 3512 3727 quadringentesimo
3555 3657 3888 3723 undecimo,

2187 3742 2416 3811 quando
2436 3747 2671 3814 propter
2695 3744 3079 3810 collationem,
3113 3761 3288 3815 quam
3321 3744 3596 3800 Catholici
3625 3761 3756 3799 cum
3785 3746 3894 3799 Do-

2187 3830 2408 3884 natistis
2437 3832 2687 3886 habituri
2725 3837 2904 3900 erant,
2931 3833 3200 3886 maximis
3227 3833 3696 3904 occupationibus
3725 3833 3888 3888 disti-

2188 3920 2450 3974 nebatur.
2483 3920 2744 3990 Pelagius
2772 3937 2905 3975 vero
2936 3927 3073 3975 tunc
3104 3922 3415 3976 abscedens
3445 3921 3785 3993 Carthagine
3818 3924 3891 3978 ad

2188 4011 2568 4065 transmarina
2596 4009 2720 4063 loca
2749 4010 3078 4080 properavit
3108 4013 3199 4080 (De
3225 4011 3397 4066 Gestis
3423 4013 3650 4080 Pelagii,
3683 4028 3739 4065 n.
3774 4013 3888 4083 ⁴46).

2258 4102 2310 4151 2.
2345 4100 2565 4152 Interea
2589 4115 2692 4168 per
2722 4115 2822 4152 ora
2848 4115 3051 4152 eorum
3082 4099 3182 4170 qui
3218 4099 3435 4170 Pelagii
3463 4099 3724 4169 discipuli
3753 4100 3897 4154 fere-

2189 4188 2415 4253 bantur,
2449 4186 2716 4256 dogmata
2745 4186 2986 4240 recentis
3023 4187 3256 4242 haaresis
3291 4188 3668 4255 fervebantin
3698 4188 3895 4244 Africa

2190 4275 2372 4342 (Ibid.)
2414 4275 2582 4328 Erant
2621 4273 2702 4328 ibi
2749 4274 3003 4345 quidam,
3051 4275 3152 4346 qui
3203 4275 3548 4348 ubicumque
3596 4280 3890 4347 poterant,

2188 4363 2308 4416 haec
2339 4362 2426 4415 sui
2452 4360 2659 4414 erroris
2698 4378 2844 4415 nova
2873 4362 3094 4416 semina
3115 4369 3469 4434 spargerent.
3496 4365 3636 4418 Nam
3667 4368 3723 4418 et
3738 4381 3894 4420 unus

2187 4467 2388 4506 eorum
2419 4449 2649 4504 nomine
2677 4451 2989 4518 Caelestius,
3029 4452 3190 4523 isque
3217 4453 3627 4524 discipulorum
3668 4454 3890 4525 Pelagii

2187 4538 2348 4591 facile
2379 4538 2659 4607 princeps,
2693 4538 2792 4608 qui
2827 4539 2887 4592 in
2917 4538 3158 4593 civitatis
3201 4539 3663 4610 Carthaginensis
3694 4542 3888 4595 Eccle-

2187 4623 2271 4678 sia
2294 4623 2410 4694 jam
2439 4623 2509 4676 ad
2531 4623 2869 4694 presbyterii
2896 4625 3175 4679 honorem
3221 4625 3530 4697 subrepere
3577 4634 3828 4698 coeperat
3858 4646 3893 4681 a

2187 4711 2475 4766 catholicis
2504 4711 2638 4765 viris
2675 4713 2999 4767 christianaa
3045 4714 3178 4769 ﬁdei
3208 4731 3403 4768 amore
3432 4715 3718 4781 animatis,
3749 4732 3891 4786 pro-

2185 4806 2314 4871 pter
2341 4802 2443 4855 has
2480 4800 2630 4871 ipsas
2664 4807 2860 4855 contra
2909 4802 3113 4857 Christi
3165 4803 3405 4874 gratiam
3453 4803 3888 4874 disputationes,

2187 4891 2256 4944 ad
2304 4888 2579 4961 judicium
2628 4890 2951 4960 episcopale
3006 4893 3315 4961 perductus
3372 4897 3457 4946 est
3512 4895 3706 4962 (Epist.
3767 4897 3891 4959 157,

2186 4995 2240 5032 n.
2267 4981 2374 5044 22).
2422 4977 2738 5032 Concilium
2778 4995 2844 5033 ea
2882 4979 3065 5046 de.re
3114 4981 3264 5050 apud
3320 4979 3719 5052 Carthaginem
3761 4996 3894 5035 cum

2186 5066 2418 5136 collegis
2458 5066 2574 5119 suis
2621 5066 2818 5121 babuit
2871 5067 3137 5122 Aurelius
3183 5067 3307 5139 ipso
3355 5068 3606 5122 fortassis
3649 5069 3894 5123 ineunte

2187 5171 2337 5208 anno
2369 5153 2933 5225 quadringentesimo
2963 5155 3322 5225 duodecimo,
3354 5161 3501 5210 certe
3524 5155 3687 5210 annis
3711 5156 3898 5211 ferme

2192 5240 2445 5312 quinque
2476 5247 2605 5296 ante
2637 5242 2806 5296 aliam
2839 5242 3348 5314 Carthaginensem
3389 5243 3668 5314 synodum
3693 5243 3752 5296 in
3786 5245 3897 5298 Pe-

2189 5329 2325 5400 lagii
2354 5335 2410 5384 et
2439 5330 2686 5385 Coelestii
2735 5331 2992 5401 ejusdem
3038 5347 3206 5385 causa
3247 5347 3398 5386 anno
3447 5331 3900 5402 quadringente-

2191 5416 2333 5471 simo
2361 5419 2579 5472 decimo
2609 5423 2764 5472 sexto
2796 5419 3136 5474 celebratam
3165 5422 3364 5491 (Epist.
3405 5423 3526 5488 175,
3556 5436 3611 5472 n.
3651 5419 3720 5488 l).
3744 5419 3894 5474 Con-

2189 5505 2320 5560 cilio
2357 5506 2557 5572 libelli,
2603 5506 2812 5578 quibus
2859 5507 3244 5562 accusationes
3289 5508 3548 5564 Caelestio
3596 5509 3897 5565 intentatie
