4062 6374
174 332 261 407 441
1579 330 1792 387 LIBER
1847 329 2216 389 SEPTIMUS.

171 452 614 518 continerentur,
647 452 823 507 oblati
860 454 991 507 sunt
1031 451 1166 519 duo,
1211 452 1476 525 stetitque
1517 452 1579 507 in
1617 468 1749 507 eum
1788 468 1857 507 ex

171 542 397 597 adversa
421 544 580 613 parte
612 539 881 595 Paulinus
909 540 1197 595 diaconus.
1234 541 1637 612 Fragmentum
1669 556 1733 594 ex
1764 556 1857 611 ge-

172 629 267 685 stis
304 630 542 699 hujusce
585 627 809 683 concilii
856 628 1068 700 profert
1106 629 1478 700 Augustinus,
1509 629 1663 684 unde
1701 645 1854 683 com-

170 721 441 773 monstrat
456 716 783 771 leestium
803 715 862 770 in
883 717 989 771 hoc
1015 716 1322 789 episcopali
1340 716 1560 788 judicio
1583 718 1856 772 damnare

170 804 408 861 noluisse
438 818 535 857 eos
574 803 674 874 qui
721 803 936 871 dicunt,
980 805 1136 870 Quod
1172 809 1452 874 peccatum
1494 804 1632 860 Adae
1675 806 1856 873 ipsum

166 895 332 950 solum
359 893 574 957 laeserit,
604 895 654 946 et
690 907 795 946 non
823 908 989 960 genus
1017 894 1339 960 humanum;
1372 899 1441 960 et,
1475 893 1631 959 Quod
1661 895 1855 959 infan—

169 988 241 1037 tes
271 983 367 1051 qui
390 984 707 1047 nascuntur,
744 983 802 1034 in
840 996 896 1035 eo
941 986 1090 1036 statu
1117 984 1246 1048 sint,
1280 984 1339 1036 in
1382 998 1485 1050 quo
1523 981 1705 1037 Adam
1742 982 1857 1047 fuit

167 1075 287 1126 ante
307 1067 808 1139 praevaricationem
845 1068 946 1140 (De
981 1072 1199 1125 Peccato
1242 1071 1520 1139 originali,
1562 1085 1654 1124 nn.
1687 1073 1741 1135 2,
1776 1068 1851 1137 3).

170 1160 319 1216 ldem
356 1164 549 1212 tamen
588 1156 879 1212 Caelestius
923 1175 1021 1213 ora
1062 1159 1369 1214 christiana
1402 1175 1521 1214 non
1569 1158 1855 1213 sustinens

167 1249 381 1319 (Contra
410 1248 708 1312 Iulianum,
740 1247 835 1301 lib.
870 1249 922 1313 3,
951 1263 1007 1303 η.
1043 1249 1125 1317 9),
1144 1246 1205 1303 in
1233 1247 1428 1302 libello
1459 1263 1560 1302 suo
1590 1245 1854 1301 brevissi-

166 1352 258 1391 mo
290 1334 552 1390 conﬁteri
578 1340 806 1390 coactus
837 1341 942 1401 est,
974 1339 1211 1407 propter
1246 1335 1617 1406 baptizandos
1644 1349 1853 1404 parvu-

166 1427 264 1487 los,
294 1424 448 1495 quod
478 1428 536 1479 et
564 1423 702 1496 ipsis
731 1423 1049 1495 redemptio
1089 1424 1162 1479 sit
1191 1424 1507 1479 necessaria
1534 1425 1632 1495 (De
1660 1425 1855 1478 Pecca-

165 1518 335 1568 torum
377 1514 607 1579 meritis,
651 1511 747 1566 lib.
797 1516 847 1578 1,
887 1529 943 1567 n.
989 1514 1086 1581 62;
1131 1515 1310 1582 Epist.
1348 1517 1468 1574 157,
1504 1528 1559 1566 n.
1593 1514 1683 1579 22,
1715 1515 1764 1566 et
1790 1511 1856 1565 de

162 1603 376 1655 Peccato
416 1601 691 1669 originali,
732 1616 789 1654 η.
832 1600 947 1671 21),
992 1600 1125 1655 licet
1161 1600 1411 1656 noluerit
1454 1598 1736 1663 conﬁteri,
1788 1615 1856 1653 ex

161 1688 338 1743 Adam
370 1687 432 1742 in
460 1704 556 1742 eos
598 1687 887 1743 transiisse
920 1692 1215 1759 peccatum
1244 1690 1337 1759 (De
1374 1691 1717 1744 Peccatorum
1745 1703 1854 1742 me-

160 1778 299 1843 ritis,
332 1776 436 1830 lib.
474 1778 528 1843 2,
561 1792 616 1830 n.
653 1778 742 1842 58,
773 1779 824 1830 et
845 1778 917 1830 De
943 1778 1161 1832 Peccato
1191 1778 1470 1845 originali,
1502 1792 1563 1831 n.
1601 1776 1712 1846 21).
1744 1774 1855 1830 Sed

162 1880 474 1934 quanquam
500 1866 733 1919 noluerit
765 1864 831 1919 de
858 1867 1119 1933 originali
1139 1872 1359 1936 peccato
1384 1865 1599 1934 aliquid
1635 1878 1854 1934 expres-

159 1955 270 2008 sius
299 1952 498 2022 dicere,
517 1957 694 2008 tamen
717 1955 833 2023 ipso
862 1953 1245 2024 redemptionis
1276 1956 1506 2022 nomine,
1526 1953 1604 2008 ait
1625 1956 1855 2008 sanctus

160 2041 382 2107 Doctor,
413 2056 519 2096 non
559 2057 763 2112 parum
802 2042 910 2096 sibi
937 2042 1302 2113 praescripsit.
1348 2042 1496 2097 Unde
1535 2043 1677 2096 enim
1714 2040 1854 2095 redi-

160 2126 337 2181 mendi
371 2131 561 2188 essent,
592 2130 704 2182 nisi
741 2144 776 2181 a
811 2128 1019 2183 diaboli
1045 2132 1326 2198 potestate,
1358 2130 1417 2182 in
1463 2143 1573 2198 qua
1601 2142 1711 2182 esse
1749 2141 1857 2181 non

158 2218 373 2284 possent
391 2217 501 2269 nisi
519 2216 804 2281 originalis
827 2215 1151 2281 obligatione
1175 2218 1426 2285 peccati?
1443 2220 1538 2269 aut
1559 2231 1662 2283 quo
1677 2215 1857 2284 pretio

159 2302 524 2372 redimuntur,
564 2304 673 2357 nisi
721 2303 928 2358 Christi
966 2305 1249 2370 sanguine,
1282 2303 1348 2358 de
1386 2318 1490 2372 quo
1518 2305 1858 2372 apertissime

158 2392 424 2460 scriptum
446 2395 544 2460 est,
574 2390 720 2460 quod
747 2393 806 2445 in
843 2394 1208 2447 remissionem
1247 2392 1449 2461 effusus
1495 2394 1569 2447 sit
1608 2396 1855 2461 peccato-

160 2496 281 2535 rum
317 2480 521 2551 (Epist.
554 2483 672 2548 157,
704 2495 761 2534 n.
801 2479 932 2551 22)?
967 2478 1096 2534 Fuit
1132 2480 1192 2534 in
1232 2479 1616 2550 Diospolitana
1644 2480 1856 2550 synodo

162 2568 427 2633 relatum,
473 2572 685 2638 praeter
728 2572 1047 2622 memorata
1094 2567 1208 2623 duo
1267 2568 1475 2639 capita,
1532 2574 1857 2623 accusatum

165 2671 396 2728 quoque
453 2654 781 2710 Coelestium
826 2656 978 2726 apud
1028 2655 1475 2728 Carthaginense
1528 2655 1854 2725 concilium,

165 2744 315 2816 quod
346 2743 598 2810 doceret,
628 2744 814 2800 Adam
851 2745 1129 2799 mortalem
1156 2746 1365 2811 factum
1392 2746 1590 2811 fuisse,
1623 2746 1720 2814 qui
1746 2746 1858 2799 sive

157 2835 421 2899 peccaret,
468 2832 580 2883 sive
622 2846 729 2883 non
762 2834 1026 2899 peccaret.
1056 2834 1351 2885 moriturus
1390 2835 1555 2897 esset;
1602 2836 1674 2896 et,
1723 2830 1857 2896 Quo-

160 2921 306 2973 niam
329 2921 447 2975 Lea;
472 2921 549 2973 sic
574 2920 759 2973 mittat
779 2919 853 2973 ad
870 2933 1113 2986 regnum,
1138 2918 1585 2988 quemadmodum
1603 2922 1654 2971 et
1678 2920 1856 2972 Evan-

160 3008 388 3075 gelium;
415 3011 486 3071 et,
519 3009 785 3078 Quoniam
812 3011 936 3061 ante
977 3006 1268 3061 adventum
1297 3007 1501 3063 Christi
1524 3008 1733 3073 fuerint
1760 3006 1853 3061 ho-

160 3098 323 3151 mines
350 3097 471 3151 sine
506 3100 750 3165 peccato;
782 3099 852 3162 et,
886 3095 1153 3160 Quoniam
1177 3109 1345 3164 neque
1380 3109 1483 3166 per
1518 3099 1735 3149 mortem
1776 3084 1857 3148 vel

160 3184 662 3252 praevaricationem
701 3182 838 3238 Acta:
875 3197 1025 3238 omne
1055 3198 1221 3251 genus
1259 3184 1533 3238 hominum
1564 3183 1853 3249 moriatur,

160 3286 325 3340 neque
349 3287 454 3341 per
480 3273 924 3326 resurrectionem
953 3272 1161 3329 Christi
1198 3287 1348 3326 omne
1388 3286 1554 3340 genus
1583 3272 1856 3325 hominum

159 3364 413 3427 resurgat
452 3359 542 3429 (De
580 3362 800 3414 Peccato
839 3360 1116 3429 originali,
1160 3375 1217 3414 π.
1263 3362 1371 3429 12).
1414 3360 1543 3413 Haec
1580 3357 1855 3430 Augusti-

159 3462 266 3501 nus
296 3447 521 3502 duobus
546 3446 605 3500 in
636 3446 794 3515 locis,
827 3464 1075 3518 quorum
1101 3447 1337 3519 quidem
1368 3448 1547 3502 altero
1575 3446 1856 3502 nonnulla

161 3550 231 3589 ex
253 3535 344 3590 his
370 3534 651 3607 capitibus
676 3552 797 3590 esse
826 3540 1085 3603 testatur,
1115 3553 1244 3608 qua:
1268 3552 1385 3590 non
1419 3535 1687 3591 meminit
1715 3552 1857 3591 con-

158 3626 316 3678 tenta
347 3623 521 3694 gestis
551 3623 943 3679 ecclesiasticis
975 3624 1200 3680 concilii
1236 3625 1409 3696 hujus
1445 3624 1855 3697 Carthaginen-

159 3711 270 3779 sis;
302 3712 400 3768 cui
423 3711 545 3783 ipse
576 3713 811 3785 quidem
840 3729 958 3769 non
994 3713 1354 3782 interfuerat,
1382 3712 1482 3768 sed
1510 3728 1641 3767 cum
1669 3712 1855 3766 venis-

160 3806 241 3855 set
272 3800 704 3872 Carthaginem,
738 3801 937 3856 eadem
973 3806 1129 3872 gesta
1166 3805 1529 3856 recensuerat
1557 3801 1646 3871 (De
1685 3800 1856 3855 Gestis

158 3891 390 3957 Pelagii,
435 3905 492 3943 n.
538 3889 649 3957 23).
694 3889 868 3959 Atqui
916 3888 1245 3944 Ccelestium
1290 3889 1352 3942 in
1401 3904 1468 3944 eo
1526 3887 1856 3942 convincere

157 3992 278 4031 non
305 3975 538 4032 difﬁcile
566 3975 691 4041 fuit,
722 3976 1009 4046 corrigere
1036 3992 1170 4030 vero
1199 3992 1581 4047 nequaquam.
1607 3975 1859 4044 Quapro-

154 4069 287 4135 pter
306 4079 442 4118 cum
462 4062 711 4132 auditus,
727 4063 1155 4134 convictusque,
1171 4068 1341 4134 atque
1364 4063 1536 4117 etiam
1558 4062 1857 4133 opiniones

155 4169 290 4206 suas
320 4151 613 4204 confessus
645 4156 809 4213 esset,
846 4151 1115 4206 damnata
1152 4160 1303 4219 sunt,
1337 4167 1585 4223 quorum
1612 4150 1856 4205 insimu-

155 4241 307 4295 latus
340 4238 548 4309 fuerat,
576 4240 844 4310 dogmata
881 4242 1082 4311 (Epist.
1118 4243 1244 4309 157,
1274 4256 1331 4296 n.
1362 4240 1485 4311 22);
1514 4240 1636 4311 ipse
1667 4244 1855 4293 autem

155 4326 477 4399 reportavit
520 4326 756 4397 dignam
799 4343 902 4382 sua
950 4328 1322 4398 perversitate
1368 4328 1713 4384 sententiam
1767 4327 1859 4399 (De

156 4416 336 4471 Gestis
390 4415 619 4482 Pelagii,
664 4430 720 4471 η.
773 4415 883 4486 46),
943 4416 1543 4472 excommunicationis
1596 4416 1861 4472 videlicet

156 4518 332 4574 poena
370 4503 677 4558 mulctatus
704 4502 1192 4573 (Retractationum
1220 4505 1316 4561 lib.
1349 4509 1405 4572 2,
1436 4521 1558 4577 cap.
1589 4506 1701 4577 33).
1736 4505 1858 4570 Quo

157 4590 309 4645 facto
329 4588 550 4661 judicio
579 4589 847 4645 abscessit
886 4588 1138 4659 infamis,
1171 4595 1229 4646 et
1269 4591 1524 4664 profugit
1568 4609 1636 4647 ex
1672 4592 1861 4648 Africa

156 4676 434 4749 (Orosius,
461 4679 520 4732 in
541 4677 856 4750 Apologia).

232 4769 284 4821 3.
321 4764 437 4819 Etsi
470 4765 570 4837 qui
601 4765 904 4837 Pelagiano
935 4765 1116 4821 errori
1149 4780 1270 4820 sese
1299 4765 1639 4822 imbuendos
1675 4767 1854 4822 tradi-

158 4854 402 4922 dissent,
431 4852 728 4925 pauciores
756 4853 908 4908 haud
939 4852 1110 4909 dubie
1140 4853 1529 4924 reperirentur
1558 4854 1621 4908 in
1645 4856 1854 4919 Africa,

158 4941 324 5014 iique
353 4940 598 4995 Caelestii
616 4941 1095 4998 condemnatione
1118 4941 1394 5011 deterriti,
1410 4943 1533 5014 jam
1557 4958 1672 4997 non
1691 4944 1860 4998 aude-

160 5035 293 5085 rent
312 5033 515 5084 contra
542 5029 803 5085 Ecclesiae
834 5029 1289 5086 fundatissimam
1308 5030 1483 5085 ﬁdem
1502 5030 1612 5084 nisi
1643 5032 1858 5086 occulte

163 5116 470 5173 mussitare
497 5117 695 5188 (Epist.
732 5121 853 5186 157,
883 5134 941 5174 n.
977 5120 1064 5190 22)
1095 5136 1108 5174 :
1155 5122 1409 5175 attamen
1451 5119 1702 5175 decrevit
1728 5135 1857 5174 san-

163 5210 287 5259 ctus
322 5204 574 5260 Antistes
613 5221 818 5260 novam
844 5205 1130 5275 haeresim,
1170 5207 1354 5279 ipsius
1391 5207 1623 5280 quidem
1645 5208 1859 5279 judicio

162 5291 495 5363 pestiferam
525 5309 688 5365 atque
709 5297 881 5365 atque
901 5293 1160 5365 impiam,
1191 5294 1471 5350 instanter
1495 5310 1856 5367 oppugnare;

165 5381 431 5452 quamvis
458 5381 567 5436 hoc
589 5382 749 5453 prius
773 5397 887 5436 non
915 5387 1109 5454 ageret
1137 5383 1248 5438 nisi
1273 5383 1632 5439 sermonibus
1664 5388 1720 5439 et
1746 5386 1859 5439 col-

164 5469 571 5537 locutionibus,
616 5470 715 5526 ubi
764 5471 1129 5525 commodum
1174 5474 1345 5543 atque
1394 5471 1533 5528 utile
1577 5472 1861 5528 videretur

169 5558 652 5628 (Retractationum
680 5559 779 5614 lib.
818 5561 873 5629 2,
899 5574 1018 5630 cap.
1053 5558 1163 5631 33).
1192 5559 1297 5615 Sed
1325 5559 1523 5617 oborta
1550 5575 1680 5616 mox
1706 5576 1857 5632 quae-

3559 337 3661 390 442

1965 453 2099 509 dam
2138 454 2440 509 necessitas
2477 470 2610 510 eum
2646 455 2719 509 ad
2761 454 2919 510 illam
2959 454 3168 525 scripto
3212 470 3438 526 quoque
3487 456 3659 510 refel-

1964 541 2195 597 lendam
2241 540 2486 597 induxit.
2536 541 2895 599 Marcellinus
2941 542 3178 614 quippe,
3225 542 3377 596 idem
3422 540 3518 596 ille
3562 540 3663 613 qui

1964 630 2284 685 collationis
2317 630 2778 702 Carthaginensis
2816 629 3077 701 cognitor
3100 629 3304 695 fuerat,
3337 645 3467 684 cum
3507 629 3657 700 ejus-

1966 717 2096 772 dem
2125 716 2361 773 hasresis
2391 717 2780 784 sectatoribus,
2810 734 2954 789 quos
2980 716 3101 789 ipse
3129 716 3381 789 quotidie
3412 716 3662 787 disputa-

1964 809 2117 861 tores
2137 806 2567 862 molestissimos
2586 806 2934 877 patiebatur,
2949 805 3266 862 refutandis
3286 805 3473 876 impar
3492 811 3657 873 esset,

1964 894 2310 965 quaestiones
2330 895 2560 950 illorum
2582 895 2651 949 ab
2670 895 2810 949 urbe
2832 894 3171 966 Carthagine
3190 893 3262 949 ad
3276 893 3660 963 Augustinum

1964 1000 2067 1056 per
2116 984 2332 1039 litteras
2387 985 2603 1054 retulit,
2657 1001 2864 1056 rogans
2911 985 3256 1039 solutionem
3304 999 3502 1038 earum
3552 984 3663 1038 sibi

1964 1072 2211 1127 scribere
2249 1089 2321 1127 ne
2359 1076 2692 1144 gravaretur
2722 1072 2816 1143 (De
2844 1073 3017 1129 Gestis
3054 1074 3287 1141 Pelagii,
3318 1088 3373 1127 n.
3414 1072 3524 1142 25).
3556 1073 3661 1126 Ex-

1964 1158 2163 1231 plicari
2182 1159 2414 1230 petebat
2432 1159 2494 1212 in
2517 1158 2719 1230 primis
2735 1157 3109 1229 quaestionem
3134 1158 3201 1212 de
3227 1158 3513 1228 Baptismo
3534 1174 3663 1228 par-

1964 1247 2229 1302 vulorum
2246 1263 2259 1301 :
2276 1246 2412 1318 quia
2430 1247 2850 1301 contendebant
2864 1245 2972 1315 illi,
2988 1247 3172 1301 Adam
3189 1245 3403 1301 etiamsi
3423 1261 3528 1300 non
3543 1261 3665 1316 pec-

1964 1342 2152 1404 casset,
2183 1339 2358 1405 fuisse
2386 1339 2728 1404 moriturum,
2759 1353 2852 1392 nec
2878 1353 2946 1391 etc
2970 1338 3087 1406 ejus
3112 1341 3331 1407 peccato
3360 1336 3661 1406 quidquam

1964 1424 2039 1479 ad
2066 1424 2182 1494 ejus
2203 1430 2447 1495 posteros
2475 1426 2833 1495 propagando
2864 1428 3146 1482 transiisse
3188 1427 3279 1496 (De
3323 1428 3662 1481 Peccatorum

1963 1515 2191 1579 meritis,
2226 1514 2321 1568 lib.
2356 1516 2411 1582 3,
2435 1529 2492 1568 n.
2527 1517 2597 1583 1).
2627 1516 2770 1569 Nam
2792 1514 2897 1568 etsi
2920 1515 3235 1569 faterentur
3253 1514 3396 1585 jam,
3421 1512 3504 1566 uti
3526 1512 3663 1566 Mar-

1964 1600 2202 1656 cellinus
2230 1601 2436 1656 litteris
2473 1602 2592 1656 suis
2618 1602 2941 1670 intimabat,
2981 1602 3155 1657 etiam
3183 1602 3246 1656 in
3288 1600 3535 1672 parvulis
3560 1615 3662 1670 per

1968 1689 2319 1760 Baptismum
2362 1689 2759 1746 remissionem
2798 1690 2924 1745 fieri
2970 1692 3366 1760 peccatorum;
3409 1690 3528 1744 Non
3576 1691 3659 1741 ta-

1964 1775 2478 1848 menjoriginaliter,
2510 1777 2868 1848 inquiehaut,
2895 1778 2990 1833 sed
3032 1780 3094 1831 in
3133 1779 3243 1831 vita
3260 1778 3382 1845 jam
3404 1775 3657 1844 prapria,

1958 1870 2314 1934 posteaquam
2336 1867 2459 1919 nati
2484 1870 2631 1933 sunt,
2658 1869 2936 1934 peccatum
2961 1865 3154 1919 habere
3181 1867 3450 1932 coeperunt
3469 1862 3614 1932 (Ibid
3642 1902 3660 1930 ,

1965 1952 2062 2006 lib.
2098 1956 2147 2019 l,
2168 1968 2222 2006 η.
2249 1952 2358 2023 62).
2383 1953 2691 2007 Nuntiabat
2715 1956 2998 2023 praeterea
3022 1951 3403 2017 Marcellinus,
3432 1953 3659 2021 aposto-

1966 2039 2142 2094 licum
2160 2039 2304 2094 illud
2332 2039 2750 2107 testimonium,
2772 2042 2874 2096 Per
2897 2056 3064 2095 unum
3094 2042 3358 2095 hominem
3376 2043 3658 2109 peccatum

1965 2130 2200 2183 intravit
2227 2130 2287 2182 in
2315 2128 2596 2197 mundum,
2616 2133 2666 2183 et
2681 2144 2783 2199 per
2800 2134 3076 2199 peccatum
3098 2143 3240 2184 mors
3264 2128 3434 2199 (Rom.
3462 2144 3518 2193 v,
3544 2125 3656 2196 12),

1967 2214 2027 2269 in
2054 2215 2226 2271 aliam
2255 2216 2564 2287 quamdam
2592 2232 2800 2271 novam
2820 2216 3152 2288 opinionem
3171 2232 3277 2287 per
3299 2217 3452 2288 ipsos
3474 2215 3662 2270 detor-

1967 2303 2156 2376 queri.
2194 2305 2305 2359 Nec
2337 2303 2562 2359 silentio
2591 2305 2853 2360 mittebat
2871 2305 3268 2377 quaestionem,
3289 2321 3401 2377 qua
3422 2304 3662 2359 suadere

1967 2397 2329 2460 conarentur,
2361 2393 2512 2464 quod
2555 2396 2612 2447 in
2641 2395 2741 2448 hac
2779 2396 2896 2449 vita
2938 2397 3066 2459 sint,
3117 2396 3346 2461 fuerint,
3374 2395 3663 2461 futurique

1967 2483 2078 2535 sint
2102 2481 2214 2552 ﬁlii
2238 2482 2512 2535 hominum
2539 2496 2646 2536 non
2673 2482 2924 2537 habentes
2950 2484 3121 2538 ullum
3145 2483 3362 2537 omnino
3381 2485 3663 2551 peccatum

1970 2572 2061 2635 (De
2084 2571 2428 2624 Peccatorum
2456 2572 2682 2637 meritis,
2715 2571 2790 2624 lib
2822 2573 2874 2638 3,
2906 2586 2962 2625 n.
3004 2572 3079 2641 1).
3112 2570 3177 2625 Id
3217 2569 3489 2640 temporis
3531 2584 3660 2622 san-

1967 2662 2089 2712 ctus
2129 2658 2332 2712 Doctor
2371 2657 2643 2712 molestiis
2685 2659 2969 2730 curisque,
3015 2658 3088 2714 ob
3129 2658 3362 2730 negotia
3390 2674 3521 2729 quae
3551 2656 3662 2728 ipsi

1967 2750 2310 2818 peccatores,
2351 2750 2407 2801 et
2435 2745 2477 2800 ii
2513 2746 2751 2802 forsitan
2782 2747 3105 2813 Donatistae,
3139 2746 3507 2811 facessebant,
3545 2761 3662 2800 mas

1966 2834 2260 2905 ximopere
2306 2834 2797 2906 praepediebatur;
2847 2834 3000 2906 quod
3048 2834 3189 2905 ipse,
3239 2849 3369 2905 quae
3408 2848 3511 2886 sua
3543 2836 3662 2886 erat

1967 2922 2147 2977 animi
2176 2922 2463 2987 demissio,
2494 2927 2859 2993 peccatorum
2888 2937 3125 2975 suorum
3157 2920 3378 2975 meritis
3414 2921 3664 2991 imputat

1968 3009 2150 3081 (lbid.,
2173 3010 2267 3065 lib.
2304 3014 2352 3076 1,
2374 3026 2430 3063 n.
2455 3009 2499 3079 l)
2524 3026 2536 3063 :
2564 3025 2680 3063 non
2709 3008 2890 3080 potuit
2909 3012 3102 3062 tamen
3121 3006 3501 3072 committere,
3520 3003 3662 3077 quin

1967 3096 2095 3165 viri,
2126 3112 2372 3168 quocum
2401 3100 2524 3151 erat
2551 3111 2761 3167 magna
2788 3100 2846 3150 et
2872 3099 3066 3149 sancta
3086 3091 3502 3148 necessitudine
3530 3105 3661 3145 con-

1960 3184 2213 3255 junctus,
2243 3188 2362 3239 tam
2404 3184 2676 3239 laudabili
2718 3182 2997 3239 desiderio
3035 3197 3259 3237 morem
3296 3182 3539 3251 gereret.
3584 3177 3661 3232 Ea

1966 3273 2222 3344 insuper,
2266 3289 2440 3345 quam
2483 3288 2619 3344 erga
2666 3272 2969 3327 Ecclesiam
3018 3269 3225 3326 Christi
3264 3268 3478 3323 habere
3525 3280 3659 3320 eum

1967 3362 2280 3431 Oportebat,
2312 3360 2599 3416 charitatis
2628 3360 2946 3416 sollicitudo
2968 3360 3207 3415 minime
3227 3356 3573 3429 patiebatur,
3595 3358 3662 3408 ut

1968 3451 2106 3505 dum
2134 3450 2372 3504 istarum
2400 3449 2811 3505 sententiarum
2841 3446 3370 3504 contentiosissimis
3401 3442 3660 3499 assertio-

1968 3539 2137 3594 nibus
2158 3539 2279 3609 jam
2302 3554 2712 3611 usquequaque
2732 3537 3080 3602 ferventibus
3100 3536 3418 3591 multorum
3438 3531 3661 3587 animos

1967 3626 2331 3681 inﬁrmorum
2374 3627 2734 3697 perturbatos
2777 3629 3054 3692 cerneret,
3088 3623 3196 3679 sibi
3226 3621 3457 3678 interim
3488 3620 3659 3675 sileno

1968 3713 2114 3768 tium
2153 3713 2464 3783 imperaret
2507 3715 2598 3782 (De
2641 3714 2814 3769 Gestis
2856 3714 3087 3779 Pelagii,
3126 3727 3184 3766 n.
3225 3710 3314 3781 25)
3356 3726 3369 3763 :
3415 3708 3661 3763 maxime

1968 3816 2100 3854 vero
2126 3816 2256 3854 cum
2288 3799 2422 3855 novi
2450 3800 2533 3854 illi
2562 3800 2817 3854 haeretici
2844 3800 3115 3854 doctrinas
3135 3815 3252 3853 suae
3269 3798 3420 3852 virus
3434 3798 3661 3867 publice

1970 3904 2032 3942 ac
2061 3887 2349 3958 privatim,
2388 3903 2506 3941 non
2542 3887 2667 3942 viva
2704 3902 2839 3941 voce
2876 3892 3122 3954 tantum,
3155 3887 3255 3942 sed
3302 3885 3475 3941 etiam
3504 3884 3661 3939 libris

1969 3979 2323 4046 spargerent,
2355 3975 2558 4046 hisque
2587 3991 2654 4030 eo
2686 3974 2869 4045 magis
2896 3975 3099 4044 noxiis,
3130 3990 3244 4046 quo
3272 3972 3475 4044 majori
3502 3972 3658 4027 calli-

1970 4063 2143 4118 ditate
2173 4066 2344 4133 atque
2383 4062 2622 4118 artiﬁcio
2662 4067 2824 4117 erant
2854 4062 3050 4133 scripti
3087 4061 3407 4130 (Possidius,
3440 4064 3500 4115 in
3538 4062 3663 4116 Vita

1970 4153 2290 4220 Augustini,
2318 4166 2375 4206 η.
2408 4153 2517 4221 21).
2550 4152 2726 4207 Porro
2751 4150 2903 4206 inter
2930 4151 3052 4221 illa,
3074 4167 3204 4223 quae
3224 4148 3537 4206 refutandis
3566 4151 3663 4204 Pe-

1970 4238 2234 4310 lagianis,
2266 4239 2664 4312 solvendisque
2702 4239 3014 4295 Marcellini
3051 4238 3464 4312 questionibus
3500 4253 3662 4293 com-

1971 4331 2254 4382 mentatus
2283 4332 2385 4393 est,
2429 4328 2693 4383 ordinem
2728 4328 2946 4384 ducunt
2981 4328 3115 4384 libri
3144 4329 3258 4384 duo
3302 4331 3376 4383 Dc
3412 4331 3659 4383 Peccato-

1969 4432 2092 4472 rum
2119 4418 2325 4471 meritis
2350 4420 2400 4471 et
2429 4419 2760 4473 remissione.
2790 4417 2880 4473 Sic
2904 4417 3057 4472 enim
3086 4433 3182 4472 eos
3208 4416 3268 4471 in
3300 4415 3663 4473 Retractatio-

1970 4505 2141 4561 nibus
2168 4510 2462 4575 nuncupat
2492 4506 2974 4577 (Retractationum
3005 4507 3101 4561 lib.
3132 4508 3188 4575 2,
3210 4522 3329 4581 cap.
3361 4505 3449 4575 33)
3487 4520 3499 4559 :
3527 4503 3663 4557 alibi

1971 4598 2186 4661 tamen,
2233 4598 2305 4649 De
2350 4596 2626 4664 Baptismo
2657 4595 3044 4663 parvulorum;
3074 4609 3188 4664 quo
3228 4593 3458 4648 eosdem
3500 4591 3663 4646 titulo

1972 4681 2348 4750 Hieronymus
2373 4682 2624 4750 appellat
2644 4683 2861 4751 (Contra
2887 4683 3095 4747 Pelag.,
3122 4681 3335 4748 dialogo
3362 4684 3415 4745 3,
3438 4696 3559 4749 cap.
3586 4680 3662 4749 6).

1972 4770 2161 4822 Primo
2190 4768 2334 4822 libro
2374 4768 2745 4835 demonstrat,
2782 4771 3029 4822 mortem
3072 4767 3324 4822 hominis
3370 4766 3565 4822 venire
3594 4782 3661 4823 ex

1970 4854 2178 4910 merito
2206 4854 2423 4925 peccati
2449 4855 2605 4921 Adae,
2639 4871 2704 4909 eo
2734 4854 2904 4909 etiam
2936 4859 3165 4925 peccato
3194 4860 3374 4911 totam
3396 4855 3550 4910 illius
3576 4859 3659 4908 te-

1971 4942 2098 4997 neri
2126 4942 2360 5014 stirpem
2388 4942 2749 5008 obstrictum;
2780 4945 2953 5013 atque
2984 4942 3193 4997 idcirco
3222 4942 3499 5013 baptizari
3526 4958 3661 5013 par-

1970 5031 2151 5098 vulos,
2184 5034 2246 5084 ut
2270 5030 2486 5101 peccati
2515 5030 2600 5085 sui
2628 5029 2921 5102 originalis
2937 5030 3336 5086 remissionem
3361 5031 3660 5101 accipiant.

1970 5118 2230 5174 Secundo
2248 5124 2453 5173 ‘autem
2482 5118 2665 5185 docet,
2696 5118 2993 5174 hominem
3022 5118 3082 5173 in
3109 5118 3216 5174 hac
3243 5119 3359 5173 vita
3385 5118 3510 5172 sine
3533 5133 3662 5188 pec-

1971 5210 2094 5261 cato
2121 5222 2241 5262 esse
2268 5222 2434 5278 posse
2461 5222 2566 5278 per
2595 5206 2695 5262 Dei
2721 5206 2961 5279 gratiam
2991 5211 3049 5261 et
3082 5206 3329 5262 liberum
3356 5221 3523 5260 suum
3563 5220 3659 5259 ar-

1972 5293 2230 5361 bitrium,
2259 5309 2381 5349 non
2405 5297 2600 5349 tamen
2626 5310 2748 5349 esse
2785 5309 3136 5366 quemquam
3162 5293 3225 5349 in
3260 5294 3366 5348 hac
3391 5291 3508 5347 vita
3536 5290 3665 5346 sine

1973 5382 2090 5437 ullo
2119 5398 2353 5453 prorsus
2378 5387 2641 5453 peccato;
2667 5382 2802 5454 quia
2821 5398 2992 5437 nemo
3023 5382 3103 5437 sit
3124 5381 3225 5454 qui
3255 5386 3476 5437 tantum
3503 5380 3658 5448 velit,

1972 5473 2251 5542 quantum
2277 5486 2366 5525 res
2408 5470 2601 5543 exigit,
2631 5471 2767 5525 dum
2809 5471 2895 5525 vel
2942 5471 3083 5526 latet
3124 5470 3279 5542 quod
3304 5471 3524 5542 justum
3554 5473 3658 5534 est,

1974 5559 2061 5614 vel
2090 5559 2273 5616 facere
2300 5575 2421 5615 non
2447 5560 2722 5625 delectat;
2753 5559 3001 5631 denique
3042 5576 3155 5616 uno
3186 5564 3418 5631 excepto
3447 5558 3660 5616 Media-
