4062 6358
354 351 458 405 443

358 476 484 527 tore
516 471 738 526 Christo
765 470 988 523 nullum
1017 485 1160 536 esse,
1192 468 1277 521 vel
1308 467 1500 529 fuisse,
1533 465 1620 520 vel
1649 465 1910 520 futurum
1939 481 2058 519 esse

361 559 658 616 hominem
683 559 754 613 ab
785 557 941 613 omni
972 561 1200 627 peccato
1232 555 1571 609 immunem.
1594 555 1654 607 In
1687 554 1792 608 hoc
1813 553 2058 608 secundo

361 647 507 702 libro
536 647 793 700 libellum
821 663 854 700 a
878 644 1137 700 leestio
1167 643 1408 697 concilio
1439 641 1874 712 Carthaginensi
1902 642 2057 695 obla-

366 740 513 802 tum,
546 751 660 806 quo
693 733 1142 803 redemptionem
1169 731 1416 803 parvulis
1437 747 1579 801 opus
1609 747 1728 785 esse
1751 729 2058 798 fatebatur,

369 824 606 877 obscure
637 822 823 892 signat
862 821 956 891 (De
991 823 1336 875 Peccatorum
1371 821 1601 885 meritis,
1630 819 1726 872 lib.
1760 822 1812 880 2,
1851 833 1908 871 η.
1951 815 2056 885 58).

369 915 577 966 Verum
609 915 802 981 aperte
840 910 1145 979 profitetur
1172 909 1230 961 in
1269 906 1802 973 Retractationibus,
1837 923 1895 959 se
1933 909 2058 959 tan-

367 1006 491 1056 tum
525 1003 656 1070 post
695 998 845 1052 istud
882 996 1211 1062 concilium,
1253 995 1414 1066 cujus
1453 995 1735 1049 sententia
1772 994 1926 1048 idem
1965 993 2059 1047 ille

368 1087 892 1142 excommunicatns
922 1085 1127 1154 fuerat,
1159 1084 1448 1154 seripsisse
1477 1083 1581 1137 hos
1610 1082 1784 1136 libros
1805 1083 2055 1150 (Retract.

371 1177 470 1230 lib.
504 1179 557 1241 2,
585 1191 707 1244 cap.
737 1176 849 1244 33),
878 1174 934 1228 id
965 1179 1049 1227 est
1076 1189 1227 1226 anno
1259 1170 1822 1243 quadringentesimo
1854 1170 2062 1224 duode-

369 1265 538 1318 cimo.
575 1264 637 1316 In
665 1263 754 1317 his
799 1266 994 1316 tamen
1021 1261 1259 1315 tacenda
1286 1259 1471 1313 adhuc
1505 1259 1810 1313 arbitratus
1850 1262 1932 1312 est
1962 1257 2060 1311 ad-

362 1351 746 1407 versariorum
770 1349 1044 1416 nomina;
1072 1349 1224 1420 quod
1253 1364 1347 1403 eos
1377 1349 1482 1402 hac
1504 1346 1713 1418 agendi
1743 1346 1964 1400 ratione
1987 1345 2062 1400 fa-

363 1439 529 1494 cilius
576 1455 741 1509 posse
776 1438 986 1509 corrigi
1017 1440 1290 1508 speraret.
1322 1437 1438 1490 Hoc
1479 1435 1540 1489 in
1581 1451 1753 1505 opere
1799 1433 2063 1488 meminit

363 1521 718 1593 Augustinus
744 1521 1038 1591 cujusdam
1061 1535 1128 1573 ex
1158 1535 1224 1573 eo
1253 1535 1463 1590 genere
1491 1518 1805 1583 fatuorum,
1834 1515 1934 1587 qui
1964 1531 2057 1570 re-

364 1610 538 1682 liquis
580 1611 745 1663 ludos
786 1608 1062 1680 praebent,
1106 1607 1394 1661 moriones
1435 1607 1605 1676 vulgo
1653 1604 1809 1660 dicti.
1847 1606 2062 1659 Talium

363 1699 611 1768 quidam,
644 1698 741 1762 ait,
771 1699 887 1762 fuit
913 1699 995 1750 ita
1022 1697 1375 1752 christianus.
1416 1699 1477 1748 ut
1505 1709 1623 1748 cum
1651 1697 1786 1747 esset
1822 1694 2059 1746 omnium

364 1787 695 1856 injuriarum
721 1800 946 1839 suarum
975 1787 1117 1837 mira
1139 1786 1406 1850 fatuitate
1427 1784 1886 1852 patientissimus,
1917 1781 2060 1846 inju-

365 1878 507 1930 riam
538 1878 716 1928 tamen
757 1873 964 1930 Christi
995 1873 1249 1938 nominis,
1288 1871 1373 1924 vel
1409 1873 1467 1924 in
1504 1885 1559 1924 se
1596 1872 1714 1939 ipso
1760 1870 2060 1939 religionis,

365 1979 476 2033 qua
504 1963 740 2015 imbutus
765 1965 903 2027 erat,
933 1961 1010 2014 sic
1037 1962 1183 2026 ferre
1211 1975 1316 2012 non
1335 1961 1535 2029 posset,
1554 1961 1614 2011 ut
1635 1958 2062 2026 blasphemantes

363 2052 614 2106 videlicet
642 2050 908 2115 cordatos,
936 2065 971 2102 a
1000 2049 1194 2116 quibus
1224 2049 1352 2113 haec,
1377 2051 1439 2100 at
1453 2049 1857 2116 provocaretur,
1879 2045 2062 2098 audie-

366 2142 478 2205 bat,
511 2140 770 2193 insectari
799 2137 1073 2206 lapidibus
1106 2152 1213 2191 non
1249 2135 1546 2202 desisteret,
1575 2149 1669 2188 nec
1711 2135 1770 2188 in
1806 2149 1870 2188 ea
1898 2149 2063 2188 causa

367 2230 452 2284 vel
480 2228 710 2283 dominis
735 2231 1000 2296 parceret.
1040 2226 1195 2279 Tales
1232 2239 1356 2290 ergo
1380 2223 1768 2292 praedestinari
1796 2226 1846 2277 et
1887 2224 2064 2276 creari

363 2317 619 2378 arbitror,
650 2321 710 2369 ut
737 2316 835 2384 qui
860 2317 1106 2383 possunt,
1133 2313 1443 2379 intelligant
1464 2313 1560 2366 Dei
1586 2313 1848 2380 gratiam,
1867 2315 1916 2364 et
1944 2311 2064 2379 Spi-

369 2409 538 2460 ritum
567 2406 664 2474 qui
691 2403 786 2457 ubi
812 2403 929 2456 vult
957 2403 1153 2472 spirat,
1188 2401 1251 2455 ob
1277 2401 1372 2454 hoc
1401 2415 1551 2454 omne
1577 2399 1787 2466 ingenii
1812 2413 1977 2466 genus
2007 2400 2064 2451 in

367 2493 507 2563 ﬁliis
537 2490 923 2546 misericordiae
963 2504 1070 2543 non
1092 2489 1396 2559 praeterire,
1428 2489 1659 2555 itemque
1685 2502 1835 2540 omne
1862 2487 2066 2552 ingenii

375 2596 543 2650 genus
582 2580 646 2636 in
669 2581 919 2646 gehennae
944 2579 1076 2648 ﬁliis
1117 2578 1416 2647 praeterire,
1440 2580 1500 2630 ut
1539 2577 1640 2644 qui
1681 2575 1966 2643 gloriatur.
2007 2575 2066 2627 in

371 2671 597 2724 Domino
625 2669 887 2735 glorietur
907 2666 1006 2737 (De
1028 2669 1368 2721 Peccatorum
1392 2665 1618 2728 meritis,
1649 2663 1742 2716 lib.
1780 2666 1830 2728 1,
1860 2678 1916 2716 n.
1951 2661 2063 2730 32).

367 2757 568 2814 Paucis
597 2757 802 2812 deinde
832 2754 1140 2825 interjectis
1171 2753 1346 2819 addit,
1379 2753 1599 2806 fatuum
1629 2750 1793 2805 illum
1823 2750 1880 2806 in
1911 2750 2068 2805 Chri-

370 2846 443 2901 sti
473 2845 658 2916 gratia
680 2843 876 2898 multis
907 2841 1245 2897 acutissimis
1272 2840 1711 2912 praeferendum.

443 2937 495 2988 4.
529 2935 653 2988 lam
693 2937 886 2986 autem
925 2931 1197 2985 absolutis
1232 2929 1387 2984 hisce
1425 2928 1584 2982 libris
1613 2932 1784 2998 atque
1825 2927 1892 2981 ad
1923 2927 2066 2981 Mar-

374 3021 643 3077 cellinum
689 3019 1058 3086 transmissis,
1109 3017 1512 3089 Carthaginem
1568 3016 1889 3086 profectum
1946 3030 2068 3067 esse

373 3113 608 3166 beatum
639 3108 988 3177 Antistitem,
1025 3106 1335 3160 verisimile
1376 3109 1478 3159 est.
1515 3105 1771 3174 Namque
1803 3103 2068 3158 eumdem

372 3199 536 3252 illum
569 3197 958 3251 Marcellinum
988 3195 1069 3248 ita
1094 3194 1406 3264 alloquitur
1440 3209 1454 3246 :
1482 3193 1670 3246 Libros
1701 3192 1766 3245 de
1793 3193 2069 3260 Baptismo

373 3286 756 3357 parvulorum,
776 3300 896 3338 cum
910 3285 1032 3353 jam
1053 3281 1282 3336 codicem
1302 3283 1480 3350 ipsum
1495 3283 1830 3335 Prazstantiae
1851 3283 1955 3333 tua.o
1975 3282 2070 3333 mi-

373 3377 579 3439 sissem,
611 3388 708 3425 cur
745 3373 840 3425 abs
876 3375 923 3424 te
959 3385 1150 3424 rursus
1181 3371 1494 3437 acceperim,
1533 3369 1730 3422 oblitus
1767 3383 1886 3421 sum
1919 3383 1931 3421 :
1959 3370 2072 3422 nisi

375 3465 518 3529 forte
544 3476 664 3514 cum
703 3460 1043 3529 inspicerem,
1076 3457 1351 3510 mendosos
1380 3471 1463 3510 eos
1489 3458 1682 3524 reperi,
1713 3459 1764 3509 et
1791 3455 2073 3510 emendare

372 3551 521 3602 volui
535 3565 547 3613 ;
577 3547 721 3617 quod
756 3546 1082 3600 mirabiliter
1110 3545 1418 3614 impeditus,
1444 3544 1622 3599 adhuc
1640 3559 1807 3612 usque
1835 3559 1940 3597 non
1966 3546 2073 3611 feci

374 3636 573 3706 (Epist.
625 3638 740 3702 I39,
771 3651 826 3690 η.
876 3636 950 3703 3).
1003 3632 1201 3688 Paucis
1248 3636 1379 3703 post
1425 3632 1645 3697 diebus,
1677 3648 1807 3685 cum
1855 3631 1916 3684 in
1951 3632 2072 3702 ejus

373 3741 579 3779 manus
608 3723 891 3778 venissent
920 3721 1134 3792 Pelagii
1163 3720 1545 3791 expositiones
1574 3720 1633 3773 in
1664 3718 1820 3774 Pauli
1851 3719 2070 3790 Episto-

381 3814 479 3875 las,
504 3810 1057 3883 argumentationem
1077 3809 1156 3864 ibi
1179 3809 1488 3880 quamdam
1509 3809 1775 3862 adversus
1795 3807 2072 3879 originale

377 3907 672 3972 peccatum
710 3899 942 3971 reperit,
975 3916 1006 3953 a
1039 3915 1097 3952 se
1136 3897 1372 3951 minime
1411 3895 1764 3951 confutatam
1797 3913 1809 3950 :
1839 3912 1970 3950 nam
2012 3895 2072 3949 in

381 3994 628 4045 mentem
671 3989 779 4043 sibi
818 3974 1053 4042 omnino
1094 4003 1209 4040 non
1241 3989 1493 4059 venerat,
1522 4000 1870 4055 quemquam
1909 3999 2073 4054 posse

379 4077 514 4132 talia
542 4068 793 4148 cogitare
823 4077 909 4130 vel
936 4076 1122 4130 dicere
1145 4077 1234 4144 (De
1261 4077 1601 4128 Peccatorum
1629 4075 1856 4141 meritis,
1891 4073 1985 4126 lib.
2019 4076 2070 4138 3,

379 4181 436 4220 n.
474 4165 542 4235 1).
575 4166 932 4234 Quapropter
964 4179 1094 4217 cum
1125 4161 1514 4232 superioribus
1543 4160 1704 4215 libris
1733 4161 1806 4214 ad
1835 4159 2075 4214 umbili-

381 4269 512 4307 cum
540 4252 830 4323 perductis
876 4251 1014 4305 nihil
1062 4250 1194 4305 addi
1238 4266 1403 4319 posse
1437 4249 1737 4319 judicaret,
1771 4248 2072 4318 epistolam

384 4341 488 4395 hac
518 4341 586 4394 de
617 4357 678 4394 re
699 4339 994 4410 propriam
1025 4337 1346 4393 Marcellino
1371 4336 1610 4407 scripsit,
1637 4353 1806 4408 quam
1840 4340 1893 4390 et
1920 4336 2076 4406 operi

381 4445 483 4482 suo
513 4427 666 4482 tertii
694 4427 824 4482 libri
848 4427 1031 4481 instar
1049 4426 1323 4480 annexuit
1345 4427 1597 4492 (Retract.
1622 4425 1716 4480 lib.
1739 4428 1791 4490 2,
1817 4440 1935 4494 cap.
1966 4424 2072 4492 33).

385 4517 450 4570 Id
483 4517 755 4587 temporis
780 4515 1119 4587 Carthagine
1150 4515 1354 4586 agebat
1385 4512 1739 4569 Marcellinus
1767 4513 1859 4583 (De
1887 4516 2076 4568 Pecca-

382 4609 559 4658 torum
586 4607 815 4668 meritis,
851 4605 945 4659 lib.
981 4607 1032 4668 3,
1065 4621 1120 4658 n.
1161 4605 1272 4675 10).
1314 4602 1490 4674 Atqui
1528 4601 1790 4671 Pelagius
1819 4601 2076 4655 Ecclesiae

378 4691 553 4745 fidem
583 4708 700 4745 non
727 4708 792 4746 ex
825 4709 926 4746 sua
955 4707 1202 4762 persona
1243 4689 1632 4762 impugnabat,
1665 4690 1763 4744 sed
1801 4695 2075 4760 tanquam

379 4779 563 4834 aliena
611 4782 833 4851 objecta
883 4782 1133 4836 referens
1182 4797 1195 4836 :
1249 4781 1447 4836 eadem
1495 4785 1708 4840 tamen,
1757 4779 1858 4834 ubi
1901 4780 2074 4834 semel

384 4868 661 4922 haereseos
690 4885 808 4923 sum
838 4869 1066 4939 signum
1098 4869 1345 4937 sustulit,
1373 4868 1824 4940 pertinacissime
1854 4867 2075 4921 animo-

378 4955 542 5009 sitate
573 4956 826 5012 defendit
841 4960 1100 5028 (Retraet.
1124 4960 1219 5012 lib.
1251 4962 1304 5024 2,
1329 4974 1448 5026 cap.
1479 4956 1762 5027 33).Quin
1787 4956 1958 5010 etiam
1980 4957 2078 5010 Ro-

381 5061 514 5114 mae,
546 5061 659 5115 qua
689 5044 749 5099 in
778 5045 920 5099 urbe
949 5047 1118 5100 multi
1149 5047 1264 5117 jam
1293 5047 1473 5116 probe
1502 5049 1780 5100 noverant
1811 5062 1956 5116 quos
1976 5062 2073 5115 ge-

381 5137 532 5188 reret
543 5132 738 5187 animo
753 5149 973 5199 sensus,
989 5134 1152 5187 illum
1163 5133 1339 5187 veluti
1359 5134 1464 5187 sub
1479 5134 1586 5186 hoc
1597 5132 1770 5203 pallio
1783 5132 2076 5204 propriam

378 5227 632 5275 mentem
653 5219 947 5274 insinuare
972 5237 1082 5274 non
1108 5219 1446 5275 dubitabant
1461 5219 1554 5291 (De
1570 5221 1808 5275 Peccato.
1831 5223 1994 5288 orig,
2017 5237 2074 5275 η.

376 5309 495 5378 24).
523 5308 908 5364 Nihilominus
923 5314 1117 5362 tamen
1133 5307 1503 5378 Augustinus,
1523 5308 1709 5362 adhuc
1729 5308 2077 5362 moderatius

380 5414 511 5451 cum
534 5398 632 5452 illo
654 5397 940 5470 agendum
960 5401 1188 5468 putans,
1205 5413 1266 5450 ea
1277 5396 1367 5450 md
1376 5413 1466 5450 em
1480 5395 1714 5450 omnino
1727 5401 1908 5451 artem
1922 5414 1984 5450 ac
1999 5413 2080 5451 ra-

379 5484 617 5548 tionem,
639 5503 753 5557 qua
774 5486 868 5540 ille
890 5487 1102 5541 abusus
1125 5486 1330 5551 fuerat,
1354 5485 1414 5538 in
1438 5502 1504 5539 eo
1526 5485 1834 5539 refellendo
1856 5489 2081 5540 secutus

382 5577 502 5626 est:
533 5573 650 5628 imo
681 5591 808 5629 cum
839 5573 1103 5645 Pelagius
1133 5574 1205 5628 ob
1236 5573 1591 5628 sanctitatem
1621 5590 1848 5628 morum
1869 5573 2076 5644 praedi-

1561 345 1733 399 VlTA
1789 344 1843 400 S.
1887 343 2271 401 AUGUSTINI
2330 343 2666 398 EPISCOPI.

3761 343 3866 396 444

2167 469 2392 520 caretur
2419 481 2454 519 a
2501 463 2715 530 multis,
2747 478 2879 517 eum
2922 479 3034 517 non
3075 461 3355 517 dubitavit
3391 461 3868 516 honorificentius

2168 554 2477 626 appellare.
2510 555 2637 607 Herc
2666 552 2763 606 illa
2794 556 2878 605 est
2907 553 3162 623 profecto
3205 551 3278 604 ad
3322 549 3711 605 Marcellinum
3748 549 3868 622 epi-

2168 644 2332 711 stola,
2363 658 2536 712 quam
2558 639 2907 712 Augustinus
2936 638 3296 710 Carthagine,
3320 642 3384 692 ut
3404 638 3694 710 prioribus
3719 639 3868 693 duo-

2167 732 2272 786 bus
2330 729 2487 785 libris
2533 730 2894 800 jungeretnr,
2957 727 3260 798 inceptam
3317 728 3575 782 nondum
3628 727 3868 781 omnino

2167 819 2498 890 perfecerat,
2524 832 2638 888 quo
2663 821 2918 886 tempore
2950 815 3020 868 de
3039 815 3442 886 pervulgandis
3472 815 3644 887 gestis
3667 821 3872 869 contra

2170 905 2488 961 Donatistas
2563 903 2833 980 confectis
2899 902 3037 957 alias
3103 903 3286 957 eidem
3362 903 3579 958 litteras
3640 903 3872 976 scripsit.

2165 997 2369 1067 (Epist.
2400 997 2520 1060 139,
2547 1009 2602 1046 n.
2638 992 2710 1063 3).

2239 1088 2288 1138 5.
2325 1084 2389 1137 In
2419 1081 2666 1136 secundo
2696 1080 2842 1135 libro
2875 1079 3165 1145 docuerat,
3196 1079 3319 1134 fieri
3362 1095 3527 1146 posse
3553 1083 3617 1134 ut
3644 1079 3717 1134 sit
3753 1081 3868 1134 ho-

2169 1189 2264 1227 mo
2296 1171 2415 1226 sine
2444 1174 2694 1242 peccato,
2721 1169 2768 1223 si
2798 1169 2953 1235 velit,
2979 1184 3107 1222 cum
3141 1167 3240 1222 Dei
3262 1167 3545 1238 adjutorio
3569 1189 3584 1233 ;
3604 1168 3869 1240 quamvis

2169 1261 2386 1325 nullus,
2419 1262 2657 1328 excepto
2689 1256 2932 1324 Christo,
2964 1263 3081 1310 tam
3115 1257 3381 1327 perfecta!
3402 1255 3641 1327 justitite
3670 1257 3776 1311 hac
3808 1257 3866 1310 in

2168 1349 2282 1402 vita
2313 1348 2404 1402 sit.
2437 1347 2554 1400 Hoc
2583 1350 2908 1416 permotum
2953 1361 3011 1398 se
3054 1344 3226 1399 fuisse
3264 1344 3556 1416 rescripsit
3584 1345 3868 1399 Marcelli-

2167 1453 2298 1506 nus,
2330 1436 2483 1508 quod
2512 1435 2747 1489 dixisset
2771 1434 2894 1488 fieri
2927 1450 3089 1505 posse
3120 1449 3245 1487 eam
3276 1449 3419 1500 rem,
3451 1434 3612 1504 cujus
3640 1434 3868 1487 nullum

2170 1529 2412 1580 exstaret
2437 1523 2784 1594 exemplum.
2827 1522 2997 1576 Novae
3044 1522 3179 1576 huic.
3220 1521 3526 1593 quaestioni
3567 1521 3870 1592 respondit

2167 1612 2521 1683 Augustinus
2547 1628 2690 1665 novo
2722 1610 2885 1677 libro,
2918 1609 3009 1664 cui
3040 1609 3270 1664 titulum
3297 1608 3452 1676 fecit,
3483 1612 3554 1664 De
3581 1612 3795 1679 Spiritu
3819 1615 3872 1664 et

2170 1703 2380 1756 Littera
2414 1717 2428 1754 :
2457 1699 2593 1769 quia
2632 1699 3009 1770 quaestionem
3049 1697 3358 1768 explicans,
3392 1698 3746 1752 occasionem
3777 1715 3870 1752 ce-

2168 1787 2254 1857 pit
2283 1785 2616 1856 disputandi
2645 1788 2841 1840 contra
2882 1783 3215 1855 Pelagianos
3242 1785 3310 1838 de
3341 1784 3627 1855 adjutorio
3668 1784 3874 1854 gratias

2171 1873 2292 1940 Dei,
2337 1873 2642 1926 ostendens
2685 1871 2968 1939 videlicet,
3000 1887 3115 1924 non
3143 1886 3209 1924 eo
3241 1887 3342 1924 nos
3385 1888 3418 1924 a
3451 1872 3564 1925 Deo
3613 1870 3873 1942 adjuvari

2168 1963 2239 2016 ad
2264 1961 2615 2032 operandam
2633 1959 2940 2031 justitiam,
2964 1959 3118 2030 quod
3144 1959 3326 2030 legem
3356 1959 3511 2013 dedit
3528 1961 3762 2030 plenam
3782 1960 3875 2014 bo-

2170 2048 2256 2102 nis
2283 2049 2600 2119 sanctisque
2622 2046 2936 2119 praeceptis,
2958 2047 3055 2101 sed
3077 2046 3231 2118 quod
3255 2047 3377 2119 ipsa
3396 2048 3657 2102 voluntas
3679 2053 3876 2102 nostra

2171 2137 2471 2208 adjuvetur
2489 2135 2778 2207 impertito
2809 2135 3008 2206 spiritu
3041 2135 3266 2206 gratiae;
3289 2135 3410 2190 sine
3435 2152 3550 2206 quo
3580 2136 3873 2208 adjutorio

2170 2225 2424 2280 doctrina
2466 2224 2610 2297 legis
2656 2223 2846 2278 littera
2891 2227 2975 2278 est
3020 2223 3302 2289 occidens,
3336 2223 3471 2295 quia
3513 2241 3638 2278 reos
3674 2225 3874 2296 potius

2169 2312 2650 2385 prmvaricationis
2680 2316 2856 2378 tenet,
2893 2328 3064 2383 quam
3090 2311 3589 2384 justiﬁcatimpios
3612 2314 3869 2382 (Retract.

2173 2404 2266 2457 lib.
2297 2405 2350 2469 2,
2382 2418 2502 2472 cap.
2535 2404 2637 2468 37;
2670 2404 2744 2456 De
2794 2403 3006 2470 Spiritu
3035 2405 3085 2454 et
3121 2402 3349 2469 Littera,
3379 2417 3434 2455 η.
3494 2403 3566 2471 1).
3613 2404 3877 2456 Testatur

2173 2507 2250 2554 se,
2283 2491 2390 2544 hoc
2420 2490 2477 2543 in
2506 2505 2700 2560 opere,
2726 2492 3005 2559 quantum
3029 2489 3174 2542 Deus
3196 2489 3430 2558 adjuvit,
3457 2494 3654 2543 contra
3683 2489 3876 2544 inimi-

2173 2596 2264 2633 cos
2295 2577 2493 2650 gratia:
2524 2577 2644 2643 Dei,
2677 2593 2789 2647 qua
2813 2575 3156 2645 justiﬁcatur
3184 2575 3416 2646 impius,
3449 2577 3653 2630 acriter
3682 2576 3878 2647 dispu-

2177 2659 2322 2720 tasse
2371 2667 2624 2735 (Retract.
2678 2664 2773 2718 lib.
2808 2667 2860 2732 2,
2909 2679 3030 2733 cap.
3064 2663 3151 2734 37)
3185 2681 3198 2718 :
3232 2664 3393 2736 atqui
3422 2665 3482 2718 in
3512 2665 3638 2719 illos
3681 2671 3879 2719 tamen

2176 2771 2302 2809 eam
2331 2754 2515 2808 adhuc
2543 2751 2996 2806 moderationem
3024 2751 3228 2818 tenuit,
3265 2756 3324 2807 ut
3355 2753 3646 2808 neminem
3673 2754 3878 2808 adver-

2176 2842 2456 2896 sariorum
2489 2840 2828 2896 nominatim
2858 2841 3253 2911 appellaverit.

2247 2935 2298 2985 6.
2340 2930 2492 2995 Quin
2540 2929 2711 2984 etiam
2760 2928 3138 2983 immoderato
3181 2929 3430 3000 quodam
3475 2930 3665 2984 studio
3714 2947 3881 2986 revo-

2179 3020 2343 3075 candi
2374 3019 2635 3073 homines
2677 3019 2747 3073 ab
2792 3034 3002 3078 errore.
3050 3023 3273 3072 tantum
3324 3017 3458 3089 ipsis
3506 3019 3603 3072 Vir
3650 3024 3884 3073 sanctus

2177 3108 2530 3178 indulgebat,
2562 3111 2626 3160 ut
2653 3105 2938 3177 patienter
2965 3105 3100 3159 ferri
3125 3105 3373 3176 jnberet,
3405 3105 3578 3159 etiam
3605 3122 3733 3159 cum
3768 3105 3883 3176 ipsi

2179 3196 2497 3252 Catholicos
2543 3195 2793 3266 antiquae
2841 3193 2972 3248 ﬁdei
3015 3194 3340 3247 defensores
3385 3210 3498 3247 non
3541 3198 3886 3248 vererentur

2179 3286 2329 3340 inter
2345 3284 2753 3354 disputandum
2784 3282 2995 3336 habere
3020 3287 3291 3352 tanquam
3320 3282 3615 3336 haereticos
3639 3286 3695 3336 et
3714 3299 3887 3335 nova-

2179 3378 2353 3428 tores.
2385 3375 2586 3427 Parum
2615 3376 2692 3426 est
2723 3374 2884 3437 enim,
2917 3370 3014 3437 ait,
3049 3373 3180 3439 quia
3200 3373 3296 3424 isti
3315 3371 3589 3426 disserunt
3614 3376 3662 3425 et
3687 3371 3883 3440 dispu-

2183 3466 2301 3516 tant
2329 3463 2504 3515 nescio
2535 3475 2671 3528 quas
2702 3461 2901 3528 impias
2930 3461 3192 3513 novitates
3223 3475 3235 3512 :
3270 3464 3320 3512 et
3353 3475 3448 3514 nos
3480 3464 3742 3513 conantur
3781 3475 3883 3512 ar-

2179 3566 2358 3618 guere,
2392 3549 2536 3618 quod
2565 3548 2782 3617 aliquid
2804 3563 2994 3602 novum
3024 3547 3268 3602 dicamus
3300 3539 3489 3617 (Serm.
3521 3549 3643 3611 294,
3677 3563 3733 3600 n.
3773 3549 3880 3612 19).

2181 3639 2270 3693 Sic
2300 3638 2534 3692 omnino
2565 3637 2906 3707 loquebatur
2930 3636 2998 3689 ad
3031 3635 3536 3707 Carthaginensem
3565 3637 3789 3706 plebem
3822 3635 3885 3690 in

2182 3740 2466 3790 sermone,
2497 3739 2667 3794 quem
2715 3721 2932 3776 Aurelii
2975 3722 3226 3793 episcopi
3275 3722 3526 3793 impulsu
3567 3723 3658 3790 (De
3706 3723 3886 3778 Gestis

2181 3813 2412 3879 Pelagii,
2444 3828 2500 3866 n.
2533 3812 2652 3882 25),
2684 3811 2975 3882 aliquanto
3013 3815 3140 3882 post
3171 3810 3350 3864 editos
3387 3811 3605 3880 priores
3635 3811 3703 3864 ad
3735 3811 3885 3864 Mar-

2181 3901 2450 3954 cellinum
2481 3900 2798 3968 libros,nec
2825 3902 3018 3954 tamen
3049 3903 3179 3953 ante
3209 3915 3443 3967 annum,
3469 3902 3532 3952 ut
3558 3898 3723 3952 nobis
3751 3899 3884 3969 qui-

2182 3990 2313 4044 dem
2343 3989 2663 4057 videbatur,
2697 3986 2903 4043 Christi
2931 3987 3562 4058 quadringentesimum
3594 3987 3886 4041 decimum

2181 4077 2419 4131 tertium
2461 4077 2623 4146 (Vide
2665 4079 2888 4143 Prwfat.
2924 4077 3052 4130 tomi
3083 4079 3167 4142 10,
3200 4076 3232 4147 §
3263 4078 3340 4146 6),
3381 4075 3777 4145 pronuntiavit
3824 4074 3886 4128 in

2181 4165 2413 4220 basilica
2434 4165 2736 4235 Majorum,
2760 4165 2820 4218 in
2839 4164 3017 4218 natali
3038 4164 3301 4235 martyris
3323 4163 3657 4230 Guddentis,
3681 4163 3887 4234 quinto

2182 4255 2454 4308 kalendas
2477 4253 2610 4324 julii
2638 4269 2652 4306 :
2681 4252 2781 4307 ubi
2806 4257 3179 4323 posteaquam
3197 4253 3575 4323 quaestionem
3599 4251 3666 4306 de
3692 4253 3885 4322 Bapti-

2184 4360 2305 4396 smo
2334 4343 2514 4397 fusius
2546 4342 2825 4410 tractavit,
2855 4341 3104 4411 primum
3137 4341 3366 4413 quidem
3395 4341 3613 4396 divinas
3642 4341 3886 4395 auctori-

2183 4436 2326 4485 tates
2355 4430 2673 4500 proferens,
2705 4429 2838 4483 dein
2869 4435 3098 4499 gestans
3128 4446 3355 4502 quoque
3387 4429 3447 4483 in
3473 4429 3737 4484 manibus
3767 4429 3887 4499 epi-

2184 4519 2384 4572 stolam
2411 4517 2810 4588 gloriosissimi
2839 4517 3105 4588 martyris
3137 4518 3404 4589 Cypriani
3436 4534 3564 4589 quae
3587 4522 3670 4570 est
3701 4517 3766 4570 ad
3793 4517 3886 4570 Fi-

2183 4607 2340 4668 dum,
2373 4609 2428 4660 et
2470 4606 2539 4661 de
2580 4606 2686 4660 hac
2714 4622 2775 4660 re
2805 4607 2978 4661 verba
3007 4607 3129 4677 ejus
3158 4605 3403 4660 recitans
3444 4610 3614 4677 atque
3658 4609 3885 4676 pertra-

2183 4699 2363 4757 ctans,
2424 4692 2707 4749 ut'error
2757 4694 3011 4749 nefarius
3057 4695 3128 4749 de
3184 4695 3563 4766 quorumdam
3616 4692 3889 4748 cordibus

2183 4783 2537 4850 auferretur;
2583 4783 2649 4836 ad
2700 4786 3017 4838 extremum
3065 4782 3196 4854 pius
3242 4782 3491 4836 Antistes
3523 4781 3735 4836 claudit
3775 4782 3890 4836 dis-

2182 4870 2542 4941 putationem
2574 4870 2634 4925 in
2666 4871 2788 4925 haec
2817 4872 2985 4925 verba
3019 4884 3031 4925 :
3067 4873 3423 4940 Impetremus
3448 4887 3587 4939 ergo.
3623 4872 3672 4924 si
3689 4885 3890 4940 possu-

2182 4975 2320 5025 mus,
2347 4976 2381 5013 a
2409 4960 2686 5025 fratribus
2717 4961 2939 5024 nostris,
2962 4974 3028 5012 ne
3053 4974 3148 5012 nos
3179 4961 3398 5028 insuper
3427 4959 3696 5029 appellent
3724 4959 3893 5012 hazre-

2184 5050 2344 5110 ticos;
2376 5047 2524 5115 quod
2549 5061 2633 5100 eos
2665 5048 2800 5101 talia
2830 5047 3170 5116 disputantes
3199 5063 3293 5101 nos
3319 5048 3594 5116 appellare
3620 5048 3892 5115 possimus

2182 5137 2442 5200 forsitan,
2478 5137 2529 5188 si
2576 5136 2822 5202 velimus,
2855 5150 2947 5188 nec
2987 5140 3164 5189 tamen
3211 5136 3570 5206 appellamus.
3612 5135 3895 5189 Sustineat

2183 5237 2268 5276 eos
2299 5227 2472 5275 mater
2505 5225 2622 5291 piis
2653 5223 2947 5276 visceribus
2976 5223 3272 5293 sanandos,
3297 5227 3477 5294 portet
3500 5221 3780 5288 docendos,
3827 5240 3894 5277 ne

2181 5312 2415 5379 plangat
2444 5315 2702 5365 mortuos.
2734 5313 2974 5365 Nimium
3004 5316 3082 5365 est
3111 5328 3216 5382 quo
3244 5312 3704 5381 progrediuntur;
3738 5313 3890 5365 mul-

2186 5402 2300 5452 tum
2327 5403 2426 5464 est,
2457 5401 2552 5452 via:
2580 5399 2864 5466 ferendum
2887 5405 2985 5466 est,
3004 5416 3215 5470 magna:
3230 5403 3510 5470 patientiae
3527 5399 3704 5453 adhuc
3723 5401 3888 5464 ferri.

2187 5487 2299 5543 Non
2332 5487 2636 5541 abutantur
2665 5489 2764 5542 hac
2790 5492 3062 5558 patientia
3092 5491 3356 5552 Ecclesiae,
3388 5491 3756 5556 corrigantur,
3788 5487 3892 5542 bo-

2190 5590 2320 5629 num
2359 5579 2460 5629 est.
2507 5578 2576 5630 Ut
2605 5577 2768 5631 amici
2793 5579 3162 5643 exhortamur,
3201 5592 3305 5631 non
3348 5581 3408 5630 ut
3453 5577 3662 5630 inimici
3702 5577 3892 5643 litiga~
