4062 6372
103 325 196 378 iiii
1529 329 1741 387 LIBER
1781 330 2151 391 SEPTIMUS.

3482 338 3586 391 446

101 474 228 514 mus.
259 460 561 514 Detrahunt
586 462 759 529 nobis,
789 464 1016 529 ferimus
1049 480 1063 518 :
1095 468 1290 520 canoni
1322 481 1428 521 non
1467 467 1781 537 detrahant,
1830 506 1837 519 .
1890 453 1951 508 ίη
1995 454 2277 527 Hispaniis
2305 455 2560 521 ἶοτίεβεθι
2598 456 3020 528 opprimebant:
3054 455 3400 512 constitui-“9
3430 462 3575 512 εταί-

100 544 312 598 veritati
338 558 444 597 non
472 544 791 611 detrahant;
834 548 1083 602 Ecclesia
1111 554 1311 604 sanctae
1343 566 1445 619 pro
1472 554 1784 607 remissione

94 633 294 703 peccati
310 634 598 701 originalis
614 634 966 703 parvulorum
987 636 1229 705 quotidie
1252 638 1525 694 laboranti
1542 656 1648 695 non
1666 656 1783 694 con-

98 719 384 774 tradicunt.
402 722 654 775 Fundata
681 725 791 776 ista
826 737 911 777 res
939 728 1035 777 est.
1070 726 1339 780 Ferendus
1368 731 1447 780 est
1474 727 1785 797 disputator

20 862 37 883 ε
96 823 276 862 errans
294 810 354 862 in
382 810 510 863 aliis
535 811 920 879 quaestionibus
945 826 1052 865 non
1080 812 1371 879 diligenter
1398 814 1784 881 digestis,non-

94 896 223 950 dum
264 897 428 964 plena
471 898 715 951 Ecclesia:
757 901 1079 953 auctoritate
1117 903 1379 969 ﬁrmatis;
1420 903 1502 956 ibi
1526 903 1783 968 ferendus

94 988 167 1038 est
197 999 344 1037 error
375 999 388 1037 :
419 1000 525 1038 non
555 988 766 1039 tantum
794 987 1058 1055 progredi
1085 988 1255 1054 debet,
1287 993 1348 1043 ut
1385 992 1548 1043 etiam
1571 991 1781 1057 funda-

95 1076 320 1125 mentum
350 1073 528 1141 ipsum
560 1074 807 1129 Ecclesia
844 1080 1066 1144 quatere
1093 1077 1369 1133 moliatur.
1403 1079 1515 1133 Non
1542 1079 1781 1148 echedit.

94 1159 285 1215 Adhuc
302 1162 446 1226 forte
468 1166 656 1216 nostra
674 1177 779 1215 non
804 1167 883 1217 est
902 1164 1339 1232 reprehendenda
1365 1167 1633 1233 patientia
1657 1183 1669 1220 :
1691 1166 1786 1220 sed

96 1248 337 1302 debrmus
369 1250 554 1303 timere
580 1265 646 1304 ne
682 1251 927 1320 culpetur
953 1254 1117 1306 etiam
1145 1254 1495 1321 negligentia.
1529 1254 1785 1323 Sufﬁciat

95 1338 365 1394 Charitati
386 1342 603 1405 vestrae;
646 1339 832 1393 habete
855 1340 931 1394 ad
960 1342 1080 1395 illos
1107 1343 1206 1409 qui
1229 1344 1400 1397 nostis
1426 1344 1567 1410 illos,
1601 1344 1787 1398 habete

22 1465 32 1482 .
97 1440 213 1479 cum
239 1425 352 1479 illis
380 1427 566 1491 amice,
611 1428 872 1492 fraterne,
915 1429 1152 1497 placide,
1193 1434 1458 1497 amanter,
1504 1431 1781 1485 dolenter:

93 1511 364 1582 quidquid
389 1518 561 1581 potest
577 1515 755 1579 faciat
770 1516 948 1584 pietas
970 1535 985 1583 ;
1015 1519 1147 1584 quia
1165 1523 1356 1587 postea
1381 1519 1662 1587 diligenda
1679 1535 1786 1573 non

91 1602 189 1653 erit
214 1602 463 1669 impietas
494 1600 686 1670 (Serm.
719 1604 844 1669 294,
874 1619 929 1657 n.
961 1602 1077 1673 20).

157 1692 210 1741 7.
244 1687 469 1741 Litteris
497 1688 670 1743 etiam
700 1689 924 1744 circiter
951 1690 1060 1745 hoc
1091 1691 1243 1746 idem
1273 1696 1499 1764 tempus
1514 1694 1581 1749 ad
1603 1710 1662 1748 se
1685 1694 1782 1749 da-

90 1774 159 1827 tis
201 1791 233 1827 a
275 1774 510 1845 Pelagio
541 1775 859 1831 rescribens
905 1778 1279 1849 Augustinus,
1311 1780 1536 1834 tametsi
1567 1781 1636 1835 ab
1663 1780 1784 1851 ejus

89 1861 352 1916 laudibus
373 1863 792 1933 temperaverit,
826 1863 989 1919 illum
1020 1866 1391 1921 nihilominus
1419 1873 1532 1922 tam
1557 1869 1840 1924 honori-~

89 1950 189 2004 ﬁce
231 1950 454 2018 habuit,
498 1956 563 2006 ut
600 1951 783 2022 ipsius
820 1952 916 2007 ille
955 1953 1255 2023 epistolam
1293 1955 1353 2008 in
1387 1955 1787 2027 Diospolytana

25 2057 35 2073 ο
87 2039 323 2109 synodo,
357 2043 421 2093 ut
439 2039 765 2094 testimonio
795 2040 941 2095 tanti
970 2041 1097 2108 viri,
1132 2041 1480 2097 intentatum
1507 2044 1786 2099 haereseos

86 2123 304 2178 crimen
323 2140 358 2178 a
373 2142 433 2180 se
453 2126 1088 2200 depelleret,legendam
1114 2131 1437 2201 protulerit.
1464 2133 1593 2186 Haec
1611 2149 1784 2204 porro

86 2212 418 2282 hujusmodi
447 2219 568 2268 erat
599 2232 613 2269 :
644 2218 865 2270 Domino
890 2217 1237 2273 dilectissimo
1257 2224 1308 2272 et
1328 2220 1785 2275 desideratissimo

85 2302 257 2366 fratri
277 2302 518 2371 Pelagio,
556 2305 919 2369 Augustinus,
946 2308 1003 2359 in
1029 2308 1253 2361 Domino
1279 2308 1526 2362 salutem.
1563 2309 1784 2365 Gratias

86 2402 185 2454 ago
195 2388 517 2457 plurimum,
532 2390 677 2459 quod
687 2406 771 2444 me
783 2392 984 2447 litteris
996 2394 1104 2447 tuis
1117 2394 1429 2449 exhilarare
1438 2395 1694 2463 dignatus
1707 2413 1780 2462 es,

85 2480 135 2529 et
156 2480 363 2530 certum
391 2477 573 2542 facere
597 2477 664 2531 de
689 2479 864 2533 salute
882 2484 1081 2534 vestra.
1104 2482 1386 2537 Retribuat
1408 2483 1512 2537 tibi
1529 2486 1786 2540 Dominus

86 2566 242 2633 bona,
276 2567 476 2636 quibus
513 2584 719 2638 semper
745 2572 822 2625 sis
852 2571 1041 2640 bonus,
1071 2577 1123 2627 et
1148 2588 1269 2627 cum
1294 2574 1387 2628 illo
1407 2579 1602 2629 aeterno
1630 2578 1785 2630 vivas

23 2664 35 2681 ‘
83 2656 141 2708 in
167 2659 451 2721 zternum,
482 2656 694 2711 domine
723 2658 1067 2714 dilectissime
1089 2664 1140 2714 et
1168 2661 1626 2718 desideratissime
1660 2666 1783 2731 fra-

84 2746 183 2797 ter.
223 2746 344 2813 Ego
371 2748 570 2811 autem,
594 2747 697 2800 etsi
723 2748 781 2800 in
805 2762 888 2801 me
918 2763 1024 2802 non
1051 2763 1280 2815 agnosco
1302 2753 1579 2819 praeconia
1602 2752 1670 2808 de
1705 2768 1787 2807 me

82 2835 199 2899 tua,
230 2847 355 2900 quae
385 2835 490 2886 tua:
515 2835 878 2901 Benignitatis
895 2837 1123 2905 epistola
1148 2840 1409 2904 continet;
1435 2839 1678 2894 benevolo
1708 2845 1788 2893 ta-

82 2934 200 2972 men
241 2922 428 2974 animo
465 2935 597 2989 erga
638 2924 988 2989 exiguitatem
1025 2938 1195 2977 meam
1234 2927 1485 2991 ingratus
1526 2941 1636 2982 esse
1680 2943 1787 2982 non

74 3021 304 3076 possum
345 3023 359 3061 :
402 3009 566 3063 simul
609 3009 899 3064 admonens
942 3016 1003 3065 ut
1037 3013 1224 3081 potius
1270 3028 1386 3067 ores
1417 3029 1524 3083 pro
1553 3030 1653 3083 me,
1682 3031 1786 3084 quo

82 3096 210 3149 talis
241 3111 279 3148 a
307 3097 531 3151 Domino
554 3097 713 3164 ﬁam.
741 3099 955 3165 qualem
985 3113 1072 3153 me
1088 3100 1211 3168 jam
1237 3114 1349 3155 esse
1376 3101 1686 3157 arbitraris.
1724 3104 1789 3157 Et

82 3181 196 3236 alia
225 3198 405 3237 manu
442 3200 455 3238 :
498 3186 698 3239 Memor
741 3188 918 3240 nostri
940 3189 1246 3243 incolumis
1291 3192 1508 3245 Domino
1546 3192 1784 3260 placeas,

18 3261 28 3271 ’
80 3271 301 3325 domine
342 3271 690 3327 dilectissime
742 3279 794 3327 et
847 3274 1307 3331 desideratissime
1352 3278 1533 3343 frater
1588 3281 1782 3350 (Epist.

86 3360 233 3429 146).
271 3360 361 3414 Ibi
398 3359 540 3414 dixit
584 3376 716 3416 eum
746 3361 853 3416 sibi
884 3378 1005 3417 esse
1043 3363 1610 3429 desideratissimum,
1642 3383 1785 3438 quo-

81 3446 243 3502 niam
274 3448 440 3503 valde
469 3449 737 3519 cupiebat
763 3466 893 3504 eum
924 3455 1207 3522 praesente
1240 3452 1456 3524 aliquid
1488 3454 1738 3525 colloqui
1771 3472 1786 3509 :

75 3537 200 3606 jam
226 3536 389 3591 enim
419 3537 694 3605 audierat,
726 3544 922 3593 contra
953 3541 1214 3611 gratiam,
1248 3557 1362 3613 qua
1383 3542 1785 3613 justiﬁeamur,

79 3624 322 3694 quando
343 3623 477 3679 hinc
503 3624 696 3696 aliqua
715 3626 1181 3682 commemoratio
1211 3627 1395 3696 ﬁeret,
1430 3634 1625 3701 aperta
1655 3646 1787 3684 eum

77 3710 457 3766 contentione
504 3713 717 3769 conari.
766 3714 894 3768 Alia
929 3715 1147 3786 pariter
1184 3716 1354 3787 hujus
1383 3717 1639 3788 epistolae
1670 3735 1788 3773 sua:

77 3800 255 3856 verba
286 3799 517 3871 singula
546 3802 890 3872 expendens,
918 3803 1063 3857 nihil
1102 3820 1286 3858 causa;
1316 3804 1489 3860 fuisse
1519 3807 1785 3873 ostendit,

74 3904 180 3942 cur
209 3904 347 3943 eam
376 3905 481 3959 pro
514 3905 572 3942 se
602 3890 671 3944 ad
699 3890 968 3944 intentati
997 3892 1252 3947 criminis
1278 3894 1672 3965 depulsionem
1699 3913 1789 3949 va-

74 3976 195 4030 lere
226 3976 501 4046 Pelagius
531 3970 873 4032 autumaret.
916 3980 1056 4034 Nam
1092 3980 1283 4051 ipsum
1315 3982 1413 4049 ibi,
1446 3983 1633 4053 quoad
1663 3983 1785 4037 sine

72 4064 259 4135 ipsius
286 4063 623 4129 offensione,
655 4069 753 4118 aut
781 4066 1113 4137 quaestionis
1143 4068 1315 4123 ullius
1340 4069 1688 4125 discussione
1717 4071 1786 4125 li-

71 4158 255 4222 ceret,
312 4152 383 4206 de
430 4152 530 4206 Dei
572 4153 757 4224 gratia
783 4158 935 4209 recte
966 4171 1164 4226 sapere
1194 4158 1558 4213 admonebat.
1590 4159 1787 4224 Quan-

71 4258 255 4313 quam
286 4243 489 4313 postea
510 4246 767 4295 sanetum
790 4242 984 4297 Virum
1010 4244 1299 4314 paenituit,
1324 4247 1475 4316 quod
1498 4250 1633 4302 tunc
1654 4264 1784 4302 cum

72 4331 349 4385 dolorem
379 4329 561 4383 facere
586 4329 833 4400 timeret,
862 4334 1150 4387 tumorem
1181 4333 1409 4401 ulceris,
1441 4335 1526 4389 uti
1545 4337 1668 4407 jam
1696 4336 1786 4391 in-

70 4416 382 4489 telligebat
417 4417 664 4472 auxisset
688 4417 790 4489 (De
819 4420 1250 4490 GestisPelagii,
1276 4438 1333 4477 n.
1358 4425 1569 4493 50-52).
1640 4460 1653 4461 κ

142 4506 198 4557 8.
236 4502 620 4559 Revineendis
647 4505 820 4560 etiam
850 4506 1168 4578 Pelagianis
1195 4509 1405 4580 scripta
1433 4514 1518 4564 est
1546 4509 1784 4581 epistola

18 4622 27 4629 ~
67 4592 140 4647 ad
179 4591 559 4647 Anastasium
581 4592 784 4664 (Epist.
824 4596 965 4665 145).
994 4596 1134 4649 Nam
1161 4601 1470 4668 postquam
1498 4597 1560 4651 in
1586 4612 1652 4652 ea
1681 4597 1783 4651 do-

67 4680 212 4746 cuit,
261 4695 389 4733 non
423 4695 528 4750 per
570 4681 778 4753 legem,
823 4682 921 4737 sed
951 4698 1055 4754 per
1082 4684 1345 4754 gratiam,
1377 4700 1565 4756 neque
1596 4685 1784 4739 servili

66 4767 313 4835 timore,
346 4767 443 4821 sed
473 4768 653 4823 libera
680 4769 953 4825 charitate
983 4770 1211 4842 impleri
1233 4771 1517 4841 justitiam
1550 4788 1564 4826 :
1597 4773 1781 4826 deela-

64 4860 157 4910 rat
183 4872 248 4911 se
273 4855 448 4910 istam
479 4872 609 4910 eum
637 4873 703 4911 eo
724 4858 1102 4929 quaestionem
1123 4875 1227 4929 per
1251 4858 1468 4914 litteras
1488 4863 1780 4926 tractasse,

62 4960 187 4999 non
215 4947 469 5017 propter
495 4943 704 5014 ipsum,
726 4946 825 5000 sed
845 4950 1084 5017 propter
1107 4947 1387 5019 quosdam
1415 4947 1513 5020 qui
1538 4947 1782 5002 nimium

62 5036 361 5105 arrogant
402 5032 671 5086 humana:
705 5033 1003 5102 voluntati,
1035 5050 1210 5107 quam
1239 5036 1364 5106 lege
1395 5035 1528 5090 data
1555 5040 1779 5107 putant,

12 5106 16 5195 ξ
60 5122 138 5177 ad
169 5137 309 5176 eam
333 5119 687 5190 implendam
708 5120 821 5175 sibi
838 5137 1007 5192 posse
1035 5106 1314 5179 sufﬁcere.
1350 5124 1503 5178 Hane
1525 5106 1783 5195 profecto

11 5188 17 5233 ι

11 5286 17 5321 l

60 5210 408 5280 epistolam,
433 5207 494 5262 in
518 5223 632 5279 qua
654 5208 838 5277 parcit
857 5210 1043 5264 adhuc
1066 5212 1521 5267 adversariorum
1540 5211 1782 5282 nomini,

62 5297 308 5370 scripsit
356 5300 489 5351 ante
544 5312 762 5351 annum
815 5297 1445 5370 quadringentesimum
1498 5300 1784 5356 decimum

11 5387 18 5459 ξ
62 5391 327 5451 sextum,
382 5399 496 5456 quo
527 5385 649 5456 jam
677 5389 933 5456 tempore
978 5386 1280 5442 nominare
1324 5388 1620 5460 Pelagium
1667 5406 1785 5444 non

12 5450 19 5499 ἰ

11 5560 21 5581 b

11 5646 23 5681 l

62 5473 400 5528 dubitabat.
431 5472 761 5526 Anastasius
790 5477 983 5528 autem
1007 5472 1103 5528 ille
1123 5474 1329 5530 mediis
1359 5476 1421 5530 in
1443 5476 1784 5532 tumultibus

59 5569 249 5636 atque
279 5560 723 5629 calamitatibus,
756 5577 887 5634 quae
914 5577 1020 5633 per
1039 5562 1195 5618 idem
1221 5567 1446 5636 tempus
1475 5565 1778 5633 mundum,

1893 543 2276 606 Quamobrem
2319 560 2385 598 ex
2415 561 2483 599 eo
2524 544 2838 600 sciscitatur
2872 544 3246 618 Augustinus,
3280 561 3393 617 quo
3438 550 3585 599 statu

1892 646 1983 684 res
2011 632 2132 701 ejus
2163 637 2368 701 essent,
2401 649 2540 687 anve
2573 634 2719 687 Deus
2744 632 2994 705 quietem
3026 633 3278 705 aliquam
3304 633 3411 704 ipsi
3443 650 3579 688 con-

1893 733 2106 773 cessam
2137 720 2402 775 voluisset
2440 737 2454 775 :
2502 721 2787 793 simulque
2819 722 3171 789 adhortatur,
3205 727 3272 776 ut
3301 726 3359 776 et
3387 722 3588 777 mundi

1893 807 2258 863 adversitates
2286 810 2561 864 charitate
2588 814 2836 880 superet,
2868 815 2924 864 et
2952 826 3078 865 eam
3104 809 3373 865 virtutem
3394 826 3427 863 a
3448 811 3582 877 Deo,

1894 894 1994 965 qui
2032 896 2182 950 solus
2211 896 2394 967 ipsam
2415 897 2694 969 impertiri
2721 902 2922 968 potest,
2950 898 3249 970 efﬂagitat.
3279 902 3587 969 Acceperat

1894 988 2118 1037 sanctus
2164 986 2377 1040 Praesul
2419 986 2489 1040 ab
2535 987 2830 1042 Anastasio
2877 988 3112 1054 litteras,
3156 988 3363 1059 quibus
3391 1005 3464 1041 an
3494 1004 3584 1042 re-

1894 1087 2188 1142 sponsum,
2223 1089 2397 1127 necne
2444 1074 2711 1141 dedisset,
2744 1074 2952 1129 fatetur
2980 1075 3216 1130 omnino
3246 1074 3463 1130 nescire
3492 1091 3582 1141 se;

1894 1174 2076 1229 usque
2105 1159 2249 1214 adeo
2275 1161 2424 1214 curis
2446 1177 2510 1215 ea
2532 1166 2865 1233 tempestate
2890 1162 3361 1233 distringebatur.

1966 1250 2018 1301 9.
2053 1248 2199 1302 Dum
2227 1248 2524 1318 epistolam
2556 1250 2626 1304 ad
2664 1250 3054 1305 Marcellinum
3096 1267 3270 1322 supra
3298 1262 3588 1306 memorao‘

1894 1338 2011 1389 tam
2050 1336 2248 1407 (Epist.
2285 1340 2405 1404 139,
2434 1348 2491 1392 n.
2524 1341 2597 1406 3),
2629 1355 2800 1410 quam
2831 1339 2989 1393 libris
3020 1340 3090 1394 de
3123 1339 3408 1410 Baptismo
3439 1339 3585 1410 adje-

1895 1422 1990 1491 cit,
2022 1423 2288 1478 scriberet
2306 1425 2676 1496 Augustinus,
2705 1426 2873 1481 simul
2908 1426 3083 1481 etiam
3112 1427 3170 1481 in
3194 1427 3459 1482 manibus
3487 1427 3584 1481 ha-

1890 1511 2062 1565 bebat
2085 1512 2381 1584 epistolam
2406 1513 2479 1568 ad
2520 1516 2889 1584 Honoratum,
2931 1515 3092 1585 cujus
3117 1514 3585 1587 inquisitionibus

1894 1602 2025 1654 ante
2055 1600 2245 1654 omnia
2276 1600 2456 1655 facere
2487 1602 2621 1656 satis
2644 1603 2905 1657 voluntas
2935 1607 3057 1657 erat
3086 1603 3284 1673 (Epist.
3328 1604 3452 1668 24ος
3489 1605 3583 1658 Re-

1896 1692 2052 1742 tract.
2088 1690 2180 1743 lib.
2221 1691 2275 1758 2,
2302 1706 2424 1761 cap.
2458 1691 2565 1760 36).
2608 1691 2858 1747 Charitas
2887 1693 3045 1757 enim,
3076 1690 3285 1762 inquit,
3317 1706 3434 1759 qua
3461 1695 3583 1744 tan-

1895 1792 2059 1845 quam
2077 1780 2269 1831 nutria:
2295 1780 2444 1844 fovet
2469 1780 2608 1848 ﬁlios
2631 1794 2773 1844 suos,
2796 1794 2901 1833 non
2921 1779 3110 1832 ordine
3129 1777 3374 1843 amandi,
3396 1777 3489 1831 sed
3500 1792 3587 1830 or-

1895 1865 2020 1918 dine
2049 1866 2417 1933 subveniendi,
2448 1869 2770 1935 inﬁrmiores
2797 1865 3117 1933 fortioribus
3138 1867 3432 1933 anteponit,
3453 1879 3584 1933 quos

1895 1955 2028 2007 tales
2074 1954 2192 2007 vult
2226 1968 2356 2021 esse,
2404 1955 2589 2025 quales
2610 1955 2731 2024 jam
2765 1955 2851 2009 illi
2878 1957 3024 2015 sunt,
3058 1968 3188 2022 quos
3215 1968 3321 2006 non
3349 1958 3584 2007 contem-

1894 2041 2088 2109 nendo,
2127 2041 2221 2095 sed
2266 2042 2333 2096 de
2378 2042 2462 2096 his
2505 2042 2840 2113 conﬁdendo,
2866 2043 3084 2095 interim
3108 2042 3354 2110 praeterit
3381 2039 3581 2110 (Epist.

1899 2132 2021 2199 139,
2043 2145 2098 2182 n.
2133 2131 2202 2198 3).
2237 2130 2376 2184 Cum
2402 2134 2549 2184 esset
2584 2130 2759 2201 igitur
2787 2131 3107 2184 Honoratus
3136 2128 3195 2183 iu
3225 2128 3583 2183 catechume-

1893 2233 2102 2271 norum
2145 2233 2406 2284 numero,
2449 2220 2707 2273 nondum
2750 2218 3039 2287 Baptismo
3081 2216 3342 2271 initiatus
3382 2217 3580 2287 (Epist.

1900 2306 2019 2372 140,
2050 2322 2105 2360 n.
2138 2305 2247 2375 48),
2292 2305 2515 2376 scripsit
2562 2306 2900 2377 Carthagine
2940 2305 3009 2360 ad
3054 2304 3439 2374 Augustinum
3476 2302 3585 2358 sibi

1893 2392 2252 2459 familiarem,
2276 2396 2448 2464 atque
2478 2393 2561 2447 illi
2587 2393 2931 2465 quaestiones
2950 2392 3203 2464 quinque
3224 2390 3587 2463 explicandas

1894 2481 2208 2553 proposuit.
2240 2483 2318 2536 Eo
2352 2497 2486 2536 sane
2511 2486 2767 2553 tempore
2792 2481 3143 2553 Augustinus
3171 2486 3369 2535 contra
3400 2481 3585 2535 Dona-

1893 2570 2054 2623 tistas
2090 2570 2459 2624 vehementer
2499 2571 2866 2625 exercebatur
2913 2586 2927 2625 :
2974 2573 3225 2624 attamen
3263 2568 3438 2623 satius
3467 2584 3587 2623 esse

1895 2658 2254 2726 existimavit,
2288 2658 2538 2713 oblatam
2568 2659 2675 2713 sibi
2705 2659 2774 2713 ab
2806 2661 3092 2713 Honorato
3118 2657 3457 2730 Pelagianos
3484 2657 3587 2712 im-

1894 2746 2189 2817 pugnandi
2235 2747 2591 2801 occasionem
2643 2747 2917 2817 arripere.
2970 2746 3396 2811 Quaestionibus
3450 2761 3587 2815 ergo

1896 2833 2152 2905 quinque
2181 2833 2295 2888 illis
2322 2834 2625 2905 propositis
2655 2834 2725 2888 ab
2754 2836 3064 2900 Honorato,
3095 2838 3310 2887 sextam
3341 2833 3461 2903 ipse
3488 2833 3587 2886 ad-

1897 2921 2060 2988 didit,
2102 2922 2376 2977 nimirum
2408 2938 2674 2993 quaanam
2697 2922 2958 2976 habenda
2985 2922 3058 2976 sit
3085 2920 3215 2975 novi
3243 2919 3588 2974 Testamenti

1895 3010 2079 3081 gratia
2110 3027 2123 3065 :
2150 3011 2409 3081 hancque
2438 3011 2578 3065 adeo
2610 3010 2901 3081 praecipua
2924 3010 3171 3080 quadam
3201 3024 3336 3062 cura
3367 3023 3429 3060 ac
3458 3006 3587 3060 dili-

1896 3099 2090 3170 gentia
2109 3099 2389 3166 discussit,
2413 3103 2581 3170 atque
2604 3098 2674 3153 ad
2696 3098 2854 3152 illam
2876 3097 3123 3169 reliquas
3150 3111 3348 3163 omnes
3366 3111 3590 3149 revoca-

1896 3185 1989 3240 vit.
2027 3187 2243 3251 Quibus
2272 3191 2328 3241 et
2354 3187 2810 3257 explanationem
2842 3186 3050 3241 Psalmi
3092 3184 3355 3257 vigesimi
3393 3182 3588 3255 primi,

1897 3276 2059 3347 cujus
2088 3275 2253 3330 initio
2284 3292 2398 3330 una
2427 3292 2495 3330 ex
2526 3275 2797 3329 Honorati
2825 3274 3237 3346 quaestionibus
3262 3272 3589 3328 contineba-

1896 3369 2010 3428 tur,
2044 3364 2303 3418 innexuit
2328 3364 2587 3434 (Retract.
2617 3365 2711 3418 lib.
2758 3367 2813 3430 2,
2854 3379 2973 3433 cap.
3010 3363 3120 3433 36).
3147 3363 3223 3417 Ea
3252 3359 3590 3425 lucubratio,

1898 3468 2071 3522 quam
2091 3452 2250 3506 libris
2280 3453 2397 3507 suis
2424 3456 2766 3506 annumerat
2790 3452 3033 3522 (Ibid.,et
3064 3452 3245 3521 Epist.
3281 3453 3402 3515 139,
3432 3464 3488 3503 n.
3514 3449 3592 3519 3),

1897 3556 1962 3594 ac
1990 3540 2142 3604 libri,
2175 3541 2348 3595 etiam
2377 3541 2600 3611 prolixi,
2642 3540 2805 3595 sicuti
2844 3556 3040 3594 revera
3070 3543 3175 3606 est,
3208 3537 3591 3610 appellatione

1899 3629 2073 3683 donat
2118 3630 2320 3701 (Epist.
2372 3632 2488 3696 140,
2539 3645 2595 3683 n.
2629 3629 2742 3701 85),
2773 3630 2963 3683 locum
2992 3628 3145 3681 inter
3173 3627 3296 3697 ejus
3326 3625 3593 3696 epistolas

1897 3716 2118 3788 pridem
2150 3717 2417 3772 obtinuit.
2455 3720 2590 3772 Post
2617 3717 2797 3786 illam,
2838 3716 3177 3787 opusculum
3206 3715 3367 3784 cujus
3391 3713 3589 3767 inscri-

1897 3805 2019 3875 ptio
2069 3810 2171 3872 est,
2224 3808 2297 3859 De
2332 3806 2545 3874 Spiritu
2573 3809 2624 3858 et
2651 3807 2879 3871 Littera,
2913 3802 3210 3874 subjungit
3237 3801 3592 3873 Augustinus

1899 3897 2150 3963 (Retract.
2183 3894 2275 3947 lib.
2306 3896 2361 3959 2,
2390 3910 2512 3963 cap.
2546 3893 2669 3965 37);
2697 3909 2801 3947 nec
2832 3891 3093 3946 dubitare
3121 3890 3374 3962 profecto
3403 3889 3589 3955 liceat,

1897 3982 2036 4053 quin
2068 3998 2135 4036 ea
2154 3982 2437 4053 posterius
2475 3981 2750 4052 scriptum
2776 3980 2966 4035 fuerit.

2583 4069 2809 4124 CAPUT
2850 4069 2921 4123 ῐῐ.

1901 4162 1921 4213 1
1976 4159 2318 4227 Augustinus
2368 4159 2443 4212 ad
2491 4161 2803 4213 Donatistas
2859 4158 3021 4211 laicos
3076 4159 3202 4225 post
3248 4155 3594 4211 Collationem

1965 4246 2168 4299 scribit.
2209 4248 2243 4299 2
2289 4246 2639 4314 Imperatoris
2688 4245 2913 4298 Honorii
2956 4244 3216 4311 rescripto
3259 4242 3593 4294 damnantur

1966 4333 2279 4388 Donatista.
2313 4336 2343 4388 3
2380 4336 2580 4388 Eorum
2607 4332 2805 4387 rabies.
2844 4333 2879 4385 4
2908 4330 3146 4388 Οωάἰεατ
3174 4330 3241 4383 ab
3268 4330 3381 4384 illis
3408 4331 3591 4384 Resti-

1968 4426 2132 4477 tutus.
2162 4426 2192 4476 5
2223 4422 2399 4487 Quam
2421 4423 2753 4475 vehementer
2775 4422 2891 4487 agit
2917 4420 3349 4487 Augustinus,ne
3364 4417 3590 4471 caedium

1963 4511 2045 4563 rei
2070 4511 2245 4579 capite
2272 4512 2595 4579 puniantur.
2640 4512 2671 4562 6
2700 4509 2930 4578 Operam
2957 4507 3074 4565 dat.
3120 4510 3179 4560 ut
3217 4506 3590 4587 schismatico-

1963 4614 2085 4652 rum
2109 4600 2168 4652 in
2198 4599 2532 4668 Hipponensi
2550 4598 2767 4651 dioecesi
2793 4601 2845 4650 et
2872 4598 2929 4649 in
2949 4597 3163 4664 reliqua
3193 4594 3455 4649 Numidia
3483 4594 3592 4647 vio-

1965 4687 2140 4740 lentim
2168 4690 2591 4755 compescantur.
2611 4690 2641 4737 7
2681 4686 2852 4738 Varia
2880 4684 3071 4738 scribit
3098 4683 3372 4750 opuscula.

1968 4778 2018 4828 1.
2055 4774 2120 4826 lu
2152 4773 2351 4826 eadem
2383 4774 2452 4826 ad
2485 4772 2874 4826 Marcellinum
2915 4771 3168 4841 epistola,
3217 4785 3331 4840 qua
3373 4785 3431 4822 se
3471 4772 3589 4823 Au-

1892 4860 2153 4931 gustinus
2183 4859 2543 4930 responsioni
2573 4860 2640 4913 ad
2675 4860 3028 4912 Honoratum
3058 4857 3429 4911 concinandas
3458 4873 3593 4926 ope-

1890 4965 2016 5003 ram
2058 4949 2192 5003 dare
2241 4947 2545 5019 signiﬁcat,
2585 4947 3092 5016 Carthaginensem
3130 4946 3504 5002 Collationem
3530 4945 3591 4999 in

1892 5035 2296 5108 compendium
2344 5052 2377 5089 a
2418 5050 2476 5089 se
2524 5034 2832 5097 redactam,
2884 5050 3105 5089 necnon
3142 5034 3357 5088 litteras
3387 5035 3456 5088 de
3487 5034 3592 5087 hac

1893 5124 2017 5196 ipsa
2039 5123 2346 5179 Collatione
2367 5123 2437 5179 ad
2458 5124 2685 5195 plebem
2710 5123 3133 5178 Donatistarum
3164 5121 3439 5194 proximis
3460 5124 3590 5176 ante

1894 5213 2094 5268 diebus
2132 5213 2416 5267 absolutas
2445 5212 2617 5268 tradit
2646 5211 2851 5283 (Epist.
2904 5215 3025 5279 139,
3058 5229 3113 5267 n.
3149 5213 3227 5283 3).
3269 5213 3389 5264 lam
3417 5223 3589 5279 supra

1892 5302 1962 5357 de
1990 5301 2163 5355 hocce
2193 5300 2520 5357 Collationis
2566 5299 2904 5371 compendio
2945 5299 3192 5354 diximus
3220 5314 3233 5351 :
3272 5296 3423 5368 quod
3455 5311 3589 5348 vero

1894 5389 1965 5444 ad
1996 5389 2293 5459 epistolam
2326 5388 2632 5443 Donatistis
2667 5387 2826 5442 laicis
2854 5392 2989 5442 tunc
3016 5386 3303 5457 scriptam,
3334 5398 3450 5437 non
3475 5382 3588 5436 alia

1893 5476 2129 5531 forsitan
2153 5476 2533 5531 existimanda
2567 5481 2652 5531 est
2681 5476 2750 5530 ab
2781 5492 2847 5530 eo
2890 5475 3055 5536 libro,
3087 5474 3248 5542 cujus
3287 5470 3586 5541 inscriptio

1893 5569 1996 5633 est,
2048 5565 2139 5621 Ad
2184 5568 2496 5621 Donatistas
2543 5569 2669 5635 post
2719 5565 3061 5622 Collationem
3107 5561 3588 5632 (Retractationum
