4062 6362
448 303 544 354 fili?
1658 297 1828 352 VITA
1870 297 1922 351 S.
1967 297 2353 356 AUGUSTINI
2409 303 2743 359 EPISL‘OPI.

431 422 526 476 lib.
568 426 622 485 2,
654 436 774 491 cap.
806 422 923 492 40),
953 421 1010 474 in
1041 436 1154 490 quo
1187 421 1370 490 reipsa
1412 419 1505 473 Vir
1531 424 1756 474 sanctus
1782 434 1984 473 eorum
2018 417 2140 489 cpi--

428 525 626 580 scopos
650 509 808 562 nullo
833 509 997 562 modo
1022 507 1349 579 alloquitur.
1383 509 1498 562 Hoc
1521 507 1582 561 in
1603 524 1795 579 opere,
1820 507 1974 578 quod
1997 523 2131 561 cum

429 598 601 668 justa
633 597 801 651 molis
831 601 934 664 est,
965 602 1088 650 tum
1109 596 1415 667 diligenter
1444 600 1816 666 accurateque
1845 595 2140 648 elucubra-

437 691 584 755 tum,
617 685 917 740 calumnia
943 685 1244 739 diluuntur
1271 700 1334 738 ac
1358 700 1502 738 vana
1531 687 1876 748 commenta,
1913 697 2142 753 qua,ne

439 773 747 830 Marcellini
811 776 1076 844 parerent
1135 771 1372 842 judicio,
1418 772 1820 827 obtendebant.
1872 771 2141 826 Eamdem

445 863 617 917 etiam
646 877 788 925 rem,
819 860 915 914 sed
946 860 1174 913 brevius
1204 861 1399 922 multo,
1421 853 1634 913 tractat
1659 859 1721 912 in
1748 859 1859 913 alia
1888 859 2136 929 quadam

447 950 703 1022 epistola,
737 964 910 1020 quam
939 965 1056 1001 una
1090 965 1218 1001 cum
1250 948 1465 1018 synodo
1511 947 1761 1002 Zertensi
1790 951 2008 1017 postea,
2041 963 2140 1000 seu

444 1040 596 1112 quod
639 1039 812 1093 habet
857 1037 998 1108 ipse,
1039 1051 1230 1090 rursus
1262 1036 1442 1090 edidit
1471 1037 1656 1105 (Ibid)
1691 1053 1703 1090 :
1741 1051 1870 1106 qua
1901 1035 2138 1105 quidem

443 1127 794 1183 Zertensium
840 1128 1073 1180 Patrum
1119 1123 1360 1191 epistola
1389 1123 1610 1178 decimo
1637 1129 1834 1177 octavo
1865 1123 2140 1177 kalendas

435 1217 611 1287 julias
640 1215 777 1270 anni
801 1230 973 1285 supra
993 1213 1622 1285 quadringentesimum
1646 1211 1967 1266 duodecimi
1997 1227 2141 1280 pra-

407 1351 414 1361 .
443 1309 686 1358 notatur.
713 1305 896 1369 Quare
917 1302 962 1356 si
982 1301 1140 1373 prior
1160 1301 1440 1366 habenda,
1457 1317 1586 1371 qua
1608 1305 1692 1354 est
1721 1301 1790 1355 ad
1820 1299 2138 1354 Donatistas

435 1398 566 1465 post
607 1391 1000 1458 Collationem,
1055 1389 1541 1460 quemadmodum
1586 1405 1692 1443 vox
1741 1388 1860 1456 illa,
1911 1403 2134 1454 rursus,

441 1481 661 1535 videtur
701 1478 984 1544 indicare;
1032 1493 1179 1543 eam,
1225 1493 1354 1530 cum
1394 1477 1520 1530 aliis
1550 1476 1816 1530 omnibus
1862 1475 2137 1546 temporis

440 1569 695 1640 ejusdem
738 1566 982 1637 scriptis,
1013 1581 1211 1620 mense
1234 1566 1379 1635 julio
1410 1565 1548 1619 anni
1587 1562 2137 1635 quadringentesimi

441 1656 765 1712 duodecimi
787 1654 1142 1726 superiorem
1161 1654 1372 1708 habere
1400 1669 1628 1707 necesse
1653 1657 1756 1708 est.
1783 1654 1925 1708 Cum
1943 1656 2137 1706 autem

439 1762 504 1800 ea
533 1744 724 1798 omnia
767 1743 1012 1799 Calestii
1055 1742 1590 1796 condemnationem
1637 1746 1829 1796 secuta
1870 1741 2004 1807 sint,
2044 1740 2132 1794 id-

439 1834 587 1888 circo
609 1834 757 1887 hanc
777 1831 1008 1903 quidem
1029 1830 1570 1886 condemnationem
1586 1846 1734 1884 anno
1756 1829 2138 1902 quadringen-

441 1921 642 1978 tesimo
663 1921 988 1986 undecimo,
1013 1920 1222 1990 scripta
1246 1936 1380 1974 vero
1399 1920 1499 1974 illa
1517 1919 1784 1989 deinceps
1809 1920 1878 1973 ab
1898 1919 2136 1974 ineunte

441 2026 592 2064 anno
623 2008 1188 2081 quadringentesimo
1217 2007 1554 2063 duodecimo
1585 2007 1656 2062 ad
1687 2023 1947 2061 mensem
1976 2006 2136 2061 circi-

441 2103 528 2154 ter
562 2097 796 2170 junium
847 2097 1224 2167 disponenda,
1271 2113 1466 2151 sumus
1507 2095 1784 2150 arbitrati.
1829 2097 1894 2149 In
1939 2095 2139 2150 eodem

439 2188 589 2244 libro
621 2191 816 2258 aperte
846 2185 1129 2257 signiﬁcat
1157 2186 1530 2255 Augustinus,
1565 2185 1858 2239 decretum
1885 2200 2005 2238 esse
2036 2185 2142 2239 Ca-

444 2275 690 2341 tholicis,
726 2274 1043 2329 Donatistas
1069 2274 1362 2344 persequi,
1395 2289 1710 2344 eorumque
1740 2272 2141 2344 impotentiam

441 2369 615 2435 atque
663 2362 905 2433 injurias
947 2361 1286 2417 auctoritate
1330 2363 1524 2432 legum
1578 2377 1858 2427 coercere,
1913 2361 2139 2432 quando

443 2451 627 2506 verbis
672 2466 736 2504 ac
785 2450 1042 2504 doctrina
1078 2450 1149 2504 ab
1180 2450 1284 2503 hac
1313 2449 1521 2520 agendi
1550 2449 1773 2503 ratione
1802 2449 2054 2502 revocari
2081 2465 2142 2502 se

445 2555 562 2592 non
594 2537 847 2592 sinerent
881 2554 892 2591 :
926 2538 1077 2592 nolle
1105 2543 1297 2592 tamen
1326 2537 1481 2609 ipsos
1508 2541 1744 2592 cruento
1777 2535 2057 2607 supplicio
2079 2535 2140 2590 in

444 2626 780 2698 quempiam
828 2625 1224 2693 animadverti,
1281 2627 1379 2682 sed
1421 2626 1610 2697 aliqua
1638 2625 1940 2680 mitissima
1968 2641 2140 2695 poena

446 2717 557 2787 (Ad
585 2718 897 2771 Donatistas
922 2721 1047 2785 post
1067 2718 1341 2783 Collat.,n.
1375 2715 1485 2786 2t).
1529 2716 1610 2770 Ex
1644 2731 1757 2786 qua
1782 2713 2013 2786 quidem
2047 2715 2144 2769 Ca-

443 2803 783 2858 tholicorum
829 2805 1122 2858 voluntate
1167 2804 1459 2874 conjicias,
1487 2802 1875 2874 Augustinum
1904 2806 2032 2872 post
2055 2803 2141 2877 le-

442 2909 575 2964 gem
601 2892 769 2946 tertio
798 2892 1070 2947 kalendas
1091 2892 1407 2947 februarias
1429 2891 1567 2945 anni
1589 2889 2143 2961 quadringentesimi

441 2981 763 3037 duodecimi
785 2981 974 3036 datam
1008 2983 1214 3052 (Codice
1243 2982 1460 3048 Theod.,
1497 2981 1561 3035 de
1592 2983 1889 3048 IIareticis,
1919 2982 2028 3049 lege
2058 2979 2142 3047 52)

445 3089 512 3127 ea
550 3069 863 3140 scripsisse.

517 3163 570 3213 2.
605 3157 962 3213 Marcellinus
991 3157 1148 3211 haud
1173 3156 1344 3211 dubie
1366 3159 1776 3226 Imperatorem
1800 3155 1870 3209 de
1886 3171 2146 3209 successu

448 3246 802 3312 Collationis,
826 3246 1315 3316 quemadmodum
1336 3244 1394 3298 in
1415 3243 1701 3299 mandatis
1727 3244 2148 3312 babuerat,cer-

446 3334 652 3389 tiorem
691 3334 929 3399 fecerat;
1004 3337 1061 3387 et
1105 3333 1335 3387 aliunde
1378 3333 1448 3386 ad
1491 3331 1682 3402 ipsum
1723 3331 1792 3386 de
1838 3330 2148 3385 Marcellini

449 3421 733 3477 sententia
773 3420 1082 3476 Donatista
1111 3421 1568 3491 appellaverant;
1601 3435 1736 3490 ergo
1768 3435 1995 3474 necesse
2025 3423 2148 3473 erat

451 3509 766 3565 Honorium
819 3508 995 3580 loqui.
1057 3511 1242 3580 Atque
1294 3509 1482 3579 ipsum
1533 3508 1740 3562 horum
1789 3508 2146 3579 respondisse

447 3597 838 3669 appellationi,
859 3597 1222 3668 illosque,uti
1255 3613 1361 3667 par
1380 3601 1520 3665 erat,
1546 3601 1824 3666 tanquam
1850 3596 2149 3650 hareticos

447 3687 768 3752 damnasse,
821 3686 979 3741 testis
1035 3691 1120 3741 est
1174 3685 1460 3740 Possidius
1519 3684 1833 3755 (Possidius,
1888 3687 1947 3738 in
2018 3686 2149 3740 Vita

449 3779 711 3844 August.,
739 3791 784 3830 ο.
822 3776 926 3845 13).
964 3776 1077 3830 Nec
1097 3774 1477 3829 dubitandum
1505 3774 1746 3841 videtur,
1773 3772 1912 3845 quin
1936 3789 2003 3827 ea
2026 3773 2151 3843 ipsa

446 3866 516 3920 de
547 3881 715 3918 causa
744 3864 853 3932 lex,
902 3864 1088 3934 quade
1120 3863 1362 3934 agimus,
1395 3862 1569 3916 fuerit
1597 3863 1667 3916 ab
1699 3877 1764 3915 eo
1793 3861 1908 3916 lata
1941 3861 2151 3931 (Codice

450 3952 670 4017 Theod.,
702 3952 766 4004 de
795 3953 1015 4018 Haeret,
1045 3953 1157 4020 lege
1183 3951 1269 4022 51)
1293 3971 1308 4017 ;
1335 3967 1464 4022 qua
1494 3953 1994 4020 tamen,quantum
2015 3964 2148 4002 con-

437 4039 704 4111 jectando
743 4039 873 4092 licet
897 4038 1144 4108 assequi,
1176 4039 1321 4092 nihil
1353 4038 1506 4093 aliud
1538 4053 1712 4108 quam
1736 4037 1877 4108 legis
1910 4037 2150 4106 integra

447 4130 834 4198 fragmentum
867 4130 968 4180 est.
1005 4126 1312 4197 Principio,
1347 4125 1627 4196 quidquid
1673 4141 1825 4179 anno
1876 4124 2149 4196 quadrin-

447 4214 764 4285 gentesimo
794 4230 947 4267 nono
981 4213 1282 4268 Donatistis
1302 4215 1487 4267 fuerat
1512 4229 1868 4280 concessum,
1901 4230 1966 4266 ea
1994 4229 2153 4267 revo-

449 4307 564 4368 cat;
617 4307 814 4355 contra
857 4317 1014 4368 vero,
1063 4301 1343 4372 quidquid
1381 4301 1650 4355 adversus
1677 4302 1807 4354 illos
1837 4302 2149 4369 decretum,

449 4393 702 4444 renovat.
734 4388 877 4442 Dein
904 4389 1100 4443 statuit
1125 4389 1406 4460 quoslibet
1432 4405 1462 4442 e
1491 4388 1822 4454 Donatistis,
1847 4389 1948 4460 qui
1969 4390 2154 4444 redire

451 4478 521 4532 ad
555 4476 892 4532 catholicam
918 4477 1248 4532 societatem
1278 4477 1685 4543 recusaverint,
1715 4482 1835 4532 tam
1864 4477 2156 4548 episcopos

455 4571 511 4620 et
553 4565 808 4632 clericos,
851 4582 1023 4637 quam
1067 4565 1240 4621 laicos
1285 4569 1342 4621 et
1373 4565 1888 4631 Circumcelliones,
1920 4582 2024 4636 pro
2055 4583 2156 4619 sua

451 4654 726 4726 cujusque
775 4654 1070 4725 dignitate,
1105 4655 1319 4710 mulcta
1346 4654 1496 4709 attici
1531 4653 1884 4726 pecuniaria,
1923 4654 2014 4708 cui
2042 4656 2153 4708 sol-

452 4743 654 4797 venda
683 4743 954 4798 mulieres
991 4760 1107 4798 non
1137 4759 1298 4798 secus
1328 4761 1393 4798 ac
1433 4742 1646 4811 mariti,
1678 4743 1913 4797 seorsim
1941 4743 2154 4797 conde-

461 4835 735 4885 mnentur
765 4848 777 4886 :
811 4831 910 4902 qui
939 4836 1070 4902 post
1098 4831 1378 4902 ejusmodi
1404 4832 1678 4886 mulctam
1702 4830 2012 4901 irrogatam
2038 4847 2157 4885 non

467 4919 830 4990 resipuerint,
885 4937 977 4974 eos
1005 4921 1366 4975 facultatibus
1398 4919 1664 4975 omnibus
1696 4918 1932 4990 spoliari
1960 4935 1973 4973 :
2005 4919 2158 4989 quis-

455 5008 586 5081 quis
629 5008 756 5062 illos
804 5009 1103 5080 receperit,
1148 5010 1542 5079 prastiteritve
1588 5009 1856 5063 adversus
1883 5007 2155 5062 constitu-

457 5102 585 5152 tum
629 5096 764 5151 huic
811 5096 895 5150 rei
938 5101 1323 5152 exsecutorem
1362 5097 1713 5168 perfugium,
1758 5095 2018 5151 eamdem
2047 5094 2158 5166 ipsi

459 5187 733 5240 mulctam
763 5184 1054 5257 imperari.
1085 5187 1285 5242 Servos
1313 5187 1658 5256 colonosque
1687 5201 1962 5256 corporea
1991 5201 2160 5257 poena

457 5275 531 5330 ad
562 5275 904 5346 ejurandum
923 5273 1169 5328 schisma
1191 5273 1366 5344 adigi,
1390 5290 1454 5328 ac
1473 5289 1672 5328 eorum
1695 5273 1956 5329 dominos
1983 5289 2160 5344 quan-

462 5379 637 5435 quam
687 5363 1012 5432 catholicos,
1051 5363 1096 5416 si
1122 5363 1221 5416 illa
1247 5362 1622 5433 neglexerint,
1652 5362 1887 5433 perinde
1918 5361 2159 5433 pecunia

470 5451 750 5518 mulctari,
801 5455 972 5522 atque
1002 5451 1317 5505 Donatistas
1346 5449 1639 5520 episcopos
1668 5450 1877 5504 aliosve
1904 5449 2154 5515 clericos,

468 5538 567 5608 qui
595 5539 1014 5609 perseverarint
1059 5539 1118 5594 in
1160 5539 1416 5607 discidio,
1449 5555 1516 5594 ex
1547 5538 1804 5594 universa
1840 5539 2024 5593 Africa
2067 5537 2157 5592 di-

3859 301 3964 355 438

2251 441 2412 480 verso
2443 441 2730 496 quemque
2759 425 2881 479 loco
2924 424 3214 489 exsulare;
3255 438 3457 478 eorum
3488 422 3738 494 denique
3769 425 3965 477 eccle-

2249 513 2360 567 sias
2400 519 2500 568 aut
2546 514 2657 568 alia
2704 513 2974 585 qualibet
3020 511 3413 567 conventicula
3461 527 3592 566 cum
3623 511 3861 583 pradiis
3892 513 3962 566 ad

2250 603 2450 657 eadem
2492 602 2910 673 pertinentibus
2967 601 3390 656 Catholicorum
3436 600 3742 672 episcopis,
3789 601 3964 670 juxta

2249 692 2540 746 decretum
2588 707 2655 746 ea
2700 691 2769 746 de
2811 707 2872 744 re
2922 707 3073 745 anno
3118 688 3689 761 quadringentesimo
3747 690 3961 760 quinto

2248 781 2483 844 factum,
2509 784 2606 835 aut
2627 780 2831 834 saltem
2852 779 2911 833 in
2931 780 3058 848 lege
3079 782 3274 832 octavo
3307 778 3581 832 kalendas
3612 774 3963 832 decembres

2249 868 2385 921 anni
2414 867 2965 939 quadringentesimi
2987 865 3218 937 septimi
3247 866 3360 919 lata
3388 865 3960 935 propositum,attri-

2248 955 2364 1009 bui.
2397 957 2464 1009 Et
2494 956 2600 1009 hoc
2629 960 2752 1009 erat
2781 960 2970 1026 caput,
3007 956 3075 1010 de
3099 973 3213 1026 quo
3244 955 3554 1010 Donatista
3584 972 3759 1026 quam
3809 954 3958 1008 invi-

2247 1043 2564 1098 diosissime
2629 1045 3083 1116 expostulabant,
3139 1045 3250 1099 rati
3295 1045 3558 1100 videlicet
3600 1044 3736 1099 hinc
3789 1043 3959 1098 facile

2245 1149 2581 1204 persuasum
2609 1133 2702 1202 iri,
2733 1149 2852 1187 sese
2883 1149 2999 1187 non
3029 1133 3141 1187 alia
3185 1133 3254 1188 de
3292 1149 3464 1187 causa
3500 1131 3690 1187 vexari
3720 1131 3957 1203 agitari-

2246 1237 2359 1291 que
2397 1237 2430 1275 a
2457 1221 2776 1288 Catholicis,
2807 1221 2919 1275 nisi
2961 1226 3025 1276 ut
3057 1221 3312 1291 ipsorum
3343 1221 3538 1292 spoliis
3582 1221 3668 1275 illi
3697 1220 3956 1275 (litaren-

2247 1314 2341 1365 tur
2399 1312 2590 1379 (Epist.
2653 1313 2771 1377 t85,
2825 1326 2880 1365 η.
2940 1311 3053 1376 35).
3100 1309 3293 1364 Tradit
3342 1308 3560 1379 passim
3596 1307 3957 1378 Augustinus

2246 1398 2517 1469 injustam
2560 1399 2770 1453 hancce
2815 1399 3109 1469 querelam
3152 1414 3186 1451 a
3235 1397 3563 1464 Donatistis,
3614 1395 3793 1450 etiam
3825 1401 3956 1449 ante

2249 1486 2641 1553 Collationem,
2670 1487 2938 1541 adversus
2966 1485 3270 1540 catholicos
3299 1485 3577 1556 praesules
3595 1500 3662 1538 eo
3684 1483 3956 1554 usurpari

2249 1576 2496 1640 solitam,
2543 1579 2607 1628 ut
2655 1575 2906 1645 quodam
2950 1575 3122 1628 modo
3171 1573 3231 1627 in
3273 1577 3440 1627 secta
3477 1589 3597 1627 sua
3625 1570 3954 1642 dispendio,

2247 1679 2376 1719 cum
2405 1679 2532 1717 eam
2567 1663 2626 1716 in
2665 1663 2785 1717 dies
2815 1663 2999 1734 magis
3028 1661 3326 1733 magisque
3356 1661 3728 1715 imminutam
3758 1673 3957 1713 cerne-

2248 1757 2394 1818 rent,
2442 1752 2700 1807 dolorem
2737 1755 3126 1823 temperarent
3170 1767 3357 1805 suum.
3401 1754 3554 1817 Ecce,
3589 1748 3952 1820 inquiebant,

2245 1842 2342 1895 ubi
2367 1843 2535 1897 Gaius
2565 1841 2718 1896 Seius
2748 1841 2972 1895 donavit
2999 1839 3238 1906 fundum
3281 1840 3551 1905 Ecclesia,
3599 1840 3688 1892 cui
3719 1840 3958 1906 praei-at

2249 1929 2542 1983 Faustinus
2572 1929 2650 1996 (In
2675 1926 2902 1981 Joannis
2925 1926 3282 1992 Evangelium
3306 1930 3466 1979 tract.
3503 1928 3554 1992 6,
3584 1940 3640 1977 n.
3676 1924 3806 1992 25);
3845 1922 3958 1975 Do-

2249 2017 2591 2070 natistarum
2611 2014 2823 2069 scilicet
2841 2014 2994 2084 apud
3016 2013 3339 2084 Hipponem
3350 2012 3672 2084 episcopus.
3689 2013 3763 2064 At
3781 2024 3958 2080 quam

2248 2104 2477 2174 injusta
2507 2108 2689 2158 essent
2719 2102 2998 2173 ejusmodi
3028 2101 3430 2172 querimonia,
3460 2104 3517 2154 et
3545 2103 3764 2164 contra,
3779 2113 3956 2168 quam

2249 2193 2318 2246 ab
2349 2193 2507 2247 omni
2553 2195 2710 2263 parte
2739 2191 2962 2261 justum
3001 2188 3370 2260 Imperatoris
3418 2189 3693 2254 edictum,
3727 2189 3959 2240 sanctus

2249 2282 2460 2336 Prasul
2509 2280 2720 2352 ubique
2753 2280 3126 2334 demonstrat.
3165 2279 3235 2332 Ut
3264 2293 3396 2332 vero
3438 2277 3567 2330 illos
3592 2274 3830 2329 omnino
3862 2289 3957 2325 co-

2251 2373 2348 2440 gat
2373 2369 2785 2432 obmutescere,
2814 2368 2937 2421 hac
2967 2365 3228 2420 Ecclesia
3256 2365 3435 2420 totius
3463 2364 3699 2419 nomine
3728 2361 3959 2433 proﬁte-

2248 2462 2342 2512 tur
2389 2473 2402 2512 :
2452 2459 2713 2525 Quisquis
2753 2472 2820 2510 ex
2868 2457 3141 2510 occasione
3183 2455 3346 2525 hujus
3399 2455 3554 2520 legis,
3601 2468 3768 2520 quam
3805 2466 3956 2516 reges

2252 2551 2407 2601 terra
2435 2547 2656 2600 Christo
2684 2546 2990 2610 servientes,
3042 2543 3116 2596 ad
3158 2542 3556 2597 emendandum
3583 2545 3819 2594 vestram
3848 2538 3956 2592 im-

2246 2637 2505 2703 pietatem
2539 2634 3045 2702 promulgaverunt,
3090 2644 3175 2685 res
3212 2632 3471 2699 preprias
3513 2632 3722 2682 vestras
3761 2627 3960 2696 cupide
4034 2647 4035 2654 η

2251 2724 2479 2791 appetit,
2504 2721 2752 2790 displicet
2779 2719 2951 2773 nobis.
2987 2719 3245 2786 Quisquis
3275 2717 3505 2785 denique
3529 2718 3678 2785 ipsas
3710 2730 3794 2768 res
3815 2731 3958 2783 pau—

2251 2825 2458 2878 perum,
2491 2809 2572 2862 vel
2603 2809 2858 2862 basilicas
2887 2808 3383 2874 congregationum,
3420 2813 3566 2872 'quas
3607 2804 3705 2858 sub
3746 2806 3963 2856 nomine

2251 2899 2501 2953 Ecclesia
2547 2896 2830 2962 tenebatis,
2876 2909 2996 2962 qua
3035 2895 3248 2948 omnino
3294 2909 3398 2946 non
3448 2893 3707 2946 debentur
3750 2893 3865 2945 nisi
3912 2893 3964 2944 ei

2253 2987 2517 3052 Ecclesia,
2551 3000 2669 3053 qua
2695 2999 2825 3038 vera
2857 2985 3061 3039 Christi
3089 2983 3330 3038 Ecclesia
3367 2985 3467 3047 est,
3498 2996 3605 3035 non
3645 2995 3742 3049 per
3779 2981 3927 3048 justi
3956 3014 3962 3019 -

2255 3078 2408 3140 tiam,
2441 3073 2535 3128 sed
2557 3088 2656 3142 per
2685 3073 2984 3127 avaritiam
3022 3075 3183 3136 tenet,
3231 3070 3485 3138 displicet
3523 3069 3693 3122 nobis.
3732 3068 3840 3123 Sed
3866 3084 3961 3122 nec

2253 3165 2418 3230 facile
2445 3165 2554 3216 ista
2581 3162 2929 3225 monstratis;
2953 3163 3003 3214 et
3023 3161 3073 3214 si
3094 3162 3425 3226 Monstretis,
3457 3157 3738 3212 nonnullos
3768 3157 3963 3210 tolera-

2254 3267 2393 3317 mus,
2445 3264 2576 3319 quos
2624 3250 2891 3315 corrigere
2936 3247 3020 3300 vel
3068 3249 3263 3315 punire
3291 3261 3398 3300 non
3424 3259 3742 3314 possumus;
3788 3260 3963 3312 neque

2251 3343 2475 3410 propter
2519 3339 2733 3407 paleam
2765 3336 3122 3404 relinquimus
3169 3349 3354 3388 aream
3396 3335 3611 3388 Domini
3638 3333 3835 3401 (Epist.
3869 3336 3956 3397 93,

2255 3445 2312 3482 η.
2345 3428 2457 3497 50).
2491 3427 2553 3479 In
2598 3424 2857 3478 eamdem
2904 3439 3028 3477 rem
3059 3422 3217 3476 addit
3242 3426 3300 3476 et
3323 3421 3476 3474 ista:
3529 3423 3671 3486 Haec,
3721 3422 3773 3474 si
3809 3436 3961 3488 pau-
4034 3425 4035 3450 ι

2252 3531 2443 3585 perum
2492 3526 2867 3582 compauperes
2911 3525 3118 3575 sumus,
3169 3514 3220 3564 et
3265 3513 3454 3563 nostra
3493 3512 3621 3562 sunt
3662 3511 3712 3561 et
3739 3507 3964 3561 illorum

2260 3604 2395 3671 (cum
2421 3602 2682 3658 Catholici
2709 3600 2886 3668 ﬁunt).
2913 3599 2974 3653 Si
2999 3601 3179 3652 autem
3204 3599 3492 3666 privatim,
3516 3611 3635 3664 quae
3661 3595 3817 3650 nobis
3838 3600 3961 3662 suf-

2255 3694 2462 3761 ﬁciant,
2490 3688 2859 3759 possidemus;
2887 3701 2993 3740 non
3021 3689 3146 3740 sunt
3171 3685 3268 3739 illa
3297 3689 3505 3750 nostra,
3526 3683 3619 3737 sed
3631 3697 3960 3752 pauperum,

2259 3793 2485 3847 quorum
2513 3778 2946 3846 procurationem
2987 3774 3222 3842 quodam
3253 3773 3407 3828 modo
3437 3774 3806 3840 gerimus,non
3831 3787 3961 3839 pro-

2257 3864 2542 3930 prietatem
2553 3863 2706 3917 nobis
2723 3865 3072 3931 usurpatione
3088 3861 3392 3916 damnabili
3405 3861 3746 3915 vindicamus
3762 3862 3958 3928 (Epist.

2265 3955 2384 4016 185,
2430 3968 2489 4007 n.
2539 3952 2644 4022 35).
2694 3952 2847 4005 Alias
2893 3967 2952 4004 se
2997 3951 3118 4021 ipse
3158 3949 3310 4020 apud
3353 3948 3633 4018 populum
3663 3963 3815 4002 cura
3845 3963 3962 4000 sua
4034 3987 4035 3993 η

2260 4039 2540 4094 creditum
2591 4056 2863 4110 purgans,
2904 4041 3106 4105 Nostis,
3153 4039 3360 4104 fratres
3407 4038 3530 4101 mei,
3588 4034 3799 4105 inquit,
3833 4036 3962 4104 quia

2259 4131 2401 4183 villae
2436 4132 2553 4184 ista
2600 4145 2705 4182 non
2730 4133 2856 4183 sunt
2882 4128 3186 4194 Augustini
3217 4142 3232 4180 :
3264 4131 3314 4180 et
3343 4127 3392 4180 si
3421 4140 3527 4178 non
3554 4125 3747 4188 nostis,
3781 4129 3832 4176 et
3859 4140 3960 4191 pu-

2263 4220 2391 4272 tatis
2439 4234 2520 4272 me
2561 4216 2798 4285 gaudere
2825 4219 2884 4270 in
2908 4217 3240 4285 possessione
3275 4215 3568 4278 villarum;
3612 4215 3751 4266 Deus
3792 4215 3961 4277 novit,

2262 4308 2376 4374 ipse
2403 4307 2504 4360 scit
2524 4305 2657 4373 quid
2685 4320 2777 4373 ego
2808 4303 2872 4356 de
2896 4305 3008 4358 illis
3028 4304 3174 4357 villis
3195 4305 3444 4370 sentiam,
3473 4302 3556 4355 vel
3586 4300 3722 4369 quid
3743 4299 3826 4354 ibi
3843 4303 3962 4366 suf-

2259 4397 2468 4461 feram;
2499 4393 2651 4448 novit
2681 4396 2915 4462 gemitus
2943 4409 3103 4459 meos,
3136 4395 3186 4447 si
3211 4393 3350 4447 mihi
3379 4391 3596 4461 aliquid
3624 4390 3690 4444 de
3717 4390 3967 4445 columba-

2262 4484 2539 4550 impertire
2568 4482 2828 4549 dignatus
2857 4486 2935 4535 est
2967 4483 3044 4550 (In
3064 4483 3288 4536 Joannis
3317 4479 3670 4546 Evangelium
3703 4481 3868 4532 tract.
3911 4483 3965 4545 6,

2263 4587 2318 4624 n.
2349 4568 2462 4637 25).
2502 4571 2804 4639 Praterea,
2850 4586 2914 4624 ex
2955 4585 3022 4624 eo
3065 4569 3213 4640 quod
3259 4566 3560 4623 orthodoxi
3609 4566 3760 4620 circa
3809 4567 3966 4621 schi-

2263 4657 2625 4712 smaticorum
2666 4657 3084 4712 revocationem
3139 4673 3260 4727 pra
3310 4673 3367 4710 se
3415 4655 3688 4718 ferebant,
3748 4654 3967 4719 studio,

2263 4746 2392 4800 illos
2421 4749 2645 4800 sanctus
2677 4748 2883 4800 Doctor
2910 4744 3182 4800 charitate
3225 4743 3357 4798 duci
3396 4741 3611 4808 solitos,
3644 4757 3762 4796 non
3807 4743 3971 4814 cupi-

2266 4834 2460 4900 ditate,
2511 4834 2692 4888 docet.
2734 4834 2957 4888 Etenim
2997 4833 3096 4887 ubi
3133 4832 3390 4903 primum
3421 4831 3707 4902 quispiam
3736 4846 3809 4884 ex
3839 4831 3974 4885 isto-

2266 4939 2394 4976 rum
2416 4922 2698 4993 episcopis
2727 4921 2991 4976 rediisset
3009 4921 3079 4975 ad
3111 4920 3438 4986 Ecclesiam,
3469 4918 3523 4973 ei
3554 4918 3746 4973 statim
3773 4919 3977 4973 omnia
4034 4957 4035 5000 ι

2265 5027 2386 5075 sua,
2436 5010 2712 5081 pecunia,
2764 5013 2966 5074 vestes,
3020 5010 3258 5075 fructus,
3308 5024 3460 5076 vasa,
3509 5023 3669 5074 rura,
3728 5006 3978 5061 adiﬁcia

2264 5098 2714 5152 restituebantur
2740 5096 2964 5167 (Contra
2993 5097 3379 5164 Gaudentium,
3406 5095 3500 5150 lib.
3531 5099 3580 5154 1,
3607 5109 3702 5149 nn.
3728 5097 3821 5161 50,
3855 5098 3972 5162 5-1).

2338 5189 2390 5241 3.
2437 5185 2722 5240 Catholica
2769 5200 2903 5255 ergo
2948 5185 3183 5240 veritate
3225 5183 3552 5240 Collationis
3587 5182 3873 5238 beneﬁcio
3906 5183 3973 5236 il-
4026 5181 4035 5200 ‘

2267 5275 2521 5339 lustrata,
2546 5289 2770 5326 necnon
2791 5273 3158 5344 Imperatoris
3183 5273 3367 5328 edicto
3389 5271 3742 5334 conﬁrmata,
3773 5271 3978 5341 plures

2269 5377 2442 5428 quam
2470 5365 2638 5415 antea
2668 5361 3092 5416 Donatistarum
3112 5360 3364 5432 episcopi
3393 5360 3453 5414 in
3484 5358 3745 5413 Ecclesia
3777 5358 3978 5414 sinum

2269 5466 2327 5503 se
2352 5465 2466 5502 una
2494 5464 2624 5502 cum
2662 5448 2881 5503 clericis
2910 5450 3025 5503 suis
3055 5466 3120 5502 ac
3147 5449 3312 5519 plebe
3342 5463 3616 5518 generose
3646 5447 3791 5501 adeo
3823 5448 3976 5502 refe-

2270 5537 2493 5604 rebant,
2524 5541 2588 5591 ut
2613 5537 2851 5593 infracto
2883 5537 3073 5592 animo
3103 5537 3293 5592 vexari
3323 5553 3404 5604 se,
3434 5534 3551 5589 imo
3593 5538 3648 5589 et
3694 5535 3977 5589 membris
4034 5573 4035 5598 ι
