4062 6366
132 289 218 340 3-19
1367 311 1380 320 ~
1560 288 1769 344 LIBER
1809 286 2177 345 SEPTIMUS.

117 427 177 465 ac
205 409 312 463 vita
349 408 473 479 ipsa
501 409 766 465 mulctari
793 414 1126 480 paterentur
1156 410 1226 463 ab
1275 410 1362 475 iis,
1413 412 1511 481 qui
1553 416 1806 466 mentem

115 501 172 554 in
208 513 396 552 errore
426 498 790 569 pertinaciter
809 498 1206 552 obﬁrmassent
1236 499 1554 565 (Possidius,
1586 502 1644 553 in
1680 502 1810 555 Vita

112 591 364 656 August.,
392 605 437 642 c.
471 589 578 657 13).
623 589 816 658 Neque
851 586 1006 641 enim
1055 586 1344 656 omnibus,
1394 591 1457 641 ut
1503 587 1806 658 resipisce-

110 681 252 743 rent,
285 693 315 728 a
347 677 461 730 Deo
489 692 836 730 concessum.
881 675 1148 740 Quinimo
1179 680 1340 730 tanta
1379 677 1490 730 fuit
1530 693 1808 748 quorum-

111 765 238 819 dam
277 765 609 834 pervicacia,
643 769 706 819 ut
753 782 811 819 se
841 768 1118 834 negarent
1146 781 1400 835 unquam
1444 782 1475 819 a
1505 765 1810 819 schismate

113 853 491 919 abducendus,
515 853 688 906 etiam
710 853 1100 907 demonstrata
1132 853 1241 906 sibi
1260 853 1534 907 catholica
1556 854 1810 923 veritate,

108 957 171 994 ac
199 940 623 995 Donatistarum
652 940 1240 1011 perversitate(Epist.
1273 944 1397 1002 139,
1418 943 1563 1011 η.1).
1599 943 1810 996 Eorum

112 1027 356 1098 episcopi
391 1027 600 1098 partim
629 1029 827 1097 fugam
873 1028 1239 1098 arripuerunt
1295 1030 1510 1098 (Contra
1553 1030 1808 1085 Gauden-

109 1119 264 1184 tium,
321 1117 417 1171 lib.
479 1119 522 1183 l,
582 1118 784 1184 n.17),
838 1116 1050 1186 partim
1097 1115 1276 1170 abditi
1327 1117 1696 1184 delituerunt,
1750 1122 1814 1170 ut

116 1201 412 1270 Emeritus,
444 1203 838 1270 Casareensis,
874 1219 1046 1274 quem
1077 1203 1370 1271 Catholici,
1400 1221 1530 1259 cum
1561 1205 1628 1258 ad
1659 1205 1813 1274 ipsos

113 1290 471 1361 colloquendi
501 1291 684 1362 gratia
713 1295 856 1346 esset
889 1307 1151 1362 egressus
1191 1309 1341 1347 anno
1369 1293 1814 1364 quadringente-

114 1381 254 1435 simo
283 1380 504 1434 decimo
550 1385 767 1447 octavo,
809 1381 1076 1436 dimisere
1126 1383 1314 1452 (Ibid.,
1347 1399 1404 1437 η.
1460 1384 1572 1453 41).
1620 1383 1808 1438 Multis

112 1473 320 1539 prater
348 1468 532 1537 illum,
589 1475 686 1523 sed
727 1485 844 1523 non
872 1469 1018 1524 tanti
1062 1470 1331 1534 nominis,
1365 1471 1601 1542 impune
1648 1488 1809 1525 rece-

115 1556 281 1612 dendi
302 1556 491 1610 locum
529 1556 919 1627 reliquerant;
943 1558 1199 1628 quamvis
1220 1559 1598 1628 praedicarent
1627 1560 1810 1612 Dona-

114 1646 280 1713 tista,
313 1645 570 1711 illorum,
595 1645 696 1716 qui
725 1645 785 1698 in
819 1645 925 1699 hos
945 1645 1296 1711 incidissent,
1333 1647 1551 1700 salvum
1573 1647 1812 1700 evasisse

110 1733 419 1788 neminem.
458 1733 854 1796 Querebantur
883 1750 949 1786 ea
989 1734 1309 1803 vexatione,
1346 1750 1459 1804 qua
1505 1733 1817 1786 immanior

113 1836 408 1891 nunquam
437 1820 760 1890 exstitisset,
797 1837 918 1875 sese
953 1822 1267 1892 exagitari;
1300 1837 1404 1875 nec
1426 1822 1570 1891 jam,
1615 1837 1727 1892 quo
1757 1837 1814 1875 se

112 1909 448 1979 reciperent,
479 1909 627 1962 ullas
653 1909 761 1963 sibi
799 1925 1092 1980 superesse
1121 1910 1367 1965 latebras
1407 1910 1592 1980 (Ibid.,
1627 1927 1682 1964 n.
1704 1912 1810 1979 47).

112 1998 294 2052 Nihilo
323 2003 518 2052 tamen
551 1997 730 2052 secius
760 2003 817 2052 et
842 1998 1222 2053 conciliabula
1250 2000 1552 2069 cogebant,
1585 2003 1641 2052 et
1687 1998 1812 2068 epi-

113 2103 310 2157 scopos
357 2087 418 2140 in
455 2103 677 2154 eorum,
724 2087 824 2158 qui
867 2104 927 2141 se
968 2088 1079 2158 ipsi
1125 2088 1575 2153 combusserant,
1626 2088 1812 2141 locum

111 2174 490 2232 sufficiebant.
513 2176 784 2230 Coierunt
808 2176 1044 2247 quidem
1066 2180 1195 2230 ante
1219 2193 1454 2241 annum,
1481 2181 1546 2229 ut
1565 2175 1809 2237 videtur,

114 2264 748 2334 quadringentesimum
762 2265 1103 2335 vigesimum
1123 2265 1373 2334 episcopi
1391 2281 1519 2318 cum
1534 2263 1813 2317 Petiliano

116 2352 363 2422 amplius
400 2352 676 2423 triginta:
718 2368 832 2422 qua
860 2351 921 2406 in
953 2351 1170 2422 synodo
1200 2351 1564 2417 constituere,
1597 2350 1816 2421 episco-

113 2457 215 2510 pos
273 2457 339 2495 ac
388 2441 769 2512 presbyteros,
828 2441 927 2512 qui
973 2440 1306 2494 catholicam
1355 2438 1818 2494 communionem

113 2528 276 2583 inviti
301 2533 496 2583 essent
527 2529 794 2600 amplexi,
825 2529 1008 2599 culpa
1046 2528 1198 2582 illius
1243 2528 1468 2582 veniam
1513 2527 1818 2598 impetrare

112 2633 296 2688 posse,
333 2617 591 2689 atquein
622 2617 740 2672 suis
776 2617 1093 2672 honoribus
1124 2617 1320 2687 recipi,
1363 2617 1535 2671 modo
1583 2632 1689 2671 nec
1737 2617 1820 2671 rei

114 2707 320 2762 divina
353 2707 574 2778 cperati
603 2711 814 2773 essent,
845 2722 949 2761 nec
976 2706 1204 2776 publice
1233 2705 1408 2760 verba
1452 2705 1721 2760 fecissent
1748 2706 1820 2760 ad

113 2797 398 2866 populum
432 2795 617 2866 (Ibid.,
646 2812 702 2850 η.
734 2797 842 2864 48).
890 2795 1013 2860 Quo
1052 2811 1186 2849 sane
1218 2794 1448 2848 decreto
1491 2799 1660 2847 secta
1704 2809 1820 2848 sua

112 2885 556 2938 fundamentum
576 2883 806 2953 ipsimet
835 2883 1203 2937 subruebant.
1228 2884 1439 2936 Verum
1469 2882 1823 2953 quantalibet

114 2972 398 3027 industria
443 2972 770 3026 revocandis
799 2972 871 3026 ad
917 2971 1278 3026 concordiam
1315 2970 1688 3025 schismaticis
1718 2971 1819 3024 Ca-

115 3060 314 3115 tholici
355 3061 710 3123 insudarent,
752 3060 910 3114 fuere
941 3064 1142 3114 tamen
1187 3075 1302 3113 non
1342 3058 1527 3130 pauci,
1561 3059 1658 3129 qui
1706 3075 1820 3113 non

119 3154 350 3204 tantum
373 3148 434 3202 in
463 3147 783 3202 convivium
811 3148 1010 3202 salutis
1040 3153 1270 3202 aterna
1300 3151 1354 3201 et
1385 3152 1594 3201 sancta
1632 3148 1820 3201 unita-

119 3237 188 3290 tis
221 3235 488 3290 Ecclesia
507 3235 732 3306 ingredi
759 3236 1119 3303 recusabant,
1143 3236 1241 3290 sed
1260 3235 1434 3289 etiam
1465 3235 1604 3289 diris
1635 3235 1822 3290 modis

123 3323 181 3376 in
211 3323 535 3378 Catholicos
565 3323 871 3378 saviebant
901 3324 1104 3394 (Epist.
1143 3327 1264 3390 173,
1322 3341 1386 3380 η.
1427 3324 1530 3392 10),
1563 3328 1732 3394 atque
1762 3323 1824 3376 in

118 3411 326 3482 primis
381 3411 446 3466 in
475 3412 768 3483 episcopos
825 3413 1028 3484 (Epist.
1085 3415 1205 3480 185,
1264 3430 1318 3468 η.
1355 3411 1438 3482 30)
1489 3417 1545 3466 et;
1589 3411 1822 3466 clericos

123 3499 343 3568 (Contra
376 3499 758 3568 Gaudentium,
788 3501 886 3555 lib.
923 3505 970 3566 1,
1017 3517 1073 3554 n.
1108 3505 1184 3565 7).
1233 3500 1398 3555 jEdes
1439 3515 1633 3566 sacra,
1682 3515 1824 3570 quas

121 3587 207 3641 illi
227 3588 386 3658 apud
412 3588 822 3659 Carthaginem
847 3589 1136 3656 tenebant,
1155 3605 1288 3643 cum
1315 3589 1538 3644 tradita
1582 3589 1826 3644 fuissent

120 3675 452 3742 Catholicis,
486 3692 602 3730 non
632 3677 814 3731 multo
843 3681 972 3747 post
1000 3678 1459 3747 conflagrarunt;
1501 3694 1690 3749 neque
1722 3678 1824 3732 ha-

120 3764 370 3818 bebatur
406 3764 765 3834 ambiguum,
807 3763 948 3834 quin
996 3780 1090 3818 eas
1138 3781 1256 3834 prae
1295 3763 1608 3818 invidentia
1650 3764 1826 3817 iidem

121 3852 532 3907 incendissent.
567 3853 711 3907 Cum
740 3852 912 3906 etiam
959 3851 1496 3906 Circumcellionum
1529 3867 1739 3921 agmen
1768 3851 1828 3905 in

120 3941 434 4010 Rogatum,
454 3955 627 4010 quem
639 3940 800 4010 prius
827 3939 937 4008 ipsi
963 3940 1294 4010 episcopum
1320 3940 1717 3994 Assuritanum
1740 3940 1826 3993 in-

115 4028 453 4095 stituerant,
479 4028 579 4081 sed
617 4028 715 4099 qui
747 4033 943 4098 postea
966 4044 1034 4102 ex
1063 4028 1286 4083 discidii
1313 4028 1582 4082 fluctibus
1628 4032 1827 4082 enata-

117 4117 533 4187 rat,impetum
563 4116 842 4183 fecissent,
867 4115 1127 4187 linguam
1151 4116 1203 4170 ei
1229 4132 1294 4170 ac
1319 4133 1554 4170 manum
1591 4117 1828 4170 alteram

118 4209 526 4276 amputarunt,
558 4204 768 4276 quibus
796 4208 1088 4258 truncatus
1108 4205 1292 4260 adhuc
1318 4221 1468 4259 anno
1493 4221 1665 4276 supra
1689 4221 1832 4276 qua-

119 4293 650 4366 dringentesimum
669 4292 889 4348 decimo
901 4298 1096 4348 octavo
1127 4293 1351 4348 vivebat
1377 4293 1476 4365 (De
1501 4294 1674 4349 Gestis
1713 4310 1830 4348 cum

120 4385 389 4445 Emerita,
420 4398 476 4438 η.
518 4383 593 4453 9).
622 4383 939 4449 Phrenetici,
985 4383 1064 4436 ait
1092 4383 1444 4454 Augustinus
1469 4382 1530 4436 in
1568 4399 1830 4437 sermone

122 4472 193 4525 de
224 4471 506 4526 charitate
536 4476 593 4525 et
620 4471 920 4526 concordia
953 4472 1122 4542 paulo
1153 4475 1281 4542 post
1308 4471 1670 4526 collationem
1693 4488 1829 4542 pro-

125 4560 419 4626 nuntiato,
437 4561 646 4614 molesti
664 4564 812 4628 sunt,
833 4562 931 4629 qui
949 4565 1174 4614 mentem
1191 4561 1568 4629 perdiderunt,
1582 4566 1631 4614 et
1650 4561 1836 4614 insani

121 4653 289 4719 atque
302 4651 510 4716 furiosi
519 4651 722 4703 armati
735 4653 1010 4717 vagantur
1038 4651 1139 4703 hac
1167 4654 1330 4718 atque
1353 4650 1504 4715 illac,
1537 4655 1832 4718 quaerentes

119 4754 255 4808 qucs
286 4737 558 4804 occidant,
591 4753 721 4806 quos
742 4742 1019 4792 ewcacent.
1047 4739 1200 4794 Nova
1231 4739 1370 4791 enim
1389 4738 1543 4792 nobis
1571 4740 1830 4792 nuntiata

119 4832 278 4882 sunt:
334 4826 553 4880 cuidam
595 4827 903 4895 presbytero
946 4830 1128 4881 nostro
1181 4828 1423 4893 linguam
1462 4831 1829 4880 exsecuerunt.

122 4918 225 4969 Isti
250 4917 560 4984 phrenetici
581 4920 741 4970 sunt:
788 4915 1085 4969 exercenda
1115 4913 1202 4969 est
1218 4916 1493 4983 charitas;
1525 4915 1751 4970 amandi
1783 4921 1835 4970 et

121 5007 235 5073 ipsi
257 5005 451 5070 (Serm.
478 5006 602 5069 359,
633 5019 687 5058 n.
713 5005 789 5072 8).

192 5095 249 5147 4.
293 5092 508 5146 Eadem
552 5091 650 5145 illa
695 5095 1029 5163 tempestate
1085 5092 1230 5148 nihil
1274 5091 1552 5148 celebrius
1609 5091 1717 5146 fuit
1768 5107 1835 5146 ea

121 5181 380 5250 diritate,
405 5195 579 5250 quam
595 5179 653 5232 in
671 5180 1016 5235 Restitutum
1029 5185 1198 5252 atque
1215 5181 1608 5236 Innocentium
1635 5179 1836 5250 Hippo-

124 5267 428 5338 Regiensis
461 5266 720 5320 Ecclesia
741 5267 1100 5337 presbyteros
1130 5268 1432 5323 catholicos
1461 5272 1837 5323 exercuerunt

123 5359 327 5428 (Epist.
358 5359 480 5422 133,
504 5371 560 5410 n.
596 5355 662 5425 1).
681 5354 1024 5410 Mentionem
1047 5357 1420 5427 jamfecimus
1447 5355 1831 5425 vexationum,

125 5462 269 5517 quas
302 5444 624 5500 Restitutus
654 5443 988 5498 Victoriana
1026 5445 1087 5498 in
1118 5445 1606 5517 Hippo-Regiensi
1649 5449 1835 5498 tractu

125 5532 436 5604 presbyter
463 5533 533 5587 ab
572 5532 684 5586 illis
725 5532 937 5588 idcirco
978 5533 1313 5604 pertulerat,
1357 5534 1494 5605 quia
1535 5533 1835 5588 veritatem

3509 295 3540 345 4
3551 297 3578 345 Et
3586 297 3618 344 tt

1916 413 2187 467 divinitus
2240 413 2346 466 sibi
2409 413 2856 468 demonstratam
2923 418 3243 480 secuturus,
3301 413 3368 465 ab
3417 429 3616 466 eorum

1915 501 2163 556 factione
2193 501 2488 557 defecisset
2519 503 2735 572 (Supra,
2771 503 2864 556 lib.
2898 505 2950 567 5,
2988 517 3106 570 cap.
3142 503 3227 567 10,
3254 516 3309 553 τι.
3353 502 3430 570 3).
3465 502 3617 553 Veri-

1917 590 2100 644 simile
2126 596 2318 646 autem
2347 591 2538 658 fuerit,
2573 592 2839 645 eumdem
2870 591 3032 644 illum
3065 607 3208 658 esse,
3253 589 3353 660 qui
3381 605 3484 660 per
3510 591 3616 643 hoc

1917 683 2144 750 tempus
2175 680 2348 734 vitam
2378 696 2538 733 suam
2579 682 2798 734 honore
2828 679 3089 749 martyrii
3119 677 3433 732 coronavit.
3459 679 3618 731 Hunc

1919 767 2071 821 enim
2104 783 2232 821 cum
2266 768 2838 822 Circumcellionesac
2853 765 3617 837 Donatistapresbyteriper

1917 854 2153 909 insidias
2182 856 2635 926 intercepissent,
2667 871 2785 909 non
2807 855 2990 909 solum
3023 855 3176 908 illius
3201 855 3392 919 verba,
3413 852 3618 922 quibus

1919 958 2016 996 eos
2032 942 2100 996 ad
2131 944 2582 1013 resipiscendum
2597 944 2955 1013 hortabatur,
2969 959 3088 996 non
3099 943 3401 1006 admisere,
3416 955 3614 993 verum

1919 1032 2093 1084 etiam
2133 1032 2352 1102 gladios
2402 1033 2459 1085 in
2503 1033 2625 1102 ejus
2668 1033 2961 1102 adigentes
3001 1032 3293 1102 jugulum,
3343 1029 3513 1083 vitam
3566 1028 3618 1081 ei

1918 1123 2154 1172 cruenta
2200 1136 2334 1174 nece
2385 1121 2722 1190 eripuerunt
2769 1123 2965 1190 (Epist.
3013 1121 3131 1186 134,
3164 1134 3259 1172 nn.
3291 1121 3345 1184 2,
3387 1118 3459 1185 4).
3493 1118 3620 1170 Erat

1921 1223 2147 1278 quoque
2175 1208 2395 1262 ardoris
2427 1209 2684 1278 ejusdem
2716 1224 2846 1262 reus
2875 1206 3244 1262 Innocentius
3278 1205 3613 1277 presbyter:

1920 1294 2292 1365 quamobrem
2325 1299 2381 1349 et
2404 1295 2566 1349 illum
2594 1296 2850 1366 ejusdem
2872 1311 3093 1350 corona
3119 1293 3457 1364 participem
3488 1293 3613 1347 fieri

1921 1383 2242 1436 voluerunt.
2275 1383 2496 1454 Quippe
2511 1385 2600 1437 vel
2632 1384 2805 1438 iidem
2837 1383 3355 1449 Circumcelliones,
3388 1384 3472 1437 vel
3499 1381 3616 1450 alii,

1922 1471 2232 1525 eumdomo
2250 1488 2353 1540 per
2367 1471 2477 1524 vim
2490 1475 2826 1538 extractum,
2851 1473 3146 1526 oculorum
3185 1471 3386 1524 effosso
3411 1471 3614 1534 altero,

1921 1558 2212 1629 digitoque
2256 1576 2369 1613 uno
2407 1560 2631 1630 lapidis,
2665 1563 2727 1613 ut
2773 1559 3124 1630 Augustinus
3173 1559 3367 1627 habet,
3406 1557 3614 1611 ictibus

1921 1647 2179 1717 praciso,
2236 1647 2382 1702 foede
2426 1653 2767 1702 truncarunt
2814 1649 2995 1713 (lbid.,
3026 1664 3083 1701 η.
3132 1649 3206 1716 2).
3257 1637 3617 1700 Inter'hosce

1923 1741 2268 1806 grassatores
2307 1752 2370 1790 ac
2398 1736 2624 1790 sicarios
2652 1736 2868 1806 primas
2893 1735 3183 1789 obtinebat
3222 1735 3471 1788 Donatus
3491 1735 3618 1804 qui-

1925 1823 2055 1877 dam
2087 1823 2224 1877 olim
2261 1825 2519 1878 Ecclesia
2569 1824 2822 1888 colonus,
2874 1824 2974 1893 qui
3020 1839 3149 1875 cum
3187 1822 3388 1876 iterato
3431 1821 3618 1891 Bapti-

1924 1915 2105 1966 smate
2143 1912 2433 1982 inquinari
2455 1928 2535 1980 se,
2565 1918 2736 1982 atque
2767 1911 2939 1964 etiam
2968 1911 3029 1964 in
3059 1910 3364 1964 diaconum
3387 1927 3418 1963 a
3441 1911 3618 1963 Dona-

1922 1999 2068 2054 tistis
2087 2000 2350 2070 adoptari
2399 2017 2598 2071 passus
2641 2004 2807 2070 esset,
2836 2000 2897 2053 in
2931 1998 3316 2053 audacissimis
3361 1997 3620 2068 perditis-

1924 2087 2197 2158 simisque
2223 2089 2352 2157 jure
2385 2087 2588 2142 merito
2617 2088 2936 2142 habebatur
2965 2088 3163 2158 (Epist.
3197 2090 3318 2154 139,
3354 2103 3410 2140 n.
3443 2088 3514 2157 2).

1996 2176 2526 2230 5Crudelissimum
2588 2175 2731 2230 illud
2797 2175 3014 2229 facinus
3075 2175 3271 2244 procul
3337 2174 3510 2228 dubio
3560 2173 3619 2226 in

1928 2264 2184 2317 Ecclesia
2202 2264 2507 2318 utilitatem
2521 2264 2719 2318 cedere
2739 2267 2982 2334 poterat.
2999 2263 3215 2316 Etenim
3239 2267 3622 2334 praterquam

1926 2353 2078 2422 quod
2108 2351 2296 2422 passio
2324 2368 2617 2406 servorum
2667 2351 2768 2406 Dei
2815 2351 3218 2406 conﬁrmandis
3261 2351 3322 2404 in
3351 2351 3626 2422 patientia

1928 2439 2297 2494 debilioribus
2343 2441 2605 2510 exemplo
2636 2443 2756 2494 erat
2809 2457 3088 2512 perquam
3128 2439 3355 2506 idoneo,
3387 2444 3443 2493 et
3492 2438 3622 2492 uni-

1927 2544 2104 2582 versa
2136 2528 2394 2583 Ecclesia
2427 2529 2582 2583 laudi
2609 2533 2778 2598 atque
2795 2529 3004 2582 honori
3029 2527 3308 2594 vertebat;
3334 2544 3448 2582 non
3470 2527 3623 2581 aliud

1929 2616 2245 2689 quidquam
2260 2618 2514 2688 reperire
2539 2617 2804 2684 licuisset,
2837 2633 2951 2688 quo
2970 2616 3211 2678 validius
3235 2617 3624 2671 obmutescere

1927 2711 2267 2776 cogerentur
2297 2706 2359 2772 ii,
2380 2706 2480 2777 qui
2510 2723 2580 2759 ne
2600 2705 2906 2760 criminum
2935 2705 3253 2759 alienorum
3285 2705 3622 2775 contagione

1927 2795 2348 2864 polluerentur,
2381 2795 2508 2849 ideo
2540 2795 2691 2848 nolle
2722 2812 2779 2849 se
2810 2795 2882 2848 ad
2931 2793 3234 2848 Ecclesiam
3281 2793 3618 2847 catholicam

1930 2884 2139 2937 reverti
2176 2883 2605 2954 praedicabant;
2637 2888 2735 2936 aut
2763 2882 2970 2936 idcirco
3005 2882 3396 2951 gloriabantur
3421 2881 3628 2934 verita-

1929 2975 2045 3026 tem
2075 2971 2175 3026 abs
2205 2989 2263 3024 se
2309 2971 2560 3036 defendi,
2603 2970 2740 3042 quia
2783 2970 3239 3040 persecutionem
3267 2969 3626 3023 sustinebant

1931 3060 2128 3131 (Epist.
2182 3062 2302 3127 133,
2349 3062 2470 3126 134,
2531 3062 2668 3130 139).
2720 3061 2916 3130 Itaque
2982 3059 3347 3112 vehementer
3395 3055 3630 3126 optabat.

1929 3150 2304 3221 Augustinus,
2331 3148 2560 3204 sceleris
2597 3147 2834 3218 hujusce
2867 3150 2988 3201 acta
3015 3147 3275 3216 legitima
3296 3145 3402 3199 sibi
3436 3144 3626 3198 venire

1930 3239 1992 3292 in
2015 3253 2240 3305 manus,
2271 3241 2336 3292 ut
2363 3237 2462 3292 illa
2489 3241 2612 3291 tum
2643 3235 2998 3306 Hipponensi
3030 3234 3308 3300 Ecclesia,
3346 3239 3470 3287 tum
3503 3232 3630 3287 aliis

1931 3323 2190 3394 ejusdem
2212 3321 2520 3376 diaceseos
2557 3319 2843 3391 frequenti
2871 3320 3082 3390 populo
3108 3318 3508 3373 recitarentur.
3531 3317 3626 3370 Ni-

1932 3411 2248 3467 hilominus
2276 3415 2472 3465 tamen
2513 3425 2700 3481 neque
2729 3409 2871 3480 ipse,
2913 3423 3098 3478 neque
3143 3407 3286 3461 alius
3323 3406 3627 3478 quisquam

1933 3497 2271 3551 clericorum
2298 3511 2533 3550 suorum
2561 3510 2659 3550 eos
2702 3493 3010 3564 postulavit
3037 3491 3366 3558 homicidii;
3401 3492 3496 3544 sed
3530 3491 3630 3562 qui

1934 3585 2127 3640 civiles
2173 3584 2557 3655 magistratus,
2617 3587 2787 3652 atque
2848 3582 2987 3636 adeo
3034 3580 3348 3651 disciplina
3393 3579 3633 3650 publica

1934 3689 2132 3728 curam
2168 3673 2460 3743 gerebant,
2484 3671 2527 3724 ii
2553 3686 2678 3724 rem
2724 3671 3053 3724 detulerunt.
3086 3669 3156 3722 ad
3206 3667 3632 3734 Marcellinum;

1935 3763 2006 3816 ad
2027 3777 2200 3832 quem
2229 3766 2287 3814 et
2316 3759 2812 3815 Circumcelliones
2835 3757 3181 3826 clericosque
3213 3755 3633 3810 Donatistarum

1935 3849 2104 3905 cadis
2130 3848 2432 3919 utriusque
2461 3862 2609 3912 reos,
2633 3849 2698 3900 ut
2727 3846 2797 3900 de
2827 3844 2938 3898 illis
2962 3847 3265 3914 quareret,
3298 3858 3429 3896 cum
3451 3847 3636 3897 custo-

1937 3940 2032 3994 dia
2059 3938 2359 3992 miserunt.
2395 3935 2528 4006 Ejus
2559 3934 2711 3988 enim
2743 3932 3106 4004 potissimum
3136 3930 3454 4001 diligentia
3493 3947 3626 3985 cau-

1937 4043 2127 4081 sarum
2138 4025 2644 4080 ecclesiasticarum
2656 4023 2715 4076 in
2715 4023 2915 4092 juncta
2925 4021 3111 4075 fuerat
3121 4019 3370 4090 cognitio
3387 4035 3400 4085 ;
3431 4019 3629 4090 idque,

1938 4121 2004 4170 ut
2016 4114 2322 4170 verisimile
2349 4118 2451 4182 est,
2480 4114 2603 4184 lege
2623 4111 2792 4166 tertio
2815 4111 3087 4165 kalendas
3114 4107 3386 4162 februarii
3414 4108 3632 4177 posita;

1941 4220 2007 4258 ea
2035 4203 2248 4275 quippe
2294 4202 2643 4258 Exsecutoris
2686 4205 2886 4255 contra
2927 4198 3246 4253 Donatistas
3283 4197 3634 4251 mentionem

1941 4293 2112 4358 facit;
2147 4308 2260 4363 quo
2291 4292 2462 4346 etiam
2491 4290 2658 4344 titulo
2693 4288 2967 4343 Dulcitius
2995 4287 3259 4341 tribunus
3289 4287 3549 4340 similiter
3576 4303 3639 4340 ac

1940 4381 2202 4436 notarius
2231 4384 2432 4451 postea
2460 4379 2703 4433 donatus
2733 4379 2842 4432 fuit
2871 4377 3080 4448 (Codice
3114 4375 3336 4442 Theod.,
3365 4376 3430 4429 de
3459 4378 3644 4430 Hare-

1943 4473 2085 4538 ticis,
2119 4471 2230 4538 lege
2259 4467 2368 4540 52).
2398 4469 2738 4538 Quanquam
2770 4470 2927 4521 atrox
2957 4469 3098 4532 erat,
3147 4464 3215 4518 de
3263 4480 3377 4534 quo
3418 4480 3638 4535 quare-

1943 4559 2130 4620 batur,
2175 4558 2397 4626 scelus;
2457 4555 2814 4611 Marcellinus
2871 4557 3066 4608 tamen
3118 4569 3233 4606 non
3298 4554 3636 4608 extendente

1943 4647 2209 4718 equuleo,
2241 4662 2358 4699 non
2379 4644 2726 4698 sulcantibus
2744 4642 2994 4712 ungulis,
3019 4657 3134 4694 non
3152 4640 3452 4695 urentibus
3474 4643 3635 4698 flam-

1943 4734 2189 4802 mis,sed
2221 4733 2354 4787 solis
2370 4731 2662 4801 virgarum
2691 4729 3025 4783 verberibus
3054 4728 3467 4783 confessionem
3489 4730 3640 4784 illius

1944 4839 1979 4876 a
2016 4821 2126 4875 reis
2155 4825 2326 4891 atque
2347 4817 2587 4874 consciis
2618 4817 2928 4888 expressit:
2964 4818 3060 4884 qui
3072 4816 3260 4870 modus
3289 4820 3641 4886 coercitionis,

1943 4909 2133 4980 inquit
2160 4906 2529 4979 Augustinus,
2572 4913 2622 4960 et
2655 4923 2690 4960 a
2714 4906 2993 4972 magistris
3019 4906 3221 4958 artium
3235 4905 3559 4972 liberalium,
3590 4911 3641 4959 et

1944 4999 2012 5052 ab
2042 5000 2176 5067 ipsis
2201 4995 2537 5066 parentibus,
2569 5001 2618 5049 et
2647 5010 2782 5064 sape
2823 4996 2986 5048 etiam
3033 4997 3092 5047 in
3130 4993 3360 5062 judiciis
3402 4996 3531 5048 solet
3571 4994 3640 5047 ab

1944 5088 2206 5156 episcopis
2237 5086 2487 5140 adhiberi
2520 5086 2717 5152 (Epist.
2760 5086 2879 5149 133,
2912 5099 2967 5136 η.
3007 5084 3080 5151 2).
3114 5083 3470 5154 Quapropter
3507 5097 3638 5135 eum

1945 5175 2043 5229 Vir
2071 5181 2295 5228 sanctus
2336 5174 2549 5239 laudat,
2582 5172 2737 5244 quod
2773 5172 2831 5226 in
2860 5173 2967 5226 hoc
3004 5172 3223 5226 crimen
3277 5173 3454 5226 multa
3509 5185 3639 5223 cum

1945 5263 2199 5330 lenitate,
2248 5267 2417 5334 atque
2493 5262 2632 5317 adeo
2699 5260 2876 5332 patris
2956 5261 3149 5332 potius
3232 5257 3635 5324 sollicitudine,

1946 5368 2122 5424 quam
2145 5352 2356 5422 judicis
2396 5351 2695 5406 severitate
2749 5367 2906 5416 usus,
2948 5349 3300 5420 quaesivisset
3343 5347 3528 5415 (lbid.,
3588 5352 3641 5401 et

1947 5444 2122 5511 Epist.
2152 5443 2272 5508 134,
2303 5456 2362 5495 n.
2393 5437 2472 5511 2).
2495 5441 2620 5495 lam
2657 5443 2868 5494 restare
2907 5438 2966 5492 id
3005 5453 3186 5492 unum
3214 5435 3528 5501 videbatur,
3573 5439 3640 5490 ut

1949 5530 2008 5583 in
2038 5546 2165 5585 reos
2191 5546 2293 5600 pro
2309 5529 2438 5584 facti
2464 5528 2782 5593 atrocitate,
2805 5525 3076 5581 nimirum
3094 5522 3636 5593 capitalisupplicio,
