  <div class='ocr_page' id='page_1' title='image "/cluster/home/n/w/nwhite01/storage/ocr_20150623/32/umn.31951002477326y/237.png"; bbox 0 0 4062 6402; ppageno 0'>
   <div class='ocr_carea' id='block_1_1' title="bbox 452 274 2783 346">
    <p class='ocr_par' dir='ltr' id='par_1_1' title="bbox 452 274 2783 346">
     <span class='ocr_line' id='line_1_1' title="bbox 452 274 2783 346; baseline -0.006 -1"><span class='ocrx_word' id='word_1_1' title='bbox 452 293 548 346; x_wconf 75' lang='grc'>451</span> <span class='ocrx_word' id='word_1_2' title='bbox 1709 280 1880 338; x_wconf 86' lang='lat' dir='ltr'>VITA</span> <span class='ocrx_word' id='word_1_3' title='bbox 1920 279 1974 335; x_wconf 92' lang='lat' dir='ltr'>S.</span> <span class='ocrx_word' id='word_1_4' title='bbox 2017 274 2405 336; x_wconf 89' lang='lat' dir='ltr'>AUGUSTINI</span> <span class='ocrx_word' id='word_1_5' title='bbox 2446 274 2783 332; x_wconf 89' lang='lat' dir='ltr'>EPISCOPI.</span> 
     </span>
    </p>
   </div>
   <div class='ocr_carea' id='block_1_2' title="bbox 452 403 2143 477">
    <p class='ocr_par' dir='ltr' id='par_1_2' title="bbox 452 403 2143 477">
     <span class='ocr_line' id='line_1_2' title="bbox 452 403 2143 477; baseline -0.005 -12"><span class='ocrx_word' id='word_1_6' title='bbox 452 410 1016 466; x_wconf 81' lang='lat' dir='ltr'>animadverteretur.</span> <span class='ocrx_word' id='word_1_7' title='bbox 1059 409 1138 460; x_wconf 91' lang='lat' dir='ltr'>Ac</span> <span class='ocrx_word' id='word_1_8' title='bbox 1169 409 1396 476; x_wconf 76' lang='lat' dir='ltr'>poterat</span> <span class='ocrx_word' id='word_1_9' title='bbox 1439 403 1674 477; x_wconf 84' lang='lat' dir='ltr'>quidem</span> <span class='ocrx_word' id='word_1_10' title='bbox 1721 403 1965 458; x_wconf 89' lang='lat' dir='ltr'>Ecclesia</span> <span class='ocrx_word' id='word_1_11' title='bbox 2019 403 2143 457; x_wconf 83' lang='lat' dir='ltr'>sine</span> 
     </span>
    </p>
   </div>
   <div class='ocr_carea' id='block_1_3' title="bbox 457 492 2140 564">
    <p class='ocr_par' dir='ltr' id='par_1_3' title="bbox 457 492 2140 564">
     <span class='ocr_line' id='line_1_3' title="bbox 457 492 2140 564; baseline -0.006 -10"><span class='ocrx_word' id='word_1_12' title='bbox 457 502 569 554; x_wconf 87' lang='lat' dir='ltr'>ulla</span> <span class='ocrx_word' id='word_1_13' title='bbox 598 495 999 552; x_wconf 86' lang='lat' dir='ltr'>intercessione</span> <span class='ocrx_word' id='word_1_14' title='bbox 1030 510 1150 547; x_wconf 89' lang='lat' dir='ltr'>rem</span> <span class='ocrx_word' id='word_1_15' title='bbox 1181 493 1511 564; x_wconf 81' lang='lat' dir='ltr'>permittere</span> <span class='ocrx_word' id='word_1_16' title='bbox 1551 508 1782 546; x_wconf 85' lang='lat' dir='ltr'>omnem</span> <span class='ocrx_word' id='word_1_17' title='bbox 1818 492 2140 563; x_wconf 89' lang='lat' dir='ltr'>judicibus;</span> 
     </span>
    </p>
   </div>
   <div class='ocr_carea' id='block_1_4' title="bbox 453 580 2148 660">
    <p class='ocr_par' dir='ltr' id='par_1_4' title="bbox 453 580 2148 660">
     <span class='ocr_line' id='line_1_4' title="bbox 453 580 2148 660; baseline -0.005 -18"><span class='ocrx_word' id='word_1_18' title='bbox 453 587 682 660; x_wconf 85' lang='lat' dir='ltr'>quando</span> <span class='ocrx_word' id='word_1_19' title='bbox 714 585 850 638; x_wconf 90' lang='lat' dir='ltr'>istos</span> <span class='ocrx_word' id='word_1_20' title='bbox 879 600 994 636; x_wconf 93' lang='lat' dir='ltr'>non</span> <span class='ocrx_word' id='word_1_21' title='bbox 1024 581 1347 648; x_wconf 83' lang='lat' dir='ltr'>clerici,sed</span> <span class='ocrx_word' id='word_1_22' title='bbox 1371 580 1523 634; x_wconf 88' lang='lat' dir='ltr'>civili</span> <span class='ocrx_word' id='word_1_23' title='bbox 1555 580 1868 650; x_wconf 59' lang='lat' dir='ltr'>disciplina</span> <span class='ocrx_word' id='word_1_24' title='bbox 1898 580 2148 648; x_wconf 65' lang='lat' dir='ltr'>praefecti</span> 
     </span>
    </p>
   </div>
   <div class='ocr_carea' id='block_1_5' title="bbox 453 667 2146 746">
    <p class='ocr_par' dir='ltr' id='par_1_5' title="bbox 453 667 2146 746">
     <span class='ocr_line' id='line_1_5' title="bbox 453 667 2146 746; baseline -0.006 -15"><span class='ocrx_word' id='word_1_25' title='bbox 453 677 524 731; x_wconf 91' lang='lat' dir='ltr'>ad</span> <span class='ocrx_word' id='word_1_26' title='bbox 548 673 832 746; x_wconf 87' lang='lat' dir='ltr'>judicium</span> <span class='ocrx_word' id='word_1_27' title='bbox 859 671 1256 726; x_wconf 80' lang='lat' dir='ltr'>adduxissent:</span> <span class='ocrx_word' id='word_1_28' title='bbox 1308 669 1424 723; x_wconf 90' lang='lat' dir='ltr'>imo</span> <span class='ocrx_word' id='word_1_29' title='bbox 1477 684 1589 722; x_wconf 93' lang='lat' dir='ltr'>non</span> <span class='ocrx_word' id='word_1_30' title='bbox 1627 668 1863 722; x_wconf 84' lang='lat' dir='ltr'>deerant</span> <span class='ocrx_word' id='word_1_31' title='bbox 1908 684 1975 722; x_wconf 86' lang='lat' dir='ltr'>ex</span> <span class='ocrx_word' id='word_1_32' title='bbox 2022 667 2146 738; x_wconf 89' lang='lat' dir='ltr'>ipso</span> 
     </span>
    </p>
   </div>
   <div class='ocr_carea' id='block_1_6' title="bbox 453 757 2150 830">
    <p class='ocr_par' dir='ltr' id='par_1_6' title="bbox 453 757 2150 830">
     <span class='ocr_line' id='line_1_6' title="bbox 453 757 2150 830; baseline -0.006 -11"><span class='ocrx_word' id='word_1_33' title='bbox 453 763 788 819; x_wconf 88' lang='lat' dir='ltr'>clericorum</span> <span class='ocrx_word' id='word_1_34' title='bbox 833 761 1054 828; x_wconf 79' lang='lat' dir='ltr'>ordine,</span> <span class='ocrx_word' id='word_1_35' title='bbox 1099 758 1309 830; x_wconf 86' lang='lat' dir='ltr'>quibus</span> <span class='ocrx_word' id='word_1_36' title='bbox 1337 757 1526 828; x_wconf 90' lang='lat' dir='ltr'>primo</span> <span class='ocrx_word' id='word_1_37' title='bbox 1573 757 1670 810; x_wconf 91' lang='lat' dir='ltr'>illo</span> <span class='ocrx_word' id='word_1_38' title='bbox 1715 757 1924 823; x_wconf 89' lang='lat' dir='ltr'>calore,</span> <span class='ocrx_word' id='word_1_39' title='bbox 1977 771 2150 828; x_wconf 85' lang='lat' dir='ltr'>quem</span> 
     </span>
    </p>
   </div>
   <div class='ocr_carea' id='block_1_7' title="bbox 453 845 2152 922">
    <p class='ocr_par' dir='ltr' id='par_1_7' title="bbox 453 845 2152 922">
     <span class='ocr_line' id='line_1_7' title="bbox 453 845 2152 922; baseline -0.006 -14"><span class='ocrx_word' id='word_1_40' title='bbox 453 857 611 908; x_wconf 89' lang='lat' dir='ltr'>tanta</span> <span class='ocrx_word' id='word_1_41' title='bbox 634 857 870 922; x_wconf 78' lang='lat' dir='ltr'>tamque</span> <span class='ocrx_word' id='word_1_42' title='bbox 901 849 1097 919; x_wconf 80' lang='lat' dir='ltr'>gravia</span> <span class='ocrx_word' id='word_1_43' title='bbox 1124 847 1374 902; x_wconf 83' lang='lat' dir='ltr'>facinora</span> <span class='ocrx_word' id='word_1_44' title='bbox 1414 846 1647 916; x_wconf 88' lang='lat' dir='ltr'>injicere</span> <span class='ocrx_word' id='word_1_45' title='bbox 1678 846 1880 911; x_wconf 88' lang='lat' dir='ltr'>solent,</span> <span class='ocrx_word' id='word_1_46' title='bbox 1928 845 2152 898; x_wconf 82' lang='lat' dir='ltr'>inflam-</span> 
     </span>
    </p>
   </div>
   <div class='ocr_carea' id='block_1_8' title="bbox 456 933 2150 1007">
    <p class='ocr_par' dir='ltr' id='par_1_8' title="bbox 456 933 2150 1007">
     <span class='ocr_line' id='line_1_8' title="bbox 456 933 2150 1007; baseline -0.005 -12"><span class='ocrx_word' id='word_1_47' title='bbox 456 941 644 1007; x_wconf 85' lang='lat' dir='ltr'>matis,</span> <span class='ocrx_word' id='word_1_48' title='bbox 663 957 758 994; x_wconf 91' lang='lat' dir='ltr'>eos</span> <span class='ocrx_word' id='word_1_49' title='bbox 787 937 1094 992; x_wconf 82' lang='lat' dir='ltr'>levioribus</span> <span class='ocrx_word' id='word_1_50' title='bbox 1108 935 1288 1005; x_wconf 85' lang='lat' dir='ltr'>poenis</span> <span class='ocrx_word' id='word_1_51' title='bbox 1300 951 1416 988; x_wconf 91' lang='lat' dir='ltr'>non</span> <span class='ocrx_word' id='word_1_52' title='bbox 1435 935 1557 988; x_wconf 90' lang='lat' dir='ltr'>sine</span> <span class='ocrx_word' id='word_1_53' title='bbox 1571 934 1819 1004; x_wconf 89' lang='lat' dir='ltr'>quodam</span> <span class='ocrx_word' id='word_1_54' title='bbox 1836 933 2150 1003; x_wconf 62' lang='lat' dir='ltr'>disciplinae</span> 
     </span>
    </p>
   </div>
   <div class='ocr_carea' id='block_1_9' title="bbox 456 1022 2153 1095">
    <p class='ocr_par' dir='ltr' id='par_1_9' title="bbox 456 1022 2153 1095">
     <span class='ocr_line' id='line_1_9' title="bbox 456 1022 2153 1095; baseline -0.007 -9"><span class='ocrx_word' id='word_1_55' title='bbox 456 1030 798 1086; x_wconf 89' lang='lat' dir='ltr'>detrimento</span> <span class='ocrx_word' id='word_1_56' title='bbox 816 1032 872 1080; x_wconf 88' lang='lat' dir='ltr'>et</span> <span class='ocrx_word' id='word_1_57' title='bbox 893 1026 1159 1095; x_wconf 89' lang='lat' dir='ltr'>neglectu</span> <span class='ocrx_word' id='word_1_58' title='bbox 1176 1023 1323 1076; x_wconf 82' lang='lat' dir='ltr'>allici</span> <span class='ocrx_word' id='word_1_59' title='bbox 1347 1038 1508 1093; x_wconf 82' lang='lat' dir='ltr'>posse</span> <span class='ocrx_word' id='word_1_60' title='bbox 1534 1022 1848 1076; x_wconf 77' lang='lat' dir='ltr'>videbatur.</span> <span class='ocrx_word' id='word_1_61' title='bbox 1871 1025 1940 1076; x_wconf 87' lang='lat' dir='ltr'>At</span> <span class='ocrx_word' id='word_1_62' title='bbox 1958 1025 2153 1075; x_wconf 90' lang='lat' dir='ltr'>contra</span> 
     </span>
    </p>
   </div>
   <div class='ocr_carea' id='block_1_10' title="bbox 458 1108 2152 1188">
    <p class='ocr_par' dir='ltr' id='par_1_10' title="bbox 458 1108 2152 1188">
     <span class='ocr_line' id='line_1_10' title="bbox 458 1108 2152 1188; baseline -0.007 -14"><span class='ocrx_word' id='word_1_63' title='bbox 458 1117 808 1188; x_wconf 83' lang='lat' dir='ltr'>Augustinus</span> <span class='ocrx_word' id='word_1_64' title='bbox 855 1113 1032 1186; x_wconf 87' lang='lat' dir='ltr'>probe</span> <span class='ocrx_word' id='word_1_65' title='bbox 1063 1111 1342 1183; x_wconf 86' lang='lat' dir='ltr'>judicavit</span> <span class='ocrx_word' id='word_1_66' title='bbox 1402 1110 1677 1164; x_wconf 90' lang='lat' dir='ltr'>damnum</span> <span class='ocrx_word' id='word_1_67' title='bbox 1725 1110 1796 1163; x_wconf 89' lang='lat' dir='ltr'>ad</span> <span class='ocrx_word' id='word_1_68' title='bbox 1848 1108 2152 1164; x_wconf 87' lang='lat' dir='ltr'>Ecclesiam</span> 
     </span>
    </p>
   </div>
   <div class='ocr_carea' id='block_1_11' title="bbox 460 1198 2153 1269">
    <p class='ocr_par' dir='ltr' id='par_1_11' title="bbox 460 1198 2153 1269">
     <span class='ocr_line' id='line_1_11' title="bbox 460 1198 2153 1269; baseline -0.006 -8"><span class='ocrx_word' id='word_1_69' title='bbox 460 1207 779 1261; x_wconf 90' lang='lat' dir='ltr'>rediturum</span> <span class='ocrx_word' id='word_1_70' title='bbox 809 1220 920 1258; x_wconf 91' lang='lat' dir='ltr'>non</span> <span class='ocrx_word' id='word_1_71' title='bbox 951 1201 1274 1264; x_wconf 84' lang='lat' dir='ltr'>minimum,</span> <span class='ocrx_word' id='word_1_72' title='bbox 1306 1199 1353 1252; x_wconf 88' lang='lat' dir='ltr'>si</span> <span class='ocrx_word' id='word_1_73' title='bbox 1384 1198 1692 1253; x_wconf 48' lang='lat' dir='ltr'>Donatista)</span> <span class='ocrx_word' id='word_1_74' title='bbox 1741 1198 1938 1269; x_wconf 82' lang='lat' dir='ltr'>capitis</span> <span class='ocrx_word' id='word_1_75' title='bbox 1983 1198 2153 1268; x_wconf 88' lang='lat' dir='ltr'>puni-</span> 
     </span>
    </p>
   </div>
   <div class='ocr_carea' id='block_1_12' title="bbox 457 1287 2151 1359">
    <p class='ocr_par' dir='ltr' id='par_1_12' title="bbox 457 1287 2151 1359">
     <span class='ocr_line' id='line_1_12' title="bbox 457 1287 2151 1359; baseline -0.006 -10"><span class='ocrx_word' id='word_1_76' title='bbox 457 1299 692 1359; x_wconf 83' lang='lat' dir='ltr'>rentur;</span> <span class='ocrx_word' id='word_1_77' title='bbox 749 1309 876 1346; x_wconf 91' lang='lat' dir='ltr'>eam</span> <span class='ocrx_word' id='word_1_78' title='bbox 939 1306 1073 1344; x_wconf 89' lang='lat' dir='ltr'>vero</span> <span class='ocrx_word' id='word_1_79' title='bbox 1147 1287 1446 1342; x_wconf 87' lang='lat' dir='ltr'>commoda</span> <span class='ocrx_word' id='word_1_80' title='bbox 1511 1291 1910 1358; x_wconf 89' lang='lat' dir='ltr'>percepturam</span> <span class='ocrx_word' id='word_1_81' title='bbox 1982 1287 2151 1357; x_wconf 89' lang='lat' dir='ltr'>longe</span> 
     </span>
    </p>
   </div>
   <div class='ocr_carea' id='block_1_13' title="bbox 457 1377 2153 1448">
    <p class='ocr_par' dir='ltr' id='par_1_13' title="bbox 457 1377 2153 1448">
     <span class='ocr_line' id='line_1_13' title="bbox 457 1377 2153 1448; baseline -0.005 -10"><span class='ocrx_word' id='word_1_82' title='bbox 457 1383 724 1446; x_wconf 83' lang='lat' dir='ltr'>maxima,</span> <span class='ocrx_word' id='word_1_83' title='bbox 759 1381 804 1434; x_wconf 89' lang='lat' dir='ltr'>si</span> <span class='ocrx_word' id='word_1_84' title='bbox 851 1381 955 1433; x_wconf 88' lang='lat' dir='ltr'>hac</span> <span class='ocrx_word' id='word_1_85' title='bbox 983 1383 1210 1448; x_wconf 90' lang='lat' dir='ltr'>arrepta</span> <span class='ocrx_word' id='word_1_86' title='bbox 1239 1377 1554 1443; x_wconf 89' lang='lat' dir='ltr'>occasione,</span> <span class='ocrx_word' id='word_1_87' title='bbox 1605 1380 1820 1446; x_wconf 83' lang='lat' dir='ltr'>quanta</span> <span class='ocrx_word' id='word_1_88' title='bbox 1859 1391 1962 1429; x_wconf 89' lang='lat' dir='ltr'>sua</span> <span class='ocrx_word' id='word_1_89' title='bbox 2004 1378 2153 1429; x_wconf 86' lang='lat' dir='ltr'>esset</span> 
     </span>
    </p>
   </div>
   <div class='ocr_carea' id='block_1_14' title="bbox 455 1464 2145 1530">
    <p class='ocr_par' dir='ltr' id='par_1_14' title="bbox 455 1464 2145 1530">
     <span class='ocr_line' id='line_1_14' title="bbox 455 1464 2145 1530; baseline -0.006 -4"><span class='ocrx_word' id='word_1_90' title='bbox 455 1474 722 1528; x_wconf 88' lang='lat' dir='ltr'>adversus</span> <span class='ocrx_word' id='word_1_91' title='bbox 751 1467 1162 1524; x_wconf 87' lang='lat' dir='ltr'>infensissimos</span> <span class='ocrx_word' id='word_1_92' title='bbox 1211 1466 1404 1519; x_wconf 87' lang='lat' dir='ltr'>hostes</span> <span class='ocrx_word' id='word_1_93' title='bbox 1435 1464 1736 1518; x_wconf 88' lang='lat' dir='ltr'>clementia</span> <span class='ocrx_word' id='word_1_94' title='bbox 1783 1469 1840 1518; x_wconf 86' lang='lat' dir='ltr'>et</span> <span class='ocrx_word' id='word_1_95' title='bbox 1881 1464 2145 1530; x_wconf 79' lang='lat' dir='ltr'>Charitas,</span> 
     </span>
    </p>
   </div>
   <div class='ocr_carea' id='block_1_15' title="bbox 455 1553 2152 1634">
    <p class='ocr_par' dir='ltr' id='par_1_15' title="bbox 455 1553 2152 1634">
     <span class='ocr_line' id='line_1_15' title="bbox 455 1553 2152 1634; baseline -0.006 -17"><span class='ocrx_word' id='word_1_96' title='bbox 455 1563 647 1634; x_wconf 87' lang='lat' dir='ltr'>palam</span> <span class='ocrx_word' id='word_1_97' title='bbox 675 1561 900 1614; x_wconf 89' lang='lat' dir='ltr'>faceret.</span> <span class='ocrx_word' id='word_1_98' title='bbox 934 1556 1092 1611; x_wconf 90' lang='lat' dir='ltr'>Alios</span> <span class='ocrx_word' id='word_1_99' title='bbox 1122 1569 1352 1625; x_wconf 88' lang='lat' dir='ltr'>quoque</span> <span class='ocrx_word' id='word_1_100' title='bbox 1384 1553 1444 1607; x_wconf 89' lang='lat' dir='ltr'>in</span> <span class='ocrx_word' id='word_1_101' title='bbox 1456 1554 1604 1607; x_wconf 87' lang='lat' dir='ltr'>hanc</span> <span class='ocrx_word' id='word_1_102' title='bbox 1627 1553 1966 1608; x_wconf 88' lang='lat' dir='ltr'>sententiam</span> <span class='ocrx_word' id='word_1_103' title='bbox 1989 1569 2152 1608; x_wconf 89' lang='lat' dir='ltr'>suam</span> 
     </span>
    </p>
   </div>
   <div class='ocr_carea' id='block_1_16' title="bbox 454 1640 2154 1713">
    <p class='ocr_par' dir='ltr' id='par_1_16' title="bbox 454 1640 2154 1713">
     <span class='ocr_line' id='line_1_16' title="bbox 454 1640 2154 1713; baseline -0.005 -9"><span class='ocrx_word' id='word_1_104' title='bbox 454 1649 611 1705; x_wconf 84' lang='lat' dir='ltr'>brevi</span> <span class='ocrx_word' id='word_1_105' title='bbox 648 1646 928 1701; x_wconf 89' lang='lat' dir='ltr'>redituros</span> <span class='ocrx_word' id='word_1_106' title='bbox 958 1642 1241 1713; x_wconf 88' lang='lat' dir='ltr'>sperabat,</span> <span class='ocrx_word' id='word_1_107' title='bbox 1278 1641 1371 1694; x_wconf 91' lang='lat' dir='ltr'>ubi</span> <span class='ocrx_word' id='word_1_108' title='bbox 1403 1640 1678 1695; x_wconf 88' lang='lat' dir='ltr'>nimirum</span> <span class='ocrx_word' id='word_1_109' title='bbox 1705 1640 1881 1695; x_wconf 90' lang='lat' dir='ltr'>sedati</span> <span class='ocrx_word' id='word_1_110' title='bbox 1911 1640 2154 1695; x_wconf 87' lang='lat' dir='ltr'>fuissent</span> 
     </span>
    </p>
   </div>
   <div class='ocr_carea' id='block_1_17' title="bbox 454 1729 2152 1807">
    <p class='ocr_par' dir='ltr' id='par_1_17' title="bbox 454 1729 2152 1807">
     <span class='ocr_line' id='line_1_17' title="bbox 454 1729 2152 1807; baseline -0.005 -17"><span class='ocrx_word' id='word_1_111' title='bbox 454 1736 627 1807; x_wconf 90' lang='lat' dir='ltr'>primi</span> <span class='ocrx_word' id='word_1_112' title='bbox 649 1734 732 1788; x_wconf 94' lang='lat' dir='ltr'>illi</span> <span class='ocrx_word' id='word_1_113' title='bbox 753 1735 962 1797; x_wconf 86' lang='lat' dir='ltr'>motus,</span> <span class='ocrx_word' id='word_1_114' title='bbox 988 1746 1134 1802; x_wconf 89' lang='lat' dir='ltr'>quos</span> <span class='ocrx_word' id='word_1_115' title='bbox 1181 1730 1494 1784; x_wconf 86' lang='lat' dir='ltr'>recentium</span> <span class='ocrx_word' id='word_1_116' title='bbox 1541 1729 1822 1784; x_wconf 83' lang='lat' dir='ltr'>factorum</span> <span class='ocrx_word' id='word_1_117' title='bbox 1869 1729 2152 1782; x_wconf 88' lang='lat' dir='ltr'>horrorin</span> 
     </span>
    </p>
   </div>
   <div class='ocr_carea' id='block_1_18' title="bbox 453 1817 2150 1878">
    <p class='ocr_par' dir='ltr' id='par_1_18' title="bbox 453 1817 2150 1878">
     <span class='ocr_line' id='line_1_18' title="bbox 453 1817 2150 1878; baseline -0.005 0"><span class='ocrx_word' id='word_1_118' title='bbox 453 1839 650 1878; x_wconf 90' lang='lat' dir='ltr'>eorum</span> <span class='ocrx_word' id='word_1_119' title='bbox 680 1820 885 1876; x_wconf 88' lang='lat' dir='ltr'>animis</span> <span class='ocrx_word' id='word_1_120' title='bbox 929 1818 1218 1872; x_wconf 80' lang='lat' dir='ltr'>excitarat.</span> <span class='ocrx_word' id='word_1_121' title='bbox 1253 1819 1316 1872; x_wconf 82' lang='lat' dir='ltr'>Et</span> <span class='ocrx_word' id='word_1_122' title='bbox 1361 1834 1494 1872; x_wconf 84' lang='lat' dir='ltr'>sane</span> <span class='ocrx_word' id='word_1_123' title='bbox 1535 1818 1841 1872; x_wconf 88' lang='lat' dir='ltr'>molestum</span> <span class='ocrx_word' id='word_1_124' title='bbox 1892 1817 2150 1870; x_wconf 89' lang='lat' dir='ltr'>futurum</span> 
     </span>
    </p>
   </div>
   <div class='ocr_carea' id='block_1_19' title="bbox 453 1906 2151 1980">
    <p class='ocr_par' dir='ltr' id='par_1_19' title="bbox 453 1906 2151 1980">
     <span class='ocr_line' id='line_1_19' title="bbox 453 1906 2151 1980; baseline -0.005 -13"><span class='ocrx_word' id='word_1_125' title='bbox 453 1917 593 1979; x_wconf 88' lang='lat' dir='ltr'>erat,</span> <span class='ocrx_word' id='word_1_126' title='bbox 639 1911 686 1964; x_wconf 86' lang='lat' dir='ltr'>si</span> <span class='ocrx_word' id='word_1_127' title='bbox 725 1907 928 1980; x_wconf 89' lang='lat' dir='ltr'>judicii</span> <span class='ocrx_word' id='word_1_128' title='bbox 972 1907 1206 1976; x_wconf 85' lang='lat' dir='ltr'>hujusce</span> <span class='ocrx_word' id='word_1_129' title='bbox 1252 1911 1393 1971; x_wconf 88' lang='lat' dir='ltr'>acta,</span> <span class='ocrx_word' id='word_1_130' title='bbox 1437 1922 1563 1977; x_wconf 78' lang='lat' dir='ltr'>quae</span> <span class='ocrx_word' id='word_1_131' title='bbox 1615 1911 1678 1960; x_wconf 91' lang='lat' dir='ltr'>ut</span> <span class='ocrx_word' id='word_1_132' title='bbox 1715 1921 1907 1959; x_wconf 89' lang='lat' dir='ltr'>coram</span> <span class='ocrx_word' id='word_1_133' title='bbox 1937 1906 2151 1976; x_wconf 90' lang='lat' dir='ltr'>populo</span> 
     </span>
    </p>
   </div>
   <div class='ocr_carea' id='block_1_20' title="bbox 454 1984 2152 2062">
    <p class='ocr_par' dir='ltr' id='par_1_20' title="bbox 454 1984 2152 2062">
     <span class='ocr_line' id='line_1_20' title="bbox 454 1984 2152 2062; baseline -0.001 -16"><span class='ocrx_word' id='word_1_134' title='bbox 454 1994 799 2062; x_wconf 80' lang='lat' dir='ltr'>legerentur,</span> <span class='ocrx_word' id='word_1_135' title='bbox 834 1986 1092 2042; x_wconf 68' lang='lat' dir='ltr'>Ecclesia:</span> <span class='ocrx_word' id='word_1_136' title='bbox 1114 1984 1378 2057; x_wconf 83' lang='lat' dir='ltr'>exigebat</span> <span class='ocrx_word' id='word_1_137' title='bbox 1402 1985 1639 2053; x_wconf 85' lang='lat' dir='ltr'>utilitas,</span> <span class='ocrx_word' id='word_1_138' title='bbox 1681 2002 1792 2040; x_wconf 91' lang='lat' dir='ltr'>non</span> <span class='ocrx_word' id='word_1_139' title='bbox 1826 1994 2059 2058; x_wconf 88' lang='lat' dir='ltr'>possent</span> <span class='ocrx_word' id='word_1_140' title='bbox 2079 1989 2152 2044; x_wconf 86' lang='lat' dir='ltr'>ad</span> 
     </span>
    </p>
   </div>
   <div class='ocr_carea' id='block_1_21' title="bbox 455 2073 2152 2149">
    <p class='ocr_par' dir='ltr' id='par_1_21' title="bbox 455 2073 2152 2149">
     <span class='ocr_line' id='line_1_21' title="bbox 455 2073 2152 2149; baseline -0.001 -15"><span class='ocrx_word' id='word_1_141' title='bbox 455 2082 628 2134; x_wconf 85' lang='lat' dir='ltr'>finem</span> <span class='ocrx_word' id='word_1_142' title='bbox 654 2093 832 2149; x_wconf 89' lang='lat' dir='ltr'>usque</span> <span class='ocrx_word' id='word_1_143' title='bbox 856 2075 1079 2129; x_wconf 84' lang='lat' dir='ltr'>recitari</span> <span class='ocrx_word' id='word_1_144' title='bbox 1108 2095 1123 2140; x_wconf 85' lang='lat'>;</span> <span class='ocrx_word' id='word_1_145' title='bbox 1148 2090 1219 2128; x_wconf 92' lang='lat' dir='ltr'>ne</span> <span class='ocrx_word' id='word_1_146' title='bbox 1241 2073 1505 2128; x_wconf 87' lang='lat' dir='ltr'>videlicet</span> <span class='ocrx_word' id='word_1_147' title='bbox 1532 2080 1766 2130; x_wconf 87' lang='lat' dir='ltr'>cruento</span> <span class='ocrx_word' id='word_1_148' title='bbox 1798 2076 1911 2131; x_wconf 83' lang='lat' dir='ltr'>fine</span> <span class='ocrx_word' id='word_1_149' title='bbox 1928 2077 2152 2132; x_wconf 89' lang='lat' dir='ltr'>animos</span> 
     </span>
    </p>
   </div>
   <div class='ocr_carea' id='block_1_22' title="bbox 455 2161 2153 2235">
    <p class='ocr_par' dir='ltr' id='par_1_22' title="bbox 455 2161 2153 2235">
     <span class='ocr_line' id='line_1_22' title="bbox 455 2161 2153 2235; baseline -0.004 -9"><span class='ocrx_word' id='word_1_150' title='bbox 455 2170 780 2226; x_wconf 88' lang='lat' dir='ltr'>auditorum</span> <span class='ocrx_word' id='word_1_151' title='bbox 807 2164 1184 2219; x_wconf 78' lang='lat' dir='ltr'>offenderent.</span> <span class='ocrx_word' id='word_1_152' title='bbox 1210 2161 1366 2215; x_wconf 83' lang='lat' dir='ltr'>Adde</span> <span class='ocrx_word' id='word_1_153' title='bbox 1399 2178 1693 2216; x_wconf 80' lang='lat' dir='ltr'>servorum</span> <span class='ocrx_word' id='word_1_154' title='bbox 1723 2163 1825 2218; x_wconf 90' lang='lat' dir='ltr'>Dei</span> <span class='ocrx_word' id='word_1_155' title='bbox 1861 2165 2153 2235; x_wconf 89' lang='lat' dir='ltr'>passiones</span> 
     </span>
    </p>
   </div>
   <div class='ocr_carea' id='block_1_23' title="bbox 454 2249 2153 2329">
    <p class='ocr_par' dir='ltr' id='par_1_23' title="bbox 454 2249 2153 2329">
     <span class='ocr_line' id='line_1_23' title="bbox 454 2249 2153 2329; baseline -0.004 -14"><span class='ocrx_word' id='word_1_156' title='bbox 454 2257 730 2329; x_wconf 86' lang='lat' dir='ltr'>sanguine</span> <span class='ocrx_word' id='word_1_157' title='bbox 757 2251 1126 2307; x_wconf 88' lang='lat' dir='ltr'>inimicorum</span> <span class='ocrx_word' id='word_1_158' title='bbox 1155 2249 1431 2303; x_wconf 89' lang='lat' dir='ltr'>vindicari</span> <span class='ocrx_word' id='word_1_159' title='bbox 1461 2267 1576 2304; x_wconf 93' lang='lat' dir='ltr'>non</span> <span class='ocrx_word' id='word_1_160' title='bbox 1603 2268 1791 2322; x_wconf 89' lang='lat' dir='ltr'>posse,</span> <span class='ocrx_word' id='word_1_161' title='bbox 1833 2255 1976 2324; x_wconf 90' lang='lat' dir='ltr'>quin</span> <span class='ocrx_word' id='word_1_162' title='bbox 1995 2254 2153 2325; x_wconf 88' lang='lat' dir='ltr'>ipsa-</span> 
     </span>
    </p>
   </div>
   <div class='ocr_carea' id='block_1_24' title="bbox 453 2337 2152 2416">
    <p class='ocr_par' dir='ltr' id='par_1_24' title="bbox 453 2337 2152 2416">
     <span class='ocr_line' id='line_1_24' title="bbox 453 2337 2152 2416; baseline -0.002 -16"><span class='ocrx_word' id='word_1_163' title='bbox 453 2364 581 2402; x_wconf 87' lang='lat' dir='ltr'>rum</span> <span class='ocrx_word' id='word_1_164' title='bbox 612 2342 861 2416; x_wconf 87' lang='lat' dir='ltr'>quodam</span> <span class='ocrx_word' id='word_1_165' title='bbox 894 2338 1062 2393; x_wconf 89' lang='lat' dir='ltr'>modo</span> <span class='ocrx_word' id='word_1_166' title='bbox 1091 2337 1426 2391; x_wconf 86' lang='lat' dir='ltr'>obscuretur</span> <span class='ocrx_word' id='word_1_167' title='bbox 1455 2340 1741 2408; x_wconf 84' lang='lat' dir='ltr'>splendor.</span> <span class='ocrx_word' id='word_1_168' title='bbox 1784 2342 1979 2412; x_wconf 86' lang='lat' dir='ltr'>Itaque</span> <span class='ocrx_word' id='word_1_169' title='bbox 2010 2343 2152 2397; x_wconf 85' lang='lat' dir='ltr'>veri-</span> 
     </span>
    </p>
   </div>
   <div class='ocr_carea' id='block_1_25' title="bbox 453 2427 2150 2502">
    <p class='ocr_par' dir='ltr' id='par_1_25' title="bbox 453 2427 2150 2502">
     <span class='ocr_line' id='line_1_25' title="bbox 453 2427 2150 2502; baseline -0.002 -13"><span class='ocrx_word' id='word_1_170' title='bbox 453 2440 542 2489; x_wconf 91' lang='lat' dir='ltr'>tus</span> <span class='ocrx_word' id='word_1_171' title='bbox 574 2434 798 2486; x_wconf 82' lang='lat' dir='ltr'>sanctus</span> <span class='ocrx_word' id='word_1_172' title='bbox 831 2427 1063 2488; x_wconf 72' lang='lat' dir='ltr'>Praesul,</span> <span class='ocrx_word' id='word_1_173' title='bbox 1096 2442 1167 2480; x_wconf 90' lang='lat' dir='ltr'>ne</span> <span class='ocrx_word' id='word_1_174' title='bbox 1197 2427 1302 2480; x_wconf 90' lang='lat' dir='ltr'>hac</span> <span class='ocrx_word' id='word_1_175' title='bbox 1331 2427 1391 2480; x_wconf 91' lang='lat' dir='ltr'>in</span> <span class='ocrx_word' id='word_1_176' title='bbox 1417 2444 1586 2482; x_wconf 90' lang='lat' dir='ltr'>causa</span> <span class='ocrx_word' id='word_1_177' title='bbox 1617 2433 1987 2502; x_wconf 86' lang='lat' dir='ltr'>summojure</span> <span class='ocrx_word' id='word_1_178' title='bbox 2017 2448 2150 2502; x_wconf 91' lang='lat' dir='ltr'>age-</span> 
     </span>
    </p>
   </div>
   <div class='ocr_carea' id='block_1_26' title="bbox 456 2515 2151 2589">
    <p class='ocr_par' dir='ltr' id='par_1_26' title="bbox 456 2515 2151 2589">
     <span class='ocr_line' id='line_1_26' title="bbox 456 2515 2151 2589; baseline -0.002 -11"><span class='ocrx_word' id='word_1_179' title='bbox 456 2527 632 2587; x_wconf 91' lang='lat' dir='ltr'>retur,</span> <span class='ocrx_word' id='word_1_180' title='bbox 666 2516 1054 2574; x_wconf 90' lang='lat' dir='ltr'>Marcellinum</span> <span class='ocrx_word' id='word_1_181' title='bbox 1084 2515 1288 2569; x_wconf 87' lang='lat' dir='ltr'>obnixe</span> <span class='ocrx_word' id='word_1_182' title='bbox 1313 2517 1493 2570; x_wconf 79' lang='lat' dir='ltr'>oravit</span> <span class='ocrx_word' id='word_1_183' title='bbox 1526 2534 1629 2589; x_wconf 90' lang='lat' dir='ltr'>per</span> <span class='ocrx_word' id='word_1_184' title='bbox 1671 2519 1908 2587; x_wconf 87' lang='lat' dir='ltr'>litteras,</span> <span class='ocrx_word' id='word_1_185' title='bbox 1945 2520 2151 2574; x_wconf 88' lang='lat' dir='ltr'>severi-</span> 
     </span>
    </p>
   </div>
   <div class='ocr_carea' id='block_1_27' title="bbox 455 2604 2151 2680">
    <p class='ocr_par' dir='ltr' id='par_1_27' title="bbox 455 2604 2151 2680">
     <span class='ocr_line' id='line_1_27' title="bbox 455 2604 2151 2680; baseline -0.001 -15"><span class='ocrx_word' id='word_1_186' title='bbox 455 2616 630 2666; x_wconf 87' lang='lat' dir='ltr'>tatem</span> <span class='ocrx_word' id='word_1_187' title='bbox 661 2622 824 2662; x_wconf 86' lang='lat' dir='ltr'>suam</span> <span class='ocrx_word' id='word_1_188' title='bbox 844 2621 960 2658; x_wconf 91' lang='lat' dir='ltr'>non</span> <span class='ocrx_word' id='word_1_189' title='bbox 990 2604 1161 2658; x_wconf 90' lang='lat' dir='ltr'>modo</span> <span class='ocrx_word' id='word_1_190' title='bbox 1185 2608 1551 2675; x_wconf 89' lang='lat' dir='ltr'>temperaret,</span> <span class='ocrx_word' id='word_1_191' title='bbox 1585 2607 1685 2662; x_wconf 88' lang='lat' dir='ltr'>sed</span> <span class='ocrx_word' id='word_1_192' title='bbox 1714 2613 1779 2662; x_wconf 92' lang='lat' dir='ltr'>ut</span> <span class='ocrx_word' id='word_1_193' title='bbox 1805 2607 1902 2662; x_wconf 87' lang='lat' dir='ltr'>alii</span> <span class='ocrx_word' id='word_1_194' title='bbox 1923 2624 2151 2680; x_wconf 87' lang='lat' dir='ltr'>quoque</span> 
     </span>
    </p>
   </div>
   <div class='ocr_carea' id='block_1_28' title="bbox 453 2692 2153 2767">
    <p class='ocr_par' dir='ltr' id='par_1_28' title="bbox 453 2692 2153 2767">
     <span class='ocr_line' id='line_1_28' title="bbox 453 2692 2153 2767; baseline -0.003 -11"><span class='ocrx_word' id='word_1_195' title='bbox 453 2702 607 2756; x_wconf 88' lang='lat' dir='ltr'>idem</span> <span class='ocrx_word' id='word_1_196' title='bbox 649 2697 1030 2767; x_wconf 62' lang='lat' dir='ltr'>praestarent,</span> <span class='ocrx_word' id='word_1_197' title='bbox 1063 2692 1345 2747; x_wconf 82' lang='lat' dir='ltr'>efficeret:</span> <span class='ocrx_word' id='word_1_198' title='bbox 1408 2693 1693 2765; x_wconf 90' lang='lat' dir='ltr'>siquidem</span> <span class='ocrx_word' id='word_1_199' title='bbox 1755 2696 2153 2767; x_wconf 89' lang='lat' dir='ltr'>suspicabatur</span> 
     </span>
    </p>
   </div>
   <div class='ocr_carea' id='block_1_29' title="bbox 452 2781 2150 2855">
    <p class='ocr_par' dir='ltr' id='par_1_29' title="bbox 452 2781 2150 2855">
     <span class='ocr_line' id='line_1_29' title="bbox 452 2781 2150 2855; baseline -0.002 -12"><span class='ocrx_word' id='word_1_200' title='bbox 452 2790 594 2854; x_wconf 89' lang='lat' dir='ltr'>fore,</span> <span class='ocrx_word' id='word_1_201' title='bbox 628 2790 690 2840; x_wconf 87' lang='lat' dir='ltr'>ut</span> <span class='ocrx_word' id='word_1_202' title='bbox 709 2782 991 2855; x_wconf 88' lang='lat' dir='ltr'>judicium</span> <span class='ocrx_word' id='word_1_203' title='bbox 1007 2783 1114 2836; x_wconf 88' lang='lat' dir='ltr'>hoc</span> <span class='ocrx_word' id='word_1_204' title='bbox 1138 2781 1283 2836; x_wconf 88' lang='lat' dir='ltr'>forte</span> <span class='ocrx_word' id='word_1_205' title='bbox 1310 2782 1383 2836; x_wconf 88' lang='lat' dir='ltr'>ad</span> <span class='ocrx_word' id='word_1_206' title='bbox 1397 2783 1737 2854; x_wconf 88' lang='lat' dir='ltr'>Apringium</span> <span class='ocrx_word' id='word_1_207' title='bbox 1751 2787 2150 2855; x_wconf 88' lang='lat' dir='ltr'>proconsulem</span> 
     </span>
    </p>
   </div>
   <div class='ocr_carea' id='block_1_30' title="bbox 451 2870 2151 2942">
    <p class='ocr_par' dir='ltr' id='par_1_30' title="bbox 451 2870 2151 2942">
     <span class='ocr_line' id='line_1_30' title="bbox 451 2870 2151 2942; baseline -0.002 -13"><span class='ocrx_word' id='word_1_208' title='bbox 451 2876 786 2940; x_wconf 83' lang='lat' dir='ltr'>deferretur,</span> <span class='ocrx_word' id='word_1_209' title='bbox 845 2872 1216 2926; x_wconf 86' lang='lat' dir='ltr'>christianum</span> <span class='ocrx_word' id='word_1_210' title='bbox 1270 2870 1429 2924; x_wconf 87' lang='lat' dir='ltr'>illum</span> <span class='ocrx_word' id='word_1_211' title='bbox 1491 2871 1725 2942; x_wconf 88' lang='lat' dir='ltr'>quidem</span> <span class='ocrx_word' id='word_1_212' title='bbox 1774 2877 1831 2926; x_wconf 90' lang='lat' dir='ltr'>et</span> <span class='ocrx_word' id='word_1_213' title='bbox 1894 2871 2151 2926; x_wconf 70' lang='lat' dir='ltr'>Ecclesia:</span> 
     </span>
    </p>
   </div>
   <div class='ocr_carea' id='block_1_31' title="bbox 451 2958 2151 3032">
    <p class='ocr_par' dir='ltr' id='par_1_31' title="bbox 451 2958 2151 3032">
     <span class='ocr_line' id='line_1_31' title="bbox 451 2958 2151 3032; baseline -0.002 -14"><span class='ocrx_word' id='word_1_214' title='bbox 451 2963 656 3027; x_wconf 83' lang='lat' dir='ltr'>filium,</span> <span class='ocrx_word' id='word_1_215' title='bbox 682 2966 851 3032; x_wconf 87' lang='lat' dir='ltr'>atque</span> <span class='ocrx_word' id='word_1_216' title='bbox 879 2961 948 3014; x_wconf 90' lang='lat' dir='ltr'>ab</span> <span class='ocrx_word' id='word_1_217' title='bbox 980 2960 1309 3030; x_wconf 86' lang='lat' dir='ltr'>hujusmodi</span> <span class='ocrx_word' id='word_1_218' title='bbox 1335 2958 1586 3014; x_wconf 89' lang='lat' dir='ltr'>cruentis</span> <span class='ocrx_word' id='word_1_219' title='bbox 1615 2959 1904 3031; x_wconf 86' lang='lat' dir='ltr'>suppliciis</span> <span class='ocrx_word' id='word_1_220' title='bbox 1953 2965 2151 3031; x_wconf 87' lang='lat' dir='ltr'>suapte</span> 
     </span>
    </p>
   </div>
   <div class='ocr_carea' id='block_1_32' title="bbox 454 3047 2151 3119">
    <p class='ocr_par' dir='ltr' id='par_1_32' title="bbox 454 3047 2151 3119">
     <span class='ocr_line' id='line_1_32' title="bbox 454 3047 2151 3119; baseline 0.001 -17"><span class='ocrx_word' id='word_1_221' title='bbox 454 3055 660 3105; x_wconf 83' lang='lat' dir='ltr'>natura</span> <span class='ocrx_word' id='word_1_222' title='bbox 685 3050 976 3116; x_wconf 84' lang='lat' dir='ltr'>alienum;</span> <span class='ocrx_word' id='word_1_223' title='bbox 1019 3049 1112 3102; x_wconf 90' lang='lat' dir='ltr'>sed</span> <span class='ocrx_word' id='word_1_224' title='bbox 1139 3053 1330 3102; x_wconf 87' lang='lat' dir='ltr'>tamen</span> <span class='ocrx_word' id='word_1_225' title='bbox 1361 3047 1462 3118; x_wconf 92' lang='lat' dir='ltr'>qui</span> <span class='ocrx_word' id='word_1_226' title='bbox 1509 3048 1807 3102; x_wconf 88' lang='lat' dir='ltr'>videbatur</span> <span class='ocrx_word' id='word_1_227' title='bbox 1852 3049 1922 3102; x_wconf 90' lang='lat' dir='ltr'>de</span> <span class='ocrx_word' id='word_1_228' title='bbox 1967 3049 2151 3119; x_wconf 85' lang='lat' dir='ltr'>capite</span> 
     </span>
    </p>
   </div>
   <div class='ocr_carea' id='block_1_33' title="bbox 449 3138 2154 3208">
    <p class='ocr_par' dir='ltr' id='par_1_33' title="bbox 449 3138 2154 3208">
     <span class='ocr_line' id='line_1_33' title="bbox 449 3138 2154 3208; baseline 0 -16"><span class='ocrx_word' id='word_1_229' title='bbox 449 3140 709 3193; x_wconf 90' lang='lat' dir='ltr'>sontibus</span> <span class='ocrx_word' id='word_1_230' title='bbox 739 3139 1088 3208; x_wconf 87' lang='lat' dir='ltr'>amputando</span> <span class='ocrx_word' id='word_1_231' title='bbox 1120 3139 1399 3192; x_wconf 84' lang='lat' dir='ltr'>statuisse.</span> <span class='ocrx_word' id='word_1_232' title='bbox 1444 3139 1588 3207; x_wconf 85' lang='lat' dir='ltr'>Ergo</span> <span class='ocrx_word' id='word_1_233' title='bbox 1634 3142 1690 3192; x_wconf 91' lang='lat' dir='ltr'>et</span> <span class='ocrx_word' id='word_1_234' title='bbox 1735 3138 2058 3208; x_wconf 84' lang='lat' dir='ltr'>epistolam,</span> <span class='ocrx_word' id='word_1_235' title='bbox 2091 3143 2154 3192; x_wconf 91' lang='lat' dir='ltr'>ut</span> 
     </span>
    </p>
   </div>
   <div class='ocr_carea' id='block_1_34' title="bbox 451 3225 2152 3292">
    <p class='ocr_par' dir='ltr' id='par_1_34' title="bbox 451 3225 2152 3292">
     <span class='ocr_line' id='line_1_34' title="bbox 451 3225 2152 3292; baseline 0 -12"><span class='ocrx_word' id='word_1_236' title='bbox 451 3228 504 3281; x_wconf 88' lang='lat' dir='ltr'>ei</span> <span class='ocrx_word' id='word_1_237' title='bbox 533 3228 888 3292; x_wconf 87' lang='lat' dir='ltr'>redderetur,</span> <span class='ocrx_word' id='word_1_238' title='bbox 914 3227 985 3280; x_wconf 87' lang='lat' dir='ltr'>ad</span> <span class='ocrx_word' id='word_1_239' title='bbox 1016 3225 1405 3280; x_wconf 88' lang='lat' dir='ltr'>Marcellinum</span> <span class='ocrx_word' id='word_1_240' title='bbox 1426 3225 1648 3280; x_wconf 86' lang='lat' dir='ltr'>direxit.</span> <span class='ocrx_word' id='word_1_241' title='bbox 1683 3226 1899 3290; x_wconf 87' lang='lat' dir='ltr'>Quibus</span> <span class='ocrx_word' id='word_1_242' title='bbox 1930 3227 2152 3281; x_wconf 84' lang='lat' dir='ltr'>duabus</span> 
     </span>
    </p>
   </div>
   <div class='ocr_carea' id='block_1_35' title="bbox 449 3313 2154 3385">
    <p class='ocr_par' dir='ltr' id='par_1_35' title="bbox 449 3313 2154 3385">
     <span class='ocr_line' id='line_1_35' title="bbox 449 3313 2154 3385; baseline 0 -16"><span class='ocrx_word' id='word_1_243' title='bbox 449 3315 513 3369; x_wconf 90' lang='lat' dir='ltr'>in</span> <span class='ocrx_word' id='word_1_244' title='bbox 534 3314 1014 3385; x_wconf 85' lang='lat' dir='ltr'>epistolis(Epist.</span> <span class='ocrx_word' id='word_1_245' title='bbox 1051 3317 1169 3376; x_wconf 87' lang='lat' dir='ltr'>l33,</span> <span class='ocrx_word' id='word_1_246' title='bbox 1207 3313 1327 3384; x_wconf 84' lang='grc'><strong>139)</strong></span> <span class='ocrx_word' id='word_1_247' title='bbox 1357 3313 1638 3384; x_wconf 90' lang='lat' dir='ltr'>quidquid</span> <span class='ocrx_word' id='word_1_248' title='bbox 1659 3313 1809 3368; x_wconf 89' lang='lat' dir='ltr'>inest</span> <span class='ocrx_word' id='word_1_249' title='bbox 1845 3314 1953 3368; x_wconf 86' lang='lat' dir='ltr'>sibi</span> <span class='ocrx_word' id='word_1_250' title='bbox 1985 3315 2154 3369; x_wconf 90' lang='lat' dir='ltr'>facul-</span> 
     </span>
    </p>
   </div>
   <div class='ocr_carea' id='block_1_36' title="bbox 452 3401 2145 3472">
    <p class='ocr_par' dir='ltr' id='par_1_36' title="bbox 452 3401 2145 3472">
     <span class='ocr_line' id='line_1_36' title="bbox 452 3401 2145 3472; baseline 0 -15"><span class='ocrx_word' id='word_1_251' title='bbox 452 3403 584 3458; x_wconf 89' lang='lat' dir='ltr'>tatis</span> <span class='ocrx_word' id='word_1_252' title='bbox 607 3401 833 3457; x_wconf 89' lang='lat' dir='ltr'>dicendi</span> <span class='ocrx_word' id='word_1_253' title='bbox 865 3405 920 3455; x_wconf 91' lang='lat' dir='ltr'>et</span> <span class='ocrx_word' id='word_1_254' title='bbox 944 3401 1313 3472; x_wconf 65' lang='lat' dir='ltr'>eloquentiae,</span> <span class='ocrx_word' id='word_1_255' title='bbox 1341 3401 1401 3456; x_wconf 91' lang='lat' dir='ltr'>id</span> <span class='ocrx_word' id='word_1_256' title='bbox 1432 3418 1602 3455; x_wconf 92' lang='lat' dir='ltr'>omne</span> <span class='ocrx_word' id='word_1_257' title='bbox 1627 3418 1696 3458; x_wconf 90' lang='lat' dir='ltr'>eo</span> <span class='ocrx_word' id='word_1_258' title='bbox 1723 3402 1959 3469; x_wconf 82' lang='lat' dir='ltr'>confert,</span> <span class='ocrx_word' id='word_1_259' title='bbox 1981 3409 2042 3458; x_wconf 91' lang='lat' dir='ltr'>ut</span> <span class='ocrx_word' id='word_1_260' title='bbox 2061 3403 2145 3459; x_wconf 90' lang='lat' dir='ltr'>rei</span> 
     </span>
    </p>
   </div>
   <div class='ocr_carea' id='block_1_37' title="bbox 449 3489 2148 3562">
    <p class='ocr_par' dir='ltr' id='par_1_37' title="bbox 449 3489 2148 3562">
     <span class='ocr_line' id='line_1_37' title="bbox 449 3489 2148 3562; baseline 0.001 -17"><span class='ocrx_word' id='word_1_261' title='bbox 449 3507 564 3546; x_wconf 90' lang='lat' dir='ltr'>non</span> <span class='ocrx_word' id='word_1_262' title='bbox 595 3489 778 3561; x_wconf 86' lang='lat' dir='ltr'>capite</span> <span class='ocrx_word' id='word_1_263' title='bbox 809 3489 1173 3555; x_wconf 90' lang='lat' dir='ltr'>damnentur,</span> <span class='ocrx_word' id='word_1_264' title='bbox 1206 3489 1303 3543; x_wconf 90' lang='lat' dir='ltr'>sed</span> <span class='ocrx_word' id='word_1_265' title='bbox 1326 3489 1717 3560; x_wconf 88' lang='lat' dir='ltr'>aliaquapiam</span> <span class='ocrx_word' id='word_1_266' title='bbox 1743 3489 1941 3545; x_wconf 88' lang='lat' dir='ltr'>leviori</span> <span class='ocrx_word' id='word_1_267' title='bbox 1958 3508 2148 3562; x_wconf 58' lang='lat' dir='ltr'>pugna.</span> 
     </span>
    </p>
   </div>
   <div class='ocr_carea' id='block_1_38' title="bbox 450 3576 2153 3651">
    <p class='ocr_par' dir='ltr' id='par_1_38' title="bbox 450 3576 2153 3651">
     <span class='ocr_line' id='line_1_38' title="bbox 450 3576 2153 3651; baseline 0.002 -18"><span class='ocrx_word' id='word_1_268' title='bbox 450 3596 579 3651; x_wconf 67' lang='lat' dir='ltr'>qua:</span> <span class='ocrx_word' id='word_1_269' title='bbox 614 3578 782 3632; x_wconf 80' lang='lat' dir='ltr'>simul</span> <span class='ocrx_word' id='word_1_270' title='bbox 810 3582 868 3633; x_wconf 90' lang='lat' dir='ltr'>et</span> <span class='ocrx_word' id='word_1_271' title='bbox 895 3578 1045 3632; x_wconf 86' lang='lat' dir='ltr'>male</span> <span class='ocrx_word' id='word_1_272' title='bbox 1084 3576 1329 3631; x_wconf 84' lang='lat' dir='ltr'>faciendi</span> <span class='ocrx_word' id='word_1_273' title='bbox 1349 3577 1641 3632; x_wconf 86' lang='lat' dir='ltr'>licentiam</span> <span class='ocrx_word' id='word_1_274' title='bbox 1669 3578 1808 3650; x_wconf 91' lang='lat' dir='ltr'>ipsis</span> <span class='ocrx_word' id='word_1_275' title='bbox 1839 3580 2074 3646; x_wconf 88' lang='lat' dir='ltr'>adimat,</span> <span class='ocrx_word' id='word_1_276' title='bbox 2095 3585 2153 3636; x_wconf 88' lang='lat' dir='ltr'>et</span> 
     </span>
    </p>
   </div>
   <div class='ocr_carea' id='block_1_39' title="bbox 448 3665 2150 3738">
    <p class='ocr_par' dir='ltr' id='par_1_39' title="bbox 448 3665 2150 3738">
     <span class='ocr_line' id='line_1_39' title="bbox 448 3665 2150 3738; baseline 0 -16"><span class='ocrx_word' id='word_1_277' title='bbox 448 3673 643 3722; x_wconf 90' lang='lat' dir='ltr'>tamen</span> <span class='ocrx_word' id='word_1_278' title='bbox 673 3665 1041 3737; x_wconf 89' lang='lat' dir='ltr'>resipiscendi</span> <span class='ocrx_word' id='word_1_279' title='bbox 1070 3670 1296 3736; x_wconf 89' lang='lat' dir='ltr'>tempus</span> <span class='ocrx_word' id='word_1_280' title='bbox 1321 3670 1494 3736; x_wconf 89' lang='lat' dir='ltr'>atque</span> <span class='ocrx_word' id='word_1_281' title='bbox 1523 3665 1584 3720; x_wconf 93' lang='lat' dir='ltr'>in</span> <span class='ocrx_word' id='word_1_282' title='bbox 1613 3666 1742 3720; x_wconf 88' lang='lat' dir='ltr'>utili</span> <span class='ocrx_word' id='word_1_283' title='bbox 1771 3667 2044 3738; x_wconf 91' lang='lat' dir='ltr'>quopiam</span> <span class='ocrx_word' id='word_1_284' title='bbox 2065 3668 2150 3722; x_wconf 90' lang='lat' dir='ltr'>la-</span> 
     </span>
    </p>
   </div>
   <div class='ocr_carea' id='block_1_40' title="bbox 449 3753 2152 3825">
    <p class='ocr_par' dir='ltr' id='par_1_40' title="bbox 449 3753 2152 3825">
     <span class='ocr_line' id='line_1_40' title="bbox 449 3753 2152 3825; baseline 0.001 -15"><span class='ocrx_word' id='word_1_285' title='bbox 449 3756 588 3810; x_wconf 90' lang='lat' dir='ltr'>bore</span> <span class='ocrx_word' id='word_1_286' title='bbox 614 3772 733 3809; x_wconf 90' lang='lat' dir='ltr'>sese</span> <span class='ocrx_word' id='word_1_287' title='bbox 763 3754 1060 3810; x_wconf 83' lang='lat' dir='ltr'>exercendi</span> <span class='ocrx_word' id='word_1_288' title='bbox 1089 3757 1429 3825; x_wconf 89' lang='lat' dir='ltr'>potestatem</span> <span class='ocrx_word' id='word_1_289' title='bbox 1459 3753 1766 3824; x_wconf 87' lang='lat' dir='ltr'>relinquat.</span> <span class='ocrx_word' id='word_1_290' title='bbox 1797 3754 1861 3809; x_wconf 91' lang='lat' dir='ltr'>Id</span> <span class='ocrx_word' id='word_1_291' title='bbox 1893 3757 2046 3811; x_wconf 90' lang='lat' dir='ltr'>enim</span> <span class='ocrx_word' id='word_1_292' title='bbox 2066 3757 2152 3812; x_wconf 89' lang='lat' dir='ltr'>illi</span> 
     </span>
    </p>
   </div>
   <div class='ocr_carea' id='block_1_41' title="bbox 448 3842 2151 3913">
    <p class='ocr_par' dir='ltr' id='par_1_41' title="bbox 448 3842 2151 3913">
     <span class='ocr_line' id='line_1_41' title="bbox 448 3842 2151 3913; baseline 0.001 -14"><span class='ocrx_word' id='word_1_293' title='bbox 448 3843 695 3899; x_wconf 85' lang='lat' dir='ltr'>maxime</span> <span class='ocrx_word' id='word_1_294' title='bbox 725 3842 882 3897; x_wconf 90' lang='lat' dir='ltr'>cordi</span> <span class='ocrx_word' id='word_1_295' title='bbox 917 3847 1057 3909; x_wconf 83' lang='lat' dir='ltr'>erat,</span> <span class='ocrx_word' id='word_1_296' title='bbox 1099 3847 1222 3896; x_wconf 89' lang='lat' dir='ltr'>tum</span> <span class='ocrx_word' id='word_1_297' title='bbox 1266 3845 1502 3913; x_wconf 85' lang='lat' dir='ltr'>propter</span> <span class='ocrx_word' id='word_1_298' title='bbox 1549 3843 1979 3912; x_wconf 89' lang='lat' dir='ltr'>conscientiam,</span> <span class='ocrx_word' id='word_1_299' title='bbox 2027 3851 2151 3900; x_wconf 87' lang='lat' dir='ltr'>tum</span> 
     </span>
    </p>
   </div>
   <div class='ocr_carea' id='block_1_42' title="bbox 367 3924 2138 4006">
    <p class='ocr_par' dir='ltr' id='par_1_42' title="bbox 367 3924 2138 4006">
     <span class='ocr_line' id='line_1_42' title="bbox 367 3924 2138 4006; baseline 0.001 -18"><span class='ocrx_word' id='word_1_300' title='bbox 367 3924 376 3930; x_wconf 74' lang='grc'><em>â€™</em></span> <span class='ocrx_word' id='word_1_301' title='bbox 447 3937 685 4006; x_wconf 90' lang='lat' dir='ltr'>propter</span> <span class='ocrx_word' id='word_1_302' title='bbox 713 3931 1056 3987; x_wconf 88' lang='lat' dir='ltr'>catholicam</span> <span class='ocrx_word' id='word_1_303' title='bbox 1087 3930 1552 3987; x_wconf 89' lang='lat' dir='ltr'>communionem</span> <span class='ocrx_word' id='word_1_304' title='bbox 1595 3933 2138 3990; x_wconf 89' lang='lat' dir='ltr'>commendandam.</span> 
     </span>
    </p>
   </div>
   <div class='ocr_carea' id='block_1_43' title="bbox 519 4020 2196 4092">
    <p class='ocr_par' dir='ltr' id='par_1_43' title="bbox 519 4020 2196 4092">
     <span class='ocr_line' id='line_1_43' title="bbox 519 4020 2196 4092; baseline 0 -16"><span class='ocrx_word' id='word_1_305' title='bbox 519 4025 573 4076; x_wconf 90' lang='lat'>6.</span> <span class='ocrx_word' id='word_1_306' title='bbox 607 4021 722 4076; x_wconf 91' lang='lat' dir='ltr'>Sub</span> <span class='ocrx_word' id='word_1_307' title='bbox 751 4021 904 4075; x_wconf 89' lang='lat' dir='ltr'>idem</span> <span class='ocrx_word' id='word_1_308' title='bbox 931 4020 1072 4074; x_wconf 86' lang='lat' dir='ltr'>forte</span> <span class='ocrx_word' id='word_1_309' title='bbox 1103 4024 1352 4091; x_wconf 89' lang='lat' dir='ltr'>tempus,</span> <span class='ocrx_word' id='word_1_310' title='bbox 1384 4020 1741 4075; x_wconf 85' lang='lat' dir='ltr'>Marcellinus</span> <span class='ocrx_word' id='word_1_311' title='bbox 1769 4022 1834 4076; x_wconf 87' lang='lat' dir='ltr'>ad</span> <span class='ocrx_word' id='word_1_312' title='bbox 1879 4023 2147 4092; x_wconf 87' lang='lat' dir='ltr'>Augusti-</span> <span class='ocrx_word' id='word_1_313' title='bbox 2192 4053 2196 4058; x_wconf 86' lang='grc'><strong>-</strong></span> 
     </span>
    </p>
   </div>
   <div class='ocr_carea' id='block_1_44' title="bbox 447 4107 2152 4178">
    <p class='ocr_par' dir='ltr' id='par_1_44' title="bbox 447 4107 2152 4178">
     <span class='ocr_line' id='line_1_44' title="bbox 447 4107 2152 4178; baseline 0.002 -16"><span class='ocrx_word' id='word_1_314' title='bbox 447 4126 588 4164; x_wconf 91' lang='lat' dir='ltr'>num</span> <span class='ocrx_word' id='word_1_315' title='bbox 617 4109 834 4162; x_wconf 89' lang='lat' dir='ltr'>litteras</span> <span class='ocrx_word' id='word_1_316' title='bbox 854 4107 1034 4174; x_wconf 89' lang='lat' dir='ltr'>dedit,</span> <span class='ocrx_word' id='word_1_317' title='bbox 1065 4107 1275 4178; x_wconf 87' lang='lat' dir='ltr'>quibus</span> <span class='ocrx_word' id='word_1_318' title='bbox 1295 4107 1605 4163; x_wconf 89' lang='lat' dir='ltr'>missurum</span> <span class='ocrx_word' id='word_1_319' title='bbox 1633 4126 1691 4162; x_wconf 88' lang='lat' dir='ltr'>se</span> <span class='ocrx_word' id='word_1_320' title='bbox 1720 4109 1794 4163; x_wconf 90' lang='lat' dir='ltr'>ad</span> <span class='ocrx_word' id='word_1_321' title='bbox 1825 4125 1958 4164; x_wconf 89' lang='lat' dir='ltr'>eum</span> <span class='ocrx_word' id='word_1_322' title='bbox 1984 4112 2152 4166; x_wconf 90' lang='lat' dir='ltr'>Gesta</span> 
     </span>
    </p>
   </div>
   <div class='ocr_carea' id='block_1_45' title="bbox 447 4195 2147 4266">
    <p class='ocr_par' dir='ltr' id='par_1_45' title="bbox 447 4195 2147 4266">
     <span class='ocr_line' id='line_1_45' title="bbox 447 4195 2147 4266; baseline 0 -13"><span class='ocrx_word' id='word_1_323' title='bbox 447 4213 678 4252; x_wconf 88' lang='lat' dir='ltr'>reorum</span> <span class='ocrx_word' id='word_1_324' title='bbox 743 4195 1160 4250; x_wconf 85' lang='lat' dir='ltr'>confessionem</span> <span class='ocrx_word' id='word_1_325' title='bbox 1215 4196 1651 4264; x_wconf 87' lang='lat' dir='ltr'>complectentia</span> <span class='ocrx_word' id='word_1_326' title='bbox 1731 4197 2147 4266; x_wconf 86' lang='lat' dir='ltr'>pollicebatur;</span> 
     </span>
    </p>
   </div>
   <div class='ocr_carea' id='block_1_46' title="bbox 445 4282 2151 4355">
    <p class='ocr_par' dir='ltr' id='par_1_46' title="bbox 445 4282 2151 4355">
     <span class='ocr_line' id='line_1_46' title="bbox 445 4282 2151 4355; baseline 0.002 -17"><span class='ocrx_word' id='word_1_327' title='bbox 445 4285 734 4355; x_wconf 89' lang='lat' dir='ltr'>simulque</span> <span class='ocrx_word' id='word_1_328' title='bbox 765 4283 1023 4353; x_wconf 88' lang='lat' dir='ltr'>rogabat,</span> <span class='ocrx_word' id='word_1_329' title='bbox 1056 4298 1194 4336; x_wconf 92' lang='lat' dir='ltr'>num</span> <span class='ocrx_word' id='word_1_330' title='bbox 1225 4298 1294 4336; x_wconf 85' lang='lat' dir='ltr'>ea</span> <span class='ocrx_word' id='word_1_331' title='bbox 1324 4282 1384 4336; x_wconf 91' lang='lat' dir='ltr'>in</span> <span class='ocrx_word' id='word_1_332' title='bbox 1413 4284 1787 4355; x_wconf 83' lang='lat' dir='ltr'>TheOprepia,</span> <span class='ocrx_word' id='word_1_333' title='bbox 1812 4301 1948 4355; x_wconf 67' lang='lat' dir='ltr'>quae</span> <span class='ocrx_word' id='word_1_334' title='bbox 1977 4287 2151 4343; x_wconf 88' lang='lat' dir='ltr'>Colla-</span> 
     </span>
    </p>
   </div>
   <div class='ocr_carea' id='block_1_47' title="bbox 448 4370 2149 4446">
    <p class='ocr_par' dir='ltr' id='par_1_47' title="bbox 448 4370 2149 4446">
     <span class='ocr_line' id='line_1_47' title="bbox 448 4370 2149 4446; baseline 0.004 -21"><span class='ocrx_word' id='word_1_335' title='bbox 448 4371 622 4426; x_wconf 90' lang='lat' dir='ltr'>tionis</span> <span class='ocrx_word' id='word_1_336' title='bbox 651 4375 910 4441; x_wconf 90' lang='lat' dir='ltr'>tempore</span> <span class='ocrx_word' id='word_1_337' title='bbox 940 4370 1173 4425; x_wconf 84' lang='lat' dir='ltr'>ecclesia</span> <span class='ocrx_word' id='word_1_338' title='bbox 1203 4376 1324 4425; x_wconf 91' lang='lat' dir='ltr'>erat</span> <span class='ocrx_word' id='word_1_339' title='bbox 1355 4372 1779 4426; x_wconf 84' lang='lat' dir='ltr'>Donatistarum</span> <span class='ocrx_word' id='word_1_340' title='bbox 1809 4374 2149 4446; x_wconf 85' lang='lat' dir='ltr'>Carthagine</span> 
     </span>
    </p>
   </div>
   <div class='ocr_carea' id='block_1_48' title="bbox 447 4459 2147 4532">
    <p class='ocr_par' dir='ltr' id='par_1_48' title="bbox 447 4459 2147 4532">
     <span class='ocr_line' id='line_1_48' title="bbox 447 4459 2147 4532; baseline 0.002 -16"><span class='ocrx_word' id='word_1_341' title='bbox 447 4461 662 4530; x_wconf 82' lang='lat' dir='ltr'>(Coliat.</span> <span class='ocrx_word' id='word_1_342' title='bbox 698 4459 958 4526; x_wconf 85' lang='lat' dir='ltr'>Carthag.</span> <span class='ocrx_word' id='word_1_343' title='bbox 997 4461 1050 4528; x_wconf 91' lang='lat'>3,</span> <span class='ocrx_word' id='word_1_344' title='bbox 1078 4475 1198 4529; x_wconf 88' lang='lat' dir='ltr'>cap.</span> <span class='ocrx_word' id='word_1_345' title='bbox 1253 4460 1324 4526; x_wconf 77' lang='lat'>5),</span> <span class='ocrx_word' id='word_1_346' title='bbox 1356 4459 1644 4530; x_wconf 82' lang='lat' dir='ltr'>afï¬genda</span> <span class='ocrx_word' id='word_1_347' title='bbox 1675 4462 2037 4532; x_wconf 84' lang='lat' dir='ltr'>viderentur;</span> <span class='ocrx_word' id='word_1_348' title='bbox 2062 4471 2147 4520; x_wconf 86' lang='lat' dir='ltr'>at-</span> 
     </span>
    </p>
   </div>
   <div class='ocr_carea' id='block_1_49' title="bbox 447 4547 2150 4622">
    <p class='ocr_par' dir='ltr' id='par_1_49' title="bbox 447 4547 2150 4622">
     <span class='ocr_line' id='line_1_49' title="bbox 447 4547 2150 4622; baseline 0.004 -21"><span class='ocrx_word' id='word_1_349' title='bbox 447 4565 560 4620; x_wconf 90' lang='lat' dir='ltr'>que</span> <span class='ocrx_word' id='word_1_350' title='bbox 587 4547 760 4602; x_wconf 87' lang='lat' dir='ltr'>etiam</span> <span class='ocrx_word' id='word_1_351' title='bbox 798 4552 864 4602; x_wconf 91' lang='lat' dir='ltr'>ut</span> <span class='ocrx_word' id='word_1_352' title='bbox 892 4547 1064 4602; x_wconf 80' lang='lat' dir='ltr'>fidem</span> <span class='ocrx_word' id='word_1_353' title='bbox 1092 4548 1160 4602; x_wconf 91' lang='lat' dir='ltr'>de</span> <span class='ocrx_word' id='word_1_354' title='bbox 1189 4549 1472 4619; x_wconf 89' lang='lat' dir='ltr'>promisso</span> <span class='ocrx_word' id='word_1_355' title='bbox 1505 4549 1755 4620; x_wconf 87' lang='lat' dir='ltr'>quodam</span> <span class='ocrx_word' id='word_1_356' title='bbox 1783 4552 1990 4622; x_wconf 90' lang='lat' dir='ltr'>scripto</span> <span class='ocrx_word' id='word_1_357' title='bbox 2014 4553 2150 4609; x_wconf 91' lang='lat' dir='ltr'>libe-</span> 
     </span>
    </p>
   </div>
   <div class='ocr_carea' id='block_1_50' title="bbox 449 4636 2147 4712">
    <p class='ocr_par' dir='ltr' id='par_1_50' title="bbox 449 4636 2147 4712">
     <span class='ocr_line' id='line_1_50' title="bbox 449 4636 2147 4712; baseline 0.003 -21"><span class='ocrx_word' id='word_1_358' title='bbox 449 4640 623 4703; x_wconf 88' lang='lat' dir='ltr'>raret,</span> <span class='ocrx_word' id='word_1_359' title='bbox 644 4636 986 4690; x_wconf 89' lang='lat' dir='ltr'>admonebat</span> <span class='ocrx_word' id='word_1_360' title='bbox 1002 4638 1205 4706; x_wconf 78' lang='lat' dir='ltr'>(Epist.</span> <span class='ocrx_word' id='word_1_361' title='bbox 1237 4639 1356 4704; x_wconf 88' lang='grc'><strong>139,</strong></span> <span class='ocrx_word' id='word_1_362' title='bbox 1381 4653 1473 4691; x_wconf 86' lang='lat' dir='ltr'>nn.</span> <span class='ocrx_word' id='word_1_363' title='bbox 1493 4641 1511 4692; x_wconf 90' lang='grc'>1</span> <span class='ocrx_word' id='word_1_364' title='bbox 1531 4679 1544 4706; x_wconf 90' lang='grc'>,</span> <span class='ocrx_word' id='word_1_365' title='bbox 1560 4641 1611 4705; x_wconf 89' lang='lat'>3,</span> <span class='ocrx_word' id='word_1_366' title='bbox 1633 4640 1712 4709; x_wconf 86' lang='grc'>4).</span> <span class='ocrx_word' id='word_1_367' title='bbox 1741 4639 1826 4694; x_wconf 94' lang='lat' dir='ltr'>Ad</span> <span class='ocrx_word' id='word_1_368' title='bbox 1847 4657 1915 4694; x_wconf 89' lang='lat' dir='ltr'>ea</span> <span class='ocrx_word' id='word_1_369' title='bbox 1940 4657 2147 4712; x_wconf 89' lang='lat' dir='ltr'>cupere</span> 
     </span>
    </p>
   </div>
   <div class='ocr_carea' id='block_1_51' title="bbox 448 4725 2147 4796">
    <p class='ocr_par' dir='ltr' id='par_1_51' title="bbox 448 4725 2147 4796">
     <span class='ocr_line' id='line_1_51' title="bbox 448 4725 2147 4796; baseline 0.003 -16"><span class='ocrx_word' id='word_1_370' title='bbox 448 4743 507 4780; x_wconf 88' lang='lat' dir='ltr'>se</span> <span class='ocrx_word' id='word_1_371' title='bbox 539 4725 826 4796; x_wconf 89' lang='lat' dir='ltr'>rescripsit</span> <span class='ocrx_word' id='word_1_372' title='bbox 855 4725 1225 4796; x_wconf 85' lang='lat' dir='ltr'>Augustinus,</span> <span class='ocrx_word' id='word_1_373' title='bbox 1268 4729 1332 4780; x_wconf 91' lang='lat' dir='ltr'>ut</span> <span class='ocrx_word' id='word_1_374' title='bbox 1368 4726 1646 4796; x_wconf 89' lang='lat' dir='ltr'>promissa</span> <span class='ocrx_word' id='word_1_375' title='bbox 1675 4727 1784 4782; x_wconf 85' lang='lat' dir='ltr'>sibi</span> <span class='ocrx_word' id='word_1_376' title='bbox 1823 4729 1987 4783; x_wconf 88' lang='lat' dir='ltr'>Gesta</span> <span class='ocrx_word' id='word_1_377' title='bbox 2015 4730 2147 4785; x_wconf 90' lang='lat' dir='ltr'>mit-</span> 
     </span>
    </p>
   </div>
   <div class='ocr_carea' id='block_1_52' title="bbox 447 4813 2150 4885">
    <p class='ocr_par' dir='ltr' id='par_1_52' title="bbox 447 4813 2150 4885">
     <span class='ocr_line' id='line_1_52' title="bbox 447 4813 2150 4885; baseline 0.004 -17"><span class='ocrx_word' id='word_1_378' title='bbox 447 4818 663 4880; x_wconf 86' lang='lat' dir='ltr'>tantur,</span> <span class='ocrx_word' id='word_1_379' title='bbox 696 4830 823 4884; x_wconf 81' lang='lat' dir='ltr'>quae</span> <span class='ocrx_word' id='word_1_380' title='bbox 850 4814 1061 4868; x_wconf 91' lang='lat' dir='ltr'>scilicet</span> <span class='ocrx_word' id='word_1_381' title='bbox 1089 4813 1520 4885; x_wconf 87' lang='lat' dir='ltr'>quamprimum</span> <span class='ocrx_word' id='word_1_382' title='bbox 1534 4831 1648 4870; x_wconf 92' lang='lat' dir='ltr'>non</span> <span class='ocrx_word' id='word_1_383' title='bbox 1660 4817 1831 4872; x_wconf 91' lang='lat' dir='ltr'>modo</span> <span class='ocrx_word' id='word_1_384' title='bbox 1844 4816 1904 4870; x_wconf 92' lang='lat' dir='ltr'>in</span> <span class='ocrx_word' id='word_1_385' title='bbox 1916 4819 2150 4874; x_wconf 90' lang='lat' dir='ltr'>ecclesia</span> 
     </span>
    </p>
   </div>
   <div class='ocr_carea' id='block_1_53' title="bbox 451 4902 2150 4974">
    <p class='ocr_par' dir='ltr' id='par_1_53' title="bbox 451 4902 2150 4974">
     <span class='ocr_line' id='line_1_53' title="bbox 451 4902 2150 4974; baseline 0.002 -16"><span class='ocrx_word' id='word_1_386' title='bbox 451 4902 826 4974; x_wconf 82' lang='lat' dir='ltr'>Hipponensi,</span> <span class='ocrx_word' id='word_1_387' title='bbox 859 4919 1058 4956; x_wconf 85' lang='lat' dir='ltr'>verum</span> <span class='ocrx_word' id='word_1_388' title='bbox 1090 4904 1280 4967; x_wconf 85' lang='lat' dir='ltr'>etiam,</span> <span class='ocrx_word' id='word_1_389' title='bbox 1320 4903 1367 4957; x_wconf 92' lang='lat' dir='ltr'>si</span> <span class='ocrx_word' id='word_1_390' title='bbox 1411 4902 1539 4958; x_wconf 84' lang='lat' dir='ltr'>ï¬eri</span> <span class='ocrx_word' id='word_1_391' title='bbox 1576 4905 1775 4974; x_wconf 88' lang='lat' dir='ltr'>possit,</span> <span class='ocrx_word' id='word_1_392' title='bbox 1823 4905 1884 4959; x_wconf 92' lang='lat' dir='ltr'>in</span> <span class='ocrx_word' id='word_1_393' title='bbox 1927 4908 2150 4962; x_wconf 69' lang='lat' dir='ltr'>caeteris</span> 
     </span>
    </p>
   </div>
   <div class='ocr_carea' id='block_1_54' title="bbox 450 4989 2148 5065">
    <p class='ocr_par' dir='ltr' id='par_1_54' title="bbox 450 4989 2148 5065">
     <span class='ocr_line' id='line_1_54' title="bbox 450 4989 2148 5065; baseline 0.004 -22"><span class='ocrx_word' id='word_1_394' title='bbox 450 4989 723 5044; x_wconf 90' lang='lat' dir='ltr'>omnibus</span> <span class='ocrx_word' id='word_1_395' title='bbox 755 4991 1011 5060; x_wconf 90' lang='lat' dir='ltr'>ejusdem</span> <span class='ocrx_word' id='word_1_396' title='bbox 1040 4991 1342 5046; x_wconf 87' lang='lat' dir='ltr'>dioeceseos</span> <span class='ocrx_word' id='word_1_397' title='bbox 1373 4997 1533 5046; x_wconf 89' lang='lat' dir='ltr'>curet</span> <span class='ocrx_word' id='word_1_398' title='bbox 1559 4994 1837 5065; x_wconf 87' lang='lat' dir='ltr'>legenda:</span> <span class='ocrx_word' id='word_1_399' title='bbox 1874 4993 1985 5048; x_wconf 89' lang='lat' dir='ltr'>illis</span> <span class='ocrx_word' id='word_1_400' title='bbox 2015 5012 2148 5049; x_wconf 91' lang='lat' dir='ltr'>vero</span> 
     </span>
    </p>
   </div>
   <div class='ocr_carea' id='block_1_55' title="bbox 447 5076 2146 5153">
    <p class='ocr_par' dir='ltr' id='par_1_55' title="bbox 447 5076 2146 5153">
     <span class='ocr_line' id='line_1_55' title="bbox 447 5076 2146 5153; baseline 0.004 -21"><span class='ocrx_word' id='word_1_401' title='bbox 447 5076 792 5148; x_wconf 81' lang='lat' dir='ltr'>Carthagine</span> <span class='ocrx_word' id='word_1_402' title='bbox 807 5077 1105 5148; x_wconf 84' lang='lat' dir='ltr'>affigendis</span> <span class='ocrx_word' id='word_1_403' title='bbox 1122 5079 1305 5133; x_wconf 91' lang='lat' dir='ltr'>locum</span> <span class='ocrx_word' id='word_1_404' title='bbox 1321 5079 1580 5134; x_wconf 91' lang='lat' dir='ltr'>omnium</span> <span class='ocrx_word' id='word_1_405' title='bbox 1593 5082 2122 5153; x_wconf 88' lang='lat' dir='ltr'>frequentissimum</span> <span class='ocrx_word' id='word_1_406' title='bbox 2133 5126 2146 5145; x_wconf 88' lang='lat'>.</span> 
     </span>
    </p>
   </div>
   <div class='ocr_carea' id='block_1_56' title="bbox 453 5165 2146 5239">
    <p class='ocr_par' dir='ltr' id='par_1_56' title="bbox 453 5165 2146 5239">
     <span class='ocr_line' id='line_1_56' title="bbox 453 5165 2146 5239; baseline 0.003 -19"><span class='ocrx_word' id='word_1_407' title='bbox 453 5167 567 5221; x_wconf 87' lang='lat' dir='ltr'>sive</span> <span class='ocrx_word' id='word_1_408' title='bbox 600 5166 660 5219; x_wconf 92' lang='lat' dir='ltr'>in</span> <span class='ocrx_word' id='word_1_409' title='bbox 686 5166 1065 5236; x_wconf 87' lang='lat' dir='ltr'>Theoprepia,</span> <span class='ocrx_word' id='word_1_410' title='bbox 1098 5165 1213 5221; x_wconf 89' lang='lat' dir='ltr'>sive</span> <span class='ocrx_word' id='word_1_411' title='bbox 1244 5166 1401 5229; x_wconf 90' lang='lat' dir='ltr'>alibi,</span> <span class='ocrx_word' id='word_1_412' title='bbox 1444 5167 1810 5239; x_wconf 87' lang='lat' dir='ltr'>deligendum</span> <span class='ocrx_word' id='word_1_413' title='bbox 1843 5187 1981 5224; x_wconf 84' lang='lat' dir='ltr'>esse.</span> <span class='ocrx_word' id='word_1_414' title='bbox 2037 5172 2146 5226; x_wconf 89' lang='lat' dir='ltr'>Ob-</span> 
     </span>
    </p>
   </div>
   <div class='ocr_carea' id='block_1_57' title="bbox 448 5254 2148 5327">
    <p class='ocr_par' dir='ltr' id='par_1_57' title="bbox 448 5254 2148 5327">
     <span class='ocr_line' id='line_1_57' title="bbox 448 5254 2148 5327; baseline 0.002 -16"><span class='ocrx_word' id='word_1_415' title='bbox 448 5259 690 5311; x_wconf 88' lang='lat' dir='ltr'>testatur</span> <span class='ocrx_word' id='word_1_416' title='bbox 718 5254 912 5324; x_wconf 90' lang='lat' dir='ltr'>etiam,</span> <span class='ocrx_word' id='word_1_417' title='bbox 952 5270 1181 5308; x_wconf 88' lang='lat' dir='ltr'>reorum</span> <span class='ocrx_word' id='word_1_418' title='bbox 1229 5254 1404 5325; x_wconf 89' lang='lat' dir='ltr'>capiti</span> <span class='ocrx_word' id='word_1_419' title='bbox 1451 5261 1680 5327; x_wconf 89' lang='lat' dir='ltr'>parcat;</span> <span class='ocrx_word' id='word_1_420' title='bbox 1727 5258 1817 5313; x_wconf 90' lang='lat' dir='ltr'>sin</span> <span class='ocrx_word' id='word_1_421' title='bbox 1848 5263 2042 5314; x_wconf 89' lang='lat' dir='ltr'>autem</span> <span class='ocrx_word' id='word_1_422' title='bbox 2091 5260 2148 5314; x_wconf 93' lang='lat' dir='ltr'>id</span> 
     </span>
    </p>
   </div>
   <div class='ocr_carea' id='block_1_58' title="bbox 447 5343 2149 5417">
    <p class='ocr_par' dir='ltr' id='par_1_58' title="bbox 447 5343 2149 5417">
     <span class='ocr_line' id='line_1_58' title="bbox 447 5343 2149 5417; baseline 0.001 -16"><span class='ocrx_word' id='word_1_423' title='bbox 447 5344 679 5401; x_wconf 89' lang='lat' dir='ltr'>concedi</span> <span class='ocrx_word' id='word_1_424' title='bbox 718 5361 836 5398; x_wconf 91' lang='lat' dir='ltr'>non</span> <span class='ocrx_word' id='word_1_425' title='bbox 859 5343 1055 5414; x_wconf 87' lang='lat' dir='ltr'>possit,</span> <span class='ocrx_word' id='word_1_426' title='bbox 1085 5343 1248 5397; x_wconf 89' lang='lat' dir='ltr'>binas</span> <span class='ocrx_word' id='word_1_427' title='bbox 1285 5345 1523 5415; x_wconf 89' lang='lat' dir='ltr'>litteras,</span> <span class='ocrx_word' id='word_1_428' title='bbox 1554 5362 1696 5417; x_wconf 90' lang='lat' dir='ltr'>quas</span> <span class='ocrx_word' id='word_1_429' title='bbox 1724 5347 1826 5401; x_wconf 89' lang='lat' dir='ltr'>bac</span> <span class='ocrx_word' id='word_1_430' title='bbox 1853 5347 1922 5401; x_wconf 89' lang='lat' dir='ltr'>de</span> <span class='ocrx_word' id='word_1_431' title='bbox 1951 5364 2012 5401; x_wconf 91' lang='lat' dir='ltr'>re</span> <span class='ocrx_word' id='word_1_432' title='bbox 2037 5347 2149 5403; x_wconf 90' lang='lat' dir='ltr'>sin-</span> 
     </span>
    </p>
   </div>
   <div class='ocr_carea' id='block_1_59' title="bbox 447 5432 2146 5505">
    <p class='ocr_par' dir='ltr' id='par_1_59' title="bbox 447 5432 2146 5505">
     <span class='ocr_line' id='line_1_59' title="bbox 447 5432 2146 5505; baseline 0.001 -16"><span class='ocrx_word' id='word_1_433' title='bbox 447 5435 610 5505; x_wconf 82' lang='lat' dir='ltr'>gulas</span> <span class='ocrx_word' id='word_1_434' title='bbox 649 5433 719 5488; x_wconf 90' lang='lat' dir='ltr'>ad</span> <span class='ocrx_word' id='word_1_435' title='bbox 750 5433 915 5486; x_wconf 91' lang='lat' dir='ltr'>illum</span> <span class='ocrx_word' id='word_1_436' title='bbox 963 5435 1021 5486; x_wconf 92' lang='lat' dir='ltr'>et</span> <span class='ocrx_word' id='word_1_437' title='bbox 1057 5432 1128 5486; x_wconf 86' lang='lat' dir='ltr'>ad</span> <span class='ocrx_word' id='word_1_438' title='bbox 1177 5433 1581 5488; x_wconf 88' lang='lat' dir='ltr'>Proconsulem</span> <span class='ocrx_word' id='word_1_439' title='bbox 1627 5433 1803 5504; x_wconf 86' lang='lat' dir='ltr'>dedit,</span> <span class='ocrx_word' id='word_1_440' title='bbox 1849 5436 2146 5490; x_wconf 63' lang='lat' dir='ltr'>sententia:</span> 
     </span>
    </p>
   </div>
   <div class='ocr_carea' id='block_1_60' title="bbox 445 5522 2147 5596">
    <p class='ocr_par' dir='ltr' id='par_1_60' title="bbox 445 5522 2147 5596">
     <span class='ocr_line' id='line_1_60' title="bbox 445 5522 2147 5596; baseline 0.003 -21"><span class='ocrx_word' id='word_1_441' title='bbox 445 5523 691 5588; x_wconf 87' lang='lat' dir='ltr'>inserat;</span> <span class='ocrx_word' id='word_1_442' title='bbox 742 5526 842 5576; x_wconf 90' lang='lat' dir='ltr'>aut</span> <span class='ocrx_word' id='word_1_443' title='bbox 858 5523 1059 5578; x_wconf 90' lang='lat' dir='ltr'>saltem</span> <span class='ocrx_word' id='word_1_444' title='bbox 1107 5526 1294 5577; x_wconf 89' lang='lat' dir='ltr'>sontes</span> <span class='ocrx_word' id='word_1_445' title='bbox 1331 5522 1394 5576; x_wconf 92' lang='lat' dir='ltr'>in</span> <span class='ocrx_word' id='word_1_446' title='bbox 1440 5522 1693 5578; x_wconf 88' lang='lat' dir='ltr'>custodia</span> <span class='ocrx_word' id='word_1_447' title='bbox 1737 5524 2014 5596; x_wconf 90' lang='lat' dir='ltr'>tantisper</span> <span class='ocrx_word' id='word_1_448' title='bbox 2049 5525 2147 5580; x_wconf 86' lang='lat' dir='ltr'>ha-</span> 
     </span>
    </p>
   </div>
   <div class='ocr_carea' id='block_1_61' title="bbox 3869 277 3976 330">
    <p class='ocr_par' dir='ltr' id='par_1_61' title="bbox 3869 277 3976 330">
     <span class='ocr_line' id='line_1_61' title="bbox 3869 277 3976 330; baseline 0.009 -1"><span class='ocrx_word' id='word_1_449' title='bbox 3869 277 3976 330; x_wconf 69' lang='grc'>452</span> 
     </span>
    </p>
   </div>
   <div class='ocr_carea' id='block_1_62' title="bbox 2257 399 4037 474">
    <p class='ocr_par' dir='ltr' id='par_1_62' title="bbox 2257 399 4037 474">
     <span class='ocr_line' id='line_1_62' title="bbox 2257 399 4037 474; baseline 0.002 -22"><span class='ocrx_word' id='word_1_450' title='bbox 2257 399 2520 467; x_wconf 88' lang='lat' dir='ltr'>beantur,</span> <span class='ocrx_word' id='word_1_451' title='bbox 2552 400 2688 453; x_wconf 92' lang='lat' dir='ltr'>dum</span> <span class='ocrx_word' id='word_1_452' title='bbox 2724 399 2832 453; x_wconf 91' lang='lat' dir='ltr'>illis</span> <span class='ocrx_word' id='word_1_453' title='bbox 2868 399 3095 453; x_wconf 87' lang='lat' dir='ltr'>veniam</span> <span class='ocrx_word' id='word_1_454' title='bbox 3125 400 3195 453; x_wconf 89' lang='lat' dir='ltr'>de</span> <span class='ocrx_word' id='word_1_455' title='bbox 3216 399 3517 454; x_wconf 90' lang='lat' dir='ltr'>clementia</span> <span class='ocrx_word' id='word_1_456' title='bbox 3543 402 3977 472; x_wconf 87' lang='lat' dir='ltr'>Imperatorum</span> <span class='ocrx_word' id='word_1_457' title='bbox 4035 403 4037 474; x_wconf 62' lang='lat'><strong>1</strong></span> 
     </span>
    </p>
   </div>
   <div class='ocr_carea' id='block_1_63' title="bbox 2254 475 3975 559">
    <p class='ocr_par' dir='ltr' id='par_1_63' title="bbox 2254 475 3975 559">
     <span class='ocr_line' id='line_1_63' title="bbox 2254 475 3975 559; baseline -0.001 -16"><span class='ocrx_word' id='word_1_458' title='bbox 2254 475 2563 558; x_wconf 75' lang='lat' dir='ltr'>impetrare</span> <span class='ocrx_word' id='word_1_459' title='bbox 2581 487 2829 544; x_wconf 89' lang='lat' dir='ltr'>curabit:</span> <span class='ocrx_word' id='word_1_460' title='bbox 2858 487 3070 559; x_wconf 88' lang='lat' dir='ltr'>quippe</span> <span class='ocrx_word' id='word_1_461' title='bbox 3097 487 3195 558; x_wconf 90' lang='lat' dir='ltr'>qui</span> <span class='ocrx_word' id='word_1_462' title='bbox 3225 488 3409 554; x_wconf 90' lang='lat' dir='ltr'>sciret,</span> <span class='ocrx_word' id='word_1_463' title='bbox 3433 489 3749 544; x_wconf 89' lang='lat' dir='ltr'>Gentilibus</span> <span class='ocrx_word' id='word_1_464' title='bbox 3768 492 3975 544; x_wconf 89' lang='lat' dir='ltr'>Anau-</span> 
     </span>
    </p>
   </div>
   <div class='ocr_carea' id='block_1_64' title="bbox 2256 572 3975 648">
    <p class='ocr_par' dir='ltr' id='par_1_64' title="bbox 2256 572 3975 648">
     <span class='ocr_line' id='line_1_64' title="bbox 2256 572 3975 648; baseline -0.001 -18"><span class='ocrx_word' id='word_1_465' title='bbox 2256 575 2518 630; x_wconf 89' lang='lat' dir='ltr'>nensium</span> <span class='ocrx_word' id='word_1_466' title='bbox 2550 581 2866 646; x_wconf 88' lang='lat' dir='ltr'>martyrum</span> <span class='ocrx_word' id='word_1_467' title='bbox 2891 572 3348 630; x_wconf 74' lang='lat' dir='ltr'>interfectoribus</span> <span class='ocrx_word' id='word_1_468' title='bbox 3365 581 3496 630; x_wconf 92' lang='lat' dir='ltr'>ante</span> <span class='ocrx_word' id='word_1_469' title='bbox 3527 577 3751 648; x_wconf 89' lang='lat' dir='ltr'>aliquot</span> <span class='ocrx_word' id='word_1_470' title='bbox 3779 593 3975 631; x_wconf 90' lang='lat' dir='ltr'>annos</span> 
     </span>
    </p>
   </div>
   <div class='ocr_carea' id='block_1_65' title="bbox 2257 663 3971 734">
    <p class='ocr_par' dir='ltr' id='par_1_65' title="bbox 2257 663 3971 734">
     <span class='ocr_line' id='line_1_65' title="bbox 2257 663 3971 734; baseline 0.001 -16"><span class='ocrx_word' id='word_1_471' title='bbox 2257 665 2665 734; x_wconf 88' lang='lat' dir='ltr'>Imperatorem</span> <span class='ocrx_word' id='word_1_472' title='bbox 2713 669 2997 733; x_wconf 85' lang='lat' dir='ltr'>rogatum,</span> <span class='ocrx_word' id='word_1_473' title='bbox 3040 679 3111 717; x_wconf 91' lang='lat' dir='ltr'>ne</span> <span class='ocrx_word' id='word_1_474' title='bbox 3162 668 3344 717; x_wconf 89' lang='lat' dir='ltr'>morte</span> <span class='ocrx_word' id='word_1_475' title='bbox 3385 663 3752 734; x_wconf 90' lang='lat' dir='ltr'>punirentur,</span> <span class='ocrx_word' id='word_1_476' title='bbox 3799 665 3971 720; x_wconf 88' lang='lat' dir='ltr'>facile</span> 
     </span>
    </p>
   </div>
   <div class='ocr_carea' id='block_1_66' title="bbox 2257 751 3971 825">
    <p class='ocr_par' dir='ltr' id='par_1_66' title="bbox 2257 751 3971 825">
     <span class='ocr_line' id='line_1_66' title="bbox 2257 751 3971 825; baseline 0.001 -19"><span class='ocrx_word' id='word_1_477' title='bbox 2257 752 2591 806; x_wconf 87' lang='lat' dir='ltr'>concessise.</span> <span class='ocrx_word' id='word_1_478' title='bbox 2626 751 2896 815; x_wconf 88' lang='lat' dir='ltr'>Queritur</span> <span class='ocrx_word' id='word_1_479' title='bbox 2924 757 2982 806; x_wconf 86' lang='lat' dir='ltr'>et</span> <span class='ocrx_word' id='word_1_480' title='bbox 3011 752 3079 806; x_wconf 88' lang='lat' dir='ltr'>de</span> <span class='ocrx_word' id='word_1_481' title='bbox 3106 751 3334 821; x_wconf 89' lang='lat' dir='ltr'>injuriis</span> <span class='ocrx_word' id='word_1_482' title='bbox 3384 759 3450 806; x_wconf 85' lang='lat' dir='ltr'>ac</span> <span class='ocrx_word' id='word_1_483' title='bbox 3476 752 3791 821; x_wconf 88' lang='lat' dir='ltr'>violentiis,</span> <span class='ocrx_word' id='word_1_484' title='bbox 3843 754 3971 825; x_wconf 84' lang='lat' dir='ltr'>qui-</span> 
     </span>
    </p>
   </div>
   <div class='ocr_carea' id='block_1_67' title="bbox 2255 839 3967 913">
    <p class='ocr_par' dir='ltr' id='par_1_67' title="bbox 2255 839 3967 913">
     <span class='ocr_line' id='line_1_67' title="bbox 2255 839 3967 913; baseline 0 -17"><span class='ocrx_word' id='word_1_485' title='bbox 2255 841 2363 896; x_wconf 83' lang='lat' dir='ltr'>bus</span> <span class='ocrx_word' id='word_1_486' title='bbox 2407 841 2467 895; x_wconf 94' lang='lat' dir='ltr'>in</span> <span class='ocrx_word' id='word_1_487' title='bbox 2499 839 2726 895; x_wconf 74' lang='lat' dir='ltr'>dioecesi</span> <span class='ocrx_word' id='word_1_488' title='bbox 2776 857 2879 894; x_wconf 91' lang='lat' dir='ltr'>sua</span> <span class='ocrx_word' id='word_1_489' title='bbox 2934 839 3297 909; x_wconf 88' lang='lat' dir='ltr'>schismatici,</span> <span class='ocrx_word' id='word_1_490' title='bbox 3354 841 3637 896; x_wconf 83' lang='lat' dir='ltr'>Macrobio</span> <span class='ocrx_word' id='word_1_491' title='bbox 3692 843 3967 913; x_wconf 89' lang='lat' dir='ltr'>episcopo</span> 
     </span>
    </p>
   </div>
   <div class='ocr_carea' id='block_1_68' title="bbox 2258 928 3968 1001">
    <p class='ocr_par' dir='ltr' id='par_1_68' title="bbox 2258 928 3968 1001">
     <span class='ocr_line' id='line_1_68' title="bbox 2258 928 3968 1001; baseline 0 -17"><span class='ocrx_word' id='word_1_492' title='bbox 2258 930 2418 992; x_wconf 89' lang='lat' dir='ltr'>duce,</span> <span class='ocrx_word' id='word_1_493' title='bbox 2451 929 2703 984; x_wconf 88' lang='lat' dir='ltr'>insanire</span> <span class='ocrx_word' id='word_1_494' title='bbox 2735 945 2799 981; x_wconf 88' lang='lat' dir='ltr'>ac</span> <span class='ocrx_word' id='word_1_495' title='bbox 2847 928 3182 982; x_wconf 88' lang='lat' dir='ltr'>debacchari</span> <span class='ocrx_word' id='word_1_496' title='bbox 3230 929 3565 999; x_wconf 88' lang='lat' dir='ltr'>pergebant.</span> <span class='ocrx_word' id='word_1_497' title='bbox 3628 932 3771 984; x_wconf 81' lang='lat' dir='ltr'>Nam</span> <span class='ocrx_word' id='word_1_498' title='bbox 3821 947 3968 1001; x_wconf 83' lang='lat' dir='ltr'>quas</span> 
     </span>
    </p>
   </div>
   <div class='ocr_carea' id='block_1_69' title="bbox 2257 1015 3970 1086">
    <p class='ocr_par' dir='ltr' id='par_1_69' title="bbox 2257 1015 3970 1086">
     <span class='ocr_line' id='line_1_69' title="bbox 2257 1015 3970 1086; baseline 0.001 -16"><span class='ocrx_word' id='word_1_499' title='bbox 2257 1017 2516 1071; x_wconf 90' lang='lat' dir='ltr'>locorum</span> <span class='ocrx_word' id='word_1_500' title='bbox 2547 1015 2785 1081; x_wconf 89' lang='lat' dir='ltr'>domini,</span> <span class='ocrx_word' id='word_1_501' title='bbox 2817 1016 3011 1086; x_wconf 88' lang='lat' dir='ltr'>legum</span> <span class='ocrx_word' id='word_1_502' title='bbox 3051 1015 3258 1070; x_wconf 89' lang='lat' dir='ltr'>timore</span> <span class='ocrx_word' id='word_1_503' title='bbox 3289 1015 3466 1086; x_wconf 90' lang='lat' dir='ltr'>ducti,</span> <span class='ocrx_word' id='word_1_504' title='bbox 3497 1018 3819 1072; x_wconf 86' lang='lat' dir='ltr'>clauserant</span> <span class='ocrx_word' id='word_1_505' title='bbox 3860 1019 3970 1072; x_wconf 85' lang='lat' dir='ltr'>Do-</span> 
     </span>
    </p>
   </div>
   <div class='ocr_carea' id='block_1_70' title="bbox 2258 1103 3966 1176">
    <p class='ocr_par' dir='ltr' id='par_1_70' title="bbox 2258 1103 3966 1176">
     <span class='ocr_line' id='line_1_70' title="bbox 2258 1103 3966 1176; baseline 0.001 -17"><span class='ocrx_word' id='word_1_506' title='bbox 2258 1105 2595 1159; x_wconf 88' lang='lat' dir='ltr'>natistarum</span> <span class='ocrx_word' id='word_1_507' title='bbox 2641 1105 2919 1170; x_wconf 88' lang='lat' dir='ltr'>basilicas,</span> <span class='ocrx_word' id='word_1_508' title='bbox 2966 1104 3064 1157; x_wconf 87' lang='lat' dir='ltr'>bas</span> <span class='ocrx_word' id='word_1_509' title='bbox 3126 1103 3440 1158; x_wconf 84' lang='lat' dir='ltr'>Macrobius</span> <span class='ocrx_word' id='word_1_510' title='bbox 3497 1121 3966 1176; x_wconf 86' lang='lat' dir='ltr'>quoquoversum</span> 
     </span>
    </p>
   </div>
   <div class='ocr_carea' id='block_1_71' title="bbox 2259 1191 3967 1262">
    <p class='ocr_par' dir='ltr' id='par_1_71' title="bbox 2259 1191 3967 1262">
     <span class='ocr_line' id='line_1_71' title="bbox 2259 1191 3967 1262; baseline 0.001 -16"><span class='ocrx_word' id='word_1_511' title='bbox 2259 1193 2536 1247; x_wconf 89' lang='lat' dir='ltr'>cursitans</span> <span class='ocrx_word' id='word_1_512' title='bbox 2565 1209 2694 1247; x_wconf 91' lang='lat' dir='ltr'>cum</span> <span class='ocrx_word' id='word_1_513' title='bbox 2732 1193 3091 1262; x_wconf 88' lang='lat' dir='ltr'>perditorum</span> <span class='ocrx_word' id='word_1_514' title='bbox 3122 1191 3427 1246; x_wconf 91' lang='lat' dir='ltr'>hominum</span> <span class='ocrx_word' id='word_1_515' title='bbox 3458 1209 3522 1246; x_wconf 90' lang='lat' dir='ltr'>ac</span> <span class='ocrx_word' id='word_1_516' title='bbox 3538 1193 3847 1247; x_wconf 88' lang='lat' dir='ltr'>mulierum</span> <span class='ocrx_word' id='word_1_517' title='bbox 3879 1211 3967 1247; x_wconf 91' lang='lat' dir='ltr'>sa-</span> 
     </span>
    </p>
   </div>
   <div class='ocr_carea' id='block_1_72' title="bbox 2259 1279 3962 1351">
    <p class='ocr_par' dir='ltr' id='par_1_72' title="bbox 2259 1279 3962 1351">
     <span class='ocr_line' id='line_1_72' title="bbox 2259 1279 3962 1351; baseline 0.001 -16"><span class='ocrx_word' id='word_1_518' title='bbox 2259 1280 2481 1348; x_wconf 90' lang='lat' dir='ltr'>tellitio,</span> <span class='ocrx_word' id='word_1_519' title='bbox 2513 1297 2617 1351; x_wconf 89' lang='lat' dir='ltr'>per</span> <span class='ocrx_word' id='word_1_520' title='bbox 2634 1281 2746 1334; x_wconf 85' lang='lat' dir='ltr'>vim</span> <span class='ocrx_word' id='word_1_521' title='bbox 2770 1279 2980 1351; x_wconf 89' lang='lat' dir='ltr'>aperiri</span> <span class='ocrx_word' id='word_1_522' title='bbox 3011 1280 3119 1334; x_wconf 90' lang='lat' dir='ltr'>sibi</span> <span class='ocrx_word' id='word_1_523' title='bbox 3143 1280 3401 1350; x_wconf 88' lang='lat' dir='ltr'>jubebat.</span> <span class='ocrx_word' id='word_1_524' title='bbox 3430 1281 3839 1336; x_wconf 72' lang='lat' dir='ltr'>Haereticorum</span> <span class='ocrx_word' id='word_1_525' title='bbox 3859 1299 3962 1336; x_wconf 87' lang='lat' dir='ltr'>au-</span> 
     </span>
    </p>
   </div>
   <div class='ocr_carea' id='block_1_73' title="bbox 2260 1369 3962 1440">
    <p class='ocr_par' dir='ltr' id='par_1_73' title="bbox 2260 1369 3962 1440">
     <span class='ocr_line' id='line_1_73' title="bbox 2260 1369 3962 1440; baseline 0.001 -18"><span class='ocrx_word' id='word_1_526' title='bbox 2260 1369 2478 1423; x_wconf 88' lang='lat' dir='ltr'>daciam</span> <span class='ocrx_word' id='word_1_527' title='bbox 2497 1370 2757 1424; x_wconf 89' lang='lat' dir='ltr'>nonnihil</span> <span class='ocrx_word' id='word_1_528' title='bbox 2776 1369 3426 1440; x_wconf 88' lang='lat' dir='ltr'>Spondeusfrenaverat,</span> <span class='ocrx_word' id='word_1_529' title='bbox 3444 1369 3812 1439; x_wconf 61' lang='lat' dir='ltr'>praediorum,</span> <span class='ocrx_word' id='word_1_530' title='bbox 3829 1386 3962 1440; x_wconf 65' lang='lat' dir='ltr'>quae</span> 
     </span>
    </p>
   </div>
   <div class='ocr_carea' id='block_1_74' title="bbox 2261 1456 3961 1528">
    <p class='ocr_par' dir='ltr' id='par_1_74' title="bbox 2261 1456 3961 1528">
     <span class='ocr_line' id='line_1_74' title="bbox 2261 1456 3961 1528; baseline 0.001 -17"><span class='ocrx_word' id='word_1_531' title='bbox 2261 1458 2419 1512; x_wconf 88' lang='lat' dir='ltr'>Celer</span> <span class='ocrx_word' id='word_1_532' title='bbox 2449 1457 2724 1527; x_wconf 87' lang='lat' dir='ltr'>dignitate</span> <span class='ocrx_word' id='word_1_533' title='bbox 2769 1457 2855 1511; x_wconf 91' lang='lat' dir='ltr'>vir</span> <span class='ocrx_word' id='word_1_534' title='bbox 2883 1456 3229 1512; x_wconf 86' lang='lat' dir='ltr'>clarissimus</span> <span class='ocrx_word' id='word_1_535' title='bbox 3266 1457 3328 1511; x_wconf 90' lang='lat' dir='ltr'>in</span> <span class='ocrx_word' id='word_1_536' title='bbox 3374 1456 3727 1528; x_wconf 79' lang='lat' dir='ltr'>Hipponensi</span> <span class='ocrx_word' id='word_1_537' title='bbox 3769 1463 3961 1513; x_wconf 85' lang='lat' dir='ltr'>tractu</span> 
     </span>
    </p>
   </div>
   <div class='ocr_carea' id='block_1_75' title="bbox 2260 1545 3962 1616">
    <p class='ocr_par' dir='ltr' id='par_1_75' title="bbox 2260 1545 3962 1616">
     <span class='ocr_line' id='line_1_75' title="bbox 2260 1545 3962 1616; baseline 0 -16"><span class='ocrx_word' id='word_1_538' title='bbox 2260 1545 2603 1616; x_wconf 89' lang='lat' dir='ltr'>possidebat,</span> <span class='ocrx_word' id='word_1_539' title='bbox 2636 1550 2992 1616; x_wconf 90' lang='lat' dir='ltr'>procurator.</span> <span class='ocrx_word' id='word_1_540' title='bbox 3044 1545 3152 1599; x_wconf 89' lang='lat' dir='ltr'>Sed</span> <span class='ocrx_word' id='word_1_541' title='bbox 3197 1561 3328 1599; x_wconf 91' lang='lat' dir='ltr'>eum</span> <span class='ocrx_word' id='word_1_542' title='bbox 3372 1545 3422 1599; x_wconf 88' lang='lat' dir='ltr'>is</span> <span class='ocrx_word' id='word_1_543' title='bbox 3451 1547 3857 1616; x_wconf 88' lang='lat' dir='ltr'>Carthaginem</span> <span class='ocrx_word' id='word_1_544' title='bbox 3900 1563 3962 1600; x_wconf 90' lang='lat' dir='ltr'>se</span> 
     </span>
    </p>
   </div>
   <div class='ocr_carea' id='block_1_76' title="bbox 2259 1633 3964 1698">
    <p class='ocr_par' dir='ltr' id='par_1_76' title="bbox 2259 1633 3964 1698">
     <span class='ocr_line' id='line_1_76' title="bbox 2259 1633 3964 1698; baseline 0.002 -12"><span class='ocrx_word' id='word_1_545' title='bbox 2259 1633 2609 1698; x_wconf 88' lang='lat' dir='ltr'>contulisset,</span> <span class='ocrx_word' id='word_1_546' title='bbox 2627 1633 2890 1688; x_wconf 87' lang='lat' dir='ltr'>reseratis</span> <span class='ocrx_word' id='word_1_547' title='bbox 2903 1633 3095 1688; x_wconf 87' lang='lat' dir='ltr'>statim</span> <span class='ocrx_word' id='word_1_548' title='bbox 3119 1633 3367 1688; x_wconf 89' lang='lat' dir='ltr'>ecclesiis</span> <span class='ocrx_word' id='word_1_549' title='bbox 3379 1634 3692 1690; x_wconf 80' lang='lat' dir='ltr'>Macrobius</span> <span class='ocrx_word' id='word_1_550' title='bbox 3726 1651 3964 1689; x_wconf 90' lang='lat' dir='ltr'>suorum</span> 
     </span>
    </p>
   </div>
   <div class='ocr_carea' id='block_1_77' title="bbox 2259 1721 3965 1793">
    <p class='ocr_par' dir='ltr' id='par_1_77' title="bbox 2259 1721 3965 1793">
     <span class='ocr_line' id='line_1_77' title="bbox 2259 1721 3965 1793; baseline 0.001 -18"><span class='ocrx_word' id='word_1_551' title='bbox 2259 1722 2648 1775; x_wconf 90' lang='lat' dir='ltr'>conventicula</span> <span class='ocrx_word' id='word_1_552' title='bbox 2667 1721 2727 1775; x_wconf 91' lang='lat' dir='ltr'>in</span> <span class='ocrx_word' id='word_1_553' title='bbox 2756 1722 2895 1792; x_wconf 90' lang='lat' dir='ltr'>ipsis</span> <span class='ocrx_word' id='word_1_554' title='bbox 2925 1722 3134 1776; x_wconf 89' lang='lat' dir='ltr'>Celeris</span> <span class='ocrx_word' id='word_1_555' title='bbox 3170 1725 3269 1775; x_wconf 91' lang='lat' dir='ltr'>aut</span> <span class='ocrx_word' id='word_1_556' title='bbox 3296 1721 3542 1792; x_wconf 89' lang='lat' dir='ltr'>Spondei</span> <span class='ocrx_word' id='word_1_557' title='bbox 3597 1723 3965 1793; x_wconf 84' lang='lat' dir='ltr'>possessioni-</span> 
     </span>
    </p>
   </div>
   <div class='ocr_carea' id='block_1_78' title="bbox 2259 1809 3962 1880">
    <p class='ocr_par' dir='ltr' id='par_1_78' title="bbox 2259 1809 3962 1880">
     <span class='ocr_line' id='line_1_78' title="bbox 2259 1809 3962 1880; baseline 0.001 -16"><span class='ocrx_word' id='word_1_558' title='bbox 2259 1811 2365 1864; x_wconf 90' lang='lat' dir='ltr'>bus</span> <span class='ocrx_word' id='word_1_559' title='bbox 2395 1811 2690 1864; x_wconf 75' lang='lat' dir='ltr'>habuerat.</span> <span class='ocrx_word' id='word_1_560' title='bbox 2724 1811 2900 1864; x_wconf 86' lang='lat' dir='ltr'>Porro</span> <span class='ocrx_word' id='word_1_561' title='bbox 2930 1827 3045 1864; x_wconf 92' lang='lat' dir='ltr'>non</span> <span class='ocrx_word' id='word_1_562' title='bbox 3068 1810 3189 1864; x_wconf 88' lang='lat' dir='ltr'>sola</span> <span class='ocrx_word' id='word_1_563' title='bbox 3219 1809 3826 1880; x_wconf 80' lang='lat' dir='ltr'>Hippone-Regiensis,</span> <span class='ocrx_word' id='word_1_564' title='bbox 3864 1811 3962 1866; x_wconf 88' lang='lat' dir='ltr'>sed</span> 
     </span>
    </p>
   </div>
   <div class='ocr_carea' id='block_1_79' title="bbox 2261 1897 3962 1968">
    <p class='ocr_par' dir='ltr' id='par_1_79' title="bbox 2261 1897 3962 1968">
     <span class='ocr_line' id='line_1_79' title="bbox 2261 1897 3962 1968; baseline 0.001 -15"><span class='ocrx_word' id='word_1_565' title='bbox 2261 1898 2387 1953; x_wconf 73' lang='lat' dir='ltr'>alia:</span> <span class='ocrx_word' id='word_1_566' title='bbox 2427 1914 2654 1968; x_wconf 88' lang='lat' dir='ltr'>quoque</span> <span class='ocrx_word' id='word_1_567' title='bbox 2692 1914 2797 1968; x_wconf 90' lang='lat' dir='ltr'>per</span> <span class='ocrx_word' id='word_1_568' title='bbox 2850 1897 3175 1952; x_wconf 89' lang='lat' dir='ltr'>Numidiam</span> <span class='ocrx_word' id='word_1_569' title='bbox 3240 1898 3499 1952; x_wconf 64' lang='lat' dir='ltr'>Ecclesiae</span> <span class='ocrx_word' id='word_1_570' title='bbox 3546 1899 3876 1968; x_wconf 88' lang='lat' dir='ltr'>graviorem</span> <span class='ocrx_word' id='word_1_571' title='bbox 3929 1917 3962 1954; x_wconf 89' lang='lat' dir='ltr'>a</span> 
     </span>
    </p>
   </div>
   <div class='ocr_carea' id='block_1_80' title="bbox 2260 1985 3962 2058">
    <p class='ocr_par' dir='ltr' id='par_1_80' title="bbox 2260 1985 3962 2058">
     <span class='ocr_line' id='line_1_80' title="bbox 2260 1985 3962 2058; baseline 0.001 -18"><span class='ocrx_word' id='word_1_572' title='bbox 2260 1986 2574 2040; x_wconf 89' lang='lat' dir='ltr'>Donatistis</span> <span class='ocrx_word' id='word_1_573' title='bbox 2619 1985 3433 2055; x_wconf 88' lang='lat' dir='ltr'>tolerabant_exagitationem.</span> <span class='ocrx_word' id='word_1_574' title='bbox 3491 1987 3588 2040; x_wconf 64' lang='lat' dir='ltr'>Hae</span> <span class='ocrx_word' id='word_1_575' title='bbox 3643 1991 3707 2040; x_wconf 90' lang='lat' dir='ltr'>ut</span> <span class='ocrx_word' id='word_1_576' title='bbox 3739 1988 3962 2058; x_wconf 89' lang='lat' dir='ltr'>aliquid</span> 
     </span>
    </p>
   </div>
   <div class='ocr_carea' id='block_1_81' title="bbox 2259 2073 3953 2144">
    <p class='ocr_par' dir='ltr' id='par_1_81' title="bbox 2259 2073 3953 2144">
     <span class='ocr_line' id='line_1_81' title="bbox 2259 2073 3953 2144; baseline 0.002 -18"><span class='ocrx_word' id='word_1_577' title='bbox 2259 2073 2516 2144; x_wconf 71' lang='lat' dir='ltr'>praasidii</span> <span class='ocrx_word' id='word_1_578' title='bbox 2547 2073 2817 2128; x_wconf 87' lang='lat' dir='ltr'>adversus</span> <span class='ocrx_word' id='word_1_579' title='bbox 2845 2073 3155 2127; x_wconf 90' lang='lat' dir='ltr'>imminens</span> <span class='ocrx_word' id='word_1_580' title='bbox 3177 2074 3499 2144; x_wconf 90' lang='lat' dir='ltr'>periculum</span> <span class='ocrx_word' id='word_1_581' title='bbox 3530 2074 3639 2127; x_wconf 90' lang='lat' dir='ltr'>sibi</span> <span class='ocrx_word' id='word_1_582' title='bbox 3659 2081 3953 2144; x_wconf 87' lang='lat' dir='ltr'>pararent,</span> 
     </span>
    </p>
   </div>
   <div class='ocr_carea' id='block_1_82' title="bbox 2262 2162 3957 2234">
    <p class='ocr_par' dir='ltr' id='par_1_82' title="bbox 2262 2162 3957 2234">
     <span class='ocr_line' id='line_1_82' title="bbox 2262 2162 3957 2234; baseline 0.001 -18"><span class='ocrx_word' id='word_1_583' title='bbox 2262 2163 2607 2234; x_wconf 88' lang='lat' dir='ltr'>Delphinum</span> <span class='ocrx_word' id='word_1_584' title='bbox 2637 2162 2972 2234; x_wconf 88' lang='lat' dir='ltr'>episcopum</span> <span class='ocrx_word' id='word_1_585' title='bbox 3011 2163 3416 2232; x_wconf 86' lang='lat' dir='ltr'>Carthaginem</span> <span class='ocrx_word' id='word_1_586' title='bbox 3469 2162 3693 2217; x_wconf 89' lang='lat' dir='ltr'>misere.</span> <span class='ocrx_word' id='word_1_587' title='bbox 3737 2163 3957 2218; x_wconf 89' lang='lat' dir='ltr'>Ibidem</span> 
     </span>
    </p>
   </div>
   <div class='ocr_carea' id='block_1_83' title="bbox 2262 2251 3961 2322">
    <p class='ocr_par' dir='ltr' id='par_1_83' title="bbox 2262 2251 3961 2322">
     <span class='ocr_line' id='line_1_83' title="bbox 2262 2251 3961 2322; baseline 0.001 -18"><span class='ocrx_word' id='word_1_588' title='bbox 2262 2257 2384 2305; x_wconf 86' lang='lat' dir='ltr'>erat</span> <span class='ocrx_word' id='word_1_589' title='bbox 2413 2251 2646 2322; x_wconf 88' lang='lat' dir='ltr'>quidam</span> <span class='ocrx_word' id='word_1_590' title='bbox 2667 2251 2971 2322; x_wconf 78' lang='lat' dir='ltr'>Augustini</span> <span class='ocrx_word' id='word_1_591' title='bbox 2998 2251 3316 2321; x_wconf 89' lang='lat' dir='ltr'>presbyter,</span> <span class='ocrx_word' id='word_1_592' title='bbox 3350 2251 3417 2306; x_wconf 88' lang='lat' dir='ltr'>ad</span> <span class='ocrx_word' id='word_1_593' title='bbox 3443 2267 3615 2322; x_wconf 91' lang='lat' dir='ltr'>quem</span> <span class='ocrx_word' id='word_1_594' title='bbox 3634 2251 3683 2305; x_wconf 87' lang='lat' dir='ltr'>is</span> <span class='ocrx_word' id='word_1_595' title='bbox 3709 2267 3961 2306; x_wconf 82' lang='lat' dir='ltr'>commo-</span> 
     </span>
    </p>
   </div>
   <div class='ocr_carea' id='block_1_84' title="bbox 2263 2339 3958 2412">
    <p class='ocr_par' dir='ltr' id='par_1_84' title="bbox 2263 2339 3958 2412">
     <span class='ocr_line' id='line_1_84' title="bbox 2263 2339 3958 2412; baseline 0.001 -19"><span class='ocrx_word' id='word_1_596' title='bbox 2263 2339 2538 2394; x_wconf 90' lang='lat' dir='ltr'>nitorium</span> <span class='ocrx_word' id='word_1_597' title='bbox 2565 2357 2666 2411; x_wconf 89' lang='lat' dir='ltr'>per</span> <span class='ocrx_word' id='word_1_598' title='bbox 2688 2340 3063 2410; x_wconf 89' lang='lat' dir='ltr'>Peregrinum</span> <span class='ocrx_word' id='word_1_599' title='bbox 3101 2339 3428 2406; x_wconf 90' lang='lat' dir='ltr'>diaconum,</span> <span class='ocrx_word' id='word_1_600' title='bbox 3461 2341 3561 2412; x_wconf 89' lang='lat' dir='ltr'>qui</span> <span class='ocrx_word' id='word_1_601' title='bbox 3608 2340 3958 2395; x_wconf 79' lang='lat' dir='ltr'>Bonifacium</span> 
     </span>
    </p>
   </div>
   <div class='ocr_carea' id='block_1_85' title="bbox 2262 2427 3958 2499">
    <p class='ocr_par' dir='ltr' id='par_1_85' title="bbox 2262 2427 3958 2499">
     <span class='ocr_line' id='line_1_85' title="bbox 2262 2427 3958 2499; baseline 0.003 -20"><span class='ocrx_word' id='word_1_602' title='bbox 2262 2427 2576 2482; x_wconf 90' lang='lat' dir='ltr'>antistitem</span> <span class='ocrx_word' id='word_1_603' title='bbox 2589 2445 2654 2482; x_wconf 94' lang='lat' dir='ltr'>eo</span> <span class='ocrx_word' id='word_1_604' title='bbox 2669 2428 2973 2482; x_wconf 89' lang='lat' dir='ltr'>comitatus</span> <span class='ocrx_word' id='word_1_605' title='bbox 3003 2428 3209 2496; x_wconf 85' lang='lat' dir='ltr'>fuerat,</span> <span class='ocrx_word' id='word_1_606' title='bbox 3243 2429 3462 2484; x_wconf 88' lang='lat' dir='ltr'>curavit</span> <span class='ocrx_word' id='word_1_607' title='bbox 3494 2430 3768 2499; x_wconf 85' lang='lat' dir='ltr'>perferri;</span> <span class='ocrx_word' id='word_1_608' title='bbox 3807 2430 3958 2484; x_wconf 90' lang='lat' dir='ltr'>aliud</span> 
     </span>
    </p>
   </div>
   <div class='ocr_carea' id='block_1_86' title="bbox 2262 2511 3959 2589">
    <p class='ocr_par' dir='ltr' id='par_1_86' title="bbox 2262 2511 3959 2589">
     <span class='ocr_line' id='line_1_86' title="bbox 2262 2511 3959 2589; baseline 0.002 -20"><span class='ocrx_word' id='word_1_609' title='bbox 2262 2523 2538 2586; x_wconf 73' lang='lat' dir='ltr'>praeterea</span> <span class='ocrx_word' id='word_1_610' title='bbox 2570 2516 3083 2571; x_wconf 90' lang='lat' dir='ltr'>commonitorium</span> <span class='ocrx_word' id='word_1_611' title='bbox 3113 2516 3300 2572; x_wconf 84' lang='lat' dir='ltr'>eidem</span> <span class='ocrx_word' id='word_1_612' title='bbox 3329 2511 3660 2589; x_wconf 76' lang='lat' dir='ltr'>presbytero</span> <span class='ocrx_word' id='word_1_613' title='bbox 3687 2534 3807 2572; x_wconf 89' lang='lat' dir='ltr'>una</span> <span class='ocrx_word' id='word_1_614' title='bbox 3833 2536 3959 2572; x_wconf 91' lang='lat' dir='ltr'>cum</span> 
     </span>
    </p>
   </div>
   <div class='ocr_carea' id='block_1_87' title="bbox 2260 2605 3960 2676">
    <p class='ocr_par' dir='ltr' id='par_1_87' title="bbox 2260 2605 3960 2676">
     <span class='ocr_line' id='line_1_87' title="bbox 2260 2605 3960 2676; baseline 0.002 -18"><span class='ocrx_word' id='word_1_615' title='bbox 2260 2605 2430 2659; x_wconf 90' lang='lat' dir='ltr'>haece</span> <span class='ocrx_word' id='word_1_616' title='bbox 2461 2605 2528 2658; x_wconf 91' lang='lat' dir='ltr'>ad</span> <span class='ocrx_word' id='word_1_617' title='bbox 2562 2605 2946 2660; x_wconf 84' lang='lat' dir='ltr'>Marcellinum</span> <span class='ocrx_word' id='word_1_618' title='bbox 3003 2605 3246 2676; x_wconf 89' lang='lat' dir='ltr'>epistola</span> <span class='ocrx_word' id='word_1_619' title='bbox 3287 2607 3462 2662; x_wconf 89' lang='lat' dir='ltr'>misit.</span> <span class='ocrx_word' id='word_1_620' title='bbox 3523 2609 3721 2660; x_wconf 89' lang='lat' dir='ltr'>Utrum</span> <span class='ocrx_word' id='word_1_621' title='bbox 3769 2613 3960 2662; x_wconf 88' lang='lat' dir='ltr'>autem</span> 
     </span>
    </p>
   </div>
   <div class='ocr_carea' id='block_1_88' title="bbox 2258 2694 3963 2766">
    <p class='ocr_par' dir='ltr' id='par_1_88' title="bbox 2258 2694 3963 2766">
     <span class='ocr_line' id='line_1_88' title="bbox 2258 2694 3963 2766; baseline 0.002 -18"><span class='ocrx_word' id='word_1_622' title='bbox 2258 2695 2353 2750; x_wconf 77' lang='lat' dir='ltr'>illc</span> <span class='ocrx_word' id='word_1_623' title='bbox 2380 2694 2805 2764; x_wconf 69' lang='lat' dir='ltr'>idemjsitatque</span> <span class='ocrx_word' id='word_1_624' title='bbox 2824 2695 3084 2749; x_wconf 90' lang='lat' dir='ltr'>Urbanus</span> <span class='ocrx_word' id='word_1_625' title='bbox 3113 2696 3317 2764; x_wconf 87' lang='lat' dir='ltr'>(Epist.</span> <span class='ocrx_word' id='word_1_626' title='bbox 3351 2697 3492 2764; x_wconf 87' lang='grc'><strong>139),</strong></span> <span class='ocrx_word' id='word_1_627' title='bbox 3527 2711 3559 2748; x_wconf 90' lang='lat' dir='ltr'>a</span> <span class='ocrx_word' id='word_1_628' title='bbox 3585 2711 3699 2766; x_wconf 90' lang='lat' dir='ltr'>quo</span> <span class='ocrx_word' id='word_1_629' title='bbox 3717 2697 3963 2766; x_wconf 88' lang='lat' dir='ltr'>perlatas</span> 
     </span>
    </p>
   </div>
   <div class='ocr_carea' id='block_1_89' title="bbox 2260 2783 3957 2853">
    <p class='ocr_par' dir='ltr' id='par_1_89' title="bbox 2260 2783 3957 2853">
     <span class='ocr_line' id='line_1_89' title="bbox 2260 2783 3957 2853; baseline -0.001 -13"><span class='ocrx_word' id='word_1_630' title='bbox 2260 2783 2570 2840; x_wconf 82' lang='lat' dir='ltr'>Marcellini</span> <span class='ocrx_word' id='word_1_631' title='bbox 2596 2783 2811 2838; x_wconf 90' lang='lat' dir='ltr'>litteras</span> <span class='ocrx_word' id='word_1_632' title='bbox 2837 2784 3439 2853; x_wconf 88' lang='lat' dir='ltr'>acceperat,incertum</span> <span class='ocrx_word' id='word_1_633' title='bbox 3475 2789 3577 2838; x_wconf 90' lang='lat' dir='ltr'>est.</span> <span class='ocrx_word' id='word_1_634' title='bbox 3631 2785 3814 2838; x_wconf 87' lang='lat' dir='ltr'>Habet</span> <span class='ocrx_word' id='word_1_635' title='bbox 3847 2786 3957 2840; x_wconf 91' lang='lat' dir='ltr'>alio</span> 
     </span>
    </p>
   </div>
   <div class='ocr_carea' id='block_1_90' title="bbox 2259 2871 3962 2943">
    <p class='ocr_par' dir='ltr' id='par_1_90' title="bbox 2259 2871 3962 2943">
     <span class='ocr_line' id='line_1_90' title="bbox 2259 2871 3962 2943; baseline 0.001 -17"><span class='ocrx_word' id='word_1_636' title='bbox 2259 2874 2384 2926; x_wconf 90' lang='lat' dir='ltr'>loco</span> <span class='ocrx_word' id='word_1_637' title='bbox 2416 2873 2570 2926; x_wconf 89' lang='lat' dir='ltr'>idem</span> <span class='ocrx_word' id='word_1_638' title='bbox 2588 2871 2964 2942; x_wconf 85' lang='lat' dir='ltr'>Augustinus,</span> <span class='ocrx_word' id='word_1_639' title='bbox 2998 2872 3470 2943; x_wconf 82' lang='lat' dir='ltr'>Hippone-Regio</span> <span class='ocrx_word' id='word_1_640' title='bbox 3491 2873 3809 2942; x_wconf 85' lang='lat' dir='ltr'>profectum</span> <span class='ocrx_word' id='word_1_641' title='bbox 3833 2891 3962 2928; x_wconf 91' lang='lat' dir='ltr'>cum</span> 
     </span>
    </p>
   </div>
   <div class='ocr_carea' id='block_1_91' title="bbox 2264 2960 3958 3032">
    <p class='ocr_par' dir='ltr' id='par_1_91' title="bbox 2264 2960 3958 3032">
     <span class='ocr_line' id='line_1_91' title="bbox 2264 2960 3958 3032; baseline 0 -16"><span class='ocrx_word' id='word_1_642' title='bbox 2264 2962 2507 3029; x_wconf 89' lang='lat' dir='ltr'>Urbano,</span> <span class='ocrx_word' id='word_1_643' title='bbox 2539 2977 2711 3031; x_wconf 90' lang='lat' dir='ltr'>quem</span> <span class='ocrx_word' id='word_1_644' title='bbox 2750 2960 3094 3032; x_wconf 88' lang='lat' dir='ltr'>suscipiendi</span> <span class='ocrx_word' id='word_1_645' title='bbox 3117 2961 3477 3031; x_wconf 88' lang='lat' dir='ltr'>episcopatus</span> <span class='ocrx_word' id='word_1_646' title='bbox 3505 2976 3674 3015; x_wconf 87' lang='lat' dir='ltr'>causa</span> <span class='ocrx_word' id='word_1_647' title='bbox 3697 2962 3958 3029; x_wconf 88' lang='lat' dir='ltr'>vocabat,</span> 
     </span>
    </p>
   </div>
   <div class='ocr_carea' id='block_1_92' title="bbox 2261 3049 3964 3119">
    <p class='ocr_par' dir='ltr' id='par_1_92' title="bbox 2261 3049 3964 3119">
     <span class='ocr_line' id='line_1_92' title="bbox 2261 3049 3964 3119; baseline -0.001 -14"><span class='ocrx_word' id='word_1_648' title='bbox 2261 3049 2638 3119; x_wconf 89' lang='lat' dir='ltr'>Peregrinum</span> <span class='ocrx_word' id='word_1_649' title='bbox 2669 3050 2978 3104; x_wconf 89' lang='lat' dir='ltr'>diaconum</span> <span class='ocrx_word' id='word_1_650' title='bbox 3008 3051 3206 3118; x_wconf 83' lang='lat' dir='ltr'>(Epist.</span> <span class='ocrx_word' id='word_1_651' title='bbox 3241 3051 3358 3114; x_wconf 78' lang='grc'><strong>149,</strong></span> <span class='ocrx_word' id='word_1_652' title='bbox 3388 3065 3441 3103; x_wconf 86' lang='lat' dir='ltr'>n.</span> <span class='ocrx_word' id='word_1_653' title='bbox 3468 3050 3574 3116; x_wconf 83' lang='lat'>34).</span> <span class='ocrx_word' id='word_1_654' title='bbox 3601 3050 3800 3119; x_wconf 87' lang='lat' dir='ltr'>Itaque</span> <span class='ocrx_word' id='word_1_655' title='bbox 3826 3051 3964 3104; x_wconf 87' lang='lat' dir='ltr'>Mar-</span> 
     </span>
    </p>
   </div>
   <div class='ocr_carea' id='block_1_93' title="bbox 2260 3135 3962 3208">
    <p class='ocr_par' dir='ltr' id='par_1_93' title="bbox 2260 3135 3962 3208">
     <span class='ocr_line' id='line_1_93' title="bbox 2260 3135 3962 3208; baseline 0 -16"><span class='ocrx_word' id='word_1_656' title='bbox 2260 3139 2530 3192; x_wconf 88' lang='lat' dir='ltr'>cellinum</span> <span class='ocrx_word' id='word_1_657' title='bbox 2546 3137 2824 3206; x_wconf 89' lang='lat' dir='ltr'>obsecrat,</span> <span class='ocrx_word' id='word_1_658' title='bbox 2839 3141 2902 3191; x_wconf 90' lang='lat' dir='ltr'>ut</span> <span class='ocrx_word' id='word_1_659' title='bbox 2913 3135 3352 3190; x_wconf 89' lang='lat' dir='ltr'>commonitoria</span> <span class='ocrx_word' id='word_1_660' title='bbox 3365 3137 3466 3190; x_wconf 88' lang='lat' dir='ltr'>abs</span> <span class='ocrx_word' id='word_1_661' title='bbox 3484 3152 3542 3190; x_wconf 89' lang='lat' dir='ltr'>se</span> <span class='ocrx_word' id='word_1_662' title='bbox 3558 3137 3962 3208; x_wconf 85' lang='lat' dir='ltr'>Carthaginem</span> 
     </span>
    </p>
   </div>
   <div class='ocr_carea' id='block_1_94' title="bbox 2260 3223 3964 3296">
    <p class='ocr_par' dir='ltr' id='par_1_94' title="bbox 2260 3223 3964 3296">
     <span class='ocr_line' id='line_1_94' title="bbox 2260 3223 3964 3296; baseline -0.001 -15"><span class='ocrx_word' id='word_1_663' title='bbox 2260 3227 2475 3282; x_wconf 91' lang='lat' dir='ltr'>directa</span> <span class='ocrx_word' id='word_1_664' title='bbox 2505 3226 2679 3296; x_wconf 88' lang='lat' dir='ltr'>legat,</span> <span class='ocrx_word' id='word_1_665' title='bbox 2711 3230 2883 3296; x_wconf 90' lang='lat' dir='ltr'>atque</span> <span class='ocrx_word' id='word_1_666' title='bbox 2912 3241 3030 3279; x_wconf 90' lang='lat' dir='ltr'>una</span> <span class='ocrx_word' id='word_1_667' title='bbox 3072 3241 3203 3279; x_wconf 91' lang='lat' dir='ltr'>cum</span> <span class='ocrx_word' id='word_1_668' title='bbox 3243 3223 3521 3295; x_wconf 89' lang='lat' dir='ltr'>Delphino</span> <span class='ocrx_word' id='word_1_669' title='bbox 3571 3229 3627 3278; x_wconf 91' lang='lat' dir='ltr'>et</span> <span class='ocrx_word' id='word_1_670' title='bbox 3671 3226 3964 3280; x_wconf 86' lang='lat' dir='ltr'>Bonifacio</span> 
     </span>
    </p>
   </div>
   <div class='ocr_carea' id='block_1_95' title="bbox 2259 3313 3963 3386">
    <p class='ocr_par' dir='ltr' id='par_1_95' title="bbox 2259 3313 3963 3386">
     <span class='ocr_line' id='line_1_95' title="bbox 2259 3313 3963 3386; baseline 0 -17"><span class='ocrx_word' id='word_1_671' title='bbox 2259 3314 2539 3385; x_wconf 90' lang='lat' dir='ltr'>dispiciat,</span> <span class='ocrx_word' id='word_1_672' title='bbox 2575 3331 2690 3386; x_wconf 89' lang='lat' dir='ltr'>qua</span> <span class='ocrx_word' id='word_1_673' title='bbox 2733 3314 3101 3385; x_wconf 86' lang='lat' dir='ltr'>potissimum</span> <span class='ocrx_word' id='word_1_674' title='bbox 3141 3314 3364 3368; x_wconf 86' lang='lat' dir='ltr'>ratione</span> <span class='ocrx_word' id='word_1_675' title='bbox 3397 3313 3584 3368; x_wconf 89' lang='lat' dir='ltr'>eidem</span> <span class='ocrx_word' id='word_1_676' title='bbox 3630 3315 3963 3384; x_wconf 64' lang='lat' dir='ltr'>provinciae,</span> 
     </span>
    </p>
   </div>
   <div class='ocr_carea' id='block_1_96' title="bbox 2259 3402 3958 3474">
    <p class='ocr_par' dir='ltr' id='par_1_96' title="bbox 2259 3402 3958 3474">
     <span class='ocr_line' id='line_1_96' title="bbox 2259 3402 3958 3474; baseline 0.001 -16"><span class='ocrx_word' id='word_1_677' title='bbox 2259 3421 2431 3473; x_wconf 87' lang='lat' dir='ltr'>quam</span> <span class='ocrx_word' id='word_1_678' title='bbox 2462 3404 2583 3474; x_wconf 89' lang='lat' dir='ltr'>ejus</span> <span class='ocrx_word' id='word_1_679' title='bbox 2611 3419 2762 3458; x_wconf 65' lang='lat' dir='ltr'>cura:</span> <span class='ocrx_word' id='word_1_680' title='bbox 2801 3420 2866 3458; x_wconf 92' lang='lat' dir='ltr'>ac</span> <span class='ocrx_word' id='word_1_681' title='bbox 2895 3402 3031 3457; x_wconf 84' lang='lat' dir='ltr'>fidei</span> <span class='ocrx_word' id='word_1_682' title='bbox 3063 3402 3447 3469; x_wconf 90' lang='lat' dir='ltr'>commendat,</span> <span class='ocrx_word' id='word_1_683' title='bbox 3480 3402 3701 3456; x_wconf 90' lang='lat' dir='ltr'>consuli</span> <span class='ocrx_word' id='word_1_684' title='bbox 3757 3405 3958 3474; x_wconf 87' lang='lat' dir='ltr'>possit.</span> 
     </span>
    </p>
   </div>
   <div class='ocr_carea' id='block_1_97' title="bbox 2260 3491 3963 3564">
    <p class='ocr_par' dir='ltr' id='par_1_97' title="bbox 2260 3491 3963 3564">
     <span class='ocr_line' id='line_1_97' title="bbox 2260 3491 3963 3564; baseline -0.001 -16"><span class='ocrx_word' id='word_1_685' title='bbox 2260 3495 2444 3564; x_wconf 83' lang='lat' dir='ltr'>Rogat</span> <span class='ocrx_word' id='word_1_686' title='bbox 2482 3494 2653 3547; x_wconf 90' lang='lat' dir='ltr'>etiam</span> <span class='ocrx_word' id='word_1_687' title='bbox 2685 3498 2910 3547; x_wconf 89' lang='lat' dir='ltr'>sanctus</span> <span class='ocrx_word' id='word_1_688' title='bbox 2937 3491 3206 3556; x_wconf 83' lang='lat' dir='ltr'>Antistes,</span> <span class='ocrx_word' id='word_1_689' title='bbox 3249 3497 3311 3546; x_wconf 90' lang='lat' dir='ltr'>ut</span> <span class='ocrx_word' id='word_1_690' title='bbox 3339 3491 3610 3546; x_wconf 80' lang='lat' dir='ltr'>Rufinum</span> <span class='ocrx_word' id='word_1_691' title='bbox 3644 3491 3963 3548; x_wconf 88' lang='lat' dir='ltr'>Cirtensem</span> 
     </span>
    </p>
   </div>
   <div class='ocr_carea' id='block_1_98' title="bbox 2259 3579 3960 3653">
    <p class='ocr_par' dir='ltr' id='par_1_98' title="bbox 2259 3579 3960 3653">
     <span class='ocr_line' id='line_1_98' title="bbox 2259 3579 3960 3653; baseline -0.001 -16"><span class='ocrx_word' id='word_1_692' title='bbox 2259 3581 2634 3653; x_wconf 87' lang='lat' dir='ltr'>Principalem</span> <span class='ocrx_word' id='word_1_693' title='bbox 2663 3580 2930 3652; x_wconf 59' lang='lat' dir='ltr'>praesidio</span> <span class='ocrx_word' id='word_1_694' title='bbox 2969 3596 3072 3634; x_wconf 92' lang='lat' dir='ltr'>suo</span> <span class='ocrx_word' id='word_1_695' title='bbox 3109 3579 3339 3635; x_wconf 87' lang='lat' dir='ltr'>destitui</span> <span class='ocrx_word' id='word_1_696' title='bbox 3377 3596 3447 3634; x_wconf 89' lang='lat' dir='ltr'>ne</span> <span class='ocrx_word' id='word_1_697' title='bbox 3478 3579 3728 3650; x_wconf 88' lang='lat' dir='ltr'>patiatur</span> <span class='ocrx_word' id='word_1_698' title='bbox 3760 3581 3960 3651; x_wconf 80' lang='lat' dir='ltr'>(Epist.</span> 
     </span>
    </p>
   </div>
   <div class='ocr_carea' id='block_1_99' title="bbox 2264 3669 2683 3738">
    <p class='ocr_par' dir='ltr' id='par_1_99' title="bbox 2264 3669 2683 3738">
     <span class='ocr_line' id='line_1_99' title="bbox 2264 3669 2683 3738; baseline -0.002 -14"><span class='ocrx_word' id='word_1_699' title='bbox 2264 3673 2384 3738; x_wconf 86' lang='lat' dir='ltr'>l39,</span> <span class='ocrx_word' id='word_1_700' title='bbox 2405 3685 2498 3723; x_wconf 85' lang='lat' dir='ltr'>nn.</span> <span class='ocrx_word' id='word_1_701' title='bbox 2524 3673 2578 3736; x_wconf 78' lang='lat'>2,</span> <span class='ocrx_word' id='word_1_702' title='bbox 2608 3669 2683 3738; x_wconf 79' lang='grc'><strong>4).</strong></span> 
     </span>
    </p>
   </div>
   <div class='ocr_carea' id='block_1_100' title="bbox 2327 3755 3960 3828">
    <p class='ocr_par' dir='ltr' id='par_1_100' title="bbox 2327 3755 3960 3828">
     <span class='ocr_line' id='line_1_100' title="bbox 2327 3755 3960 3828; baseline -0.002 -17"><span class='ocrx_word' id='word_1_703' title='bbox 2327 3757 2380 3812; x_wconf 80' lang='grc'>7.</span> <span class='ocrx_word' id='word_1_704' title='bbox 2416 3758 2774 3814; x_wconf 88' lang='lat' dir='ltr'>Marcellinus</span> <span class='ocrx_word' id='word_1_705' title='bbox 2811 3756 3189 3828; x_wconf 91' lang='lat' dir='ltr'>descriptione</span> <span class='ocrx_word' id='word_1_706' title='bbox 3236 3755 3504 3827; x_wconf 87' lang='lat' dir='ltr'>quadam,</span> <span class='ocrx_word' id='word_1_707' title='bbox 3552 3760 3617 3809; x_wconf 91' lang='lat' dir='ltr'>ut</span> <span class='ocrx_word' id='word_1_708' title='bbox 3639 3755 3761 3826; x_wconf 87' lang='lat' dir='ltr'>jam</span> <span class='ocrx_word' id='word_1_709' title='bbox 3808 3755 3960 3810; x_wconf 85' lang='lat' dir='ltr'>dixi-</span> 
     </span>
    </p>
   </div>
   <div class='ocr_carea' id='block_1_101' title="bbox 2260 3843 3959 3916">
    <p class='ocr_par' dir='ltr' id='par_1_101' title="bbox 2260 3843 3959 3916">
     <span class='ocr_line' id='line_1_101' title="bbox 2260 3843 3959 3916; baseline -0.003 -14"><span class='ocrx_word' id='word_1_710' title='bbox 2260 3865 2410 3913; x_wconf 90' lang='lat' dir='ltr'>mus,</span> <span class='ocrx_word' id='word_1_711' title='bbox 2437 3847 2508 3901; x_wconf 90' lang='lat' dir='ltr'>ad</span> <span class='ocrx_word' id='word_1_712' title='bbox 2539 3863 2596 3900; x_wconf 90' lang='lat' dir='ltr'>se</span> <span class='ocrx_word' id='word_1_713' title='bbox 2619 3846 2900 3900; x_wconf 88' lang='lat' dir='ltr'>mittenda</span> <span class='ocrx_word' id='word_1_714' title='bbox 2927 3845 3171 3916; x_wconf 87' lang='lat' dir='ltr'>urgebat</span> <span class='ocrx_word' id='word_1_715' title='bbox 3188 3844 3593 3914; x_wconf 88' lang='lat' dir='ltr'>Augustinum.</span> <span class='ocrx_word' id='word_1_716' title='bbox 3623 3843 3722 3898; x_wconf 83' lang='lat' dir='ltr'>llic</span> <span class='ocrx_word' id='word_1_717' title='bbox 3743 3859 3877 3898; x_wconf 88' lang='lat' dir='ltr'>vero</span> <span class='ocrx_word' id='word_1_718' title='bbox 3899 3861 3959 3898; x_wconf 91' lang='lat' dir='ltr'>se</span> 
     </span>
    </p>
   </div>
   <div class='ocr_carea' id='block_1_102' title="bbox 2259 3932 3956 4006">
    <p class='ocr_par' dir='ltr' id='par_1_102' title="bbox 2259 3932 3956 4006">
     <span class='ocr_line' id='line_1_102' title="bbox 2259 3932 3956 4006; baseline -0.004 -14"><span class='ocrx_word' id='word_1_719' title='bbox 2259 3941 2567 3992; x_wconf 81' lang='lat' dir='ltr'>excusateo</span> <span class='ocrx_word' id='word_1_720' title='bbox 2596 3935 2852 4000; x_wconf 88' lang='lat' dir='ltr'>nomine,</span> <span class='ocrx_word' id='word_1_721' title='bbox 2879 3934 3056 4006; x_wconf 91' lang='lat' dir='ltr'>quod,</span> <span class='ocrx_word' id='word_1_722' title='bbox 3078 3935 3338 4005; x_wconf 88' lang='lat' dir='ltr'>quamvis</span> <span class='ocrx_word' id='word_1_723' title='bbox 3366 3934 3455 3988; x_wconf 91' lang='lat' dir='ltr'>vel</span> <span class='ocrx_word' id='word_1_724' title='bbox 3481 3933 3726 3987; x_wconf 85' lang='lat' dir='ltr'>maxime</span> <span class='ocrx_word' id='word_1_725' title='bbox 3741 3932 3956 4003; x_wconf 89' lang='lat' dir='ltr'>cupiat,</span> 
     </span>
    </p>
   </div>
   <div class='ocr_carea' id='block_1_103' title="bbox 2257 4021 3959 4094">
    <p class='ocr_par' dir='ltr' id='par_1_103' title="bbox 2257 4021 3959 4094">
     <span class='ocr_line' id='line_1_103' title="bbox 2257 4021 3959 4094; baseline -0.004 -13"><span class='ocrx_word' id='word_1_726' title='bbox 2257 4028 2314 4081; x_wconf 92' lang='lat' dir='ltr'>id</span> <span class='ocrx_word' id='word_1_727' title='bbox 2347 4033 2537 4082; x_wconf 90' lang='lat' dir='ltr'>tamen</span> <span class='ocrx_word' id='word_1_728' title='bbox 2567 4024 2819 4079; x_wconf 92' lang='lat' dir='ltr'>sibicum</span> <span class='ocrx_word' id='word_1_729' title='bbox 2840 4039 2942 4094; x_wconf 90' lang='lat' dir='ltr'>per</span> <span class='ocrx_word' id='word_1_730' title='bbox 2963 4023 3267 4077; x_wconf 90' lang='lat' dir='ltr'>hominum</span> <span class='ocrx_word' id='word_1_731' title='bbox 3289 4021 3807 4093; x_wconf 88' lang='lat' dir='ltr'>frequentiam,qui</span> <span class='ocrx_word' id='word_1_732' title='bbox 3827 4037 3959 4092; x_wconf 87' lang='lat' dir='ltr'>per-</span> 
     </span>
    </p>
   </div>
   <div class='ocr_carea' id='block_1_104' title="bbox 2256 4110 3964 4185">
    <p class='ocr_par' dir='ltr' id='par_1_104' title="bbox 2256 4110 3964 4185">
     <span class='ocr_line' id='line_1_104' title="bbox 2256 4110 3964 4185; baseline -0.005 -15"><span class='ocrx_word' id='word_1_733' title='bbox 2256 4119 2430 4185; x_wconf 90' lang='lat' dir='ltr'>petuo</span> <span class='ocrx_word' id='word_1_734' title='bbox 2461 4114 2534 4169; x_wconf 93' lang='lat' dir='ltr'>ad</span> <span class='ocrx_word' id='word_1_735' title='bbox 2559 4130 2618 4168; x_wconf 89' lang='lat' dir='ltr'>se</span> <span class='ocrx_word' id='word_1_736' title='bbox 2651 4114 2719 4168; x_wconf 91' lang='lat' dir='ltr'>de</span> <span class='ocrx_word' id='word_1_737' title='bbox 2749 4112 2865 4166; x_wconf 90' lang='lat' dir='ltr'>suis</span> <span class='ocrx_word' id='word_1_738' title='bbox 2890 4111 3147 4182; x_wconf 88' lang='lat' dir='ltr'>ipsorum</span> <span class='ocrx_word' id='word_1_739' title='bbox 3177 4111 3420 4181; x_wconf 89' lang='lat' dir='ltr'>negotiis</span> <span class='ocrx_word' id='word_1_740' title='bbox 3440 4110 3692 4176; x_wconf 87' lang='lat' dir='ltr'>adibant,</span> <span class='ocrx_word' id='word_1_741' title='bbox 3713 4114 3835 4164; x_wconf 90' lang='lat' dir='ltr'>tum</span> <span class='ocrx_word' id='word_1_742' title='bbox 3857 4126 3964 4180; x_wconf 90' lang='lat' dir='ltr'>per</span> 
     </span>
    </p>
   </div>
   <div class='ocr_carea' id='block_1_105' title="bbox 2258 4198 3966 4275">
    <p class='ocr_par' dir='ltr' id='par_1_105' title="bbox 2258 4198 3966 4275">
     <span class='ocr_line' id='line_1_105' title="bbox 2258 4198 3966 4275; baseline -0.005 -16"><span class='ocrx_word' id='word_1_743' title='bbox 2258 4221 2432 4275; x_wconf 87' lang='lat' dir='ltr'>opera</span> <span class='ocrx_word' id='word_1_744' title='bbox 2460 4204 2636 4270; x_wconf 87' lang='lat' dir='ltr'>varia,</span> <span class='ocrx_word' id='word_1_745' title='bbox 2670 4218 2800 4273; x_wconf 81' lang='lat' dir='ltr'>quae</span> <span class='ocrx_word' id='word_1_746' title='bbox 2835 4218 2894 4256; x_wconf 93' lang='lat' dir='ltr'>se</span> <span class='ocrx_word' id='word_1_747' title='bbox 2943 4200 3002 4254; x_wconf 92' lang='lat' dir='ltr'>in</span> <span class='ocrx_word' id='word_1_748' title='bbox 3048 4201 3486 4270; x_wconf 64' lang='lat' dir='ltr'>praesentiarum</span> <span class='ocrx_word' id='word_1_749' title='bbox 3535 4215 3649 4252; x_wconf 93' lang='lat' dir='ltr'>non</span> <span class='ocrx_word' id='word_1_750' title='bbox 3699 4198 3966 4252; x_wconf 89' lang='lat' dir='ltr'>sinebant</span> 
     </span>
    </p>
   </div>
   <div class='ocr_carea' id='block_1_106' title="bbox 2257 4287 3967 4362">
    <p class='ocr_par' dir='ltr' id='par_1_106' title="bbox 2257 4287 3967 4362">
     <span class='ocr_line' id='line_1_106' title="bbox 2257 4287 3967 4362; baseline -0.004 -16"><span class='ocrx_word' id='word_1_751' title='bbox 2257 4292 2754 4362; x_wconf 69' lang='lat' dir='ltr'>omitti,przestare</span> <span class='ocrx_word' id='word_1_752' title='bbox 2769 4289 3008 4344; x_wconf 88' lang='lat' dir='ltr'>minime</span> <span class='ocrx_word' id='word_1_753' title='bbox 3034 4289 3224 4344; x_wconf 90' lang='lat' dir='ltr'>liceat.</span> <span class='ocrx_word' id='word_1_754' title='bbox 3253 4288 3358 4343; x_wconf 89' lang='lat' dir='ltr'>Sed</span> <span class='ocrx_word' id='word_1_755' title='bbox 3398 4288 3538 4342; x_wconf 85' lang='lat' dir='ltr'>forte</span> <span class='ocrx_word' id='word_1_756' title='bbox 3571 4287 3748 4341; x_wconf 89' lang='lat' dir='ltr'>satius</span> <span class='ocrx_word' id='word_1_757' title='bbox 3786 4287 3967 4341; x_wconf 88' lang='lat' dir='ltr'>fuerit</span> 
     </span>
    </p>
   </div>
   <div class='ocr_carea' id='block_1_107' title="bbox 2255 4373 3964 4451">
    <p class='ocr_par' dir='ltr' id='par_1_107' title="bbox 2255 4373 3964 4451">
     <span class='ocr_line' id='line_1_107' title="bbox 2255 4373 3964 4451; baseline -0.004 -16"><span class='ocrx_word' id='word_1_758' title='bbox 2255 4381 2400 4436; x_wconf 90' lang='lat' dir='ltr'>illud</span> <span class='ocrx_word' id='word_1_759' title='bbox 2435 4381 2692 4451; x_wconf 71' lang='lat' dir='ltr'>ejusdem</span> <span class='ocrx_word' id='word_1_760' title='bbox 2737 4377 2924 4432; x_wconf 85' lang='lat' dir='ltr'>verbis</span> <span class='ocrx_word' id='word_1_761' title='bbox 2955 4377 3254 4448; x_wconf 86' lang='lat' dir='ltr'>explicare.</span> <span class='ocrx_word' id='word_1_762' title='bbox 3285 4377 3346 4432; x_wconf 88' lang='lat' dir='ltr'>Si</span> <span class='ocrx_word' id='word_1_763' title='bbox 3377 4381 3578 4440; x_wconf 87' lang='lat' dir='ltr'>autem,</span> <span class='ocrx_word' id='word_1_764' title='bbox 3621 4373 3825 4445; x_wconf 89' lang='lat' dir='ltr'>inquit,</span> <span class='ocrx_word' id='word_1_765' title='bbox 3867 4391 3964 4428; x_wconf 80' lang='lat' dir='ltr'>ra-</span> 
     </span>
    </p>
   </div>
   <div class='ocr_carea' id='block_1_108' title="bbox 2258 4464 4026 4523">
    <p class='ocr_par' dir='ltr' id='par_1_108' title="bbox 2258 4464 4026 4523">
     <span class='ocr_line' id='line_1_108' title="bbox 2258 4464 4026 4523; baseline -0.003 0"><span class='ocrx_word' id='word_1_766' title='bbox 2258 4472 2450 4523; x_wconf 83' lang='lat' dir='ltr'>tionem</span> <span class='ocrx_word' id='word_1_767' title='bbox 2479 4470 2716 4522; x_wconf 86' lang='lat' dir='ltr'>omnium</span> <span class='ocrx_word' id='word_1_768' title='bbox 2741 4467 2950 4521; x_wconf 86' lang='lat' dir='ltr'>dierum</span> <span class='ocrx_word' id='word_1_769' title='bbox 2981 4471 3031 4520; x_wconf 90' lang='lat' dir='ltr'>et</span> <span class='ocrx_word' id='word_1_770' title='bbox 3054 4466 3486 4521; x_wconf 78' lang='lat' dir='ltr'>lucubrationum</span> <span class='ocrx_word' id='word_1_771' title='bbox 3515 4464 3641 4518; x_wconf 84' lang='lat' dir='ltr'>aliis</span> <span class='ocrx_word' id='word_1_772' title='bbox 3668 4466 3964 4518; x_wconf 81' lang='lat' dir='ltr'>necessita-</span> <span class='ocrx_word' id='word_1_773' title='bbox 4023 4515 4026 4517; x_wconf 81' lang='lat'>.</span> 
     </span>
    </p>
   </div>
   <div class='ocr_carea' id='block_1_109' title="bbox 2258 4553 3964 4626">
    <p class='ocr_par' dir='ltr' id='par_1_109' title="bbox 2258 4553 3964 4626">
     <span class='ocr_line' id='line_1_109' title="bbox 2258 4553 3964 4626; baseline -0.006 -12"><span class='ocrx_word' id='word_1_774' title='bbox 2258 4558 2402 4614; x_wconf 85' lang='lat' dir='ltr'>tibus</span> <span class='ocrx_word' id='word_1_775' title='bbox 2432 4559 2797 4626; x_wconf 85' lang='lat' dir='ltr'>impensarum</span> <span class='ocrx_word' id='word_1_776' title='bbox 2828 4555 2930 4609; x_wconf 83' lang='lat' dir='ltr'>tibi</span> <span class='ocrx_word' id='word_1_777' title='bbox 2951 4570 3162 4624; x_wconf 85' lang='lat' dir='ltr'>possem</span> <span class='ocrx_word' id='word_1_778' title='bbox 3188 4553 3431 4620; x_wconf 83' lang='lat' dir='ltr'>reddere,</span> <span class='ocrx_word' id='word_1_779' title='bbox 3470 4554 3714 4619; x_wconf 80' lang='lat' dir='ltr'>graviter</span> <span class='ocrx_word' id='word_1_780' title='bbox 3750 4554 3964 4605; x_wconf 86' lang='lat' dir='ltr'>contri-</span> 
     </span>
    </p>
   </div>
   <div class='ocr_carea' id='block_1_110' title="bbox 2257 4640 3968 4711">
    <p class='ocr_par' dir='ltr' id='par_1_110' title="bbox 2257 4640 3968 4711">
     <span class='ocr_line' id='line_1_110' title="bbox 2257 4640 3968 4711; baseline -0.005 -12"><span class='ocrx_word' id='word_1_781' title='bbox 2257 4650 2432 4700; x_wconf 86' lang='lat' dir='ltr'>status</span> <span class='ocrx_word' id='word_1_782' title='bbox 2470 4645 2772 4707; x_wconf 75' lang='lat' dir='ltr'>mirareris,</span> <span class='ocrx_word' id='word_1_783' title='bbox 2818 4647 3025 4711; x_wconf 87' lang='lat' dir='ltr'>quanta</span> <span class='ocrx_word' id='word_1_784' title='bbox 3069 4657 3152 4696; x_wconf 89' lang='lat' dir='ltr'>me</span> <span class='ocrx_word' id='word_1_785' title='bbox 3197 4641 3531 4706; x_wconf 85' lang='lat' dir='ltr'>distendant,</span> <span class='ocrx_word' id='word_1_786' title='bbox 3578 4655 3696 4709; x_wconf 66' lang='lat' dir='ltr'>quae</span> <span class='ocrx_word' id='word_1_787' title='bbox 3743 4640 3968 4708; x_wconf 51' lang='lat' dir='ltr'>differri</span> 
     </span>
    </p>
   </div>
   <div class='ocr_carea' id='block_1_111' title="bbox 2257 4730 3968 4802">
    <p class='ocr_par' dir='ltr' id='par_1_111' title="bbox 2257 4730 3968 4802">
     <span class='ocr_line' id='line_1_111' title="bbox 2257 4730 3968 4802; baseline -0.004 -14"><span class='ocrx_word' id='word_1_788' title='bbox 2257 4736 2472 4788; x_wconf 83' lang='lat' dir='ltr'>omnino</span> <span class='ocrx_word' id='word_1_789' title='bbox 2496 4748 2602 4787; x_wconf 87' lang='lat' dir='ltr'>non</span> <span class='ocrx_word' id='word_1_790' title='bbox 2626 4736 2874 4802; x_wconf 83' lang='lat' dir='ltr'>possunt,</span> <span class='ocrx_word' id='word_1_791' title='bbox 2904 4747 2998 4785; x_wconf 87' lang='lat' dir='ltr'>nec</span> <span class='ocrx_word' id='word_1_792' title='bbox 3044 4746 3201 4798; x_wconf 89' lang='lat' dir='ltr'>agere</span> <span class='ocrx_word' id='word_1_793' title='bbox 3246 4731 3344 4784; x_wconf 81' lang='lat' dir='ltr'>illa</span> <span class='ocrx_word' id='word_1_794' title='bbox 3379 4731 3719 4798; x_wconf 83' lang='lat' dir='ltr'>permittant,</span> <span class='ocrx_word' id='word_1_795' title='bbox 3751 4730 3812 4781; x_wconf 86' lang='lat' dir='ltr'>in</span> <span class='ocrx_word' id='word_1_796' title='bbox 3843 4744 3968 4796; x_wconf 64' lang='lat' dir='ltr'>qua.v</span> 
     </span>
    </p>
   </div>
   <div class='ocr_carea' id='block_1_112' title="bbox 2260 4815 3961 4892">
    <p class='ocr_par' dir='ltr' id='par_1_112' title="bbox 2260 4815 3961 4892">
     <span class='ocr_line' id='line_1_112' title="bbox 2260 4815 3961 4892; baseline -0.004 -15"><span class='ocrx_word' id='word_1_797' title='bbox 2260 4839 2342 4877; x_wconf 88' lang='lat' dir='ltr'>me</span> <span class='ocrx_word' id='word_1_798' title='bbox 2359 4822 2587 4892; x_wconf 84' lang='lat' dir='ltr'>petendo</span> <span class='ocrx_word' id='word_1_799' title='bbox 2607 4827 2655 4876; x_wconf 88' lang='lat' dir='ltr'>et</span> <span class='ocrx_word' id='word_1_800' title='bbox 2681 4820 3013 4876; x_wconf 85' lang='lat' dir='ltr'>admonendo</span> <span class='ocrx_word' id='word_1_801' title='bbox 3029 4835 3186 4887; x_wconf 84' lang='lat' dir='ltr'>urges</span> <span class='ocrx_word' id='word_1_802' title='bbox 3214 4820 3492 4885; x_wconf 83' lang='lat' dir='ltr'>volentem,</span> <span class='ocrx_word' id='word_1_803' title='bbox 3515 4821 3565 4872; x_wconf 89' lang='lat' dir='ltr'>et</span> <span class='ocrx_word' id='word_1_804' title='bbox 3580 4815 3961 4885; x_wconf 80' lang='lat' dir='ltr'>ine/fabiiiter,</span> 
     </span>
    </p>
   </div>
   <div class='ocr_carea' id='block_1_113' title="bbox 2259 4905 3965 4981">
    <p class='ocr_par' dir='ltr' id='par_1_113' title="bbox 2259 4905 3965 4981">
     <span class='ocr_line' id='line_1_113' title="bbox 2259 4905 3965 4981; baseline -0.005 -16"><span class='ocrx_word' id='word_1_805' title='bbox 2259 4915 2392 4981; x_wconf 87' lang='lat' dir='ltr'>quia</span> <span class='ocrx_word' id='word_1_806' title='bbox 2418 4927 2524 4964; x_wconf 84' lang='lat' dir='ltr'>non</span> <span class='ocrx_word' id='word_1_807' title='bbox 2550 4925 2789 4980; x_wconf 88' lang='lat' dir='ltr'>possum,</span> <span class='ocrx_word' id='word_1_808' title='bbox 2823 4910 3104 4963; x_wconf 85' lang='lat' dir='ltr'>dolentem.</span> <span class='ocrx_word' id='word_1_809' title='bbox 3140 4910 3270 4964; x_wconf 81' lang='lat' dir='ltr'>Cum</span> <span class='ocrx_word' id='word_1_810' title='bbox 3297 4909 3436 4960; x_wconf 84' lang='lat' dir='ltr'>enim</span> <span class='ocrx_word' id='word_1_811' title='bbox 3468 4907 3536 4959; x_wconf 90' lang='lat' dir='ltr'>ab</span> <span class='ocrx_word' id='word_1_812' title='bbox 3573 4920 3754 4959; x_wconf 85' lang='lat' dir='ltr'>eorum</span> <span class='ocrx_word' id='word_1_813' title='bbox 3786 4905 3965 4958; x_wconf 83' lang='lat' dir='ltr'>homi-</span> 
     </span>
    </p>
   </div>
   <div class='ocr_carea' id='block_1_114' title="bbox 2255 4995 3967 5064">
    <p class='ocr_par' dir='ltr' id='par_1_114' title="bbox 2255 4995 3967 5064">
     <span class='ocr_line' id='line_1_114' title="bbox 2255 4995 3967 5064; baseline -0.005 -9"><span class='ocrx_word' id='word_1_814' title='bbox 2255 5017 2384 5055; x_wconf 87' lang='lat' dir='ltr'>num</span> <span class='ocrx_word' id='word_1_815' title='bbox 2413 4997 2819 5054; x_wconf 87' lang='lat' dir='ltr'>necessitatibus</span> <span class='ocrx_word' id='word_1_816' title='bbox 2841 4997 3243 5064; x_wconf 81' lang='lat' dir='ltr'>atiquantulum</span> <span class='ocrx_word' id='word_1_817' title='bbox 3271 5011 3422 5064; x_wconf 82' lang='lat' dir='ltr'>vaco,</span> <span class='ocrx_word' id='word_1_818' title='bbox 3453 4997 3550 5063; x_wconf 87' lang='lat' dir='ltr'>qui</span> <span class='ocrx_word' id='word_1_819' title='bbox 3579 5009 3660 5048; x_wconf 85' lang='lat' dir='ltr'>me</span> <span class='ocrx_word' id='word_1_820' title='bbox 3679 4995 3755 5047; x_wconf 87' lang='lat' dir='ltr'>sic</span> <span class='ocrx_word' id='word_1_821' title='bbox 3787 5008 3967 5059; x_wconf 89' lang='lat' dir='ltr'>anga-</span> 
     </span>
    </p>
   </div>
   <div class='ocr_carea' id='block_1_115' title="bbox 2256 5084 3971 5154">
    <p class='ocr_par' dir='ltr' id='par_1_115' title="bbox 2256 5084 3971 5154">
     <span class='ocr_line' id='line_1_115' title="bbox 2256 5084 3971 5154; baseline -0.003 -12"><span class='ocrx_word' id='word_1_822' title='bbox 2256 5091 2424 5154; x_wconf 86' lang='lat' dir='ltr'>riant,</span> <span class='ocrx_word' id='word_1_823' title='bbox 2456 5093 2517 5142; x_wconf 88' lang='lat' dir='ltr'>ut</span> <span class='ocrx_word' id='word_1_824' title='bbox 2553 5103 2636 5141; x_wconf 91' lang='lat' dir='ltr'>eos</span> <span class='ocrx_word' id='word_1_825' title='bbox 2666 5086 2816 5142; x_wconf 76' lang='lat' dir='ltr'>nullo</span> <span class='ocrx_word' id='word_1_826' title='bbox 2845 5084 2998 5138; x_wconf 86' lang='lat' dir='ltr'>modo</span> <span class='ocrx_word' id='word_1_827' title='bbox 3028 5085 3186 5138; x_wconf 86' lang='lat' dir='ltr'>liceat</span> <span class='ocrx_word' id='word_1_828' title='bbox 3225 5086 3448 5150; x_wconf 79' lang='lat' dir='ltr'>evitare,</span> <span class='ocrx_word' id='word_1_829' title='bbox 3498 5099 3590 5137; x_wconf 86' lang='lat' dir='ltr'>nec</span> <span class='ocrx_word' id='word_1_830' title='bbox 3632 5086 3971 5136; x_wconf 67' lang='lat' dir='ltr'>contemnere</span> 
     </span>
    </p>
   </div>
   <div class='ocr_carea' id='block_1_116' title="bbox 2256 5171 3968 5246">
    <p class='ocr_par' dir='ltr' id='par_1_116' title="bbox 2256 5171 3968 5246">
     <span class='ocr_line' id='line_1_116' title="bbox 2256 5171 3968 5246; baseline -0.005 -13"><span class='ocrx_word' id='word_1_831' title='bbox 2256 5181 2530 5246; x_wconf 83' lang='lat' dir='ltr'>oporteat;</span> <span class='ocrx_word' id='word_1_832' title='bbox 2557 5192 2662 5230; x_wconf 86' lang='lat' dir='ltr'>non</span> <span class='ocrx_word' id='word_1_833' title='bbox 2687 5175 2880 5229; x_wconf 84' lang='lat' dir='ltr'>desunt</span> <span class='ocrx_word' id='word_1_834' title='bbox 2909 5189 3028 5241; x_wconf 74' lang='lat' dir='ltr'>qua:</span> <span class='ocrx_word' id='word_1_835' title='bbox 3056 5172 3318 5226; x_wconf 82' lang='lat' dir='ltr'>dictando</span> <span class='ocrx_word' id='word_1_836' title='bbox 3337 5185 3612 5240; x_wconf 61' lang='lat' dir='ltr'>praepono,</span> <span class='ocrx_word' id='word_1_837' title='bbox 3653 5172 3728 5224; x_wconf 87' lang='lat' dir='ltr'>sic</span> <span class='ocrx_word' id='word_1_838' title='bbox 3771 5171 3831 5223; x_wconf 87' lang='lat' dir='ltr'>in</span> <span class='ocrx_word' id='word_1_839' title='bbox 3863 5186 3968 5224; x_wconf 83' lang='lat' dir='ltr'>ar-</span> 
     </span>
    </p>
   </div>
   <div class='ocr_carea' id='block_1_117' title="bbox 2259 5259 3959 5332">
    <p class='ocr_par' dir='ltr' id='par_1_117' title="bbox 2259 5259 3959 5332">
     <span class='ocr_line' id='line_1_117' title="bbox 2259 5259 3959 5332; baseline -0.003 -15"><span class='ocrx_word' id='word_1_840' title='bbox 2259 5265 2438 5318; x_wconf 80' lang='lat' dir='ltr'>ticulis</span> <span class='ocrx_word' id='word_1_841' title='bbox 2467 5267 2761 5332; x_wconf 83' lang='lat' dir='ltr'>temporum</span> <span class='ocrx_word' id='word_1_842' title='bbox 2799 5263 3110 5326; x_wconf 87' lang='lat' dir='ltr'>constituta,</span> <span class='ocrx_word' id='word_1_843' title='bbox 3142 5265 3204 5315; x_wconf 88' lang='lat' dir='ltr'>ut</span> <span class='ocrx_word' id='word_1_844' title='bbox 3248 5260 3566 5314; x_wconf 83' lang='lat' dir='ltr'>dilationem</span> <span class='ocrx_word' id='word_1_845' title='bbox 3590 5274 3697 5312; x_wconf 85' lang='lat' dir='ltr'>non</span> <span class='ocrx_word' id='word_1_846' title='bbox 3738 5259 3959 5324; x_wconf 84' lang='lat' dir='ltr'>ferant.</span> 
     </span>
    </p>
   </div>
   <div class='ocr_carea' id='block_1_118' title="bbox 2259 5345 3967 5421">
    <p class='ocr_par' dir='ltr' id='par_1_118' title="bbox 2259 5345 3967 5421">
     <span class='ocr_line' id='line_1_118' title="bbox 2259 5345 3967 5421; baseline -0.002 -17"><span class='ocrx_word' id='word_1_847' title='bbox 2259 5351 2324 5404; x_wconf 85' lang='lat' dir='ltr'>Et</span> <span class='ocrx_word' id='word_1_848' title='bbox 2347 5354 2476 5421; x_wconf 89' lang='lat' dir='ltr'>post</span> <span class='ocrx_word' id='word_1_849' title='bbox 2512 5349 2807 5418; x_wconf 89' lang='lat' dir='ltr'>interjecta</span> <span class='ocrx_word' id='word_1_850' title='bbox 2835 5348 3111 5402; x_wconf 91' lang='lat' dir='ltr'>nonnulla</span> <span class='ocrx_word' id='word_1_851' title='bbox 3148 5345 3516 5419; x_wconf 88' lang='lat' dir='ltr'>prosequitur</span> <span class='ocrx_word' id='word_1_852' title='bbox 3544 5347 3606 5399; x_wconf 90' lang='lat' dir='ltr'>in</span> <span class='ocrx_word' id='word_1_853' title='bbox 3648 5346 3807 5400; x_wconf 91' lang='lat' dir='ltr'>hunc</span> <span class='ocrx_word' id='word_1_854' title='bbox 3836 5363 3967 5401; x_wconf 89' lang='lat' dir='ltr'>mo-</span> 
     </span>
    </p>
   </div>
   <div class='ocr_carea' id='block_1_119' title="bbox 2256 5434 3969 5506">
    <p class='ocr_par' dir='ltr' id='par_1_119' title="bbox 2256 5434 3969 5506">
     <span class='ocr_line' id='line_1_119' title="bbox 2256 5434 3969 5506; baseline -0.001 -14"><span class='ocrx_word' id='word_1_855' title='bbox 2256 5438 2430 5492; x_wconf 90' lang='lat' dir='ltr'>dum:</span> <span class='ocrx_word' id='word_1_856' title='bbox 2463 5440 2534 5493; x_wconf 86' lang='lat' dir='ltr'>Et</span> <span class='ocrx_word' id='word_1_857' title='bbox 2579 5437 2716 5506; x_wconf 87' lang='lat' dir='ltr'>quid</span> <span class='ocrx_word' id='word_1_858' title='bbox 2759 5439 2967 5505; x_wconf 84' lang='lat' dir='ltr'>faciam</span> <span class='ocrx_word' id='word_1_859' title='bbox 3019 5451 3244 5506; x_wconf 82' lang='lat' dir='ltr'>prorsus</span> <span class='ocrx_word' id='word_1_860' title='bbox 3284 5438 3478 5491; x_wconf 85' lang='lat' dir='ltr'>nescio.</span> <span class='ocrx_word' id='word_1_861' title='bbox 3532 5434 3767 5489; x_wconf 85' lang='lat' dir='ltr'>Audisti</span> <span class='ocrx_word' id='word_1_862' title='bbox 3821 5436 3969 5490; x_wconf 80' lang='lat' dir='ltr'>unde</span> 
     </span>
    </p>
   </div>
   <div class='ocr_carea' id='block_1_120' title="bbox 2257 5523 3968 5596">
    <p class='ocr_par' dir='ltr' id='par_1_120' title="bbox 2257 5523 3968 5596">
     <span class='ocr_line' id='line_1_120' title="bbox 2257 5523 3968 5596; baseline -0.002 -14"><span class='ocrx_word' id='word_1_863' title='bbox 2257 5542 2460 5582; x_wconf 88' lang='lat' dir='ltr'>mecum</span> <span class='ocrx_word' id='word_1_864' title='bbox 2484 5527 2766 5582; x_wconf 88' lang='lat' dir='ltr'>Dominum</span> <span class='ocrx_word' id='word_1_865' title='bbox 2795 5526 3094 5596; x_wconf 76' lang='lat' dir='ltr'>depreceris</span> <span class='ocrx_word' id='word_1_866' title='bbox 3113 5541 3126 5580; x_wconf 89' lang='lat'>:</span> <span class='ocrx_word' id='word_1_867' title='bbox 3145 5525 3238 5580; x_wconf 85' lang='lat' dir='ltr'>sed</span> <span class='ocrx_word' id='word_1_868' title='bbox 3252 5526 3414 5580; x_wconf 86' lang='lat' dir='ltr'>etiam</span> <span class='ocrx_word' id='word_1_869' title='bbox 3435 5523 3578 5592; x_wconf 85' lang='lat' dir='ltr'>quod</span> <span class='ocrx_word' id='word_1_870' title='bbox 3608 5527 3720 5578; x_wconf 88' lang='lat' dir='ltr'>tam</span> <span class='ocrx_word' id='word_1_871' title='bbox 3746 5525 3968 5580; x_wconf 86' lang='lat' dir='ltr'>instan-</span> 
     </span>
    </p>
   </div>
  </div>
