4062 6386
429 279 530 330 435
1605 273 1766 326 VITA
1810 272 1864 326 S.
1923 269 2695 326 AUGUSTINI-EPISCOPI.

415 409 571 458 zatus
611 401 871 471 (Photius,
901 399 1155 453 Biblioth.
1198 397 1372 451 codice
1411 397 1522 466 53).
1562 398 1692 451 Haec
1741 396 1820 450 ita
1859 397 2010 467 legas
2051 395 2108 450 in

413 493 593 546 beatae
638 489 793 542 illius
829 486 1057 540 feminea
1101 485 1238 551 Vita,
1280 485 1376 538 ubi
1417 485 1568 538 diem
1615 484 1822 538 dicitur
1879 485 2108 550 obiisse,

413 599 526 653 quo
558 585 812 650 tempore
840 576 899 630 in
931 574 1559 645 Constantinopolitana
1585 574 1853 628 cathedra
1882 574 2111 627 sedebat

417 669 646 725 Proclus
685 667 922 735 (Surius,
970 665 1080 719 dcc.
1130 667 1215 727 31,
1259 668 1352 716 aut
1384 662 1561 733 jan.);
1603 662 1754 734 quod
1804 661 2108 715 Baronium

417 757 660 824 induxit,
708 758 774 808 ut
809 753 972 807 illum
1017 767 1168 806 anno
1211 751 1777 822 quadringentesimo
1816 750 2109 821 trigesimo

417 850 618 918 quarto
649 847 874 916 putaret
902 841 1316 895 collocandum.

487 939 539 991 3.
577 935 716 989 Cum
741 932 861 1002 jam
891 930 1101 984 librum
1127 933 1252 999 post
1282 930 1624 985 Collationem
1663 926 2010 998 Augustinus
2040 926 2116 979 ad

418 1022 728 1078 Donatistas
760 1017 1093 1089 scripsisset,
1123 1016 1386 1071 habitum
1427 1021 1511 1069 est
1541 1031 1690 1068 anno
1722 1013 2112 1085 quadringen-

418 1111 617 1165 tesimo
659 1107 992 1164 duodecimo
1031 1108 1293 1160 Zertense
1324 1104 1628 1158 concilium
1663 1121 1674 1158 :
1721 1119 1788 1156 ex
1825 1119 1938 1173 quo
1971 1100 2112 1155 nihil

417 1201 696 1270 superest,
728 1200 935 1269 praeter
971 1195 1267 1266 epistolam
1309 1195 1378 1248 ad
1410 1193 1636 1248 eosdem
1669 1191 1887 1247 decimo
1919 1195 2112 1245 octavo

418 1289 690 1342 kalendas
703 1285 877 1357 julias
899 1284 1166 1354 scriptam
1188 1283 1383 1353 (Epist.
1411 1283 1553 1351 141).
1578 1282 1719 1336 Cum
1739 1281 1893 1335 enim
1911 1296 2110 1334 eorum

416 1375 668 1447 episcopi
692 1375 973 1445 jactarent
995 1371 1251 1442 judicem
1283 1387 1312 1423 a
1344 1369 1666 1438 catholicis;
1696 1373 1762 1423 ut
1790 1373 1986 1422 contra
2015 1370 2111 1424 ad-

415 1464 691 1519 versarios
738 1459 1156 1533 pronuntiaret,
1201 1458 1445 1528 pecunia
1493 1457 1667 1512 fuisse
1717 1463 2049 1528 corruptum
2096 1474 2108 1511 :

415 1553 614 1624 putida
633 1552 730 1606 illa
754 1568 818 1604 ac
841 1547 1154 1604 deridicula
1177 1547 1466 1601 calumnia
1485 1547 1634 1617 apud
1657 1547 1937 1616 imperitae
1967 1547 2111 1601 mul-

414 1639 672 1694 titudinis
699 1638 921 1692 animos
958 1636 1130 1691 ﬁdem
1166 1635 1506 1701 inveniebat,
1538 1639 1593 1690 et
1624 1635 1934 1706 quominus
1962 1635 2109 1688 veri-

413 1728 514 1782 tati
556 1729 748 1798 plures
797 1743 1004 1780 manus
1051 1725 1272 1790 darent,
1321 1723 1732 1794 impedimento
1772 1727 1910 1778 erat.
1945 1724 2111 1777 Nulla

411 1815 641 1887 quidem
671 1831 732 1869 re
773 1813 1051 1869 confutari
1083 1813 1343 1878 validius,
1378 1829 1551 1882 quam
1581 1811 1958 1882 ipsorummet
1999 1814 2109 1866 Ge-

410 1909 625 1959 storum
653 1903 899 1958 lectione
922 1906 1166 1974 poterat,
1191 1902 1248 1955 in
1279 1901 1487 1973 quibus
1509 1901 1771 1955 videlicet
1792 1905 1908 1954 tam
1931 1901 2110 1954 multa

409 2010 594 2048 causa;
621 2009 736 2047 sum
760 1992 1044 2047 contraria
1073 1990 1390 2045 Donatistae
1420 1990 1572 2060 ipsos
1601 1989 1929 2060 protulisse,
1958 1989 2108 2043 litte-

409 2082 484 2135 ris
523 2081 922 2152 consignatum
951 2080 1162 2146 fuerat;
1193 2081 1258 2132 ut
1297 2077 1522 2131 etiamsi
1564 2076 1902 2147 religionem
1947 2091 2109 2129 suam

409 2171 479 2223 ab
525 2171 637 2224 illis
685 2168 974 2237 corrumpi
1016 2184 1215 2238 passus
1261 2166 1458 2220 fuisset
1498 2166 1874 2231 Marcellinus,
1914 2168 2107 2218 tamen

409 2258 677 2312 adversus
726 2273 819 2311 eos
865 2271 980 2309 non
1019 2255 1166 2309 ferre
1209 2254 1574 2322 sententiam,
1623 2268 1921 2324 nunquam
1965 2255 2111 2306 esset

411 2364 600 2401 ausus.
648 2347 722 2400 At
767 2361 900 2399 vero
947 2359 1079 2398 cum
1125 2359 1243 2397 non
1286 2341 1554 2396 omnibus
1601 2341 1889 2411 integrum
1940 2345 2106 2406 esset,

408 2434 609 2489 eadem
632 2435 797 2492 Gesta
813 2433 1024 2502 legere,
1048 2431 1330 2501 multique
1351 2430 1513 2500 adeo,
1531 2429 1739 2500 quibus
1760 2429 1816 2483 id
1836 2428 2106 2494 licuisset,

410 2523 535 2594 ipsa
566 2537 765 2576 eorum
795 2519 1116 2591 prolixitate
1142 2537 1175 2573 a
1205 2520 1446 2588 legendo
1479 2519 1927 2583 deterrerentur;
1953 2533 2110 2588 expe-

411 2611 533 2666 dire
561 2609 849 2663 catholicis
879 2608 1157 2680 episcopis
1178 2607 1383 2674 visum,
1412 2624 1541 2660 cum
1569 2610 1630 2660 ut
1661 2607 1902 2660 salutem
1930 2623 2108 2676 popu-

411 2701 598 2753 lorum
622 2701 1045 2768 promoverent,
1065 2702 1187 2751 tum
1210 2697 1381 2750 etiam
1405 2700 1467 2750 ut
1486 2695 1872 2767 pervicacibus
1891 2695 2107 2749 nullam

408 2786 786 2842 excusationis
836 2785 1083 2857 speciem
1139 2786 1552 2857 relinquerent,
1604 2783 1882 2855 quidquid
1937 2785 2107 2853 paulo

409 2875 640 2945 majoris
671 2874 945 2928 momenti
973 2874 1183 2928 factum
1215 2873 1273 2927 in
1315 2873 1622 2928 Collatione
1651 2873 1854 2938 fuerat,
1887 2874 2107 2925 contra-

409 2964 551 3018 ctius
590 2980 789 3018 eorum
836 2963 1015 3017 oculis
1058 2962 1357 3033 subjicere.
1404 2963 1519 3016 Hoc
1552 2965 1750 3023 autem
1793 2959 2108 3032 praestitere

407 3053 527 3121 ejus
559 3053 811 3124 cpistola:
851 3052 1145 3117 beneficio,
1175 3068 1348 3123 quam
1398 3055 1461 3105 ut
1499 3051 1564 3105 ad
1609 3051 1736 3104 illos
1773 3049 2104 3119 dirigerent,

405 3142 600 3196 divina
629 3141 904 3194 charitate
935 3140 1186 3210 permoti
1215 3145 1365 3194 sunt.
1405 3141 1542 3193 Eam
1570 3138 1924 3208 Augustinus
1953 3154 2107 3191 com-

404 3231 568 3284 muni
599 3229 772 3283 totius
803 3227 1028 3282 concilii
1059 3244 1339 3282 consensu
1370 3243 1434 3280 ac
1462 3226 1697 3281 nomine
1734 3225 1960 3297 scripsit
1988 3227 2106 3295 (Re-

405 3323 566 3373 tract.
595 3318 690 3372 lib.
721 3321 775 3384 εξ,
809 3332 928 3386 cap.
966 3317 1056 3382 4⁸2)
1092 3333 1104 3370 :
1137 3331 1200 3369 ac
1229 3316 1461 3388 praefert
1488 3315 1582 3368 illa
1614 3314 1675 3368 in
1713 3315 1895 3384 capite
1925 3314 2106 3369 Silva-

405 3423 546 3460 num
594 3407 995 3460 Summensem
1052 3404 1338 3459 Numidiae
1384 3403 1689 3472 decanum,
1743 3403 2107 3457 Valentinum

406 3497 741 3566 Vagensem,
789 3493 1082 3548 Aurelium
1144 3492 1677 3558 Macomadiensem,
1723 3492 2107 3563 Augustinum

403 3589 478 3650 et,
531 3587 741 3654 praeter
787 3599 881 3636 eos
930 3598 1072 3652 quos
1120 3581 1335 3648 reticet,
1385 3581 1529 3634 alios
1559 3580 1857 3652 quosdam.
1895 3579 2022 3634 Fuit
2057 3580 2106 3634 is

403 3678 730 3739 conventus,
752 3675 815 3725 ut
833 3687 966 3725 vero
989 3669 1317 3742 proximum
1342 3673 1443 3738 est,
1464 3669 1848 3740 provincialis,
1874 3670 2104 3740 quando

403 3779 535 3816 eum
568 3761 848 3816 Numidia:
879 3759 1184 3814 concilium
1213 3763 1376 3813 vocat
1404 3759 1780 3830 Augustinus.

471 3853 524 3905 4.
556 3851 764 3905 Aberat
803 3849 1082 3920 Hippone,
1116 3849 1353 3918 hujusce
1392 3847 1631 3902 forsitan
1660 3846 1939 3902 Zertensis
1970 3863 2102 3902 con-

403 3940 516 3994 cilii
547 3956 733 4006 causa,
766 3954 894 3992 cum
942 3937 1098 3992 dedit
1144 3937 1315 3991 aliam
1365 3937 1435 3991 ad
1483 3937 1855 3992 Saturninum
1896 3941 1953 3990 et
1993 3938 2102 3990 Fu-

398 4030 599 4085 fratem
638 4027 1000 4098 presbyteros
1046 4029 1103 4079 et
1137 4041 1441 4079 conversos
1471 4041 1600 4078 cum
1631 4024 1835 4079 iisdem
1862 4025 1934 4079 ad
1973 4025 2102 4078 uni-

403 4121 576 4172 tatem
605 4115 837 4170 clericos
868 4114 1166 4184 epistolam
1199 4113 1396 4183 (Epist.
1434 4113 1556 4184 142)
1579 4130 1593 4180 ;
1617 4113 1678 4167 in
1709 4131 1822 4185 qua
1844 4113 2106 4167 videlicet

398 4205 467 4259 de
497 4202 765 4258 convictis
795 4202 857 4255 in
883 4200 1314 4271 Carthaginensi
1340 4200 1655 4255 Collatione
1677 4200 2100 4255 Donatistarum

399 4291 682 4362 episcopis
712 4289 1001 4361 quasdam,
1033 4294 1099 4342 ut
1136 4288 1272 4342 alibi
1302 4288 1726 4343 observavimus
1765 4291 1847 4361 (In
1876 4292 2099 4358 Praefat.

401 4381 531 4434 tomi
556 4383 631 4445 2),
662 4378 768 4432 sub
799 4377 1002 4431 iisdem
1023 4375 1208 4431 verbis
1239 4375 1527 4443 dicuntur,
1547 4393 1676 4448 quae
1702 4377 1763 4430 in
1788 4377 1952 4432 istius
1973 4395 2104 4433 con-

397 4468 512 4523 cilii
542 4467 781 4539 epistola
823 4465 1087 4537 legimus.
1123 4466 1337 4520 Horum
1367 4465 1523 4520 haud
1557 4466 1729 4521 dubie
1768 4467 2101 4522 reconcilia-

399 4557 480 4611 tio
512 4573 614 4627 per
640 4553 949 4626 Augustini
980 4554 1296 4608 absentiam
1327 4554 1566 4624 contigit
1595 4571 1607 4608 :
1647 4559 1995 4626 quapropter
2023 4556 2102 4610 eis

396 4646 465 4700 de
501 4661 605 4698 suo
635 4645 702 4699 ad
738 4643 1040 4698 Ecclesiam
1075 4643 1260 4697 reditu
1290 4643 1454 4697 lmtus
1485 4643 1819 4713 gratulatur,
1845 4660 1909 4697 ac
1938 4661 2099 4698 suam

399 4731 582 4802 ipsius
624 4731 942 4787 absentiam
981 4736 1303 4786 excusatam
1345 4732 1617 4798 habeant,
1662 4735 1860 4802 rogat;
1895 4732 2099 4788 deinde

395 4822 571 4888 varia,
625 4822 831 4892 quibus
878 4821 1363 4876 universalitatem
1403 4820 1661 4875 Ecclesiae
1690 4826 1923 4888 asserat,
1955 4822 2098 4876 divi-

402 4927 489 4964 nae
531 4909 887 4964 auctoritatis
917 4909 1246 4964 testimonia
1288 4909 1533 4982 profert;
1567 4910 1639 4964 ad
1669 4915 1989 4965 extremum
2017 4911 2098 4966 eis

402 5005 600 5056 auctor
629 5004 734 5069 est,
757 5002 820 5053 ut
845 5016 973 5052 suas
1003 4999 1243 5071 quisque
1267 5004 1458 5069 partes
1485 5002 1656 5069 atque
1681 4999 1934 5054 ofﬁcium
1964 5016 2099 5071 gna-

399 5090 545 5144 viter
576 5092 746 5161 atque
791 5087 1054 5142 alacriter
1090 5087 1344 5158 impleat.
1380 5088 1644 5142 Proximo
1674 5093 1806 5157 post
1851 5090 2098 5160 tempori

397 5178 642 5235 adscribi
692 5180 901 5250 potest,
953 5193 1080 5247 quae
1128 5176 1305 5229 sancti
1357 5175 1640 5230 Antistitis
1687 5177 2095 5246 profectionem

396 5268 705 5342 quamdam
739 5269 928 5320 secuta
959 5269 1062 5331 est,
1097 5263 1264 5319 Cirtae
1301 5263 1474 5318 totius
1503 5264 1573 5319 ad
1601 5265 1935 5321 catholicam
1964 5269 2094 5322 uni-

395 5363 570 5413 tatem
612 5354 922 5412 conversio.
959 5353 1182 5424 Quippe
1222 5351 1282 5406 in
1325 5353 1468 5406 urbe
1497 5353 1620 5420 hac,
1669 5353 1950 5408 Numidia:
1993 5355 2095 5409 doc

395 5447 572 5512 mina,
605 5461 804 5500 omnes
841 5443 910 5498 ad
955 5441 1261 5497 Ecclesiam
1303 5440 1540 5503 rediere,
1583 5443 1828 5512 exceptis
1870 5444 2094 5514 paucis-

392 5534 570 5599 simis,
619 5551 782 5606 quos_
804 5533 862 5588 in
892 5531 1129 5588 discidio
1158 5531 1246 5584 vel
1292 5547 1453 5585 amor
1497 5531 1586 5586 vel
1633 5530 1807 5585 timor
1845 5531 2096 5586 hominis

3812 276 3928 327 451i

2223 396 2392 464 (forte
2439 394 2724 464 Petiliani)
2756 393 3010 462 retinuit,
3061 393 3383 465 quibusque
3422 396 3756 464 congregari
3787 413 3927 450 cum

2220 500 2308 548 eo,
2342 484 2450 538 nisi
2481 484 2824 548 clanculum,
2873 499 2985 537 non
3023 483 3230 536 licebat
3263 498 3277 536 :
3308 483 3464 553 quod
3512 483 3746 553 quidem
3787 491 3927 554 post

2218 573 2326 626 iter
2351 573 2486 626 illuc
2515 572 2584 626 ab
2611 571 2929 642 Augustino
2961 575 3312 641 susceptum,
3344 571 3440 624 sed
3469 587 3534 624 eo
3560 575 3750 626 tamen
3783 573 3926 626 inde

2217 660 2332 730 iam
2366 677 2641 732 regresso,
2682 660 2941 730 contigit.
2987 660 3144 714 Unde
3185 660 3280 713 ille
3320 675 3518 713 ansam
3557 659 3823 730 arripuit,
3855 666 3926 716 ut

2218 749 2435 804 huncce
2475 748 2864 804 felicissimum
2894 753 3162 803 eventum
3185 765 3304 802 non
3335 748 3451 802 suis
3497 749 3791 804 laboribus
3835 767 3927 805 ar-

2218 841 2462 908 rogaret,
2495 838 2594 891 sed
2637 837 2739 892 uni
2788 839 2901 891 Deo
2949 837 3186 890 referret
3225 841 3522 907 acceptum
3572 857 3585 894 :
3636 839 3924 895 Cirtenses

2219 942 2350 979 vero
2367 925 2625 996 plerique
2646 941 2844 979 omnes
2873 926 3055 978 Deum
3082 924 3186 978 hac
3216 923 3276 978 in
3300 941 3362 979 re
3382 925 3536 980 illius
3556 943 3730 998 opera
3746 944 3924 984 usum

2220 1013 2632 1079 existimantes,
2679 1013 2961 1066 dederunt
3009 1012 3077 1066 ad
3127 1013 3289 1068 illum
3336 1013 3572 1079 litteras,
3614 1015 3823 1086 quibus
3863 1023 3924 1071 et

2219 1117 2442 1172 eorum,
2487 1118 2616 1172 quae
2655 1101 2805 1172 apud
2847 1118 2904 1156 se
2936 1106 3263 1169 evenerant,
3297 1103 3598 1158 certiorem
3644 1105 3810 1159 illum
3841 1107 3923 1160 fa-

2219 1197 2430 1255 cerent,
2481 1195 2538 1245 et
2566 1191 2756 1256 simul,
2789 1195 2854 1245 ut
2901 1208 2959 1244 se
2990 1190 3282 1261 inviseret,
3331 1196 3577 1248 orarent.
3610 1193 3922 1264 Rescripsit

2221 1282 2288 1335 ad
2341 1297 2408 1334 ea
2453 1284 2676 1334 sanctus
2727 1280 2962 1346 Praesul,
3005 1295 3214 1350 cupere
3262 1296 3320 1334 se
3366 1280 3735 1335 vehementer
3773 1282 3919 1336 illud

2218 1369 2461 1437 itineris,
2488 1385 2551 1422 ac
2581 1370 2782 1434 Deum,
2815 1373 2878 1422 ut
2916 1368 3022 1422 sibi
3050 1369 3285 1438 hujusce
3316 1368 3580 1422 desiderii
3608 1369 3782 1424 finem
3812 1387 3919 1424 an-

2218 1461 2382 1524 nuat,
2414 1457 2796 1527 comprecari;
2825 1456 2995 1527 idque
3036 1473 3102 1510 eo
3135 1457 3491 1528 propensiori
3528 1459 3818 1513 voluntate
3859 1475 3921 1512 se

2219 1549 2634 1616 suscepturum,
2663 1545 2815 1617 quod
2845 1562 2959 1599 non
2988 1545 3288 1616 proprium
3315 1563 3481 1602 suum
3509 1563 3671 1618 opus,
3696 1549 3791 1602 sed
3817 1548 3919 1602 Dei

2219 1639 2616 1704 conspecturus
2645 1639 2913 1704 pergeret
2945 1635 3137 1703 (Epist.
3176 1635 3295 1702 144,
3321 1650 3376 1687 η.
3411 1635 3542 1706 1-3).

2289 1725 2341 1778 5.
2367 1723 2890 1776 Animadvertimus
2911 1739 3083 1792 supra
3105 1722 3455 1777 Bonifacium
3476 1724 3835 1795 episcopum,
3856 1741 3922 1778 ac

2217 1811 2617 1882 presbyterum
2665 1810 3110 1882 Hipponensem,
3163 1827 3293 1864 eum
3340 1811 3486 1866 forte
3534 1813 3626 1866 cui
3685 1814 3919 1868 Urbano

2219 1916 2452 1966 nomen,
2483 1904 2607 1954 tum
2638 1899 2807 1953 fuisse
2847 1899 3210 1969 Carthagine.
3243 1917 3372 1954 cum
3413 1900 3711 1970 epistolam
3754 1905 3922 1973 cujus

2218 1987 2448 2042 initium
2479 1993 2582 2055 est,
2618 1989 2777 2044 Gesta
2807 2005 2925 2057 quae
2947 1990 3202 2058 promisit
3232 1991 3555 2044 Praestantia
3586 1995 3680 2045 tua
3710 1992 3916 2061 (Epist.

2222 2078 2364 2148 139),
2397 2077 2619 2148 scripsit
2647 2076 3001 2146 Augustinus
3032 2094 3044 2131 :
3080 2078 3238 2147 atqui
3264 2077 3494 2133 illorum
3519 2083 3757 2150 uterque
3783 2079 3919 2134 inde

2216 2167 2434 2220 litteras
2473 2166 2724 2236 singulas
2753 2170 2945 2219 sancto
2989 2165 3224 2219 Praesuli
3263 2183 3295 2220 a
3337 2168 3658 2221 Marcellino
3698 2167 3914 2222 retulit.

2220 2257 2436 2322 Quibus
2463 2254 2715 2326 epistolis
2742 2255 2962 2309 duabus
2990 2253 3113 2324 ipse
3139 2254 3306 2309 unica
3334 2256 3650 2326 respondit,
3673 2272 3801 2327 quae
3833 2257 3920 2311 in-

2218 2347 2373 2418 cipit,
2404 2345 2705 2413 Epistolam
2745 2348 2894 2397 tuam
2934 2343 3140 2413 (Epist.
3179 2343 3315 2412 143).
3351 2345 3413 2398 In
3443 2361 3510 2398 ea
3539 2361 3710 2416 quem
3742 2346 3801 2400 in
3833 2347 3918 2400 lo-

2218 2450 2348 2489 cum
2394 2433 2501 2486 sibi
2545 2450 2578 2486 a
2620 2431 2908 2486 Bonifacio
2947 2431 3176 2486 allatam
3221 2431 3558 2502 imprudens
3586 2433 3915 2503 conjecerit,

2218 2523 2434 2578 nescire
2465 2537 2522 2574 se
2555 2519 2888 2591 proﬁtetur;
2917 2519 3143 2574 tametsi
3172 2520 3348 2590 probe
3384 2520 3731 2587 meminerit,
3765 2521 3821 2575 id
3853 2539 3916 2575 ex

2218 2630 2276 2666 se
2318 2611 2482 2665 isthic
2521 2609 2699 2680 quaeri
2737 2607 2991 2679 petique,
3041 2607 3332 2662 undenam
3374 2608 3556 2679 magis
3603 2608 3917 2663 Pharaonis

2219 2704 2523 2771 suppetere
2550 2715 2698 2769 aqua
2726 2697 2998 2768 potuerit,
3034 2713 3206 2768 quam
3235 2696 3296 2750 in
3321 2697 3658 2767 sanguinem
3690 2715 3922 2752 conver-

2217 2789 2413 2854 terint,
2444 2788 2564 2858 jam
2593 2802 2866 2840 conversa
2891 2785 2949 2839 in
2973 2785 3313 2855 sanguinem
3342 2789 3458 2839 tota
3489 2802 3637 2858 aqua
3665 2786 3916 2858 Aigypti.

2217 2879 2285 2932 In
2312 2895 2377 2931 ea
2413 2893 2570 2943 vero,
2603 2891 2775 2946 quam
2818 2874 3075 2929 Urbanus
3105 2873 3157 2928 ei
3197 2873 3537 2941 reddiderat,
3566 2874 3918 2929 difﬁcultatis

2217 2966 2516 3037 cujusdam
2546 2981 2612 3019 ex
2641 2963 2822 3034 ipsius
2848 2963 3006 3017 libris
3033 2963 3103 3018 de
3132 2962 3329 3017 Libero
3358 2963 3606 3018 Arbitrio
3629 2963 3920 3020 enodatio-

2217 3071 2350 3110 nem
2377 3052 2732 3110 Marcellinus
2762 3051 3177 3118 sciscitabatur;
3211 3052 3376 3123 eique
3406 3052 3576 3106 simul
3606 3053 3914 3119 indicabat,

2217 3141 2486 3197 familiari
2515 3141 2741 3196 cuidam
2788 3157 2890 3194 suo
2921 3139 3086 3208 (forte
3135 3140 3244 3210 ipsi
3291 3141 3638 3211 Volusiano),
3671 3159 3800 3213 quae
3845 3144 3917 3198 de

2217 3231 2544 3301 virginitate
2575 3234 2784 3283 sanctae
2816 3228 3004 3283 Mariae
3036 3229 3268 3300 epistola
3296 3230 3369 3284 ad
3397 3229 3766 3286 Volusianum
3798 3236 3916 3286 tra-

2218 3318 2456 3385 diderat,
2485 3335 2602 3372 non
2653 3317 2888 3372 omnino
2916 3317 3277 3374 satisfecisse.
3315 3318 3401 3373 Ad
3431 3319 3620 3374 locum
3646 3337 3818 3391 porro
3849 3321 3919 3375 li-

2217 3407 2304 3462 bri
2335 3409 2424 3463 sui
2453 3407 2611 3462 tertii
2649 3408 2718 3462 de
2765 3408 2964 3462 Libero
2993 3407 3243 3462 Arbitrio
3283 3409 3634 3479 respondens
3675 3412 3918 3464 testatur

2216 3495 2275 3549 in
2306 3496 2529 3567 primis,
2554 3497 2706 3551 nolle
2732 3513 2789 3550 se
2821 3497 2899 3551 sic
2927 3497 3061 3568 legi,
3088 3501 3187 3551 aut
3207 3497 3277 3552 ab
3304 3497 3501 3551 amicis
3529 3497 3780 3565 defendi,
3799 3502 3918 3553 tan-

2217 3601 2388 3656 quam
2412 3585 2553 3656 ipse,
2578 3584 2722 3639 sicut
2742 3585 3041 3656 scriptores
3069 3585 3230 3648 sacri,
3255 3585 3341 3640 illi
3367 3585 3628 3641 videlicet
3649 3587 3918 3643 homines

2216 3673 2315 3729 Dei
2347 3674 2445 3745 qui
2474 3673 2686 3744 Spiritu
2718 3679 2914 3729 sancto
2955 3674 3065 3728 acti
3094 3673 3267 3728 locuti
3297 3679 3446 3740 sunt,
3480 3675 3621 3729 nulli
3649 3676 3919 3730 credatur

2215 3762 2394 3817 errori
2425 3762 2705 3817 obnoxius
2736 3780 2748 3818 :
2788 3762 3047 3834 quinimo
3076 3763 3196 3833 jam
3228 3762 3306 3817 ibi
3338 3763 3639 3834 signiﬁcat,
3669 3782 3912 3836 operum

2215 3867 2450 3926 suorum
2465 3851 2726 3905 omnium
2741 3867 2858 3906 sese
2873 3868 2940 3905 eo
2955 3851 3147 3905 animo
3160 3851 3608 3922 recognitionem
3624 3853 3912 3921 meditari,

2211 3945 2277 3996 ut
2306 3940 2518 4011 scripto
2547 3940 2616 3995 ad
2639 3940 2694 3994 id
2718 3939 2775 3993 in
2797 3940 2999 4012 vulgus
3021 3939 3246 4006 emisso,
3272 3956 3399 4011 qua:
3417 3940 3522 3995 sibi
3546 3942 3737 3995 minus
3755 3942 3818 3996 in
3844 3942 3916 3996 iis

2211 4030 2550 4101 probentur,
2585 4045 2874 4100 quamque
2912 4046 3116 4100 parum
3157 4029 3264 4083 sibi
3307 4029 3428 4101 ipse
3475 4036 3688 4101 parcat,
3719 4031 3913 4102 palam

2213 4120 2588 4174 demonstret.
2632 4117 2848 4173 Deinde
2884 4122 3076 4173 tamen
3117 4116 3383 4185 afﬁrmat,
3415 4119 3560 4174 nihil
3595 4120 3654 4174 in
3687 4136 3776 4188 eo,
3813 4122 3914 4193 qui

2210 4205 2486 4274 tangitur,
2520 4206 2644 4259 loco
2684 4206 2902 4260 dictum
2941 4224 2974 4260 a
3003 4224 3081 4274 se,
3112 4207 3265 4277 quod
3295 4207 3598 4279 quisquam
3636 4214 3789 4264 recte
3823 4227 3915 4264 re-

2213 4293 2551 4365 prehendat.
2576 4295 2640 4348 Et
2661 4299 2811 4349 certe
2844 4313 2961 4350 non
2982 4295 3144 4364 alios,
3172 4312 3344 4367 quam
3368 4297 3656 4368 Pelagiani
3677 4298 3918 4369 dogma-

2209 4382 2285 4435 tis
2314 4384 2635 4448 sectatores,
2670 4383 2842 4437 verba
2871 4384 2939 4438 de
2975 4384 3182 4456 quibus
3211 4385 3506 4456 agebatur,
3539 4402 3769 4458 carpere
3809 4405 3915 4442 au-

2209 4487 2318 4538 sos,
2355 4470 2574 4542 liquido
2606 4472 2986 4543 cognoscitur.

2881 4561 3103 4617 CAPUT
3141 4564 3231 4618 IV.

2214 4651 2234 4702 1
2278 4648 2502 4702 Librum
2543 4649 2608 4703 de
2651 4650 2782 4704 Fide
2814 4655 2864 4704 et
2911 4651 3170 4720 Operibus
3215 4651 3326 4706 edit
3361 4655 3724 4721 Augustinus.
3755 4656 3790 4708 2
3821 4656 3920 4710 Ad

2279 4738 2569 4792 Paulinam
2597 4738 2662 4792 de
2703 4739 2935 4794 videndo
2975 4743 3079 4793 Deo
3125 4741 3335 4807 scribit,
3365 4757 3564 4796 necnon
3591 4742 3666 4795 ad
3711 4745 3917 4798 Fortu—

2278 4829 2586 4895 natianum,
2621 4830 2777 4897 cujus
2823 4845 2919 4897 ope
2961 4833 3018 4882 in
3065 4832 3303 4897 gratiam
3331 4847 3449 4885 cum
3495 4834 3739 4902 episcopo
3775 4848 3921 4898 quo-

2279 4915 2429 4985 dam,
2454 4919 2552 4985 qui
2579 4918 2696 4984 ejus
2727 4917 2986 4972 adversus
3007 4934 3281 4973 erroneam
3311 4921 3609 4988 opinionem
3634 4919 3782 4972 dicta
3805 4935 3916 4973 non

2279 5006 2394 5057 sine
2425 5004 2714 5072 oﬂ‘msione
2743 5010 3040 5074 acceperat,
3081 5006 3260 5060 redire
3289 5009 3454 5076 cupit.
3489 5010 3519 5060 3
3566 5009 3764 5063 Varias
3806 5009 3921 5062 sibi

2279 5097 2462 5145 mutuo
2482 5093 2736 5161 epistolas
2757 5096 2984 5148 mittunt
3011 5096 3274 5150 Paulinus
3295 5101 3345 5150 et
3373 5096 3732 5163 Augustinus.
3756 5098 3790 5150 4
3811 5099 3918 5152 Hic

2280 5181 2354 5232 ad
2396 5180 2741 5236 scribendum
2788 5197 2944 5237 suum
2975 5199 3107 5253 opus
3155 5184 3220 5239 de
3267 5186 3497 5242 Ciritate
3541 5188 3639 5240 Dei
3683 5187 3922 5256 appellit

2276 5284 2535 5324 animum.

2281 5359 2328 5410 1.
2363 5355 2516 5426 Opus
2558 5371 2727 5410 suum
2757 5358 2826 5412 de
2857 5358 3071 5430 Spiritu
3109 5365 3166 5415 et
3194 5361 3402 5416 Littera
3430 5378 3550 5416 non
3578 5362 3658 5416 ita
3685 5361 3918 5433 pridem

2207 5444 2465 5499 ediderat
2503 5445 2878 5519 Augustinus,
2910 5465 3040 5503 cum
3070 5451 3139 5504 ad
3183 5451 3544 5505 scribendum
3578 5450 3649 5506 de
3680 5451 3816 5507 Fide
3861 5457 3922 5508 et

2209 5532 2492 5602 Operibus
2538 5534 2798 5591 animum
2846 5537 3068 5608 appulit
3117 5538 3207 5609 (De
3235 5540 3363 5594 Fide
3390 5544 3441 5594 et
3483 5540 3668 5608 Opem,
3707 5556 3766 5596 η.
3800 5543 3914 5608 2t).

3633 6103 4062 6386 -J
