4062 6360
180 295 272 347 457

180 421 242 472 ut
267 415 543 470 nimirum
574 417 916 488 quibusdam
941 419 1311 490 responderet
1331 420 1572 492 scriptis,
1600 436 1730 492 quas
1753 419 1862 475 sibi

180 505 459 571 nonnulli,
514 505 644 560 laici
689 507 942 577 quidem,
994 508 1093 562 sed
1136 508 1462 563 divinorum
1500 508 1861 580 eloquiorum

177 592 412 649 studiosi
456 595 659 649 fratres
704 596 977 650 miserant
1019 597 1334 665 (Rctractat.
1366 599 1459 654 lib.
1502 600 1554 664 2,
1586 613 1706 667 cap.
1751 597 1859 667 38).

178 682 258 736 Ita
324 698 499 752 porro
550 682 788 738 istarum
832 684 1209 756 scriptionum
1260 691 1519 741 auctores
1575 686 1747 740 fidem
1803 685 1864 739 in

175 770 463 825 Christum
488 770 915 843 distinguebant
942 790 975 827 a
1002 774 1166 829 bonis
1190 775 1476 845 operibus,
1511 780 1577 830 ut
1605 774 1676 829 ad
1698 779 1862 829 aeter-

174 875 303 914 nam
334 859 508 914 vitam
537 876 656 914 non
682 860 802 915 sine
827 862 943 929 illa,
974 862 1096 917 sine
1123 862 1212 918 his
1232 868 1423 917 tamen
1441 863 1739 934 pervenire
1758 878 1864 916 nos

175 964 335 1021 posse
382 947 792 1004 existimarent.
844 952 1133 1006 Docebant
1177 956 1502 1023 propterea,
1548 967 1748 1006 omnes
1794 950 1865 1004 ad

175 1036 607 1109 percipiendum
656 1038 929 1109 Baptismi
976 1044 1395 1094 sacramentum
1423 1043 1477 1094 et
1510 1039 1580 1094 ad
1612 1039 1865 1094 Domini-

177 1142 300 1181 cam
327 1141 587 1180 mensam
614 1127 1000 1182 admittendos
1030 1144 1149 1183 esse
1173 1146 1186 1195 ;
1219 1144 1324 1183 nec
1349 1128 1664 1183 curandum
1686 1127 1869 1182 omni-

178 1232 270 1282 no,
312 1215 381 1269 de
410 1215 746 1285 corrigenda
771 1215 904 1283 vita,
936 1232 1136 1286 necne,
1177 1218 1525 1289 cogitarent;
1557 1216 1673 1271 imo
1710 1232 1865 1282 vero,

184 1302 404 1357 etiamsi
432 1303 694 1357 statuisse
724 1320 820 1358 eos
849 1309 1134 1359 constaret
1163 1304 1223 1359 in
1252 1304 1586 1359 criminibus
1613 1320 1676 1358 ac
1703 1304 1868 1374 ﬂagi-

179 1390 269 1445 tiis
312 1390 429 1445 suis
465 1407 867 1462 perseverare;
905 1393 974 1447 de
1018 1393 1224 1463 quibus
1255 1393 1625 1448 emendandis
1655 1393 1697 1446 ii
1724 1408 1868 1446 non-

178 1477 285 1533 nisi
326 1482 454 1549 post
499 1483 795 1549 acceptum
834 1480 1115 1550 Baptisms
1167 1486 1354 1535 essent
1395 1481 1739 1536 admonendi
1780 1483 1871 1549 (De

180 1567 309 1623 Fide
358 1571 408 1621 ct
455 1568 637 1637 Opem,
685 1584 777 1622 nn.
834 1571 882 1633 1,
934 1569 1050 1639 10);
1097 1586 1311 1624 novum
1356 1570 1511 1624 enim
1564 1586 1705 1637 esse,
1750 1569 1869 1623 imo

175 1672 508 1726 perversum
547 1661 718 1728 atque
768 1662 1207 1729 praeposterum,
1240 1659 1399 1730 prius
1441 1660 1642 1713 docere
1669 1673 1869 1729 quem-

176 1744 489 1800 admodum
513 1744 701 1799 vivere
729 1746 935 1800 debeat
963 1746 1327 1816 christianos,
1358 1764 1421 1802 ac
1450 1747 1655 1802 deinde
1684 1747 1870 1817 bapti-

177 1834 513 1903 zari(1bid.,
557 1849 651 1888 nn.
694 1836 781 1899 33,
829 1835 895 1905 l).
922 1837 1130 1906 -Atque
1160 1836 1243 1890 illi
1282 1836 1341 1890 in
1372 1835 1705 1907 opinionem
1731 1836 1869 1889 adeo

176 1921 559 1993 perniciosam
616 1922 937 1994 praecipites
987 1923 1098 1979 acti
1144 1928 1277 1979 sunt
1324 1940 1515 1979 amore
1571 1923 1871 1978 hominum

176 2011 580 2082 quorumdam,
612 2012 820 2082 quibus
850 2029 918 2067 eo
951 2013 1262 2084 denegatus
1290 2014 1437 2068 forte
1467 2014 1653 2068 fuerat
1675 2013 1872 2084 Bapti-

175 2115 357 2167 smus,
386 2099 539 2170 quod
566 2099 869 2169 repudiata
896 2100 1087 2170 priore
1118 2102 1358 2172 conjuge
1388 2100 1555 2155 aliam
1585 2101 1645 2154 in
1674 2100 1872 2154 matri-

176 2187 441 2243 monium
478 2188 762 2242 duxerant
791 2188 975 2259 (Ibid.,
1004 2205 1061 2244 n.
1092 2190 1168 2261 2).
1203 2190 1340 2254 Quae
1370 2206 1459 2243 res
1487 2189 1874 2260 Augustinum

175 2277 477 2349 compulit,
520 2280 585 2332 ut
623 2294 743 2332 non
782 2278 970 2333 solum
1020 2279 1265 2345 doceret,
1303 2295 1417 2349 qua
1453 2278 1671 2333 ratione
1698 2278 1875 2332 vitam

176 2366 475 2421 instituere
501 2366 764 2433 debeant,
792 2366 893 2437 qui
918 2366 1099 2437 gratia
1130 2366 1338 2421 Christi
1362 2370 1494 2421 sunt
1521 2364 1873 2436 rcgenerati;

175 2471 381 2510 verum
435 2455 605 2509 etiam
655 2456 853 2525 quales
903 2471 1022 2509 esse
1058 2454 1372 2521 conveniat,
1408 2454 1509 2526 qui
1537 2453 1777 2524 cupiunt
1805 2454 1875 2508 ad

178 2545 467 2598 lavacrum
498 2543 955 2615 regenerationis
985 2543 1228 2598 admitti.
1259 2543 1395 2607 Quae
1421 2548 1540 2597 toto
1584 2542 1874 2598 volumine

178 2632 584 2703 disputaverat,
619 2648 685 2686 ea
713 2631 895 2703 capite
925 2632 1131 2686 ultimo
1160 2634 1315 2686 velut
1342 2632 1403 2685 in
1426 2632 1636 2686 fascem
1655 2634 1878 2685 revocat

177 2723 514 2794 colligitque
547 2724 808 2789 (Retract.
841 2723 941 2777 lib.
980 2726 1035 2789 2,
1066 2738 1188 2791 cap.
1216 2722 1326 2791 38).

247 2814 301 2866 2.
340 2812 499 2866 Idem
532 2810 735 2864 eodem
774 2810 996 2865 circiter
1042 2814 1301 2880 tempore
1339 2808 1505 2880 ponit
1540 2807 1879 2879 opusculum

174 2899 339 2968 illud,
376 2898 526 2971 quod
559 2899 813 2953 Paulinae
838 2899 907 2953 de
945 2898 1188 2953 videndo
1224 2899 1336 2951 Deo
1365 2897 1667 2967 scripserat
1690 2896 1873 2967 (Ibid.,

175 3004 295 3058 cap.
351 2988 463 3059 41).
511 2989 627 3042 Hoc
655 2986 714 3040 in
750 3002 923 3058 opere
965 2987 1133 3057 quale
1170 2985 1243 3040 sit
1268 2986 1525 3040 futurum
1556 2988 1682 3054 post
1711 2999 1879 3053 gene-

176 3078 360 3131 ralem
388 3075 867 3129 resurrectionem
887 3074 1183 3128 beatorum
1213 3089 1438 3142 corpus,
1468 3077 1731 3126 utrumve
1777 3087 1879 3125 na-

176 3169 373 3219 turam
402 3163 782 3235 spiritualem,
816 3161 1135 3233 cujusmodi
1165 3163 1312 3216 Deus
1344 3165 1449 3229 est,
1482 3176 1714 3214 cernere
1743 3175 1876 3213 ocu-

177 3253 246 3306 lis
275 3253 481 3323 possit,
511 3251 817 3319 discutere,
849 3249 1026 3305 sancti
1060 3248 1312 3304 Doctoris
1338 3265 1453 3303 non
1475 3253 1560 3303 est
1575 3248 1878 3301 consilium

176 3341 347 3410 (Ibid.
399 3345 450 3395 ct
491 3343 671 3409 Epist.
727 3342 850 3409 147,
902 3356 960 3393 n.
1013 3339 1123 3409 49).
1182 3338 1435 3409 Spondet
1474 3340 1689 3400 autem,
1721 3351 1779 3390 se
1820 3336 1879 3389 in

176 3430 666 3485 commentatione
694 3428 965 3499 quapiam
996 3444 1063 3481 ex
1092 3428 1368 3498 professo,
1401 3426 1449 3480 si
1477 3429 1625 3481 Deus
1642 3425 1876 3496 juverit,

180 3521 289 3575 hac
339 3519 411 3574 de
450 3535 512 3573 re
566 3517 990 3588 disputaturum
1034 3517 1230 3586 (Epist.
1281 3519 1400 3582 147,
1427 3531 1482 3569 n.
1522 3515 1631 3585 54).
1663 3516 1728 3569 Et
1754 3530 1881 3569 eam

178 3609 419 3681 quidem
450 3607 596 3661 libro
624 3606 694 3660 de
713 3605 946 3661 Civitate
970 3604 1069 3659 Dei
1088 3603 1364 3674 vigesimo
1390 3603 1636 3659 secundo
1660 3607 1878 3658 tractat.

177 3698 311 3767 Egit
340 3711 571 3767 quoque
617 3694 686 3747 de
733 3694 841 3747 ho'c
876 3696 1215 3762 argumento
1244 3693 1306 3745 in
1334 3693 1583 3764 quadam
1615 3691 1878 3761 epistola,

177 3784 337 3857 quod
364 3781 881 3838 Commonitorium
919 3780 989 3834 ad
1034 3779 1366 3850 episcopum
1388 3779 1721 3845 ,Siccensem
1754 3779 1880 3832 For-

175 3872 548 3929 tunatiannm
573 3874 735 3923 vocat
763 3870 1081 3938 (Rctractat.
1114 3868 1209 3922 lib.
1241 3871 1296 3933 2,
1329 3883 1449 3937 cap.
1482 3870 1543 3922 41
1570 3887 1586 3934 ;
1614 3872 1664 3920 ct
1703 3869 1880 3935 Epist.

184 3961 307 4029 148)
338 3977 351 4014 :
376 3974 601 4013 necnon
631 3958 691 4011 in
721 3956 828 4011 alia
851 3956 922 4010 ad
946 3956 1199 4011 Italicam
1220 3956 1509 4026 aliquanto
1529 3960 1659 4010 ante
1679 3954 1887 4024 scripta

175 4051 390 4118 (Epist.
444 4046 552 4115 92).
588 4045 650 4099 In
680 4044 786 4098 hac
812 4043 1051 4109 dixerat,
1086 4043 1248 4097 istius
1279 4044 1533 4113 corporis
1562 4043 1755 4097 oculos
1782 4058 1887 4096 nec

175 4138 383 4193 videre
428 4136 631 4200 Deum,
664 4148 767 4186 nec
809 4148 928 4186 esse
958 4131 1207 4197 visuros;
1241 4132 1311 4185 ad
1341 4131 1395 4185 id
1427 4132 1793 4185 asserendum
1818 4147 1885 4184 eo

175 4225 494 4289 adductus,
527 4221 683 4292 quod
711 4220 1033 4275 timendum
1065 4223 1230 4286 esset,
1255 4235 1327 4273 ne
1357 4220 1506 4274 Deus
1534 4219 1653 4290 ipse
1683 4235 1890 4289 corpo-

177 4330 321 4370 reus
354 4317 411 4365 et
440 4310 503 4364 in
532 4308 643 4364 loci
674 4309 856 4380 spatio
877 4308 1289 4379 intervalloque
1311 4307 1546 4362 visibilis
1566 4308 1891 4362 crederetur

180 4403 392 4474 (Epist.
442 4400 563 4464 148,
606 4414 662 4453 n.
715 4401 767 4466 l,
799 4402 847 4452 et
877 4399 1053 4466 Epist.
1104 4400 1192 4463 92,
1233 4413 1285 4450 n.
1312 4396 1387 4465 3).
1430 4398 1506 4450 Ea
1531 4396 1753 4450 ratione
1790 4411 1891 4450 an-

185 4490 437 4546 tistitem
467 4486 775 4559 quemdam
806 4502 874 4540 ex
904 4485 1101 4539 amicis
1135 4484 1378 4538 Siccensi
1405 4484 1631 4539 dioecesi
1659 4484 1721 4538 in
1750 4486 1894 4539 Pro-

180 4575 481 4635 consulari
510 4574 932 4630 conterminum
967 4573 1260 4627 refellebat
1287 4573 1459 4644 paulo
1480 4572 1887 4640 vehementius,

181 4668 264 4723 sic
294 4665 561 4721 videlicet
589 4665 793 4719 ardore
821 4661 1285 4734 reprehensionis
1312 4662 1599 4733 abreptus,
1632 4666 1697 4716 ut
1723 4661 1894 4716 verba

182 4773 290 4812 sua
323 4755 397 4809 ad
424 4752 840 4808 observantiam
875 4750 1185 4822 episcopali
1212 4750 1476 4820 dignitati
1496 4750 1746 4804 debitam
1776 4765 1895 4803 non

185 4844 331 4898 satis
383 4842 661 4911 exigeret;
696 4857 808 4912 qua
837 4840 1071 4912 quidem
1100 4840 1226 4907 lege
1255 4854 1320 4892 eo
1350 4853 1409 4892 se
1436 4838 1626 4892 minus
1658 4843 1893 4908 putave-

182 4936 279 4987 rat
312 4930 675 4995 obstrictum,
709 4928 859 4999 quod
908 4926 1024 4981 suis
1054 4926 1113 4980 in
1146 4924 1347 4979 litteris
1376 4925 1667 4979 neminem
1697 4940 1761 4978 ex
1792 4940 1897 4978 no-

185 5020 354 5075 mine
386 5018 719 5087 appellaret.
756 5014 1131 5069 Nihiloseeius
1168 5018 1362 5068 tamen
1392 5012 1448 5067 id
1475 5012 1773 5083 episcopus
1802 5012 1899 5065 ille

184 5108 247 5163 in
282 5106 550 5177 pejorcm
581 5103 1044 5175 partem,suique
1076 5101 1218 5156 adeo
1248 5101 1654 5155 contumeliam
1684 5099 1893 5169 rapuit.

186 5194 429 5267 Optavit
472 5190 825 5260 Augustinus
876 5206 1007 5245 cum
1052 5191 1150 5245 illo
1187 5190 1381 5245 venire
1419 5189 1479 5243 in
1518 5188 1895 5258 colloquium;

188 5299 435 5358 sperans
462 5282 607 5350 fore,
637 5284 703 5335 ut
733 5280 856 5350 ejus
885 5278 1143 5334 animum
1173 5279 1279 5334 sibi
1307 5278 1697 5333 reconciliaret
1723 5277 1902 5347 petita

191 5370 536 5445 suppliciter
568 5367 753 5425 venia.
787 5367 947 5432 Quod
990 5384 1121 5422 cum
1169 5370 1406 5423 conatus
1437 5371 1602 5435 esset,
1643 5366 1902 5420 scribente

194 5462 273 5518 ad
303 5475 448 5527 eum,
466 5457 808 5530 inquit,riro
830 5456 1145 5524 venerabili,
1174 5456 1429 5526 nobisque
1448 5456 1691 5511 omnibus
1712 5455 1905 5509 honore

195 5548 575 5622 praeferendo,
620 5544 920 5614 nimirum,
952 5549 1019 5600 ut
1045 5560 1150 5599 nos
1175 5542 1640 5615 interpretamur,
1676 5541 1905 5597 Aurelio

558 5652 839 5719 PATROL.
890 5649 1139 5717 XXXII.

1582 292 1800 353 LIBER
1855 296 2222 356 SEPTIMUS.

3562 313 3667 367 458

1976 421 2427 492 Carthaginensi,
2478 424 2672 480 venire
2715 425 2812 479 ille
2859 424 3060 491 noluit,
3105 427 3302 482 dolum
3340 429 3666 495 forsitanin

1974 526 2031 564 se
2074 511 2409 583 suspicatus,
2450 513 2565 568 sive
2602 513 2661 568 id
2697 515 3013 584 Augustino
3053 530 3172 569 esse
3211 516 3390 571 animi
3428 518 3666 574 illudere

1972 598 2105 668 ipsi,
2136 605 2306 672 atque
2346 602 2417 656 de
2450 618 2644 656 errore
2673 602 2946 657 insultare
2980 620 2993 656 :
3027 604 3178 674 quod
3205 604 3454 659 immane
3486 623 3668 677 quan-

1973 691 2097 741 tum
2141 689 2211 743 ab
2254 690 2377 760 ejus
2405 689 2638 762 ingenio
2670 692 3031 746 abhorrebat.
3062 695 3329 748 Attamen
3360 694 3669 750 antistitem

1974 775 2138 831 illum
2176 778 2505 833 adeundum
2534 778 2643 833 sibi
2671 779 2904 835 domum
2937 796 3054 835 non
3083 782 3325 851 putavit,
3356 798 3443 844 ne,
3488 784 3536 837 si
3563 785 3673 838 mi-

1976 879 2083 916 nus
2111 867 2535 922 excusationem
2579 868 2673 921 ille
2717 868 3061 935 admitteret,
3098 869 3159 923 id
3199 870 3571 926 offensionem
3617 878 3674 927 et

1975 952 2306 1009 scandalum
2353 962 2582 1026 pareret
2630 959 2824 1027 (Epist.
2861 959 2981 1024 148,
3014 973 3071 1013 η.
3103 960 3175 1028 4).
3223 960 3431 1014 Verum
3459 977 3589 1016 cum
3620 963 3674 1016 ei

1976 1040 2306 1112 contigisset
2338 1044 2809 1100 Fortunatianum
2850 1046 3180 1117 episcopum
3208 1047 3420 1115 videre,
3455 1054 3672 1120 quanto

1977 1130 2032 1181 et
2062 1143 2234 1199 quam
2261 1145 2395 1184 vero
2425 1131 2621 1185 dolore
2652 1132 2725 1186 ob
2755 1132 2925 1187 amici
2953 1133 3430 1189 abalienationem
3460 1153 3677 1207 punge-

1977 1220 2153 1283 retur,
2196 1216 2282 1271 illi
2330 1219 2584 1288 aperuit;
2623 1220 2907 1289 simulque
2944 1222 3185 1293 rogavit,
3219 1239 3349 1277 eum
3381 1224 3673 1292 inviseret,

1978 1306 2279 1359 certiorem
2329 1306 2399 1361 de
2447 1307 2769 1363 sinceritate
2816 1309 2995 1363 animi
3042 1311 3129 1365 sui
3172 1311 3529 1379 redditurus;
3558 1330 3676 1368 non

1979 1394 2135 1449 enim
2165 1411 2222 1448 se
2255 1394 2417 1450 illum
2449 1397 2761 1468 aspernari,
2801 1398 2902 1452 sed
2929 1398 2989 1453 in
3018 1398 3116 1453 illo
3152 1401 3330 1454 Deum
3359 1400 3550 1472 ipsum
3582 1419 3674 1456 ve-

1978 1483 2170 1537 nerari
2200 1500 2263 1538 ac
2291 1484 2513 1553 timere,
2553 1490 2731 1557 utque
2770 1486 2878 1540 sibi
2907 1487 3180 1542 offensam
3210 1490 3356 1543 hanc
3398 1491 3495 1544 ille
3532 1507 3676 1545 con-

1980 1572 2175 1638 donet,
2237 1572 2509 1627 obtestari
2567 1575 2757 1644 (Ibid.,
2796 1591 2851 1630 n.
2902 1576 2969 1645 l).
3022 1576 3217 1631 Eidem
3270 1579 3676 1633 Fortunatiano

1979 1665 2177 1731 postea
2206 1666 2582 1716 memoratam
2610 1663 2913 1732 epistolam
2940 1663 3183 1734 scripsit,
3223 1664 3283 1718 in
3315 1682 3428 1736 qua
3455 1666 3675 1720 iteratis

1979 1748 2183 1803 iisdem
2228 1750 2506 1820 precibus,
2556 1755 2620 1804 ut
2662 1768 2719 1804 se
2763 1752 2833 1805 de
2866 1752 3169 1821 impetrata
3195 1753 3387 1807 abillo
3414 1754 3675 1825 episcopo

1978 1838 2147 1893 venia
2193 1838 2483 1902 exhilaret,
2520 1854 2692 1909 quam
2734 1839 3054 1893 humillime
3084 1845 3255 1910 atque
3285 1841 3675 1896 amantissime

1980 1930 2191 2001 potest.
2236 1927 2508 1981 obsecrat.
2569 1926 2740 1997 Atqui
2802 1927 3162 1997 quantolibet
3214 1928 3517 1998 mitigandi
3569 1929 3679 1983 viri

1982 2013 2145 2068 istius
2176 2014 2457 2069 desiderio
2487 2018 2800 2081 teneretur,
2823 2030 2889 2068 eo
2907 2019 3097 2069 tamen
3126 2015 3571 2087 haudquaquam
3593 2021 3679 2071 est

1981 2101 2327 2173 prohibitus,
2347 2102 2655 2173 quominus
2676 2103 2968 2157 veritatem
2979 2104 3099 2173 jam
3130 2103 3229 2158 abs
3258 2120 3317 2157 se
3345 2120 3677 2176 propugna-

1983 2196 2100 2245 tam
2130 2189 2586 2245 constantissime
2610 2195 2884 2247 tueretur.
2918 2192 3140 2246 Etenim
3168 2195 3407 2247 testatur
3434 2209 3508 2254 se,
3523 2192 3679 2264 quod

1984 2278 2045 2333 in
2104 2279 2225 2349 ejus
2267 2279 2507 2350 gratiam
2549 2280 2881 2350 scripsisset,
2930 2278 3166 2334 minime
3218 2281 3497 2352 poenitere
3543 2298 3556 2335 :
3618 2296 3682 2335 ac

1987 2369 2187 2433 Deum,
2238 2368 2528 2438 quomodo
2558 2384 2664 2422 nos
2693 2384 2822 2439 quas
2854 2384 3022 2423 sensu
3052 2368 3451 2439 percipiuntur
3497 2367 3683 2424 cerni-

1983 2473 2135 2525 mus,
2165 2456 2347 2511 videri
2377 2457 2613 2511 omnino
2645 2473 2761 2511 non
2790 2473 2974 2528 posse,
3003 2474 3076 2511 ne
3106 2476 3138 2512 a
3161 2458 3421 2529 gloriosis
3451 2458 3686 2529 quidem

1988 2545 2349 2615 corporibus,
2394 2546 2698 2599 confirmat
2740 2546 3077 2600 auctoritate
3106 2546 3420 2613 Athanasii,
3451 2546 3688 2600 Ambro-

1987 2633 2079 2701 sii,
2129 2632 2408 2703 Gregorii,
2455 2649 2517 2687 ac
2559 2634 2647 2687 vel
2695 2634 2941 2687 maxime
2991 2633 3337 2705 Hieronymi.
3371 2634 3470 2689 Sin
3497 2638 3689 2691 autem

1988 2736 2229 2792 corpora
2256 2726 2375 2775 tam
2403 2737 2585 2791 prope
2616 2721 2683 2775 ad
2717 2727 2980 2776 naturam
3020 2722 3330 2792 spirituum
3375 2735 3687 2789 accessura,

1986 2814 2051 2865 ut
2081 2826 2170 2863 res
2195 2810 2562 2880 incorporeas
2591 2809 2769 2863 oculis
2798 2826 3077 2880 usurpare
3111 2811 3356 2877 valeant,
3387 2811 3690 2881 episcopus

1988 2898 2082 2952 ille
2112 2897 2427 2964 existimet;
2453 2913 2510 2950 se
2537 2898 2607 2952 ad
2629 2897 3003 2964 audiendum,
3030 2897 3238 2968 quibus
3256 2898 3543 2953 rationum
3564 2915 3688 2954 mo-

1988 2985 2195 3066 mentis
2225 2984 2557 3056 opinionem
2589 3000 2751 3038 suam
2780 2984 3049 3053 stabiliat,
3089 2984 3516 3055 paratissimum
3566 3001 3689 3041 esse

1989 3074 2169 3142 (lbid.,
2204 3090 2257 3127 τι.
2288 3074 2337 3141 4)
2374 3089 2386 3127 :
2419 3073 2657 3141 interea,
2688 3073 2825 3127 dum
2867 3072 2988 3126 haec
3034 3073 3271 3144 quaestio
3300 3078 3488 3128 exacte
3517 3089 3691 3145 paca-

1988 3167 2159 3232 teque
2184 3161 2435 3215 discussa
2465 3160 2655 3227 fuerit,
2689 3177 2784 3215 cor
2804 3161 3012 3232 ipsum,
3045 3176 3159 3232 quo
3188 3161 3428 3215 dubium
3458 3178 3578 3216 non
3604 3165 3691 3216 est

1989 3250 2139 3321 quin
2161 3251 2340 3304 Deum
2368 3249 2545 3304 simus
2572 3248 2767 3315 visuri,
2800 3248 3123 3318 parandum
3152 3249 3686 3320 mundandumque.

1989 3339 2234 3393 lnnuere
2255 3342 2447 3393 autem
2471 3337 2710 3403 videtur,
2736 3353 2854 3405 eos,
2875 3352 3119 3408 quorum
3140 3337 3466 3392 testimonio
3484 3337 3689 3407 utitur,

1984 3427 2106 3497 jam
2132 3428 2247 3482 vita
2291 3427 2567 3498 migrasse
2598 3442 2611 3481 :
2649 3427 2799 3497 quod
2828 3426 2874 3479 si
2900 3426 2977 3480 ita
3007 3425 3174 3495 foret,
3202 3425 3361 3480 illam
3389 3427 3689 3496 epistolam

1989 3520 2120 3588 post
2149 3532 2367 3571 annum
2392 3516 2733 3586 vigesimum
2763 3531 2795 3569 a
2826 3514 3413 3586 quadringentesimo,
3433 3531 3547 3586 quo
3569 3531 3692 3571 san-

1992 3609 2114 3659 ctus
2159 3604 2534 3675 Hieronymus
2575 3603 2736 3670 obiit,
2768 3603 3001 3673 rejicere
3032 3606 3343 3674 oporteret.
3376 3604 3483 3658 Sed
3520 3604 3693 3658 verba

1993 3693 2090 3747 illa
2110 3708 2226 3746 non
2256 3697 2376 3747 tam
2403 3692 2588 3763 rigide
2608 3697 2878 3762 putamus
2908 3690 3336 3761 interpretanda
3362 3707 3374 3744 :
3408 3691 3693 3760 siquidem

1999 3778 2432 3833 Fortunatianus
2469 3776 2743 3831 Siccensis
2785 3791 2936 3829 anno
2979 3774 3544 3846 quadringentesimo
3583 3791 3692 3829 un-
3726 3816 3737 3827 .

1995 3867 2215 3921 decimo
2246 3864 2545 3920 Collationi
2570 3862 3002 3932 Carthaginensi
3032 3862 3324 3929 interfuit;
3348 3862 3505 3916 unde
3535 3863 3693 3916 colli-

1996 3972 2094 4026 gas
2123 3954 2177 4008 ei
2206 3954 2532 4007 successisse
2571 3953 2631 4006 in
2680 3952 3008 4022 episcopatu
3052 3950 3365 4018 Urbanum,
3393 3966 3565 4020 quem
3597 3951 3694 4003 Ec-

1996 4040 2179 4095 clesiae
2212 4039 2457 4095 Siccensi
2485 4055 2635 4093 anno
2685 4037 3249 4108 quadringentesimo
3291 4036 3511 4091 decimo
3542 4041 3696 4090 sexto

1998 4146 2220 4184 necnon
2285 4132 2341 4181 et
2408 4125 2972 4198 quadringentesimo
3045 4125 3263 4179 decimo
3332 4140 3482 4178 nono
3546 4140 3695 4194 prm-

1998 4219 2170 4272 fuisse
2220 4216 2393 4270 visuri
2437 4232 2661 4281 sumus;
2701 4230 2890 4285 neque
2937 4214 3109 4268 etiam
3154 4228 3359 4284 parum
3389 4212 3697 4267 verisimile

2001 4311 2106 4371 est,
2156 4305 2422 4359 eumdem
2460 4306 2583 4374 jam
2630 4304 2764 4359 inde
2809 4303 2881 4357 ab
2928 4318 3080 4357 anno
3139 4300 3702 4373 quadringentesimo

2001 4394 2220 4451 decimo
2276 4393 2446 4447 tertio
2498 4392 2713 4446 factum
2777 4391 2900 4462 ejus
2945 4390 3093 4445 sedis
3140 4390 3491 4461 episcopum.
3549 4389 3700 4453 Quo-

2001 4484 2148 4537 circa
2191 4481 2410 4536 tardius
2456 4479 2567 4535 isto
2595 4496 2746 4535 anno
2776 4482 3094 4534 memorata
3119 4478 3359 4549 epistola
3400 4477 3541 4549 poni
3586 4493 3703 4531 non

2002 4574 2206 4643 potest.

2075 4664 2125 4714 3.
2183 4658 2475 4713 Urbanum
2532 4657 2950 4728 presbyterum,
3021 4655 3183 4725 cujus
3234 4642 3589 4709 mentionem
3644 4652 3703 4707 in

2004 4748 2239 4817 epistola
2283 4747 2353 4800 ad
2398 4746 2790 4800 Marcellinum
2836 4749 3090 4798 extremo
3125 4742 3351 4797 circiter
3379 4759 3529 4797 anno
3559 4758 3707 4813 qua-

2007 4834 2457 4904 dringentesimo
2470 4833 2808 4887 duodecimo
2828 4832 2959 4885 data
2977 4832 3111 4886 fecit
3130 4831 3481 4902 Augustinus
3504 4832 3702 4909 (Epist.
3761 4823 3766 4827 ’

2011 4925 2131 4988 143,
2165 4938 2221 4976 n.
2256 4921 2330 4991 2),
2361 4921 2523 4975 illum
2553 4921 2741 4991 ipsum
2773 4936 2891 4973 esse
2925 4936 3041 4973 non
3084 4919 3431 4983 dubitamus,
3476 4918 3543 4973 de
3591 4933 3705 4988 quo

2007 5011 2159 5066 idem
2191 5010 2250 5063 in
2284 5024 2547 5063 sermone
2577 5008 2647 5061 ad
2678 5008 2905 5078 ptebcm
2938 5008 3076 5062 dicit
3118 5025 3131 5062 :
3171 5010 3400 5064 Sanctus
3440 5010 3618 5075 frater
3658 5010 3706 5058 et

2009 5101 2346 5168 coepiscopus
2398 5113 2543 5151 meus
2598 5097 2841 5152 Urbanus
2895 5102 3090 5163 noster,
3151 5100 3248 5166 qui
3295 5097 3381 5150 hic
3425 5094 3708 5163 presbyter

2008 5189 2140 5255 fuit,
2186 5193 2234 5241 et
2263 5186 2416 5241 modo
2447 5192 2524 5241 est
2554 5188 2816 5242 Siccensis
2857 5188 3133 5255 cpiscopus
3180 5186 3435 5255 (Sermon.
3468 5183 3706 5249 Frogm.,

2010 5291 2066 5330 n.
2115 5278 2165 5344 l,
2209 5276 2381 5343 primi
2425 5275 2677 5345 fragm).
2725 5274 2831 5328 Sed
2864 5289 2966 5327 nec
2997 5274 3174 5327 alium
3204 5272 3371 5325 etiam
3405 5267 3707 5337 significat,

2014 5364 2152 5417 dum
2182 5362 2555 5434 Peregrinum
2586 5364 2886 5417 diaconum
2921 5362 3345 5432 Hipponensem
3384 5356 3608 5410 Urbano
3639 5356 3709 5409 ad

2015 5452 2380 5509 subeundum
2411 5453 2734 5525 episcopale
2764 5466 2973 5505 munus
2993 5465 3142 5504 anno
3163 5447 3308 5501 forte
3330 5443 3714 5516 quadringen-

2014 5540 2223 5597 tesimo
2252 5541 2474 5597 decimo
2505 5541 2673 5597 tertio
2700 5537 3086 5609 proﬁciscenti
3114 5534 3381 5589 comitem
3405 5531 3576 5590 fuisse
3604 5536 3717 5588 tra-

3027 5637 3363 5723 (Οιιίηεθο)
