4062 6360
424 293 525 345 459

421 410 504 466 dit
545 409 740 479 (Epist.
779 409 900 474 149,
929 422 982 459 n.
1020 405 1123 476 34).
1157 405 1206 457 Is
1252 404 1447 470 Roma,
1489 418 1604 474 quo
1636 402 1742 456 iter
1771 405 2113 473 susceperat,

1680 265 1850 335 VITA
1891 279 1944 332 s.
1990 276 2374 334 AUGUSTINI
2418 273 2753 331 EPISCOPI.

3832 271 3942 325 460

2227 402 2356 458 Cum
2385 416 2476 454 vos
2503 401 2705 467 fratres
2732 399 2905 452 nostri
2951 399 3152 466 (Epist.
3195 397 3304 466 95),
3350 395 3433 449 illi
3481 396 3936 458 transmittebat,

418 500 538 571 jam
566 497 625 552 in
651 494 896 550 Africam
916 510 1066 547 anno
1098 497 1224 564 post
1244 491 1879 563 quadringentesimum
1901 491 2118 546 decimo
2221 491 2342 560 jam
2371 496 2498 542 ante
2526 491 2862 542 tractaverat
2881 487 3073 554 (Epist.
3104 486 3223 550 149,
3245 500 3301 537 n.
3326 484 3434 552 33).
3461 485 3538 536 De
3557 483 3942 554 praedestina-

423 591 575 641 sexto
605 586 956 639 remeaverat
995 581 1184 652 (Serm.
1229 583 1468 649 Fragm,
1501 597 1560 634 n.
1596 584 1614 633 t
1650 583 1821 650 primi
1842 581 2067 648 fragm.)
2103 595 2115 632 :

425 672 764 744 Peregrinus
819 687 971 740 vero,
1026 670 1122 740 qui
1176 686 1307 723 cum
1363 685 1428 722 eo
1487 667 1702 723 Siccam
1754 669 1940 722 fuerat
1993 683 2123 737 pro-

424 764 621 828 fectus,
657 761 971 830 Hipponem
1010 758 1264 812 nondum
1306 757 1633 827 repetierat,
1683 773 1815 810 cum
1853 755 2122 826 Augusti-

427 867 532 906 nus
576 849 894 920 epistolam,
926 847 1084 916 cujus
1115 851 1197 899 est
1227 845 1481 910 initium,
1515 845 1672 910 Quod
1697 845 1760 898 de
1788 846 2125 912 pe-rventione

425 944 536 993 tam
574 952 836 1009 prospera
885 936 1087 1006 (Epist.
1131 936 1274 1006 149),
1307 935 1375 988 ad
1423 934 1727 987 Paulinum
1761 932 1916 986 dedit
1948 948 1961 985 ι
1996 947 2124 1001 quas

423 1027 660 1098 proinde
676 1041 779 1079 nec
799 1029 928 1079 ante
951 1039 1166 1078 annum
1188 1022 1821 1094 quadringentesimum
1839 1019 2125 1076 decimum

423 1116 681 1180 tertium,
731 1130 917 1184 neque
964 1117 1096 1184 post
1151 1111 1782 1184 quadringentesimum
1841 1109 2126 1164 decimum

426 1204 695 1275 quintum
725 1203 934 1271 scripta
959 1201 1082 1256 fuit.
1120 1202 1194 1254 Ea
1224 1205 1413 1254 autem
1449 1199 1518 1254 ad
1552 1200 1742 1270 plures
1772 1197 1992 1252 Paulini
2015 1197 2128 1268 epi-

427 1294 596 1348 stolas
663 1290 1090 1362 responsionem
1151 1289 1425 1342 continet.
1506 1289 1720 1357 Nempe
1774 1286 2127 1356 Augustinus

427 1381 726 1452 epistolam
753 1378 1089 1450 Carthagine
1118 1378 1187 1432 ad
1215 1378 1374 1431 illum
1408 1393 1511 1446 per
1535 1376 1787 1430 hiemem
1816 1375 1952 1429 anni
1980 1392 2127 1445 qua-

426 1468 856 1539 dringentesimi
887 1467 1065 1522 octavi
1095 1467 1180 1521 vel
1215 1465 1763 1538 quadringentesimi
1798 1464 1934 1518 noni
1962 1464 2128 1518 desti-

427 1562 591 1612 narat
649 1556 844 1627 (Epist.
894 1555 984 1625 935)
1039 1570 1049 1608 :
1100 1555 1272 1625 hujus
1324 1555 1615 1622 Paulinus,
1660 1569 1788 1624 quae
1835 1552 1942 1606 sibi
1982 1552 2127 1606 forte

426 1648 618 1716 elapsa
675 1649 814 1709 erat,
867 1643 974 1696 sibi
1020 1643 1168 1697 mitti
1209 1643 1629 1713 apographum,
1678 1645 1776 1695 aut
1807 1642 1875 1695 de
1905 1641 2126 1709 integro

427 1733 878 1799 resurrectionis,
918 1732 986 1785 de
1027 1748 1139 1801 qua
1187 1732 1248 1783 in
1289 1732 1486 1785 eadem
1518 1731 1617 1783 illa
1647 1730 1886 1799 epistola
1917 1729 2127 1798 ageba-

423 1826 537 1888 tur,
572 1821 870 1875 materiam
916 1818 1170 1885 edisseri,
1203 1819 1397 1889 cnpiit.
1437 1819 1614 1872 Simul
1647 1817 1967 1887 Augustino
1996 1833 2124 1886 pro-

425 1911 586 1982 ponit
626 1910 688 1963 in
733 1910 900 1962 Vetus
939 1924 1000 1961 ac
1041 1909 1258 1961 Novum
1298 1908 1749 1960 Instrumentum
1782 1905 2127 1976 quaestiones

425 2013 660 2064 novem;
708 2012 849 2066 quas
894 2012 1023 2049 cum
1064 1996 1184 2066 ipse
1234 2010 1458 2048 summa
1509 1993 1776 2064 expendit
1806 1991 2121 2062 diligentia,

427 2089 548 2139 tum
590 2083 977 2154 Augustinum
1027 2084 1363 2144 obtestatur.
1418 2087 1482 2136 ut
1525 2098 1686 2135 suam
1731 2081 1798 2134 de
1844 2081 1954 2133 illis
2011 2096 2128 2133 sen-

424 2174 663 2227 tentiam
690 2171 798 2225 sibi
828 2171 1118 2236 rescribat,
1147 2187 1210 2224 ac
1243 2172 1311 2225 de
1334 2187 1482 2224 nona
1505 2170 1562 2223 in
1587 2169 1804 2240 primis,
1829 2185 1958 2239 quae
1981 2169 2129 2222 circa

425 2262 704 2317 Simeonis
733 2262 801 2315 ad
834 2260 1063 2315 Mariam
1092 2260 1241 2314 dicta
1265 2261 1595 2313 versabatur
1617 2259 1818 2324 (Paul.,
1845 2259 1994 2327 apud
2013 2259 2128 2312 Au-

427 2355 594 2417 gust.,
637 2351 814 2418 Epist.
851 2351 967 2411 t'2l,
1004 2365 1058 2401 n.
1097 2349 1201 2417 14),
1245 2348 1501 2417 Acceptis
1549 2347 1703 2401 hisce
1736 2347 1956 2413 litteris,
2001 2362 2128 2416 quae

430 2456 462 2493 τι
511 2439 747 2492 Paulino
793 2438 1018 2492 circiter
1062 2453 1274 2491 annum
1317 2436 1946 2508 quadringentesimum
1976 2435 2127 2490 deci-

435 2544 594 2581 mum
609 2527 828 2598 scriptae
843 2527 1092 2592 fuerunt,
1114 2526 1464 2596 Augustinus
1487 2526 1782 2579 confestim
1803 2525 1883 2578 illi
1905 2540 2130 2594 respon-

431 2617 529 2680 dit,
569 2633 632 2669 ac
662 2617 783 2686 ejus
809 2615 1154 2686 quaestiones
1185 2615 1391 2685 partim
1423 2614 1724 2684 expedivit,
1757 2612 1965 2683 partim
1994 2629 2127 2682 pro-

430 2709 667 2775 perante
713 2704 1007 2758 tabellario
1051 2704 1258 2757 omisit.
1313 2704 1643 2773 Exemplum
1684 2719 1815 2756 vero
1848 2702 2125 2772 epistolae,

432 2795 586 2865 quod
611 2793 882 2847 Paulinus
899 2793 1592 2863 petierat,adjungendum
1615 2790 1746 2845 huic
1768 2790 2127 2860 responsioni

428 2883 665 2937 curavit.
701 2884 852 2936 Hanc
890 2897 1080 2952 porro,
1123 2897 1296 2952 quam
1345 2880 1755 2946 desideramus,
1803 2879 2127 2949 responsio-

427 2987 562 3027 nem
607 2970 911 3025 verisimile
955 2975 1041 3023 est
1087 2969 1280 3024 datam
1329 2969 1483 3023 haud
1535 2968 1729 3022 multis
1767 2973 1897 3046 ante
1929 2968 2127 3022 diebus

427 3059 623 3129 fuisse,
654 3075 785 3112 cum
811 3058 981 3111 aliam
1008 3057 1224 3111 addidit
1256 3057 1545 3122 Paulinus,
1572 3073 1700 3126 quae
1733 3055 1992 3109 similiter
2020 3072 2126 3125 pe-

429 3148 546 3214 riit,
581 3165 694 3218 qua
724 3147 922 3200 itidem
971 3146 1041 3199 de
1087 3146 1305 3215 psalmo
1335 3151 1492 3198 sexto
1524 3144 1766 3210 decimo,
1796 3145 1978 3214 deque
2014 3160 2128 3197 ver-

427 3236 515 3290 bis
543 3234 824 3289 Simeonis
855 3234 922 3287 ad
954 3233 1184 3287 Mariam
1208 3233 1592 3302 Augustinum
1617 3233 1963 3285 consulebat.
1998 3233 2127 3286 Haec

428 3324 748 3394 Hipponem
779 3338 908 3375 cum
942 3326 1024 3374 est
1051 3322 1290 3391 perlata,
1323 3325 1444 3374 tum
1477 3323 1742 3391 Cataquae
1771 3322 1922 3390 apud
1954 3321 2122 3374 Boni-

428 3413 640 3466 facium
681 3411 935 3481 ejusdem
967 3409 1122 3463 urbis
1151 3409 1481 3479 episcopum
1512 3409 1899 3463 diversabatur
1925 3411 2126 3480 Augu-

429 3500 631 3554 stinus.
675 3499 1032 3569 Quapropter
1077 3497 1235 3551 illam
1285 3497 1546 3567 Hippone
1595 3497 1704 3551 sibi
1736 3497 2126 3551 transmissam

429 3588 728 3659 accipiens,
756 3588 1020 3657 Cataquae
1052 3601 1387 3656 responsum
1419 3586 1607 3653 dedit;
1635 3587 1730 3640 sed
1764 3586 1842 3640 ibi
1871 3603 2124 3658 graecum

427 3677 782 3750 psalterium,
832 3675 980 3729 unde
1028 3675 1233 3746 psalmi
1271 3675 1479 3729 decimi
1525 3676 1669 3728 sexti
1711 3675 2123 3745 expositionem

425 3770 663 3837 peteret,
695 3781 811 3819 non
834 3763 1064 3834 reperit.
1091 3765 1243 3818 Istud
1273 3780 1502 3835 quoque
1525 3781 1864 3834 responsum
1887 3765 2123 3832 excidit;

425 3855 525 3909 sed
563 3871 747 3926 neque
773 3853 1012 3907 Paulino
1042 3853 1331 3907 redditum
1361 3854 1503 3921 fuit;
1544 3853 1707 3907 sicuti
1737 3870 1842 3907 nec
1871 3854 1967 3906 illa
1997 3854 2124 3923 epi-

424 3946 586 4013 stola,
619 3961 732 4016 qua
757 3943 914 4016 prius
942 3942 1293 4014 Augustinus
1313 3942 1382 3996 ad
1405 3943 1525 4012 ejus
1545 3942 1893 4013 quaestiones
1917 3959 2122 3997 novem

421 4034 811 4104 responderat.
845 4033 1030 4095 Quare
1055 4032 1241 4085 denuo
1273 4031 1344 4085 ad
1374 4031 1536 4084 illum
1559 4032 1804 4085 scribere
1825 4048 2121 4086 necessum

423 4122 698 4176 Paulinus
727 4120 948 4186 habuit,
973 4135 1104 4173 cum
1124 4135 1274 4172 anno
1299 4135 1469 4189 supra
1490 4119 2122 4190 quadringentesimum

423 4208 761 4264 duodecimo
790 4209 876 4261 vel
901 4207 1067 4261 tertio
1097 4207 1318 4261 decimo
1343 4207 1537 4271 Quinti
1566 4209 1887 4278 presbyteri
1911 4213 1963 4262 et
1985 4208 2122 4262 alio-

422 4313 553 4352 rum
573 4298 792 4368 aliquot
811 4296 1117 4349 adventum
1142 4295 1223 4349 illi
1245 4295 1623 4362 nuntiavit,de
1645 4312 1894 4366 quorum
1914 4297 2119 4351 itinere

420 4385 568 4439 nihil
597 4384 751 4438 aliud
781 4384 1060 4438 habemus
1083 4387 1459 4454 compertum.
1483 4385 1534 4437 Is
1561 4388 1752 4437 autem
1771 4384 1850 4436 ibi
1872 4385 2119 4439 destina-

420 4477 546 4527 tum
569 4473 670 4526 abs
699 4489 757 4526 se
788 4471 1080 4542 quoddam
1099 4470 1521 4536 misericordiae,
1557 4476 1619 4525 ut
1645 4471 1912 4541 appellat,
1938 4473 2118 4527 consi-

422 4561 564 4614 lium
615 4560 969 4630 signiﬁcabat
1010 4559 1328 4630 Augustino
1361 4559 1556 4630 (Epist.
1607 4562 1725 4625 149,
1757 4577 1809 4615 η.
1851 4563 1924 4630 1);
1958 4563 2118 4632 cujus

421 4649 872 4718 contubernales,
925 4648 1114 4703 divino
1154 4649 1504 4718 mancipatos
1548 4649 1840 4720 obsequio,
1890 4651 2119 4704 univer-

419 4737 524 4791 sim
553 4738 804 4808 quidem,
851 4738 1222 4809 Peregrinum
1260 4754 1392 4792 vero
1423 4738 1722 4792 diaconum
1753 4738 2116 4808 nominatim,

417 4827 503 4882 uti
533 4828 886 4898 conjicimus,
930 4828 1211 4882 salutabat
1257 4829 1440 4898 (Ibid.,
1473 4845 1528 4882 η.
1558 4829 1664 4899 34).
1701 4831 2003 4883 Postremae
2034 4829 2116 4882 illi

418 4915 672 4987 epistolae
702 4916 927 4970 Paulini
951 4917 1303 4985 Augustinus
1329 4917 1514 4987 prima
1535 4918 1664 4972 data
1687 4919 1979 4972 occasione
2007 4918 2118 4972 Rn-

415 5004 519 5059 ﬁni
548 5004 791 5071 diaconi,
823 5005 922 5074 qui
948 5021 1016 5058 ex
1047 5003 1396 5074 Hipponedsi
1417 5011 1586 5075 portu
1612 5007 1878 5073 solvebat,
1902 5022 2117 5060 memo-

415 5099 598 5148 ratam
642 5092 944 5163 epistolam
990 5092 1211 5146 circiter
1242 5109 1452 5147 annum
1485 5095 2115 5165 quadringentesimum

421 5187 692 5254 quartum
721 5181 1003 5236 decimum
1035 5180 1339 5250 rescripsit.
1367 5181 1448 5235 Ibi
1470 5183 1880 5251 quaestionibus
1907 5200 1939 5236 a
1969 5185 2114 5238 Pau-

415 5272 532 5326 lino
563 5269 871 5343 propositis
894 5268 1192 5335 satisfecit;
1223 5285 1347 5322 eam
1374 5273 1564 5322 tamen
1586 5287 1713 5340 qua:
1740 5271 1808 5324 ad
1837 5272 2115 5325 Simeonis

410 5359 583 5415 verba
628 5358 973 5430 pertinebat,
1019 5357 1247 5412 nonnisi
1287 5357 1487 5411 leviter
1531 5358 1832 5429 attingens,
1867 5377 1932 5414 eo
1964 5360 2111 5413 scili-

2227 579 2382 631 tione
2413 577 2643 638 ibidem,
2679 590 3007 646 quanquam
3030 589 3145 626 non
3174 589 3242 626 ex
3262 572 3541 642 professo,
3563 577 3757 626 tamen
3779 574 3939 627 clare

2228 666 2536 720 admodum
2567 669 2624 718 et
2653 664 2834 717 valide
2867 662 3118 732 disputat
3146 663 3349 731 (Epist.
3378 661 3486 732 95).

2299 757 2348 808 4,
2387 755 2539 824 Opus
2570 754 2637 808 de
2665 753 2896 807 Civitate
2927 751 3026 804 Dei
3045 754 3242 803 contra
3272 750 3540 816 Gentiles,
3575 749 3674 820 qui
3707 749 3937 821 religio-

2229 859 2362 898 nem
2393 842 2771 897 Christianam
2795 839 3108 893 maledictis
3131 842 3187 892 et
3212 838 3512 891 calumniis
3542 840 3612 892 ob
3644 855 3939 910 expugna-

2232 937 2348 986 tam
2396 932 2600 985 Urbem
2639 928 3100 1000 proscindebant,
3143 944 3263 981 non
3301 943 3616 997 paucorum
3647 945 3936 982 annorum

2231 1025 2410 1093 spatio
2437 1021 2849 1080 elucubratum.
2883 1021 2986 1073 hoc
3017 1019 3270 1088 primum
3301 1034 3448 1072 anno
3478 1023 3802 1090 susceptum
3826 1025 3934 1073 est.

2234 1113 2297 1167 Id
2319 1111 2472 1166 enim
2503 1109 2726 1180 scripsit
2743 1108 3094 1179 Augustinus
3110 1108 3180 1161 ad
3204 1107 3590 1162 Marcellinum
3609 1109 3935 1176 tribunum,

2233 1201 2332 1271 qui
2363 1216 2512 1253 anno
2543 1200 2665 1269 ipso
2698 1196 3261 1268 quadringentesimo
3293 1197 3511 1250 decimo
3541 1198 3726 1264 tertio,
3744 1198 3938 1252 idibus

2233 1289 2571 1360 septembris
2621 1303 2797 1341 caesus
2844 1287 3028 1340 vivere
3066 1285 3233 1340 desiit
3265 1302 3279 1339 :
3314 1302 3417 1340 nec
3445 1291 3640 1340 tamen
3667 1286 3768 1341 diu
3797 1292 3936 1340 ante

2233 1378 2386 1432 illius
2435 1377 2648 1431 caedem
2696 1392 2930 1430 manum
2967 1375 3100 1429 huic
3143 1374 3393 1428 admovit
3437 1375 3629 1444 operi;
3673 1375 3939 1446 quando-

2235 1467 2469 1538 quidem
2498 1467 2674 1520 libros
2704 1466 2826 1535 ejus
2857 1465 3021 1532 duos,
3052 1480 3180 1517 cum
3214 1463 3309 1516 illa
3338 1463 3598 1532 contigit,
3625 1463 3711 1516 vix
3743 1464 3938 1533 perfe-

2235 1561 2407 1610 cerat.
2443 1557 2580 1608 Hinc
2602 1555 2754 1608 haud
2787 1553 2956 1607 dubie
2978 1553 3210 1618 factum,
3233 1552 3417 1622 utqui
3444 1552 3832 1606 Marcellinum
3865 1553 3939 1606 al-

2234 1644 2391 1715 loqui
2417 1648 2660 1714 coeperat
2690 1643 2748 1696 in
2776 1641 3006 1695 exordio
3036 1640 3209 1710 primi
3243 1656 3305 1694 ac
3334 1640 3565 1694 secundi
3594 1639 3746 1707 libri,
3781 1656 3937 1694 nun-

2237 1749 2408 1804 quam
2447 1732 2507 1786 in
2548 1731 2780 1801 reliquis
2827 1747 3151 1783 sermonem
3179 1729 3250 1782 ad
3283 1745 3413 1782 eum
3443 1734 3754 1783 convertat.
3791 1730 3937 1783 Cum

2235 1821 2385 1874 idem
2411 1820 2530 1890 ipse
2562 1819 2913 1874 Marcellinus
2942 1818 3117 1871 libros
3145 1818 3204 1871 in
3235 1819 3341 1871 hoc
3365 1824 3774 1888 argumentum
3801 1834 3937 1872 con-

2235 1909 2327 1963 ﬁci
2359 1910 2689 1979 deprecatus
2717 1909 2916 1962 fuisset
2957 1908 3155 1977 (Epist.
3204 1910 3323 1972 t36,
3358 1923 3413 1960 n.
3447 1909 3528 1978 3);
3560 1909 3937 1977 responderat

2236 1998 2288 2051 ei
2345 2013 2493 2051 anno
2551 1996 3114 2068 quadringentesimo
3167 1995 3508 2048 duodecimo
3553 1996 3932 2066 Augustinus,

2237 2086 2515 2155 ejusmodi
2535 2085 2881 2155 quaestiones
2912 2101 2944 2137 a
2965 2101 3022 2137 se
3054 2089 3177 2137 tum”
3205 2082 3556 2154 pertractari,
3590 2099 3705 2138 non
3735 2100 3936 2154 quem-

2239 2175 2542 2228 admodum
2576 2174 2644 2227 de
2676 2174 2763 2227 his
2792 2174 3078 2244 agendum
3109 2178 3192 2226 est
3238 2173 3516 2226 librorum
3547 2173 3801 2242 negotio,
3834 2173 3935 2227 sed

2239 2263 2725 2334 quemadmodum
2779 2265 2966 2332 potest
3004 2261 3295 2331 epistulari
3338 2266 3422 2314 sat
3473 2277 3593 2314 esse
3648 2262 3933 2332 colloquio

2241 2354 2434 2421 (Epist.
2473 2354 2591 2417 t38,
2619 2368 2673 2405 η.
2709 2350 2752 2420 1)
2791 2367 2803 2403 :
2837 2351 2988 2420 quod
3020 2350 3251 2419 quidem
3278 2349 3438 2402 facile
3465 2366 3570 2403 nos
3600 2349 3853 2416 adducit,
3875 2357 3936 2404 ut

2239 2457 2371 2493 eum
2401 2445 2537 2494 tunc
2568 2441 2838 2510 temporis
2863 2441 3115 2493 nondum
3136 2440 3429 2492 inchoasse
3450 2457 3592 2509 opus
3614 2439 3770 2493 istud
3789 2440 3938 2494 arbi‘

2238 2532 2473 2584 tremur.
2507 2529 2616 2583 Sed
2647 2544 2775 2582 cum
2822 2528 2991 2581 simul
3023 2528 3408 2582 Marcellinum
3439 2531 3623 2598 rogat,
3657 2532 3721 2581 ut
3750 2528 3860 2581 sibi
3889 2529 3936 2582 si

2239 2617 2375 2686 quid
2399 2617 2465 2670 ad
2483 2616 2901 2670 convincendos
2920 2615 3175 2669 inﬁdeles
3190 2617 3373 2670 adhuc
3393 2617 3937 2687 necessariumjudi-

2239 2709 2344 2771 cet,
2379 2705 2695 2775 significare
2719 2720 2788 2757 ne
2811 2710 3076 2774 gravetur
3096 2710 3155 2758 ut
3174 2706 3256 2759 vel
3276 2705 3731 2773 epistolis,ait,vel
3755 2706 3935 2773 libris,

2236 2795 2286 2846 si
2307 2793 2582 2862 adjuverit
2609 2796 2767 2856 Deus,
2801 2792 2875 2845 ad
2906 2796 3084 2846 omnia
3116 2793 3436 2861 respondere
3462 2808 3703 2847 curemus
3747 2794 3934 2863 (lbid.,

2237 2897 2290 2935 n.
2323 2883 2439 2950 20);
2477 2898 2646 2934 nemo
2679 2881 2844 2934 isthic
2873 2897 2989 2934 non
3019 2881 3346 2952 videat,qua
3373 2881 3596 2935 ratione
3620 2882 3837 2935 sensim
3863 2883 3938 2936 ad

2236 2968 2407 3022 libros
2439 2968 2506 3022 de
2539 2968 2770 3022 Civitate
2796 2968 2894 3022 Dei
2915 2968 3351 3022 conscribendos
3381 2973 3604 3022 sanctus
3625 2969 3937 3023 Doctorin-

2236 3057 2436 3110 ductus
2461 3056 2574 3110 ‘sit.
2630 3058 2774 3126 Ergo
2819 3057 2939 3110 zelo
2977 3057 3178 3110 domus
3211 3056 3329 3120 Dei,
3362 3061 3425 3110 ut
3453 3057 3729 3127 loquitur,
3764 3074 3939 3112 exar-

2236 3145 2472 3197 descens
2515 3143 2782 3197 adversus
2831 3143 3140 3197 Gentilium
3166 3143 3564 3212 blasphemiae,
3595 3159 3936 3215 propugna-

2237 3233 2449 3286 tionem
2480 3232 2632 3286 illius
2663 3231 2946 3302 suscipere
2976 3232 3127 3301 apud
3157 3231 3416 3286 animum
3442 3249 3610 3286 suum
3638 3234 3940 3289 constituit

2236 3323 2487 3391 (Retract.
2529 3323 2622 3375 lib.
2657 3324 2709 3387 2,
2741 3337 2860 3390 cap.
2894 3322 2983 3387 43,
3016 3337 3068 3375 n.
3128 3325 3192 3386 1).
3225 3321 3332 3376 Sed
3358 3322 3455 3375 abs
3485 3321 3763 3391 singulari
3795 3324 3937 3377 hoc-

2235 3426 2294 3462 ce
2327 3415 2663 3480 argumento
2682 3409 2751 3463 ad
2778 3409 3137 3463 tractandum
3154 3409 3470 3479 generatim
3496 3409 3564 3464 de
3585 3415 3832 3482 utraque
3853 3411 3938 3465 ci-

2235 3498 2423 3566 vitate,
2455 3499 2657 3554 mundi
2699 3498 2962 3553 videlicet
2989 3515 3053 3553 ac
3083 3499 3203 3565 Dei,
3250 3499 3329 3552 sic
3366 3499 3647 3554 calamum
3678 3506 3938 3556 transtu-

2234 3586 2320 3653 lit,
2351 3591 2415 3641 ut
2455 3587 2623 3641 simul
2668 3602 2968 3657 aggressus
3011 3587 3100 3651 sit,
3155 3592 3213 3640 et
3255 3587 3535 3658 quidquid
3565 3589 3624 3641 in
3657 3590 3938 3658 gentilitii

2234 3676 2418 3729 cultus
2449 3675 2837 3729 defensionem
2884 3675 3236 3746 splendidius
3275 3676 3465 3730 aﬁ‘erri
3494 3682 3737 3747 poterat,
3770 3695 3935 3732 ever-

2234 3771 2371 3831 tere,
2405 3769 2460 3818 et
2488 3765 2855 3819 christianam
2883 3765 3224 3835 religionem
3247 3765 3470 3819 invictis
3492 3766 3780 3820 rationum
3809 3785 3936 3822 mo-

2233 3854 2440 3909 mentis
2483 3860 2757 3908 astruere.
2809 3855 2944 3917 Quae
2994 3869 3162 3924 porro
3210 3854 3413 3924 grandi
3459 3854 3558 3908 illo
3607 3871 3779 3926 opere
3829 3873 3937 3927 per

2233 3944 2376 3998 duos
2395 3960 2567 4014 supra
2586 3942 2788 4013 viginti
2814 3943 2985 3996 libros
3016 3947 3454 4012 pertractantur,
3477 3960 3675 3998 eorum
3705 3961 3934 4000 summa

2231 4033 2415 4104 capita
2441 4033 2502 4086 in
2535 4031 3046 4087 Rctractationibus
3085 4033 3330 4102 attingit.
3365 4034 3469 4086 Tot
3496 4034 3670 4087 libros
3699 4035 3934 4088 nonnisi

2230 4121 2490 4191 pluribus
2515 4121 2679 4174 annis
2709 4120 3153 4192 interruptisque
3182 4122 3397 4176 vicibus
3424 4122 3476 4176 ei
3505 4122 3663 4177 licuit
3691 4125 3762 4178 ad
3794 4140 3933 4178 nm-

2229 4209 2463 4262 bilicum
2493 4209 2790 4274 adducere,
2823 4213 3015 4262 coacto
3047 4209 3310 4264 videlicet
3340 4210 3409 4265 ab
3439 4210 3550 4264 illis
3576 4210 3782 4282 saepius
3825 4213 3932 4266 sti-

2230 4298 2351 4352 lum
2381 4313 2693 4364 removere,
2717 4303 2777 4352 ut
2797 4297 2870 4351 ad
2892 4314 2958 4351 ea
2979 4314 3106 4369 quae
3138 4298 3320 4368 magis
3344 4314 3546 4369 urgere
3570 4300 3929 4368 videbantur,

2228 4387 2390 4440 illum
2421 4390 2773 4440 converteret
2814 4386 3018 4457 (Ibid).
3066 4387 3288 4440 Priores
3335 4387 3474 4442 duos
3504 4389 3589 4442 vel
3633 4395 3767 4454 tres,
3802 4395 3870 4443 ut
3900 4408 3933 4444 a

2228 4475 2392 4529 nobis
2415 4475 2535 4545 jam
2563 4475 2798 4540 dictum,
2828 4475 2932 4529 hoc
2963 4492 3136 4542 anno,
3165 4477 3448 4546 proximos
3477 4493 3608 4530 vero
3636 4477 3758 4532 istis
3784 4479 3931 4532 duos

2229 4580 2377 4617 anno
2396 4562 2962 4633 quadringentesimo
2979 4564 3198 4617 decimo
3223 4564 3423 4635 quinto
3447 4565 3930 4635 composuit,cum

2228 4669 2324 4707 eos
2355 4654 2524 4722 paulo
2573 4658 2700 4706 ante
2739 4652 3230 4723 quadragesimale
3262 4655 3545 4724 jejunium
3587 4661 3734 4709 esset
3760 4673 3930 4710 exor-

2225 4759 2320 4794 sus
2353 4741 2546 4810 (Epist.
2587 4745 2710 4810 169,
2739 4757 2795 4796 n.
2830 4742 2906 4810 l).
2948 4742 3205 4795 Primum
3232 4743 3446 4813 vulgati
3473 4747 3604 4796 sunt
3628 4745 3700 4799 ab
3721 4761 3788 4798 eo
3814 4749 3931 4799 tres

2224 4831 2308 4884 illi
2338 4831 2510 4900 primi
2553 4850 2569 4884 :
2622 4847 2725 4884 nec
2755 4831 2834 4884 ita
2864 4831 3042 4884 multo
3089 4836 3215 4901 post
3243 4831 3303 4884 in
3334 4848 3507 4902 quam
3538 4832 3930 4902 plurimorum

2226 4935 2427 4973 manus
2476 4923 2882 4990 pervenerunt.
2932 4921 3054 4973 Non
3099 4919 3332 4973 defuere
3380 4920 3530 4974 inter
3575 4921 3928 4990 idololatras,

2225 5009 2324 5079 qui
2355 5010 2423 5063 de
2451 5009 2778 5062 refellendis
2806 5009 2919 5062 illis
2948 5008 3292 5078 cogitarent;
3325 5009 3462 5078 imo,
3495 5014 3557 5063 ut
3584 5027 3930 5080 responsum

2226 5113 2395 5150 suum
2421 5097 2479 5150 in
2509 5099 2692 5150 lucem
2724 5097 3071 5162 emitterent,
3105 5097 3440 5151 dicebantur
3468 5099 3612 5152 nihil
3642 5100 3799 5154 aliud
3831 5118 3930 5156 ex-

2223 5191 2498 5255 5pectarc,
2519 5185 2628 5239 nisi
2658 5186 3144 5255 opportunitatem
3167 5187 3442 5256 aliquam,
3470 5188 3629 5257 cujus
3647 5187 3931 5245 beneﬁcio

2223 5272 2280 5326 id
2311 5273 2421 5324 illis
2443 5271 2564 5325 sine
2595 5277 2750 5324 metu
2785 5273 2977 5341 legum
3012 5272 3392 5343 imperialium
3415 5273 3629 5328 liceret.
3660 5278 3808 5340 Quos
3833 5279 3932 5332 ad-

2222 5373 2421 5424 moneo,
2455 5358 2642 5427 inquit
2673 5359 3048 5428 Augustinus,
3079 5376 3185 5413 non
3205 5365 3386 5429 optent
3414 5361 3559 5428 quod
3586 5364 3663 5416 eis
3692 5379 3803 5418 non
3827 5382 3931 5421 ea:-

411 5453 520 5512 cet,
553 5448 687 5520 quia
707 5447 849 5503 illud
870 5446 1194 5518 argumenti
1214 5445 1275 5499 in
1296 5447 1473 5500 altera
1493 5446 1731 5517 epistola
1749 5448 1815 5503 ad
1845 5449 2111 5503 eumdem
2217 5447 2387 5517 pedit.
2418 5448 2595 5501 Facile
2627 5452 2704 5501 est
2749 5450 2891 5502 enim
2938 5451 3192 5518 cuiquam
3229 5449 3407 5503 videri
3433 5451 3799 5522 respondisse,
3833 5459 3932 5526 qui

412 5537 640 5607 scripta,
671 5537 831 5608 cujus
853 5536 1179 5606 exemplum
1209 5533 1353 5589 sicut
1381 5538 1434 5588 et
1465 5534 1696 5589 alterius
1725 5553 1853 5608 quae
1884 5535 2107 5606 incipit,

2222 5539 2392 5590 tacere
2412 5537 2660 5590 noluerit.
2683 5537 2794 5591 Aut
2811 5537 2947 5604 quid
2967 5542 3044 5592 est
3068 5539 3345 5605 loquacius
3365 5541 3648 5594 vanitate?
3676 5557 3802 5608 quas
3824 5559 3929 5598 non
