4062 6356
193 286 293 340 461
1631 288 1843 345 LIBER
1887 287 2251 347 SEPTIMUS.

192 408 317 463 ideo
345 412 519 477 potest
543 407 688 477 quod
711 410 937 477 veritas,
960 410 1112 476 quia,
1134 408 1185 462 si
1205 408 1454 475 voluerit,
1473 410 1636 464 etiam
1659 411 1787 478 plus
1806 425 1899 480 po-

197 500 300 550 test
330 497 566 550 clamare
595 512 759 564 quam
787 498 1005 550 veritas.
1042 495 1148 550 Sed
1185 495 1519 550 considerent
1557 500 1738 552 omnia
1774 499 1894 552 dili-

196 588 387 651 genter
417 603 434 638 :
468 588 518 638 et
546 587 596 639 si
622 587 763 651 forte
790 586 906 638 sine
943 583 1123 638 studio
1144 586 1391 652 partium
1420 584 1732 653 judicantes
1762 589 1900 641 talia

193 687 308 727 esse
327 675 730 742 perspexi-rint,
761 688 879 742 qua
910 673 1096 741 potius
1135 673 1433 739 exagitari,
1476 686 1639 739 quam
1678 670 1902 724 convelli

187 766 406 829 possint
436 761 762 827 garrulitate
800 759 1272 828 impudentissima
1299 764 1349 813 et
1378 762 1540 829 quasi
1564 760 1792 814 satirica
1818 758 1900 811 vel

190 851 418 903 mimica
448 850 682 915 levitate,
714 849 995 907 cohibeant
1022 863 1148 902 suas
1177 863 1381 916 nugas;
1414 852 1464 901 et
1487 849 1670 916 potius
1700 864 1734 900 a
1756 862 1900 916 pru-

193 937 446 992 dentibus
472 937 765 1000 emendari,
801 953 965 1007 quam
994 936 1216 991 laudari
1245 935 1313 990 ab
1342 935 1775 1006 imprudentibus
1804 936 1899 989 eli-

192 1031 360 1093 gant.
396 1028 537 1082 Nam
581 1028 630 1079 si
666 1041 771 1079 non
805 1026 880 1078 ad
917 1025 1217 1079 libertatem
1256 1040 1386 1078 vera
1422 1023 1658 1090 dicendi,
1693 1024 1786 1078 sed
1828 1022 1902 1077 ad

198 1116 478 1171 licentiam
518 1114 876 1169 maledicendi
923 1118 1129 1183 tempus
1176 1117 1525 1183 easpectant;
1558 1113 1703 1167 absit
1737 1117 1798 1166 ut
1826 1114 1900 1166 eis

192 1206 430 1265 evaziat,
462 1202 606 1272 quod
647 1205 727 1257 ait
774 1203 979 1257 Tullius
1010 1202 1076 1256 de
1112 1201 1346 1270 quodam
1389 1203 1486 1270 qui
1524 1200 1790 1271 peccandi
1829 1201 1901 1255 li-

195 1296 377 1346 centia
403 1293 543 1359 felia:
572 1290 955 1360 appellabatur
984 1307 999 1345 :
1033 1291 1075 1345 O
1098 1293 1372 1356 miserum,
1407 1292 1497 1343 cui
1518 1305 1740 1359 peccare
1768 1290 1901 1344 lice-

196 1381 330 1435 bat!
365 1381 512 1435 Unde
541 1382 791 1449 quisquis
817 1384 915 1445 est,
947 1382 1043 1447 qui
1069 1378 1428 1433 maledicendi
1447 1379 1663 1433 licentia
1690 1378 1901 1445 felicem

193 1486 253 1525 se
277 1473 461 1539 putat,
501 1469 669 1523 multo
700 1470 802 1522 erit
839 1469 1070 1534 felicior,
1102 1469 1152 1522 si
1182 1467 1276 1522 hoc
1305 1468 1392 1521 illi
1428 1468 1641 1521 omnino
1681 1481 1788 1520 non
1830 1466 1899 1520 li-

193 1559 317 1610 ceat
347 1570 359 1610 :
394 1571 513 1610 cum
537 1558 712 1625 possit
740 1555 982 1625 deposita
1007 1557 1275 1610 inanitate
1296 1556 1580 1624 jactantia
1606 1557 1766 1609 etiam
1798 1556 1901 1608 isto

194 1649 435 1713 tempore
466 1648 727 1713 tanquam
765 1644 946 1699 studio
976 1644 1308 1714 consulendi,
1339 1644 1613 1712 quidquid
1650 1644 1898 1711 voluerit,

192 1733 597 1798 contradicere;
645 1737 695 1786 et
724 1737 987 1802 quantum
1011 1735 1260 1800 possunt,
1303 1731 1371 1784 ab
1402 1734 1477 1786 eis
1509 1746 1639 1799 quos
1669 1731 1901 1785 consulit

192 1823 377 1875 amica
406 1821 796 1890 disputatione,
825 1820 1056 1886 honeste,
1088 1821 1349 1888 graviter,
1375 1820 1553 1886 libere,
1578 1819 1722 1889 quod
1748 1835 1900 1888 opor-

194 1915 276 1965 tet
314 1911 509 1965 audire
549 1910 639 1979 (De
679 1911 841 1966 Civit.
882 1911 1001 1975 Dei,
1042 1910 1137 1965 lib.
1178 1913 1232 1976 ὅ,
1273 1925 1395 1978 cap.
1435 1912 1523 1978 26,
1565 1926 1620 1964 n.
1662 1909 1736 1980 2).
1777 1908 1899 1973 Quo

191 2004 459 2070 tempore
488 1997 711 2065 Orosio,
744 2001 808 2052 ut
834 1996 1132 2051 historiam
1171 2013 1333 2051 suam
1363 1996 1764 2064 conscriberet,
1793 2014 1899 2052 au-

191 2092 324 2142 ctor
368 2086 494 2151 fuit,
527 2086 803 2141 nimirum
851 2101 1002 2140 anno
1050 2101 1224 2155 supra
1271 2085 1897 2157 quadringentesimum

191 2176 422 2232 decimo
472 2180 629 2230 sexto
660 2175 745 2229 vel
776 2173 995 2229 decimo
1023 2173 1289 2244 septimo,
1319 2173 1441 2244 ipse
1480 2172 1716 2228 maximi
1745 2174 1899 2228 illius

192 2264 390 2337 operis
420 2263 627 2318 librum
653 2262 1019 2318 undecimum
1047 2261 1555 2331 commentabatur,
1590 2261 1756 2316 editis
1777 2262 1899 2332 jam

195 2355 399 2411 decem
428 2352 650 2424 primis,
680 2367 907 2421 quorum
935 2354 1163 2405 orientes
1195 2351 1364 2417 radii,
1389 2355 1451 2404 ut
1478 2350 1734 2421 ejusdem
1765 2351 1901 2405 Oro-

193 2441 270 2497 sii
299 2442 471 2496 verba
508 2441 602 2496 hic
647 2443 1142 2511 reprcesentemus,
1173 2455 1299 2493 moa
1345 2444 1405 2493 ut
1451 2439 1517 2493 de
1561 2441 1779 2508 specula
1815 2455 1897 2494 ec-

194 2532 513 2589 clesiastica
537 2532 808 2584 claritatis
838 2530 969 2582 elati
994 2533 1137 2590 sunt,
1176 2532 1281 2581 toto
1311 2528 1434 2581 orbe
1453 2528 1725 2593 fulserunt
1755 2528 1901 2598 (Oro-

193 2622 336 2689 sius,
385 2621 637 2674 Historia
688 2618 1064 2687 praefatione).
1114 2616 1315 2680 Quarti
1368 2615 1595 2682 decimi,
1650 2616 1899 2670 scribens

193 2712 399 2762 contra
422 2706 823 2762 Adversarium
848 2704 1010 2775 Legis
1031 2709 1088 2758 et
1120 2704 1533 2773 Prophetarum
1554 2720 1705 2758 anno
1736 2703 1897 2758 circi-

192 2800 289 2851 ter
328 2793 894 2866 quadringentesimo
940 2798 999 2847 et
1045 2792 1340 2862 vigesimo,
1373 2792 1654 2847 meminit.
1708 2793 1902 2848 Tradit

194 2883 374 2940 etiam
419 2882 773 2954 Augustinus
801 2881 870 2935 ad
901 2881 1112 2935 calcem
1143 2879 1351 2934 decimi
1379 2881 1562 2934 octavi
1601 2880 1753 2947 libri,
1782 2881 1898 2952 jam

193 2989 381 3027 annos
403 2987 433 3025 a
465 2971 746 3026 Theodori
775 2968 1098 3034 consulatu,
1123 2967 1224 3038 qui
1243 2967 1302 3020 in
1328 2983 1546 3021 annum
1572 2966 1900 3021 trecentesi-

193 3076 362 3117 mum
391 3059 830 3130 nonagesimum
846 3072 1062 3111 nonum
1084 3054 1305 3122 incidit,
1332 3055 1512 3109 ferme
1544 3054 1778 3127 triginta
1800 3070 1903 3109 nu-

194 3148 444 3217 merari;
477 3165 591 3220 quo
635 3164 693 3201 se
743 3146 847 3201 sub
880 3160 1094 3201 annum
1143 3144 1350 3198 Christi
1397 3143 1901 3214 quadringentesi-

194 3254 362 3293 mum
393 3236 731 3307 vigesimum
763 3239 985 3290 sextum
1016 3231 1260 3286 scribere
1286 3231 1517 3286 indicat.

894 3321 1120 3377 CAPUT
1161 3321 1223 3375 ν.

205 3420 220 3470 1
263 3416 509 3470 Marinus
535 3413 849 3467 Heracliani
877 3411 1168 3466 debellator
1190 3413 1418 3479 partam
1447 3410 1900 3462 existimationem

270 3503 477 3557 amittit
505 3501 644 3555 cade
666 3499 1000 3554 Marcellini.
1040 3502 1072 3552 2
1105 3500 1255 3552 Hunc
1296 3497 1536 3551 eumdem
1576 3497 1733 3551 illum
1770 3511 1903 3566 esse,

271 3591 338 3645 de
390 3590 544 3659 cujus
582 3604 703 3643 nece
747 3593 806 3641 in
838 3589 1065 3657 epistola
1110 3586 1185 3642 ad
1231 3587 1572 3643 Caecilianum
1617 3591 1901 3640 narratur.

276 3681 308 3733 3
338 3679 683 3733 Marcellinus
713 3692 830 3731 cum
858 3691 953 3731 suo
980 3678 1157 3743 fratre
1186 3678 1244 3729 in
1264 3676 1508 3731 custodia
1536 3674 1763 3729 habetur
1790 3677 1907 3729 Ma-

272 3769 386 3821 rini
408 3768 597 3835 jussu.
636 3767 669 3819 4
701 3766 820 3834 Hic,
850 3769 911 3818 ut
943 3765 1189 3819 Ecclesia
1216 3766 1474 3833 imponat,
1508 3763 1794 3817 mittendos
1831 3762 1907 3816 ad

272 3857 655 3923 Imperatorem
706 3853 803 3921 qui
856 3853 932 3905 eis
992 3854 1204 3905 veniam
1254 3852 1542 3919 postulent,
1592 3850 1902 3919 persuadet.

277 3947 309 3998 5
336 3945 643 3997 Damnatur
660 3956 780 3994 cum
803 3941 982 4005 fratre
1001 3940 1368 4005 Marcellinus,
1399 3944 1449 3995 et
1472 3939 1656 4006 gladio
1683 3940 1901 4005 feritur.

273 4033 306 4084 6
351 4030 600 4083 Marinus
640 4029 989 4097 Imperatoris
1027 4028 1213 4094 gratia
1254 4025 1460 4079 eacidit
1506 4042 1519 4079 :
1562 4026 1906 4081 Marcellinus

270 4116 567 4187 probitatis
598 4120 645 4168 et
675 4116 989 4168 innocentia
1007 4116 1161 4180 fama
1182 4117 1545 4183 martyriique
1571 4115 1758 4167 laurea
1775 4116 1907 4168 insi-

274 4206 426 4273 gnis.
465 4208 495 4256 7
543 4204 857 4261 Clanculum
890 4202 1227 4270 Carthagine
1265 4202 1498 4258 discedit
1542 4204 1905 4271 Augustinus,

275 4292 584 4349 Marcellini
612 4308 789 4345 necem
816 4293 1057 4357 graviter
1081 4290 1284 4345 dolens.

282 4386 333 4436 1.
366 4380 635 4436 Ponenda
666 4383 752 4435 est
778 4380 886 4434 hoc
916 4396 1065 4433 anno
1096 4379 1413 4433 Heracliani
1443 4378 1675 4433 rebellio
1702 4378 1908 4433 Africa:

203 4469 455 4538 comitis,
488 4468 588 4542 qui
627 4470 870 4524 Romam
910 4471 1307 4539 oppugnatum
1351 4467 1524 4531 venit,
1573 4468 1748 4521 classe
1791 4483 1909 4523 am-

204 4559 361 4630 plius
398 4558 632 4613 navium
670 4556 852 4611 tribus
891 4556 1145 4611 millibus
1184 4555 1480 4610 instructa.
1524 4556 1733 4609 Verum
1780 4554 1829 4609 is
1876 4571 1910 4611 a

202 4647 424 4704 Marino
453 4646 657 4701 comite
686 4646 845 4700 fusus
866 4646 1209 4716 fugatusque
1238 4643 1299 4697 in
1326 4642 1506 4709 Italia,
1537 4643 1909 4713 postmodum

202 4732 577 4802 Carthagine,
610 4748 723 4804 quo
762 4747 820 4784 se
850 4746 915 4784 ex
952 4729 1086 4800 fuga
1126 4732 1436 4797 receperat,
1463 4728 1584 4799 jam
1622 4733 1754 4782 ante
1785 4733 1906 4782 ter-

203 4820 353 4876 tium
382 4837 563 4875 nonas
593 4819 842 4891 augusti,
870 4824 935 4873 ut
964 4817 1198 4888 quidem
1221 4816 1456 4871 suadere
1486 4816 1748 4871 videntur
1776 4832 1909 4869 con-

197 4910 459 4982 jectura,
528 4912 781 4962 extremo
857 4904 1136 4978 supplicio
1200 4904 1434 4959 allectus
1500 4909 1599 4958 est.
1668 4903 1908 4973 Trajecit

206 4995 416 5051 deinde
446 4995 692 5050 Marinus
728 4994 789 5048 in
817 4994 1091 5061 Africam,
1124 4992 1225 5046 ubi
1267 4992 1389 5062 ejus
1429 4991 1679 5046 maxime
1708 4992 1907 5062 procul

206 5082 382 5139 dubio
413 5100 547 5137 cura
572 5081 632 5135 in
662 5098 728 5136 eo
756 5086 979 5136 versata
1004 5085 1109 5150 est,
1142 5083 1202 5135 ut
1220 5080 1456 5135 Honorii
1480 5079 1818 5151 rescriptum
1845 5079 1908 5134 in

207 5171 611 5228 Heraclianum
663 5174 719 5224 et
770 5185 968 5223 omnes
1019 5168 1430 5241 perduellionis
1484 5168 1607 5239 ejus
1658 5168 1909 5223 conscios

209 5260 379 5315 tertio
427 5275 606 5315 nonas
648 5257 781 5329 julii
833 5259 1265 5329 promulgatum
1309 5256 1521 5327 (Codice
1571 5257 1794 5325 Theod.,
1844 5256 1910 5311 de

204 5351 377 5419 Pari,
410 5350 519 5416 lege
561 5348 648 5418 21)
681 5346 749 5401 ad
795 5346 1060 5401 effectum
1087 5347 1465 5401 adduceretur
1495 5345 1754 5417 (Orosius,
1802 5347 1909 5400 Hi-

205 5439 391 5495 storia
420 5438 516 5492 lib.
546 5442 601 5504 7,
633 5451 753 5507 cap.
800 5435 909 5507 42).
939 5437 1013 5490 Α1.
1053 5450 1267 5490 nomen
1296 5451 1464 5489 suum
1502 5438 1733 5491 aeternas
1760 5434 1908 5489 infa-

206 5526 341 5583 miae
364 5530 502 5583 nota
520 5524 629 5581 hoc
645 5524 741 5582 ille
761 5523 966 5594 affecit,
991 5523 1147 5597 quod
1165 5522 1556 5581 Marcellinum
1585 5522 1904 5594 tribunum,

3574 294 3697 348 .462

2008 411 2169 481 cujus
2197 414 2283 465 tot
2309 426 2372 465 ac
2399 413 2561 466 tanta
2588 414 2751 465 erant
2790 410 2853 465 in
2882 410 3183 466 Ecclesium
3224 410 3445 478 merita,
3475 412 3544 467 de
3572 428 3700 468 me-

2008 498 2102 553 dio
2132 499 2381 553 sustulit.
2419 499 2734 554 Fatendum
2766 498 2999 570 quidem
3019 503 3125 563 est,
3160 499 3569 569 Hieronymum
3594 505 3704 556 tra-

2005 584 2159 647 dere,
2192 583 2357 638 illum
2395 585 2566 639 fuisse
2597 586 2667 640 ab
2710 585 2993 640 haereticis
3033 586 3391 642 interfectum
3434 588 3702 658 (Hieron.,

2007 678 2194 726 contra
2216 675 2424 742 Pelag.,
2458 674 2672 741 dialogo
2704 676 2751 741 3)
2800 690 2814 727 :
2859 675 2956 729 sed
2984 691 3114 729 curn
3146 676 3269 746 ejus
3297 675 3425 730 neci
3462 676 3703 731 societa-

2006 764 2123 814 tem
2165 760 2564 814 Heraclianicae
2607 761 2942 831 tyrannidis,
2986 761 3246 833 quamvis
3292 768 3451 818 extra
3495 780 3704 818 noxam

2007 854 2173 915 esset,
2209 849 2497 904 obtentam
2529 850 2753 919 adjicit;
2786 866 2902 904 non
2932 850 3200 922 ambigue
3230 852 3532 923 signiﬁcat,
3556 868 3705 908 mor-

2006 940 2121 991 tem
2153 936 2238 991 illi
2267 954 2380 992 non
2421 938 2680 993 intulisse
2712 938 3053 1006 Donatistas,
3080 939 3192 995 nisi
3232 941 3465 995 illorum
3508 957 3702 1012 opera,

2008 1025 2107 1097 qui
2138 1026 2294 1096 leges
2316 1026 2647 1098 judiciaque
2678 1027 3169 1083 administrabant.
3202 1031 3268 1084 Et
3296 1035 3445 1084 certe
3473 1030 3706 1085 Orosius

2008 1114 2172 1169 illum
2203 1130 2237 1168 a
2266 1114 2482 1170 Marino
2515 1115 2721 1170 comite
2756 1133 2857 1171 seu
2894 1117 3112 1187 privata
3149 1116 3463 1172 invidentia
3503 1118 3702 1173 stimu-

2006 1203 2143 1270 lato,
2179 1218 2279 1257 seu
2315 1202 2575 1272 pecuniis
2621 1204 3068 1271 Donatistarum,
3094 1208 3160 1259 ut
3205 1206 3419 1260 creditu
3469 1206 3705 1277 quidem

2009 1290 2252 1361 proclive
2283 1293 2387 1359 est,
2419 1296 2689 1361 corrupto
2736 1290 3004 1362 punitum
3044 1293 3275 1363 capitali
3304 1293 3584 1349 sententia
3623 1310 3705 1349 as-

2008 1378 2146 1433 serit
2175 1378 2434 1449 (Orosius,
2466 1381 2720 1433 Historia
2749 1380 2840 1434 lib.
2872 1384 2927 1446 7,
2959 1396 3074 1450 cap.
3106 1382 3218 1450 42).

2078 1469 2135 1522 2.
2177 1467 2370 1535 Multa,
2401 1482 2531 1537 qua
2562 1466 2631 1521 ad
2669 1466 2792 1537 ejus
2819 1470 3067 1521 mortem
3110 1467 3420 1538 pertinent,
3450 1468 3703 1539 reperire

2008 1560 2092 1611 est
2114 1555 2173 1610 in
2201 1555 2507 1626 Augustini
2532 1556 2601 1611 ad
2641 1556 3007 1612 Cascilianum
3034 1555 3277 1627 epistola
3305 1559 3504 1626 (Epist.
3546 1558 3704 1625 liii);

2010 1645 2107 1700 ubi
2155 1649 2350 1700 tamen
2397 1644 2737 1699 nominatim
2785 1644 3029 1715 exprimi
3073 1645 3365 1699 neminem
3404 1645 3701 1712 invenias;

1984 1734 2105 1788 'sed
2140 1734 2218 1809 Ide
2268 1733 2537 1788 fratribus
2580 1733 2814 1794 duobus,
2864 1749 3114 1803 quorum
3157 1732 3545 1788 innocentiam
3600 1750 3703 1804 pro

2007 1821 2460 1893 compertissima
2493 1837 2719 1892 semper
2753 1820 2945 1886 habet,
2979 1820 3320 1890 Carthagine
3350 1819 3540 1891 gladio
3573 1836 3704 1891 per-

2008 1910 2206 1977 cussis,
2238 1908 2563 1979 conscripta
2593 1914 2693 1962 est.
2729 1909 2942 1962 Horum
2970 1908 3213 1961 alterum
3241 1907 3506 1962 laudibus
3533 1909 3704 1979 plane

2007 1996 2393 2068 singularibus
2424 1996 2670 2051 celebrat
2708 1999 2933 2050 sanctus
2976 1997 3198 2065 Doctor,
3228 1995 3417 2051 virum
3446 1996 3575 2051 stilo
3605 1996 3703 2051 de-

2006 2086 2248 2158 pingens
2286 2084 2447 2139 omni
2492 2084 2769 2139 virtutum
2806 2100 3015 2155 genere
3062 2084 3412 2150 decoratum,
3454 2101 3518 2139 ac
3556 2086 3703 2141 cele-

2006 2176 2169 2230 brem
2197 2173 2444 2229 multum
2464 2173 2633 2228 corde
2662 2172 2889 2244 vitaque
2918 2172 3244 2227 christiana.
3267 2174 3434 2227 Illum
3457 2173 3516 2227 in
3535 2190 3706 2229 causa

2009 2261 2270 2318 Ecclesia:
2296 2260 2517 2316 venisse
2549 2261 2610 2315 in
2656 2260 2923 2327 Africam,
2972 2265 3027 2316 et
3071 2261 3133 2315 in
3177 2277 3242 2316 eo
3286 2262 3546 2317 Ecclesiae
3591 2262 3705 2333 ipsi

2008 2350 2257 2407 maxime
2310 2350 2514 2405 factam
2572 2349 3028 2420 persecutionem
3082 2354 3390 2407 asseverat.
3452 2350 3706 2406 Gratuita

2008 2439 2363 2505 crudelitate,
2398 2438 2554 2492 nulla
2581 2438 2914 2492 necessitate
2949 2438 3224 2509 (quamvis
3256 2442 3312 2493 et
3338 2438 3465 2493 alia:
3496 2455 3703 2506 causa,

2009 2544 2150 2599 quas
2181 2527 2458 2599 suspicari
2492 2527 2718 2594 licebat,
2752 2542 2858 2581 nec
2888 2543 3032 2599 opus
3062 2531 3184 2582 erat
3220 2527 3575 2582 committere
3606 2527 3703 2582 lit-

2011 2616 2164 2680 teris,
2191 2615 2432 2670 forsitan
2457 2615 2721 2684 fuissent)
2746 2614 3025 2670 Marinum
3049 2615 3317 2670 atrociter
3341 2615 3706 2671 contristasse

2011 2703 2340 2770 Ecclesiam,
2384 2702 2578 2757 scribit
2626 2719 2639 2757 :
2675 2702 2870 2774 impiis
2907 2707 3098 2757 autem
3139 2703 3248 2757 isto
3282 2703 3561 2774 supplicio
3589 2704 3709 2775 pla-

2009 2808 2135 2846 cere
2167 2794 2434 2846 conatum
2467 2806 2589 2844 esse
2622 2789 2809 2858 illum,
2842 2790 2929 2843 vel
2964 2790 3239 2861 placuisse
3270 2791 3544 2847 latatum.
3588 2793 3706 2848 Ca-

2009 2881 2096 2936 dis
2129 2881 2271 2935 adeo
2306 2879 2541 2934 nefariae
2574 2884 2768 2933 auctor
2797 2879 2953 2935 illam
2986 2880 3047 2934 in
3078 2881 3472 2935 necessitatem
3504 2885 3561 2935 et
3597 2883 3709 2937 Im-

2008 2968 2290 3040 peratoris
2330 2972 2683 3039 praeceptum
2723 2968 3029 3022 transferre
3061 2968 3446 3035 moliebatur;
3478 2970 3707 3024 tametsi

2010 3056 2323 3128 imperialis
2366 3055 2679 3111 Comitatus
2728 3059 2845 3109 tam
2885 3059 3196 3126 spectatam
3241 3057 3706 3129 exploratamque

2009 3146 2246 3201 haberet
2276 3144 2576 3215 utriusque
2605 3144 2848 3199 fratrum
2871 3143 3280 3213 innocentiam,
3304 3148 3493 3200 utnec
3521 3145 3709 3201 indul-

2011 3234 2203 3305 gentia
2234 3232 2347 3288 illis
2390 3233 2576 3288 danda
2625 3233 2746 3287 visa
2797 3233 2890 3301 sit,
2936 3250 3009 3288 ne
3054 3250 3169 3305 qua
3216 3233 3462 3305 suspicio
3504 3251 3705 3289 eorum

2010 3322 2179 3377 fama.
2209 3338 2277 3376 ex
2305 3338 2373 3377 eo
2406 3322 2672 3377 haereret.
2708 3323 2774 3377 Et
2798 3338 2996 3377 revera
3033 3322 3342 3378 Marcellini
3373 3339 3573 3378 necem
3597 3322 3706 3378 im-

2012 3412 2313 3482 probatam
2347 3410 2415 3465 ab
2447 3411 2594 3465 Aula
2619 3409 2814 3477 fuisse,
2846 3410 3023 3465 visuri
3042 3427 3257 3466 sumus.
3281 3412 3455 3466 Erant
3481 3428 3548 3466 ea
3568 3417 3709 3468 tem-

2011 3515 2152 3570 pora
2181 3498 2481 3554 calumnia
2515 3498 2725 3553 mirum
2760 3498 2820 3552 in
2859 3499 3097 3554 modum
3130 3499 3394 3567 obnoxia,
3428 3505 3494 3555 ut
3532 3500 3706 3556 etiam

2014 3588 2181 3642 unico
2241 3592 2381 3642 teste
2428 3587 2684 3642 adhibito
2732 3586 2970 3658 impune
3014 3587 3077 3642 in
3127 3588 3461 3660 quemlibet,
3510 3592 3708 3659 utpote

2013 3691 2183 3746 quem
2232 3674 2485 3729 criminis
2526 3690 2589 3729 ex
2622 3690 2742 3729 sese
2787 3674 3052 3729 invidiosi
3082 3675 3431 3730 credibiliter
3460 3675 3709 3731 insimu-

2012 3764 2131 3818 lare
2160 3763 2320 3817 facile
2345 3766 2511 3829 esset,
2543 3768 2796 3817 extremo
2831 3762 3380 3818 animadverteretur
3405 3764 3711 3834 supplicio.

2014 3851 2175 3917 Quod
2201 3868 2334 3905 sane
2364 3850 2552 3921 aptius
2586 3850 2645 3904 in
2672 3852 2897 3904 nullum
2931 3850 3105 3916 aliud,
3142 3867 3316 3921 quam
3350 3850 3412 3906 in
3444 3852 3709 3922 perduel-

2014 3939 2181 3994 lionis
2227 3940 2464 4005 crimen,
2515 3938 2759 3993 maxime
2804 3942 2932 4009 post
2978 3942 3213 4000 tantam,
3264 3944 3477 4010 quanta
3536 3940 3709 3993 Hera-

2014 4028 2183 4083 cliani
2227 4026 2356 4096 fuit,
2402 4025 2802 4091 defectionem,
2843 4026 3044 4081 cadere
3092 4030 3293 4097 queat.
3349 4027 3485 4091 Quae
3538 4026 3711 4081 etiam

2014 4133 2225 4187 magna
2247 4120 2383 4169 tunc
2414 4120 2533 4169 erat
2556 4114 2732 4180 illius,
2767 4131 2801 4168 a
2826 4131 2940 4185 quo
2970 4114 3272 4169 damnatus
3304 4118 3410 4182 est,
3439 4118 3710 4185 potestas,

2015 4224 2081 4262 ea
2107 4206 2258 4261 intra
2288 4206 2533 4276 spatium
2568 4204 2846 4276 temporis
2872 4221 2986 4259 non
3023 4204 3104 4259 ita
3134 4204 3374 4276 longum
3405 4204 3557 4259 haud
3578 4220 3712 4265 .me-

2014 4295 2282 4351 diocriter
2309 4294 2616 4349 imminuta
2640 4293 2769 4349 fuit.
2799 4294 2866 4348 Et
2892 4309 3093 4364 reapse
3122 4292 3315 4348 statim
3344 4310 3378 4348 a
3407 4309 3545 4348 nece
3576 4294 3716 4348 Mar-

2015 4381 2206 4437 cellini
2244 4381 2493 4436 Marinus
2532 4396 2601 4436 ex
2637 4380 2827 4436 Africa
2865 4384 3183 4447 revocatus,
3225 4381 3348 4436 loco
3389 4396 3491 4436 suo
3529 4397 3607 4461 aq
3630 4380 3713 4435 fa-

2015 4487 2149 4526 vore
2184 4470 2408 4525 excidit.
2440 4469 2654 4535 Quibus
2687 4468 2972 4537 omnibus,
3008 4472 3073 4523 ut
3109 4468 3495 4525 Marcellinum
3524 4467 3715 4540 ipsum

2015 4576 2083 4614 ea
2132 4558 2371 4630 epistola
2414 4556 2705 4629 designari
2750 4556 2913 4611 nobis
2964 4555 3434 4627 persuadeamus,
3482 4554 3715 4610 adduci-

2015 4663 2164 4701 mur.
2196 4648 2356 4702 Certe
2397 4645 2565 4714 nihil,
2593 4644 2742 4716 quod
2773 4643 2907 4698 huic
2938 4648 3142 4697 nostrae
3172 4642 3433 4713 opinioni
3459 4642 3716 4712 refrage-

2016 4740 2133 4802 tur,
2171 4733 2462 4799 videmus;
2496 4732 2671 4802 idque
2707 4730 2915 4785 merito
2943 4746 3248 4801 possumus
3287 4729 3592 4791 afﬁrmare,
3625 4728 3718 4782 cui

2015 4821 2217 4875 melius
2247 4836 2335 4873 res
2361 4818 2430 4872 iis
2455 4817 2657 4872 litteris
2686 4818 2879 4871 relata:
2896 4817 3257 4883 conveniant,
3278 4816 3520 4887 reperiri
3550 4832 3715 4886 posse
3756 4819 3761 4823 ’

2016 4907 2329 4963 neminem.
2364 4905 2621 4960 Dubium
2651 4905 2905 4976 proiecto
2938 4905 3164 4959 nullum
3191 4908 3296 4973 est,
3328 4904 3469 4976 quin
3493 4908 3715 4974 tempo-

2016 4997 2174 5051 ribus
2223 4993 2538 5051 Innocentii
2585 5008 2773 5065 papa,
2812 4992 2913 5064 qui
2956 4992 3133 5047 vitam
3176 4992 3247 5048 ad
3284 5008 3501 5048 annum
3533 5004 3715 5061 usque

2016 5080 2654 5156 quadringentesimum
2712 5079 3001 5135 decimum
3062 5078 3373 5150 septimum
3432 5075 3717 5149 produxit,

2017 5170 2239 5242 scripta
2267 5168 2501 5224 fuerint.
2535 5168 2680 5223 Sunt
2709 5172 2903 5222 autem
2930 5166 3232 5223 Caeciliano
3263 5165 3568 5236 inscripta,
3592 5162 3715 5215 viro

2015 5262 2294 5333 provectae
2317 5258 2436 5329 jam
2458 5262 2581 5312 tum
2601 5256 2786 5312 atatis
2808 5261 2865 5311 et
2886 5273 3093 5328 magna
3112 5254 3413 5327 probitatis
3434 5250 3718 5307 existima-

2014 5345 2192 5413 tione,
2241 5361 2438 5401 verum
2476 5345 2662 5401 adhuc
2700 5346 3126 5400 catechumeno.
3168 5344 3300 5396 Erat
3346 5340 3395 5393 is
3432 5337 3716 5408 reipubli-

2017 5450 2098 5489 cae
2139 5432 2629 5490 administrationi
2675 5432 3022 5504 implicatus,
3061 5428 3372 5498 multisque
3409 5425 3718 5507 impeditus

2018 5522 2421 5581 communibus
2475 5522 2626 5583 curis
2670 5537 2735 5576 ac
2791 5517 3033 5592 negotiis
3089 5514 3298 5589 (Ibid).
3358 5514 3720 5588 Quapropter
