4062 6364
396 284 500 337 463

393 424 500 465 nos
529 406 762 478 quidem
790 403 935 458 nihil
973 402 1252 471 videmus,
1283 401 1595 473 quominus
1635 400 1900 455 eumdem
1930 399 2096 453 illum

395 513 516 551 esse
571 508 909 565 persuasum
962 490 1296 550 habeamus,
1358 490 1458 561 qui
1496 488 1766 560 praetorio
1815 489 1919 542 sub
1959 487 2098 542 anni

397 574 943 657 quadringentesimi
980 579 1121 633 noni
1157 578 1386 639 initium
1423 578 1722 648 praefectus
1760 577 1898 644 fuit;
1931 582 2098 648 atque

399 674 571 728 etiam
600 687 733 726 eum
761 670 972 740 ipsum,
1006 670 1071 722 ad
1114 684 1286 740 quem
1331 668 1399 722 de
1432 667 1757 722 coercendis
1789 667 1848 719 in
1881 666 2096 737 [lippo-

398 761 563 817 nensi
591 764 773 815 tractu
805 757 1114 811 Donatistis
1146 757 1372 811 circiter
1402 772 1619 810 annum
1650 755 2096 827 quadringente-

398 851 610 904 simum
650 846 916 918 quintum
962 846 1262 915 epistolam
1309 845 1466 900 dedit
1501 845 1853 916 Augustinus
1893 844 2094 914 (Epist.

398 939 483 1006 86)
520 954 532 991 :
578 937 741 990 illum
784 934 936 988 enim
972 934 1062 989 Vir
1104 938 1328 988 sanctus
1366 937 1616 988 veterem
1658 931 1905 986 amicum
1939 933 2100 984 vocat

401 1026 597 1097 (Epist.
631 1028 751 1091 151,
783 1039 839 1077 n.
878 1025 953 1091 l).

470 1117 523 1169 3.
572 1115 704 1167 Post
740 1110 1059 1166 Heracliani
1105 1111 1324 1165 cladem
1368 1109 1609 1181 contigit
1653 1113 1716 1163 ut
1763 1106 2097 1164 Caecilianus

397 1205 461 1258 in
506 1202 695 1256 Africa
740 1216 871 1254 cum
914 1200 1127 1255 Marino
1176 1199 1381 1254 comite
1421 1215 1536 1253 una
1572 1202 1736 1264 esset,
1778 1197 1951 1267 longa
1989 1194 2098 1249 sibi

399 1289 804 1356 familiaritate,
833 1294 898 1343 ut
926 1288 1200 1351 ferebant,
1234 1288 1555 1358 conjuncto.
1597 1286 1738 1347 Cum
1769 1289 1961 1339 autem
1990 1284 2095 1338 ali-

399 1378 630 1451 quando
669 1378 740 1432 ad
778 1394 910 1431 eum
940 1378 1184 1432 venisset
1223 1376 1578 1443 Cmoilianus,
1610 1373 2003 1429 Marcellinum
2034 1388 2098 1426 ac

397 1469 634 1522 fratrem
668 1467 789 1536 ejus
833 1468 1033 1521 Comes
1073 1466 1363 1519 accersivit
1409 1481 1421 1519 :
1459 1463 1667 1535 quibus
1714 1462 1961 1516 dimissis
2004 1477 2095 1516 re-

398 1557 628 1622 mansit,
667 1560 733 1610 ut
772 1556 1077 1622 ferebatur,
1129 1554 1485 1621 Caecilianus,
1534 1557 1590 1607 et
1637 1556 1919 1607 secretum
1964 1567 2095 1606 cum

397 1646 496 1699 illo
527 1643 875 1713 colloquium
906 1643 1129 1709 habuit;
1164 1643 1449 1713 simulque
1482 1642 1660 1709 missi,
1694 1641 1793 1712 qui
1824 1641 2095 1696 fratribus

395 1747 634 1787 manum
670 1731 990 1800 injicerent,
1035 1736 1090 1784 et
1122 1736 1431 1801 utrumque
1465 1730 1525 1783 in
1569 1735 1781 1783 tetrum
1811 1745 2094 1784 carcerem

397 1837 461 1875 ac
521 1819 939 1874 tenebricosum
1005 1819 1395 1873 detruderent.
1465 1818 1838 1873 Nihilosecius
1900 1822 2097 1873 tamen

393 1912 562 1967 isthic
588 1909 792 1969 laetitia
820 1910 1177 1964 Marcellinus
1208 1910 1682 1980 perfundebatur,
1716 1925 1941 1963 necnon
1969 1925 2096 1964 ma-

388 2001 504 2073 jori
534 1999 859 2071 potiebatur
887 1998 1175 2066 felicitate,
1206 2014 1380 2069 quam
1415 1998 1659 2069 ipsemet
1699 1999 1968 2065 Marinus,
2004 2002 2094 2053 ut-

393 2095 529 2161 pote
560 2089 661 2160 qui
701 2103 806 2142 nec
848 2086 1125 2157 dignitate
1165 2103 1267 2141 nec
1297 2087 1555 2157 potentia
1584 2087 1811 2158 assequi
1844 2091 2090 2157 poterat,

395 2178 703 2248 quominus
722 2176 930 2231 furoris
959 2175 1179 2246 proprii
1203 2175 1448 2230 stimulis
1470 2176 1747 2231 miserum
1771 2176 1831 2229 in
1855 2176 2094 2230 modum

394 2265 800 2320 lancinaretur.
833 2264 1089 2327 Quodam
1119 2263 1208 2318 die
1239 2264 1414 2319 frater
1452 2266 1595 2336 ejus,
1626 2281 1757 2319 cum
1779 2265 1904 2335 jam
1942 2264 2097 2335 pari-

393 2359 481 2409 ter
508 2354 571 2407 in
598 2351 857 2406 custodia
894 2356 1247 2421 tenerentur,
1294 2353 1375 2407 ait
1412 2353 1496 2407 illi
1536 2370 1548 2407 :
1591 2354 1652 2408 Si
1697 2369 1821 2421 ergo
1860 2355 1969 2407 haec
1992 2369 2094 2423 pro

394 2445 598 2499 meritis
622 2444 809 2511 patior
836 2446 1176 2510 peccatorum
1204 2458 1473 2507 meorum;
1510 2446 1587 2509 tu,
1621 2443 1777 2510 cujus
1805 2445 1978 2497 vitam
2003 2458 2091 2497 no-

394 2536 567 2590 vinius
589 2528 707 2586 tam
728 2535 926 2585 attente
951 2532 1326 2598 ferventerque
1350 2533 1728 2597 christianum,
1759 2532 1954 2599 quibus
1982 2547 2097 2585 ma-

397 2624 464 2677 lis
501 2622 707 2675 meritis
744 2621 817 2674 ad
850 2622 958 2673 ista
994 2620 1287 2688 perductus
1324 2621 1422 2673 es?
1464 2620 1542 2673 At
1583 2620 1675 2672 ille
1714 2634 1727 2672 :
1769 2620 2090 2682 Parvumne,

394 2712 592 2779 inquit,
625 2710 761 2763 mihi
796 2711 1076 2763 existimas
1108 2709 1345 2773 conferri
1373 2707 1636 2760 divinitus
1680 2706 2014 2775 beneﬁcium,
2042 2709 2094 2761 si

394 2801 571 2852 tamen
600 2797 694 2850 hoc
725 2798 1081 2850 testimonium
1113 2799 1264 2848 tuum
1301 2794 1366 2848 de
1393 2797 1510 2848 vita
1538 2810 1656 2848 mea
1691 2786 1877 2850 verum
1904 2800 2000 2863 est,
2032 2800 2092 2849 ut

392 2886 486 2940 hoc
516 2884 660 2954 quod
683 2886 888 2953 patior,
920 2884 1134 2936 etiamsi
1160 2897 1327 2950 usque
1355 2881 1430 2935 ad
1457 2882 1768 2951 effusionem
1803 2885 2091 2950 sanguinis

385 2976 596 3044 patiar,
628 2974 706 3026 ibi
736 2976 962 3041 peccata
1002 2987 1118 3025 mea
1148 2973 1476 3040 puniantur,
1516 2987 1607 3025 nec
1650 2973 1790 3025 mihi
1826 2972 1900 3026 ad
1935 2975 2089 3039 futu-

388 3079 511 3117 rum
527 3062 799 3131 judicium
826 3064 1203 3114 reserventur?
1226 3062 1325 3113 Hic
1349 3063 1491 3127 forte
1511 3062 1734 3128 aliquis,
1758 3060 1952 3115 subdit
1980 3063 2091 3115 Au-

391 3150 672 3221 gustinus,
711 3150 895 3203 credat
934 3164 1051 3202 eum
1091 3151 1264 3214 fuisse
1306 3149 1411 3202 sibi
1457 3151 1727 3202 conscium
1778 3150 2091 3216 aliquorum

388 3239 712 3293 occultorum
752 3236 1109 3304 impudicitiae
1144 3240 1506 3303 peccatorum.
1548 3238 1739 3290 Dicam
1788 3250 1914 3303 ergo
1954 3237 2090 3305 quid

390 3342 472 3381 me
504 3326 760 3380 Dominus
817 3327 970 3390 Deus,
1018 3323 1094 3377 ad
1129 3338 1385 3389 magnam
1431 3339 1603 3378 meam
1654 3325 2086 3395 consolationem,

389 3432 456 3470 ex
485 3416 598 3484 ejus
636 3429 723 3468 ore
748 3412 960 3478 audire,
988 3417 1037 3466 et
1071 3413 1233 3481 plane
1260 3415 1397 3466 scire
1438 3412 1688 3468 voluerit.
1724 3414 1855 3469 Cum
1896 3414 1961 3467 de
1992 3415 2086 3469 hoc

387 3509 522 3574 ipso,
556 3506 617 3557 ut
644 3505 768 3556 sunt
800 3502 1054 3568 humana,
1087 3502 1350 3555 sollicitus
1380 3502 1524 3556 solus
1561 3517 1681 3556 cum
1711 3504 1820 3557 solo
1850 3518 2083 3571 agerem,

383 3593 504 3662 jam
530 3593 590 3645 in
626 3590 810 3645 eadem
851 3590 1093 3643 custodia
1131 3591 1438 3656 constituto,
1482 3606 1547 3644 ne
1588 3591 1725 3660 quid
1764 3597 1916 3660 esset,
1946 3592 2088 3646 unde

387 3681 594 3750 majore
630 3685 679 3734 et
722 3678 1017 3747 insigniore
1041 3681 1358 3747 pamitentia
1392 3682 1554 3733 Deum
1594 3680 1704 3734 sibi
1730 3681 1956 3749 placare
1992 3681 2085 3735 de-

390 3769 563 3835 beret;
593 3770 703 3838 ille,
735 3772 795 3822 ut
841 3772 959 3821 erat
987 3767 1317 3821 verecundia:
1362 3768 1683 3835 singularis,
1716 3784 1837 3823 cum
1882 3772 2080 3838 ipsam,

389 3860 507 3914 licet
532 3859 755 3926 falsam,
786 3873 958 3911 meam
996 3859 1352 3926 suspicionem
1392 3860 1738 3925 erubesceret,
1771 3859 1867 3913 sed
1894 3858 2083 3913 admo-

383 3950 642 4002 nitionem
670 3948 980 4014 gratissime
1003 3948 1286 4014 acciperet,
1313 3945 1545 4000 modeste
1572 3949 1921 4015 graviterque
1949 3948 2083 4002 sub-

383 4038 587 4099 ridens,
605 4040 656 4090 et
682 4039 912 4103 utraque
940 4050 1103 4088 manu
1131 4050 1304 4088 meam
1333 4035 1612 4089 dexteram
1639 4037 2080 4105 apprehendens:

388 4125 594 4189 Testor,
644 4126 844 4190 inquit,
887 4128 1226 4176 sacramenta
1273 4138 1392 4190 quae
1432 4139 1531 4191 per
1589 4125 1727 4178 hanc
1784 4125 2084 4192 afferentur

384 4228 624 4279 manum,
654 4228 737 4265 me
773 4212 981 4264 nullum
1008 4226 1117 4265 esse
1158 4216 1444 4278 expertum
1486 4213 1846 4280 concubitum,
1883 4219 2084 4281 prseter

384 4315 626 4369 umorem,
654 4314 747 4353 nec
772 4303 912 4358 ante,
945 4314 1037 4351 nec
1064 4303 1250 4367 postea
1280 4298 1464 4367 (lbid.,
1495 4314 1551 4353 η.
1587 4301 1664 4372 9).

452 4391 512 4449 4.
559 4390 745 4457 Atque
793 4387 915 4439 haec
961 4386 1206 4455 agebant
1247 4386 1620 4457 Carthagine;
1670 4405 1785 4459 qua
1831 4388 1893 4444 in
1940 4391 2082 4446 urbe

380 4477 581 4549 procul
610 4475 785 4531 dubio
814 4474 1012 4528 beatus
1039 4475 1390 4543 Augustinus
1408 4476 1527 4545 jam
1550 4480 1684 4530 ante
1713 4478 2078 4534 versabatur:

382 4578 571 4636 neque
602 4563 754 4618 enim
782 4562 1089 4617 verisimile
1136 4567 1240 4632 est,
1285 4580 1389 4633 per
1417 4568 1644 4635 tempus
1690 4565 1774 4619 illi
1816 4566 2079 4623 futurum

381 4652 555 4707 fuisse
590 4652 832 4706 liberum
882 4652 1016 4706 illuc
1062 4668 1131 4705 ex
1176 4638 1472 4723 prOposito
1523 4669 1644 4708 sese
1694 4654 1977 4712 conferre.
2028 4658 2078 4711 Is

378 4757 554 4812 porro
583 4740 729 4794 nihil
775 4741 1005 4811 reliquit
1033 4740 1399 4810 intentatum,
1432 4746 1494 4796 ut
1533 4743 1783 4798 Marinus
1831 4761 1901 4799 ne
1940 4746 2077 4800 Mar-

380 4829 571 4889 cellini
619 4843 750 4882 nece
799 4845 898 4882 cor
956 4829 1214 4884 Ecclesia:
1272 4831 1468 4885 dolore
1524 4834 1882 4902 percelleret,
1933 4851 2075 4890 neve

380 4933 542 4973 suam
589 4917 768 4987 ipsius
814 4916 1066 4972 animam
1112 4923 1270 4973 tanto
1321 4921 1531 4975 scelere
1561 4922 1893 4992 perimeret.
1927 4923 2077 4987 Quin

380 5005 709 5062 Caecilianus
747 5005 887 5074 ipse,
921 5022 1091 5075 quem
1128 5008 1423 5062 nonnullae
1464 5011 1715 5065 rationes
1754 5011 2073 5082 suspicione

377 5097 694 5166 procurata:
718 5092 887 5163 hujus
917 5094 1254 5148 detentionis
1286 5098 1621 5164 onerabant,
1656 5100 1910 5154 Ecclesiae
1941 5116 2072 5170 pre-

376 5184 534 5238 cibus
564 5200 692 5237 suas
720 5181 1033 5252 conjunxit,
1067 5199 1312 5253 cumque
1344 5184 1623 5238 Marinum
1649 5202 1799 5255 sazpe
1820 5187 2074 5242 monuis-

376 5278 478 5335 sct,
513 5289 663 5343 saepe
714 5270 1044 5342 suppliciter
1087 5276 1319 5338 orasset,
1365 5289 1525 5341 spem
1572 5273 1807 5328 laetioris
1853 5292 2069 5330 succes-

375 5379 468 5417 sus
499 5361 829 5416 ostendebat
856 5376 971 5414 non
1005 5362 1290 5431 exiguam.
1329 5360 1618 5431 Episcopis
1640 5362 1881 5418 subinde
1909 5364 2071 5418 affir-

375 5446 585 5510 mabat,
621 5461 850 5502 omnem
881 5461 940 5501 se
973 5460 1205 5516 operam
1236 5448 1407 5516 atque
1439 5445 1780 5501 industriam
1809 5446 1869 5502 in
1897 5447 1956 5502 id
1982 5464 2071 5502 ne.

373 5535 514 5603 gotii
544 5536 831 5605 conferre;
861 5554 893 5590 a
922 5534 1129 5606 quibus
1159 5533 1329 5591 etiam
1361 5534 1499 5589 illud
1531 5534 1766 5590 omnino
1807 5537 1876 5591 ad
1909 5553 2063 5592 amo-

1574 276 1734 330 VITA
1776 275 1830 329 S.
1882 272 2259 329 AUGUSTINI
2315 274 2661 329 EPISCOPI.

3820 276 3925 328 464

2209 398 2459 454 liendam
2487 399 2585 454 abs
2617 408 2677 454 se
2703 398 2977 453 invidiam
3016 396 3405 453 necessarium
3441 414 3584 464 esse,
3613 396 3927 452 convince-

2205 488 2394 544 batur.
2437 490 2609 543 Multa
2644 489 3032 560 praeclaraque
3069 486 3443 558 promittebat
3479 486 3777 555 Marinus;
3820 487 3922 542 sed

2207 592 2274 631 eo
2302 581 2546 644 tantum,
2575 581 2638 632 ut
2667 577 2860 632 fucum
2888 576 3099 631 faceret
3118 574 3487 642 antistitibus,
3512 591 3627 629 neu
3656 574 3924 647 captivos

2208 681 2238 719 e
2285 665 2524 720 vinculis
2555 666 2886 720 eximerent.
2941 666 3057 719 Hoc
3103 662 3319 735 quippe
3367 663 3495 718 ﬁeri
3526 664 3597 718 ab
3644 664 3715 717 iis
3745 680 3923 736 posse

2207 753 2562 821 credebatur,
2595 754 2710 808 sive
2757 752 3163 808 intercessione
3206 756 3379 823 atque
3422 750 3755 807 interventu
3810 752 3923 806 Ec-

2207 841 2392 896 clesiae
2421 843 2575 914 apud
2622 845 3053 913 Imperatorem,
3103 841 3219 895 sive
3257 840 3428 895 etiam
3476 840 3733 896 adhibita
3776 856 3925 895 non-

2207 930 2366 984 nulla
2421 931 2709 999 violentia,
2758 931 2913 1002 quod
2962 930 3230 985 videntur
3283 945 3351 983 ea
3404 928 3585 984 sancti
3641 928 3914 984 Praesulis

2206 1019 2379 1073 verba
2448 1019 2788 1091 signiﬁcare,
2862 1017 3243 1074 Ecclesiastica
3314 1032 3509 1072 manus
3570 1021 3754 1086 posset
3822 1032 3909 1072 eos

2206 1108 2411 1176 eripere
2454 1107 2642 1177 (Ibid.,
2686 1123 2743 1162 n.
2795 1110 2867 1172 5).
2915 1109 3103 1178 Atque
3153 1121 3281 1160 eam
3333 1105 3406 1160 ob
3454 1121 3598 1173 rem,
3649 1110 3715 1161 ut
3774 1105 3910 1176 epi-

2207 1211 2507 1266 scoporum
2564 1211 2714 1250 unus
2762 1194 2834 1249 ad
2888 1194 3321 1266 Imperatorem,
3379 1193 3625 1248 fratrum
3679 1198 3919 1249 acturus

2207 1300 2457 1352 causam,
2494 1284 2835 1351 mitteretur,
2866 1299 2983 1338 non
3024 1282 3316 1338 consensit
3352 1284 3547 1350 modo,
3591 1283 3689 1339 sed
3739 1283 3915 1339 etiam

2206 1375 2392 1445 petiit,
2424 1373 2761 1445 promittens
2798 1358 3035 1441 interea,
3067 1372 3249 1427 donec
3285 1372 3466 1428 factus
3495 1378 3644 1428 esset
3679 1373 3913 1442 certior,

2207 1463 2343 1534 quid
2372 1463 2580 1517 missus
2604 1462 2903 1534 episcopus
2942 1461 3326 1532 impetrasset,
3370 1462 3495 1533 ejus
3534 1478 3593 1517 se
3631 1462 3914 1533 cognitio-

2206 1569 2342 1607 nem
2374 1553 2800 1625 ampliaturum.
2840 1552 3167 1606 Destinatus
3193 1566 3394 1607 revera
3414 1551 3528 1606 fuit
3555 1552 3627 1607 ad
3657 1552 3919 1607 Comita-

2206 1646 2330 1697 tum
2358 1658 2489 1697 cum
2528 1643 2764 1697 diacono
2796 1641 3034 1712 quidam
3073 1640 3408 1713 episcopus;
3436 1641 3600 1713 isque
3640 1642 3919 1697 fratribus

2206 1746 2320 1784 non
2346 1730 2570 1784 veniam
2600 1730 2833 1801 quidem
2862 1728 3129 1796 obtinuit,
3163 1745 3235 1783 ne
3266 1729 3529 1785 videlicet
3557 1746 3757 1786 eorum
3793 1731 3911 1786 exi-

2207 1818 2458 1873 stimatio
2495 1819 2583 1873 vel
2618 1818 2778 1873 tenui
2817 1817 3139 1888 suspicione
3179 1818 3506 1887 laederetur,
3544 1835 3746 1875 verum
3794 1821 3908 1876 Ma-

2205 1907 2332 1961 rino
2360 1906 2557 1961 comiti
2585 1907 2884 1978 imperata,
2904 1911 2970 1961 ut
2989 1906 3423 1978 quamprimum
3443 1923 3542 1962 eos
3562 1908 3906 1972 dimitteret,

2207 2010 2394 2066 neque
2422 1996 2539 2049 ulla
2568 2012 2737 2066 penna
2765 1996 2853 2049 vel
2881 1995 3096 2065 injuria
3125 1995 3394 2051 afﬁceret.
3425 1995 3534 2052 Sed
3559 2011 3907 2067 responsum

2208 2083 2570 2153 Imperatoris
2594 2084 2886 2153 praevertit
2907 2084 3127 2138 Comes.

2279 2176 2330 2227 5.
2361 2172 2548 2227 Tertio
2587 2172 2677 2227 die
2717 2177 2848 2228 ante
2884 2174 3135 2227 natalem
3171 2172 3439 2244 martyris
3478 2173 3769 2245 Cypriani,
3801 2177 3914 2232 hoc

2207 2265 2313 2327 est,
2343 2260 2528 2331 pridie
2559 2261 2687 2315 idus
2715 2261 3072 2332 septembris,
3112 2260 3304 2316 invisit
3347 2262 3682 2318 Caecilianus
3709 2267 3913 2336 Augu-

2206 2348 2441 2416 stinum,
2479 2350 2645 2421 eique
2675 2366 2855 2421 spem,
2888 2366 3062 2422 quam
3091 2364 3350 2422 unquam
3387 2355 3577 2420 antea,
3607 2354 3912 2409 meliorem

2208 2438 2409 2493 dedit:
2456 2439 2699 2494 Romam
2738 2439 2893 2492 enim
2939 2438 3335 2509 profecturum
3376 2456 3498 2494 sese
3544 2442 3907 2513 propediem,

2206 2542 2548 2598 sperareque
2574 2528 2715 2582 adeo
2746 2527 2871 2595 sibi,
2902 2528 3239 2598 priusquam
3263 2527 3599 2596 discederet,
3632 2530 3777 2584 illud
3806 2531 3911 2585 be-

2205 2615 2394 2670 neﬁcii
2444 2616 2724 2671 Comitem
2774 2631 2895 2670 esse
2952 2632 3375 2672 concessurum.
3431 2618 3601 2672 Beato
3648 2618 3914 2675 Antistiti

2203 2708 2502 2774 persancte
2532 2703 2857 2773 afﬁrmavit,
2894 2720 2953 2759 se
2992 2706 3208 2760 Marino
3238 2721 3372 2760 cum
3411 2705 3482 2761 ad
3523 2706 3692 2761 illum
3720 2707 3913 2761 venis-

2205 2795 2309 2860 set,
2339 2796 2533 2862 aperte
2572 2792 2905 2858 declarasse,
2939 2792 3386 2848 familiaritatem
3422 2793 3602 2862 illam,
3635 2809 3751 2865 qua
3789 2810 3913 2849 sese

2202 2884 2322 2934 tam
2366 2881 2761 2952 frequentibus
2806 2882 3106 2953 colloquiis
3155 2882 3521 2953 dignabatur,
3566 2882 3617 2936 si
3669 2882 3912 2953 quidem

2200 2968 2369 3023 hosce
2407 2970 2608 3024 fratres
2638 2971 3012 3025 damnaturus
3050 2975 3215 3038 esset,
3245 2970 3353 3027 sibi
3381 2987 3499 3026 non
3536 2971 3765 3037 honori,
3807 2972 3909 3026 sed

2203 3057 2411 3111 damno
2435 3058 2685 3112 futuram
2712 3059 2882 3129 longe
2908 3060 3155 3115 maximo
3187 3077 3201 3114 :
3235 3060 3449 3115 etenim
3470 3075 3612 3129 cum
3639 3060 3905 3115 obscurae

2202 3152 2388 3200 essent
2412 3147 2651 3211 nemini,
2682 3163 2813 3219 quas
2843 3147 2950 3203 sibi
2978 3164 3111 3203 cum
3144 3148 3257 3203 illis
3285 3149 3734 3217 intercedebant,
3769 3151 3912 3205 alie-

2200 3235 2451 3289 nationis
2490 3252 2697 3305 causae,
2745 3253 2945 3291 omnes
2990 3236 3154 3292 facile
3195 3237 3533 3304 credituros,
3569 3254 3629 3293 se
3668 3253 3775 3293 nec
3814 3238 3908 3294 in-

2200 3323 2455 3378 consulto
2485 3340 2590 3379 nec
2618 3324 2987 3382 dissentiente
3019 3330 3251 3398 captum
3276 3326 3575 3398 utriusque
3603 3327 3674 3382 de
3704 3328 3906 3383 medio

2198 3412 2437 3466 tollendi
2471 3413 2795 3468 consilium.
2825 3414 3080 3487 Denique
3109 3432 3285 3471 manu
3321 3416 3393 3471 ad
3427 3417 3604 3471 altare
3633 3422 3905 3488 porrecta

2199 3501 2489 3571 dejeravit,
2508 3519 2640 3558 vere
2667 3519 2726 3559 se
2756 3504 2972 3559 Marino
2999 3505 3204 3560 dixisse
3226 3522 3293 3561 ea
3320 3506 3534 3573 omnia,
3556 3506 3768 3577 quibus
3803 3508 3909 3562 ille

2199 3589 2342 3644 adeo
2386 3596 2684 3661 permotus
2733 3592 2842 3647 sibi
2889 3593 3043 3648 visus
3089 3594 3182 3661 sit,
3213 3599 3277 3650 ut
3322 3595 3560 3650 minime
3586 3595 3906 3666 dubitaret,

2199 3678 2339 3748 quin
2368 3681 2670 3735 amborum
2710 3682 2877 3736 venia
2914 3698 3016 3752 pro
3056 3682 3279 3750 viatico,
3330 3683 3393 3737 id
3438 3688 3541 3751 est,
3589 3699 3908 3740 munerum

2196 3768 2428 3821 illorum
2458 3769 2604 3837 loco,
2637 3770 2845 3841 quibus
2884 3770 3086 3825 donari
3115 3772 3376 3827 solebant
3412 3772 3579 3827 amici
3606 3773 3906 3830 disceden-

2196 3859 2303 3924 tes,
2347 3857 2454 3911 sibi
2485 3859 2557 3913 ab
2597 3875 2662 3913 eo
2702 3860 3129 3915 concederetur.
3169 3861 3385 3925 Quibus
3429 3861 3657 3929 auditis,
3688 3863 3908 3919 fatetur

2195 3946 2545 4016 Augustinus
2576 3947 2684 4001 sibi
2709 3952 2830 4001 tam
2861 3953 3014 4002 certo
3042 3964 3381 4019 persuasum
3409 3950 3602 4018 fuisse,
3645 3951 3903 4008 Caecilia-

2196 4050 2338 4088 num
2358 4034 2669 4090 liberandis
2698 4035 2767 4089 iis
2792 4036 3047 4091 sedulam
3079 4053 3316 4108 operam
3345 4054 3411 4093 ac
3438 4039 3721 4095 sinceram
3749 4057 3902 4111 pra:-

2197 4128 2367 4193 stare,
2415 4129 2478 4178 ut
2523 4141 2649 4179 eam
2691 4125 3028 4196 opinionem
3074 4127 3249 4181 etiam
3285 4127 3405 4183 viso
3444 4131 3565 4183 tam
3606 4132 3898 4187 contrario

2197 4215 2350 4268 exitu
2374 4231 2494 4270 non
2530 4215 2769 4271 exuerit.
2801 4216 3122 4287 Enimvero,
3152 4234 3284 4273 cum
3313 4219 3587 4290 postridie
3619 4221 3745 4291 ejus
3775 4221 3897 4277 diei

2196 4303 2519 4373 accepisset,
2556 4309 2868 4376 utrumque
2906 4323 3128 4361 carcere
3173 4307 3466 4376 eductum,
3499 4309 3570 4364 ad
3610 4310 3900 4367 Comitem

2194 4392 2488 4446 sententiae
2517 4394 2960 4463 pronuntiandae
2998 4411 3167 4451 causa
3194 4397 3537 4467 perductum
3572 4414 3729 4469 esse;
3760 4416 3904 4471 per-

2192 4479 2380 4532 culsus
2423 4479 2658 4550 quidem
2706 4481 2816 4536 fuit
2862 4499 2980 4538 non
3027 4485 3388 4540 mediocriter
3434 4502 3448 4541 :
3496 4494 3903 4545 verumtamen

2193 4565 2284 4636 iis,
2315 4582 2443 4637 quas
2483 4569 2741 4622 audierat
2786 4585 2854 4624 ex
2903 4571 3227 4640 Caeciliano,
3259 4574 3656 4645 conﬁrmatus,
3705 4577 3901 4648 deque

2192 4670 2391 4709 eorum
2428 4655 2762 4711 liberatione
2800 4661 3024 4714 tantum
3063 4677 3179 4715 non
3216 4666 3424 4730 certus,
3455 4664 3735 4720 Comitem
3775 4668 3898 4722 cxi-

2192 4743 2443 4799 stimavit
2479 4745 2747 4816 Cypriani
2785 4749 3050 4819 martyris
3082 4750 3442 4822 pervigilium
3481 4769 3549 4807 eo
3591 4754 3897 4825 delegisse,

2190 4836 2253 4885 ut
2280 4833 2452 4888 fidem
2484 4851 2646 4889 suam
2673 4836 2972 4891 Caeciliano
3004 4838 3291 4908 liberaret,
3319 4846 3491 4912 atque
3520 4842 3601 4896 ita
3626 4842 3902 4898 fidelibus

2188 4919 2296 4974 hoc
2351 4922 2648 4994 inopinato
2704 4930 2911 5001 eventu
2959 4927 3288 4983 exhilaratis
3342 4930 3417 4984 ad
3466 4931 3656 4985 locum
3709 4933 3901 4988 sancti

2189 5009 2446 5080 Martyris
2480 5012 2831 5081 ascenderet,
2862 5016 3135 5084 parcendi
3167 5016 3542 5089 benignitate,
3588 5036 3766 5091 quam
3796 5037 3901 5076 oc-

2186 5099 2413 5155 cidendi
2455 5106 2739 5172 potestate
2785 5102 3103 5159 s'ublimior.
3152 5106 3263 5161 Sed
3308 5107 3521 5162 Marino
3560 5108 3731 5181 longe
3780 5111 3904 5167 alia

2185 5203 2347 5242 mens
2375 5186 2528 5257 erat';
2557 5192 2801 5245 necdum
2828 5192 2983 5248 enim
3020 5194 3259 5250 licuerat
3296 5196 3637 5267 Augustino,
3670 5215 3804 5269 quae
3835 5200 3903 5256 in

2186 5293 2253 5330 ea
2277 5278 2593 5347 quaestione
2632 5271 2989 5350 gererentur,
3031 5283 3320 5350 sciscitari,
3355 5301 3487 5339 cum
3526 5302 3654 5341 ecce
3692 5287 3780 5342 illi
3812 5290 3902 5344 af-

2183 5365 2365 5420 fertur
2388 5367 2458 5420 de
2496 5367 2737 5422 fratrum
2769 5371 3053 5441 supplicio
3083 5372 3262 5428 tristis
3300 5374 3561 5430 nuntius.
3592 5375 3903 5448 Siquidem

2183 5469 2312 5507 cum
2352 5454 2497 5510 nihil
2536 5472 2700 5529 asque
2739 5464 3034 5515 vereretur
3063 5462 3284 5529 Comes,
3315 5478 3490 5532 quam
3522 5480 3596 5518 ne
3625 5465 3902 5523 Ecclesiae

2183 5537 2507 5597 interventu
2563 5559 2680 5599 suae
2733 5545 3055 5602 crudelitati
3109 5547 3487 5618 eriperentur,
3551 5554 3900 5625 utrumque,
