4062 6380
179 332 277 384 465

179 465 310 504 cum
358 448 413 503 id
468 448 709 503 minime
767 448 1212 519 exspectabatur,
1272 449 1579 516 damnavit,
1636 454 1807 522 atque
1845 467 1876 505 e

174 537 412 610 vestigio
440 537 699 593 truncari
732 538 921 609 jussit.
970 537 1116 603 Quin
1147 537 1320 592 etiam
1350 554 1463 609 quo
1491 539 1673 611 magis
1699 555 1876 610 nego-

174 628 318 682 tium
348 630 757 692 maturaretur,
799 627 988 680 locum
1021 625 1209 680 eidem
1241 626 1549 695 assignavit
1578 628 1738 698 prius
1763 645 1878 683 non

175 716 479 771 hominum
510 714 826 786 suppliciis,
850 715 946 769 sed
971 715 1131 769 urbis
1155 719 1490 769 ornamento
1511 716 1874 771 destinatum.

1631 327 1842 384 LIBER
1890 327 2257 387 SEPTIMUS.

3587 334 3692 387 466

1992 453 2298 520 humilitas,
2329 468 2459 520 erga
2487 469 2665 509 omnes
2695 455 2964 518 Charitas;
2997 456 3055 507 in
3077 454 3339 523 beneﬁciis
3363 454 3690 523 prastandis

1984 542 2252 607 facilitas,
2281 543 2338 595 in
2361 542 2608 611 petendis
2627 542 2827 611 pudor,
2857 545 2914 596 in
2939 547 3079 597 recte
3100 543 3265 608 factis
3287 558 3456 608 amor,
3488 544 3546 596 in
3574 558 3689 611 pec-

1985 633 2121 684 catis
2152 631 2306 685 dolor
2325 634 2345 685 .'
2369 632 2638 696 Quantum
2659 632 2817 685 decus
2838 632 3152 698 honestatis,
3178 634 3275 700 qui
3294 632 3546 701 splendor
3563 648 3690 699 gra-

1978 721 2092 785 tia,
2117 735 2234 788 qua
2254 736 2383 773 cura
2402 722 2623 788 pietatis
2638 722 2657 773 .'
2688 721 2813 785 Quae
2832 722 2888 773 in
2917 720 3274 774 subveniendo
3293 720 3685 786 misericordia,

176 803 398 859 Etenim
427 803 832 858 damnatorum
865 803 1145 872 sanguine
1175 820 1469 875 nunquam
1504 808 1667 859 antea
1694 806 1879 860 fuerat
1984 809 2040 861 in
2072 808 2397 873 ignoscendo
2428 808 2810 874 benevolentia,
2842 810 2900 860 in.
2930 808 3132 861 orando
3162 808 3363 871 ﬁducia
3382 810 3400 861 !
3422 808 3578 873 Quod
3596 824 3684 862 sa-

168 892 509 960 funestatus,
553 891 662 945 nisi
702 892 855 962 quod
892 891 1088 961 paucis
1116 897 1249 947 ante
1275 893 1475 947 diebus
1501 909 1628 947 reos
1657 894 1878 965 aliquot
1985 895 2211 949 lubriter
2237 897 2460 962 sciebat,
2479 911 2588 963 qua
2612 897 2870 950 modestia
2893 897 3242 964 loquebatur!
3264 896 3686 964 quodinutiliter

173 981 479 1051 capitalem
527 980 608 1034 ibi
640 996 865 1050 panam
897 981 1054 1035 luere
1085 982 1369 1047 voluerat;
1403 982 1576 1053 idque
1606 982 1675 1037 de
1703 982 1874 1037 indu-

172 1070 307 1123 stria
347 1069 561 1123 factum
592 1068 662 1123 ab
691 1069 792 1123 illo
822 1070 1319 1140 persuasissimum
1346 1070 1475 1140 fuit,
1513 1075 1579 1124 ut
1613 1088 1686 1126 ne
1716 1072 1874 1126 vide-

172 1156 305 1212 licet
364 1172 635 1228 percusso
688 1156 903 1212 ibidem
952 1159 1295 1225 Marcellino,
1343 1159 1426 1215 rei
1475 1159 1873 1230 indignitatem

170 1247 583 1317 horroremque
634 1245 745 1299 loci
793 1251 1028 1317 augeret
1073 1247 1395 1302 insolentia.
1444 1249 1568 1302 Non
1620 1248 1775 1303 enim
1822 1248 1875 1303 ei

170 1336 394 1405 poterat
422 1348 543 1387 esse
573 1332 902 1403 obscurum,
925 1349 1101 1405 quam
1131 1335 1386 1389 luctuosa
1406 1335 1663 1390 Ecclesia
1683 1336 1874 1390 futura

171 1423 311 1475 esset
358 1435 427 1474 ea
471 1419 790 1487 damnatio;
843 1436 958 1491 qua
1001 1424 1208 1475 sancta
1246 1420 1331 1474 illi
1360 1421 1529 1475 matri
1558 1422 1872 1477 cruciatum

168 1508 378 1564 inferre
409 1524 526 1563 non
555 1509 790 1589 veritus,
832 1525 900 1563 eo
929 1509 1176 1581 graviori
1219 1511 1430 1564 scelere
1477 1527 1534 1565 se
1578 1510 1867 1581 obligavit,

169 1598 321 1669 quod
370 1597 559 1669 ipsum
591 1597 745 1652 inter
790 1598 912 1668 ejus
940 1597 1090 1653 ﬁlios
1127 1599 1402 1653 retulerat
1441 1599 1655 1670 accepti
1698 1599 1769 1653 ab
1805 1614 1871 1653 ea

169 1685 445 1757 Baptismi
485 1685 847 1757 beneﬁcium.
892 1687 1106 1753 Frater,
1152 1687 1315 1757 cujus
1355 1686 1451 1741 ille
1480 1687 1782 1741 consilium
1810 1687 1870 1742 in

164 1778 320 1830 tanto
370 1775 580 1829 scelere
628 1779 855 1829 secutus
895 1780 1001 1842 est,
1048 1776 1331 1846 quondam
1362 1775 1424 1830 in
1455 1776 1654 1847 capitis
1684 1776 1872 1830 discri-

170 1863 321 1919 mine
353 1863 693 1919 constitutus
722 1863 1030 1935 confugere
1060 1865 1129 1919 ad
1160 1864 1420 1919 Ecclesia
1450 1880 1615 1935 Opem
1645 1868 1870 1919 coactus

165 1952 349 2007 fuerat
382 1968 396 2007 :
423 1951 699 2021 imojvero
723 1952 973 2007 Marinus
996 1952 1139 2023 ipse,
1163 1968 1293 2006 cum
1313 1952 1623 2024 aliquando
1644 1952 1871 2023 patroni

161 2040 496 2096 incurrisset
536 2040 813 2095 oﬁ‘ensam
859 2040 926 2110 (is
968 2041 1123 2095 enim
1169 2040 1458 2111 insperata
1500 2042 1769 2096 felicitate
1800 2042 1870 2096 ad

166 2133 385 2185 tantam
430 2129 746 2201 potentiam
802 2129 1149 2198 devenerat),
1190 2130 1450 2185 Ecclesia
1486 2129 1869 2201 patrocinium

161 2216 426 2273 beneﬁcii
456 2218 583 2271 loco
613 2215 1039 2288 imploraverat,
1074 2216 1228 2287 quod
1256 2216 1340 2270 illi
1361 2232 1725 2287 nequaquam
1752 2217 1869 2272 fue-

163 2309 249 2361 rat
275 2306 646 2376 denegatum.

230 2398 280 2451 6.
322 2394 627 2450 Nitebatur
674 2393 913 2465 quidem
956 2396 1242 2464 pracepto
1286 2392 1672 2464 Imperatoris,
1714 2393 1868 2463 quod

162 2482 268 2538 sibi
295 2498 403 2554 per
442 2482 660 2536 litteras
702 2481 1086 2552 signiﬁcatum
1117 2481 1482 2552 praedicabat,
1514 2481 1866 2552 obsequendi

163 2571 563 2628 necessitatem
593 2570 905 2625 obtendere
953 2587 966 2625 :
1010 2570 1107 2625 sed
1132 2570 1286 2642 quod
1314 2570 1536 2640 legatus
1567 2569 1867 2640 episcopus

166 2661 233 2716 ab
254 2662 608 2732 Imperatore
634 2659 973 2714 mandatum
1010 2659 1181 2731 plane
1212 2658 1563 2713 contrarium
1593 2658 1862 2723 obtinuit,

166 2750 222 2805 id
263 2764 405 2805 vero
447 2748 849 2820 plenissimum
892 2747 1025 2802 fecit
1075 2747 1309 2803 Comitis
1364 2747 1746 2802 mendacium.
1803 2749 1868 2802 Et

162 2842 310 2894 certe
360 2838 639 2893 continuo
685 2840 982 2893 revocatus
1012 2852 1080 2890 ex
1111 2836 1319 2903 Africa,
1353 2839 1411 2890 et
1437 2851 1675 2890 munere
1707 2835 1866 2889 omni

164 2944 224 2983 ac
255 2926 541 3000 dignitate
577 2926 872 2997 spoliatus,
905 2923 1266 2979 conscientia
1309 2923 1581 2994 propria,
1628 2928 1693 2978 ut
1739 2940 1865 2978 eam

163 3014 521 3089 pauitantia
551 3031 669 3069 sua
697 3014 787 3069 vel
816 3029 1001 3085 pana
1027 3015 1228 3067 testem
1268 3012 1523 3078 haberet,
1552 3012 1866 3083 permissus

162 3108 244 3159 est
275 3105 548 3174 (Orosius,
586 3101 840 3158 Historia
869 3101 964 3156 lib.
1002 3105 1058 3167 7,
1102 3115 1221 3169 cap.
1270 3099 1381 3170 42).
1414 3099 1577 3165 Quod
1607 3101 1679 3155 ad
1720 3102 1867 3156 Mar-

161 3193 454 3258 cellinum,
496 3191 546 3247 is
593 3190 828 3262 quidem
867 3188 985 3244 vita
1028 3188 1215 3255 cessit,
1265 3204 1381 3243 non
1417 3188 1697 3244 virtutum
1742 3206 1866 3243 sua-

160 3297 288 3336 rum
316 3280 514 3348 modo,
547 3283 1011 3350 susceptorumve
1038 3294 1144 3349 pro
1175 3276 1419 3332 Ecclesia
1436 3277 1698 3332 laborum
1718 3294 1865 3332 mer-

161 3370 355 3425 cedem
383 3384 448 3423 ac
471 3369 746 3437 fructum,
766 3367 864 3422 sed
895 3366 1069 3422 etiam
1099 3366 1364 3421 meritam
1384 3366 1562 3421 effuso
1583 3366 1864 3437 sanguine

160 3458 429 3530 martyris
459 3458 716 3512 lauream
745 3450 1110 3526 recepturus;
1139 3472 1254 3528 quo
1281 3471 1414 3511 eum
1434 3454 1670 3510 nomine
1692 3456 1865 3511 donat

162 3548 406 3602 Ecclesia
427 3545 490 3601 in
518 3546 778 3601 Romano
806 3543 1244 3615 Martyrologio:
1272 3543 1371 3598 ubi
1397 3558 1499 3598 cur
1519 3546 1714 3598 octavo
1735 3544 1864 3598 idus

161 3635 368 3707 apriles
398 3634 720 3689 celebretur
759 3633 893 3707 ejus
911 3632 1211 3697 memoria,
1251 3647 1482 3686 causam
1508 3631 1595 3685 vel
1619 3631 1862 3685 auctori-

162 3702 334 3778 tatem
362 3723 579 3778 nullam
603 3702 1199 3776 afferunt.'Enimvero
1219 3719 1383 3775 illum
1409 3719 1599 3775 idibus
1613 3724 1861 3790 septem-

161 3810 299 3875 bris,
332 3810 518 3881 pridie
547 3808 810 3864 videlicet
836 3809 959 3879 ejus
993 3807 1107 3862 diei
1137 3808 1238 3878 qui
1281 3807 1547 3878 Cypriani
1596 3809 1862 3879 passione

160 3898 433 3954 solemnis
459 3900 600 3962 erat,
628 3912 965 3967 percussum
995 3895 1263 3951 vidimus.
1287 3896 1449 3960 Quod
1475 3899 1541 3950 ut
1559 3896 1860 3963 constabit,

160 3986 407 4041 dubium
459 3984 685 4038 nullum
733 3982 861 4048 erit,
901 3981 1043 4053 quin
1090 3982 1215 4052 ejus
1262 3981 1554 4051 percussio
1612 3982 1865 4036 evenerit

160 4073 434 4147 prasenti
462 4086 649 4138 anno;
679 4086 811 4124 cum
837 4074 895 4124 et
923 4069 1301 4124 defectionem
1329 4069 1647 4124 Heracliani
1674 4070 1747 4124 sit
1775 4086 1861 4125 se-

157 4169 312 4230 cuta,
356 4165 414 4216 et
460 4158 825 4215 antecesserit
874 4158 1059 4228 legem
1110 4161 1238 4229 post
1274 4156 1495 4212 obitum
1546 4158 1667 4228 ejus
1695 4158 1862 4213 tertio

158 4249 435 4306 kalendas
489 4247 827 4319 septembris
872 4246 1011 4301 anni
1057 4245 1608 4317 quadringentesimi
1657 4246 1863 4300 decimi

159 4337 352 4412 quarti
382 4337 574 4391 datam
606 4335 676 4389 ab
708 4334 973 4403 Honorio,
1001 4350 1116 4405 qua
1144 4334 1192 4388 is
1216 4338 1376 4404 gesta
1400 4333 1752 4400 Collationis,
1771 4335 1862 4390 cui

161 4426 520 4484 Marcellinus
546 4423 872 4496 prafuerat,
901 4422 1112 4478 habere
1149 4422 1271 4477 vult
1298 4427 1637 4492 perpetuam
1682 4422 1861 4476 ﬁrmi-

158 4520 338 4571 tatem
390 4513 607 4585 (Codice
664 4512 883 4580 Theod.,
937 4511 1004 4565 de
1030 4512 1335 4578 Hareticis,
1388 4511 1496 4578 lege
1539 4512 1646 4579 55).
1691 4510 1863 4565 Isthic

164 4606 504 4676 Imperator,
533 4604 599 4657 ut
627 4599 1110 4656 existimationem
1146 4598 1321 4667 illius,
1371 4614 1702 4670 quanquam
1732 4616 1862 4670 per-

162 4691 472 4748 duellionis
522 4690 709 4762 specie
758 4689 1049 4757 trucidati,
1094 4692 1306 4743 sartam
1358 4691 1566 4743 tectam
1613 4689 1756 4743 velle
1802 4706 1861 4744 se

162 4782 444 4847 ostendat,
474 4780 667 4851 ipsum
697 4778 1018 4850 spectabilis
1042 4776 1337 4833 memoria
1364 4775 1552 4831 virum
1572 4778 1858 4848 appellat:

161 4869 517 4941 Augustinus
542 4884 674 4922 vero
703 4868 969 4923 eumdem
986 4883 1103 4922 non
1119 4865 1399 4936 religiosa
1420 4869 1642 4920 tantum
1660 4866 1857 4935 (Epist.

168 4962 287 5026 166,
318 4974 376 5012 n.
404 4962 469 5022 7;
500 4959 687 5026 Epist.
744 4960 863 5025 169,
904 4971 959 5011 n.
1014 4958 1123 5027 l3),
1171 4954 1269 5009 sed
1298 4954 1471 5009 etiam
1503 4958 1709 5008 sancta
1747 4970 1863 5009 me-

165 5046 365 5102 moria
410 5045 581 5100 titulo
616 5044 880 5099 nobilitat
915 5046 1006 5115 (De
1051 5047 1268 5100 Natura
1309 5046 1359 5098 et
1406 5044 1619 5108 Gratia,
1650 5060 1702 5097 n.
1738 5043 1857 5113 ‘25);

164 5136 323 5208 cujus
367 5132 538 5189 amici
575 5132 683 5187 sibi
719 5132 1039 5187 charissimi
1086 5134 1279 5203 (Epist.
1336 5134 1457 5198 190,
1497 5147 1552 5186 n.
1596 5134 1689 5202 20)
1720 5131 1861 5186 etin

168 5224 374 5282 Christi
403 5222 675 5278 charitate
702 5222 1008 5293 gratissimi
1056 5224 1256 5291 (Epist.
1311 5224 1429 5283 166,
1477 5237 1533 5276 n.
1585 5221 1643 5293 6)
1685 5222 1859 5276 inter-

167 5312 311 5367 itum
343 5311 647 5382 deplorans
677 5326 690 5364 :
721 5312 848 5379 Qua
881 5310 985 5377 illi,
1013 5309 1113 5376 ait,
1136 5311 1382 5380 probitas
1409 5313 1469 5364 in
1496 5311 1755 5377 moribus,
1802 5312 1862 5364 in

168 5402 414 5456 amicitia
436 5399 588 5469 ﬁdes,
621 5401 680 5453 in
704 5398 953 5453 doctrina
975 5397 1237 5465 studium,
1264 5401 1325 5452 in
1351 5400 1610 5467 religione
1636 5400 1860 5453 sinceri-

169 5493 274 5555 tas,
314 5490 376 5543 in
414 5487 666 5557 conjugio
690 5486 987 5557 pudicitia,
1018 5488 1079 5540 in
1098 5485 1310 5555 judicio
1337 5489 1691 5554 continentia;
1733 5503 1862 5555 erga

172 5578 421 5632 inimicos
445 5577 733 5645 patientia,
763 5589 893 5643 erga
916 5576 1113 5633 amicos
1141 5574 1463 5643 aﬂ'abilitas,
1495 5591 1625 5643 erga
1652 5580 1861 5631 sanctos

1982 984 2271 1050 nesciebat,
2299 1000 2406 1052 qua
2433 984 2723 1050 diligentia
2741 984 3118 1038 scrutabatur!
3141 988 3383 1054 Quantus
3401 987 3458 1038 in
3478 1000 3534 1039 eo
3562 1001 3687 1039 con-

1983 1076 2216 1141 temptus
2254 1087 2435 1125 rerum
2460 1075 2840 1141 praesentium!
2869 1076 3077 1140 quanta
3108 1087 3247 1143 spes,
3279 1077 3329 1126 et
3357 1072 3685 1128 desiderium

1983 1160 2238 1215 bonorum
2288 1164 2637 1215 aternorum!
2681 1163 2759 1218 Ne
2798 1163 3001 1215 relictis
3048 1162 3290 1215 omnibus
3337 1161 3683 1216 saecularibus

1980 1249 2282 1303 actionibus
2308 1251 2599 1317 susciperet
2644 1250 2920 1317 cingulum
2962 1251 3172 1304 militia
3202 1251 3527 1315 christiana,
3562 1252 3682 1305 vin-

1979 1339 2157 1393 culum
2183 1337 2547 1406 prapediebat
2572 1340 2845 1403 uaorium,
2870 1354 2974 1406 quo
2990 1339 3110 1409 jam
3139 1340 3431 1393 innodatus
3455 1342 3685 1408 caperat

1977 1427 2345 1494 concupiscere
2395 1426 2638 1490 meliora,
2697 1425 2915 1493 quando
2973 1426 3096 1493 jam
3152 1441 3257 1480 non
3313 1426 3506 1480 licebat
3561 1428 3679 1491 illa,

1978 1515 2225 1582 quamvis
2255 1515 2541 1579 inferiora,
2573 1514 2928 1582 disrumpere.
2958 1514 3101 1578 Quid
3124 1529 3248 1581 ergo
3277 1516 3398 1568 huic
3428 1517 3488 1568 in
3515 1518 3683 1568 morte

1978 1600 2178 1655 accidit
2195 1602 2345 1666 mali,
2378 1617 2441 1656 ac
2469 1617 2576 1656 non
2601 1605 2782 1671 potius
2810 1604 3111 1672 plurimum
3137 1604 3280 1670 boni,
3307 1619 3424 1657 cum
3454 1605 3562 1657 haec
3589 1604 3682 1656 ha-

1978 1690 2101 1744 bens
2140 1689 2283 1743 dona
2313 1691 2386 1744 ad
2422 1691 2714 1756 Christum,
2753 1694 2868 1745 sine
2897 1707 3001 1760 quo
3029 1693 3270 1745 inaniter
3298 1692 3582 1756 habentur,
3612 1707 3681 1744 ea:

1978 1779 2078 1833 hac
2102 1781 2217 1832 vita
2235 1781 2540 1845 migravit?
2573 1781 2766 1848 (Epist.
2806 1782 2925 1840 151,
2956 1795 3047 1833 nn.
3075 1782 3127 1845 8,
3164 1781 3274 1847 l0).

2045 1871 2098 1920 7.
2142 1868 2277 1921 Post
2320 1866 2479 1921 illam
2525 1867 2726 1922 Marini
2765 1866 2989 1920 comitis
3031 1871 3145 1920 tam
3178 1865 3415 1937 impiam
3445 1870 3678 1938 tamque

1976 1955 2265 2010 crudelem
2292 1954 2617 2025 perﬁdiam,
2648 1970 2762 2007 non
2793 1954 2978 2023 potuit
3004 1954 3104 2008 abs
3133 1970 3192 2007 se
3223 1954 3529 2024 impetrare
3559 1958 3676 2009 Au-

1975 2043 2257 2115 gustinus,
2308 2046 2371 2097 ut
2410 2041 2749 2113 Carthagine
2794 2042 3009 2096 diutius
3038 2048 3375 2097 moraretur.
3406 2043 3679 2106 Quocirca

1975 2130 2247 2203 postridie
2278 2131 2399 2201 ejus
2419 2130 2598 2201 ipsius
2630 2130 2742 2185 diei
2765 2147 2822 2185 se
2851 2131 3008 2185 dedit
3037 2131 3228 2186 itineri
3262 2131 3513 2203 :sicque,
3546 2148 3677 2187 cum

1973 2219 2141 2274 illum
2170 2218 2387 2290 alloqui
2416 2218 2751 2274 Cacilianus
2797 2219 3088 2285 voluisset,
3129 2220 3177 2273 is
3202 2220 3270 2274 de
3300 2223 3583 2274 maturato
3612 2220 3678 2274 il-

1975 2307 2085 2362 lius
2125 2307 2372 2362 discessu
2419 2307 2627 2361 certior
2671 2307 2854 2362 factus
2899 2311 2999 2361 est.
3053 2308 3264 2362 Idcirco
3314 2313 3508 2362 autem
3555 2324 3676 2363 sese

1975 2396 2297 2450 clanculum
2327 2412 2394 2449 ex
2422 2396 2564 2450 urbe
2594 2396 2901 2466 subripuit,
2924 2399 2991 2450 ut
3013 2412 3085 2450 ne
3115 2396 3484 2451 distineretur
3503 2397 3679 2467 gemis

1974 2484 2142 2550 tibus,
2193 2483 2480 2554 lacrymis,
2512 2483 2969 2554 clamoribusque
3013 2483 3397 2554 plurimorum
3428 2501 3457 2538 e
3485 2484 3679 2538 claris-

1974 2571 2133 2626 simis
2162 2572 2402 2639 civibus,
2435 2572 2553 2643 qui,
2581 2575 2646 2626 ut.
2674 2571 2908 2626 Comitis
2930 2571 3183 2626 furorem
3220 2576 3391 2643 atque
3422 2572 3678 2641 gladium

1975 2659 2345 2725 declinarent,
2369 2659 2429 2714 in
2460 2659 2710 2713 ecclesia
2736 2660 2956 2731 asylum
2981 2659 3375 2730 confugerant.
3401 2660 3500 2714 Hic
3521 2659 3676 2714 enim

1977 2766 2310 2822 quanquam
2339 2751 2569 2805 illorum
2599 2751 2716 2805 vita
2743 2749 2984 2805 minime
3011 2750 3459 2819 periclitabatur,
3483 2754 3677 2805 tamen

1975 2838 2128 2893 haud
2163 2839 2333 2894 dubie
2363 2839 2526 2893 illum
2576 2842 2740 2892 erant
2766 2838 3131 2902 obsecraturi,
3160 2841 3225 2891 ut
3248 2853 3353 2906 pro
3384 2854 3441 2890 se
3468 2837 3675 2892 Comiti

1974 2927 2321 2997 supplicaret
2336 2926 2516 2997 ;quod
2531 2942 2666 2979 sane
2680 2925 2870 2979 decori
2882 2940 3248 2995 nequaquam
3274 2924 3494 2978 sinebat
3505 2924 3671 2979 ratio.

1974 3016 2117 3070 Nam
2130 3015 2177 3069 si
2187 3015 2454 3069 adversus
2475 3014 2757 3069 Comitem
2778 3013 2876 3067 Vir
2896 3017 3124 3067 sanctus
3142 3028 3207 3067 eo
3228 3012 3533 3067 verborum
3554 3015 3674 3067 ter-

1971 3120 2103 3158 rore
2126 3120 2261 3157 usus
2281 3103 2496 3169 fuisset,
2520 3103 2670 3174 quod
2689 3118 2919 3156 necesse
2940 3102 3009 3156 ad
3032 3100 3449 3172 procurandam
3465 3100 3675 3156 anima

1972 3192 2213 3246 salutem
2243 3190 2558 3256 videbatur,
2591 3190 2648 3245 id
2671 3190 2766 3244 ille
2795 3204 3093 3260 nunquam
3116 3187 3254 3242 boni
3275 3188 3672 3243 consuluisset.

1973 3281 2157 3346 Quare
2208 3282 2426 3334 tantam
2486 3278 2891 3349 indignitatem
2948 3293 3062 3331 non
3119 3276 3328 3339 ferens,
3385 3276 3671 3332 abscessit.

1972 3370 2223 3425 Dolebam
2264 3370 2523 3436 graviter,
2560 3366 2749 3437 inquit
2776 3381 3020 3437 magnus
3050 3364 3288 3430 Prasul,
3315 3366 3482 3418 vicem
3517 3379 3672 3419 vene-

1971 3458 2161 3513 rabilis
2198 3459 2498 3525 coepiscopi
2540 3458 2646 3510 mei
2694 3459 2858 3509 tanta
2901 3455 3123 3508 rectoris
3164 3454 3431 3514 Ecclesia,
3465 3452 3539 3505 ad
3582 3468 3674 3508 cu-

1964 3546 2060 3615 jus
2079 3548 2350 3614 pertinere
2378 3544 2660 3599 dicebatur
2686 3545 2943 3612 offlcium,
2966 3546 3088 3611 post
3117 3542 3349 3595 hominis
3380 3545 3490 3594 tam
3517 3542 3673 3605 nefa-

1970 3635 2113 3687 riam
2158 3634 2442 3700 fallaciam
2480 3632 2658 3685 adhuc
2687 3646 2741 3685 se
2764 3630 3003 3700 praebere
3034 3630 3307 3697 humilem,
3340 3645 3443 3698 quo
3471 3630 3674 3683 caeteris

1965 3725 2283 3791 parceretur
2334 3736 2346 3772 :
2393 3718 2462 3772 iis
2507 3718 2787 3783 videlicet,
2822 3718 2921 3786 qui
2952 3733 3011 3771 se
3046 3721 3378 3787 receperant
3407 3717 3467 3770 in
3496 3717 3674 3771 eccle—

1972 3809 2143 3874 siam;
2190 3806 2300 3861 nisi
2338 3806 2480 3859 forte
2507 3805 2772 3858 nonnulli
2799 3804 2974 3857 etiam
3017 3804 3077 3856 in
3105 3802 3363 3857 custodia
3390 3803 3672 3857 haberen-

1970 3900 2085 3951 tur.
2131 3898 2350 3962 Fateor,
2396 3892 2575 3958 addit,
2619 3907 2740 3946 cum
2783 3896 2993 3946 tantum
3038 3893 3241 3945 malum
3268 3892 3416 3945 nullo
3439 3893 3673 3959 pectoris

1969 3985 2157 4039 robore
2180 3984 2478 4053 potuissem
2507 3982 2752 4046 tolerare,
2800 3980 3025 4036 discessi
3062 3978 3249 4046 (Ibid,
3280 3994 3336 4032 η.
3372 3980 3448 4047 3).
3482 3978 3671 4042 Quan-

1971 4086 2147 4143 quam
2176 4070 2315 4125 alias
2345 4070 2541 4136 etiam,
2574 4073 2785 4139 prater
2813 4068 3123 4123 Marcellini
3152 4083 3370 4134 necem,
3398 4068 3673 4122 discessus

1972 4158 2059 4212 sui
2109 4173 2306 4212 causas
2349 4157 2541 4223 affert;
2593 4156 2877 4228 (quarum)
2915 4172 3025 4210 una
3053 4160 3145 4219 est,
3178 4155 3385 4226 inquit,
3419 4156 3673 4224 quoniam

1971 4247 2224 4312 laborem,
2267 4261 2422 4315 quem
2467 4247 2525 4299 in
2552 4246 2649 4299 illa
2692 4245 2824 4299 urbe
2845 4247 3058 4314 perpeti
3078 4259 3283 4298 necesse
3319 4248 3416 4309 est,
3448 4247 3497 4296 et
3517 4258 3674 4312 quem

1969 4338 2021 4390 si
2060 4349 2321 4405 exponere
2366 4335 2548 4403 velim,
2586 4334 2741 4387 aliud
2782 4338 2994 4388 tantum
3039 4333 3361 4402 loquendum
3415 4337 3511 4399 est,
3550 4332 3672 4402 jam

1969 4427 2232 4479 sustinere
2268 4439 2375 4478 non
2413 4438 2654 4492 possum,
2705 4423 2850 4492 quod
2900 4424 3209 4491 inﬁrmitati
3246 4436 3372 4475 mea
3408 4422 3669 4489 propria,

1970 4528 2089 4582 qua
2114 4516 2243 4566 nota
2272 4515 2350 4566 est
2377 4512 2620 4566 omnibus
2649 4513 2747 4580 qui
2783 4511 3122 4576 familiarius
3151 4525 3231 4562 me
3258 4512 3536 4576 noverunt,
3573 4524 3672 4563 ac-

1969 4604 2126 4657 cessit
2154 4603 2316 4655 etiam
2345 4605 2603 4668 senectus,
2646 4615 2764 4669 qua
2792 4602 3000 4667 generis
3029 4600 3254 4652 humani
3272 4602 3351 4652 est
3378 4600 3671 4653 communis

1969 4692 2284 4759 infirmitas.
2325 4689 2519 4743 Altera
2559 4703 2725 4743 causa
2759 4692 2858 4756 est,
2904 4687 3048 4755 quod
3089 4688 3280 4752 statui,
3325 4688 3376 4740 si
3403 4686 3669 4742 Dominus

1966 4780 2114 4845 velit,
2148 4782 2411 4847 quantum
2441 4778 2580 4831 mihi
2608 4793 2675 4830 ea:
2706 4778 2819 4831 illis
2844 4775 3302 4845 occupationibus,
3331 4789 3467 4843 quas
3485 4774 3670 4829 Eccle-
3757 4831 3762 4835 ,

1967 4866 2081 4933 sia,
2114 4868 2206 4921 cui
2227 4868 2452 4935 proprio
2476 4881 2693 4919 munere
2721 4866 2914 4929 servio,
2938 4866 3225 4917 necessitas
3253 4863 3670 4930 ﬂagitat,datur

1971 4956 2247 5029 temporis,
2288 4954 2349 5007 id
2397 4957 2564 5007 totum
2608 4952 2912 5021 impendere
2942 4952 3116 5005 labori
3143 4951 3448 5005 studiorum
3477 4951 3551 5005 ad
3580 4967 3668 5005 ec-

1968 5044 2296 5097 clesiasticas
2337 5041 2593 5096 scientias
2638 5043 3056 5109 pertinentium;
3095 5040 3191 5094 ubi
3219 5055 3300 5094 me
3329 5040 3587 5104 arbitror,
3619 5042 3670 5093 si

1967 5131 2073 5185 Dei
2095 5130 2477 5185 misericordia
2499 5131 2697 5199 placet,
2722 5131 2886 5183 etiam
2911 5130 3141 5198 posteris
3170 5127 3385 5197 aliquid
3410 5128 3663 5196 profutu-

1967 5237 2089 5275 rum
2110 5220 2293 5291 (Ibid,
2315 5236 2377 5275 η.
2414 5220 2524 5289 13).
2568 5220 2710 5273 Tum
2736 5218 3101 5273 Cacilianum
3136 5218 3272 5272 olim
3304 5215 3663 5270 catechume-

1968 5324 2130 5378 num,
2161 5308 2263 5380 qui
2304 5325 2339 5362 a
2376 5310 2570 5362 sancto
2601 5309 2844 5363 Doctore
2883 5323 3080 5363 verum
3109 5307 3322 5362 discere
3353 5303 3660 5374 quarebat,

1969 5398 2216 5469 graviter
2242 5398 2532 5466 admonet,
2564 5413 2638 5452 ne
2664 5413 2722 5452 se
2750 5412 2853 5469 per
2884 5396 3233 5467 Baptismum
3263 5393 3572 5463 adjungere
3602 5391 3666 5446 ﬁ-

1970 5486 2192 5542 delibus
2237 5486 2451 5543 diutius
2505 5486 2880 5557 procrastinet
2924 5501 2992 5539 ea
3034 5499 3178 5538 vana
3217 5481 3456 5543 ratione,
3498 5481 3664 5551 quasi

1972 5576 2168 5632 ﬁdeles
2205 5592 2326 5632 non
2370 5575 2589 5648 possint
2630 5573 3042 5645 rempublicam
3083 5572 3233 5625 recte
3261 5566 3664 5627 administrare
