4062 6354
355 328 455 381 467

357 447 558 517 (Epist.
597 448 717 511 151,
746 460 803 498 n.
838 444 941 514 14).
976 443 1249 497 Eumdem
1280 442 1452 494 etiam
1479 454 1614 509 erga
1642 437 1921 493 Marinum
1942 452 2053 509 qua

356 534 577 589 ratione
602 548 662 586 se
694 536 874 603 gerat,
907 532 1107 585 docere
1128 529 1285 600 prius
1301 544 1419 582 non
1439 526 1651 582 omisit.
1675 529 1829 581 Hunc
1848 530 1898 581 si
1926 526 2055 580 dili-

356 624 460 692 gis,
505 620 603 687 ait,
648 620 944 685 detestare;
979 621 1030 673 si
1068 634 1173 673 non
1201 620 1284 671 vis
1315 621 1375 671 ut
1400 618 1458 670 in
1487 621 1744 670 aeternum
1772 617 2055 685 puniatur,

358 711 604 766 emhorre.
639 709 730 765 Sic
760 708 1154 763 existimationi
1184 710 1307 771 tum,
1330 708 1408 760 sic
1437 709 1515 758 est
1542 706 1667 758 vitae
1696 704 1847 757 illius
1877 717 2062 756 consu~

362 798 578 855 lendum
623 796 807 867 (Ibid.,
853 812 909 850 η.
966 794 1069 865 lt).
1122 795 1251 848 Hmc
1297 796 1490 847 autem
1534 791 1776 861 epistola
1806 789 1918 845 dici
1948 805 2062 843 non

362 885 605 941 absurde
643 888 834 955 potest
862 887 1103 937 exeunte
1132 882 1240 936 hoc
1272 897 1425 935 anno
1457 880 1686 951 scripta.

1035 971 1261 1026 CAPUT
1299 971 1390 1024 VI.

370 1066 391 1117 1
447 1061 737 1116 Demetrias
790 1059 925 1114 Urbe
953 1074 988 1112 a
1017 1058 1204 1115 Gothis
1233 1063 1395 1127 capta
1424 1060 1480 1112 in
1512 1058 1765 1124 Africam
1796 1071 1907 1109 una
1946 1070 2065 1108 cum

436 1153 608 1204 matre
654 1152 705 1201 ct
754 1150 882 1201 avia
930 1148 1274 1201 transmittit.
1328 1148 1359 1198 εξ
1419 1146 1648 1200 Probam
1709 1143 2066 1198 Demetriadis

436 1241 617 1293 aviam
644 1252 741 1305 per
766 1237 976 1291 litteras
1004 1237 1267 1303 instituit,
1297 1236 1450 1302 eique
1475 1234 1540 1287 de
1567 1232 1772 1287 orando
1805 1235 1907 1286 Deo
1930 1246 2067 1301 prae-

441 1330 595 1397 cepta
631 1325 802 1380 tradit
852 1325 1213 1391 Augustinus.
1273 1324 1303 1377 3
1347 1322 1523 1391 Hujus
1560 1337 1727 1376 suasu
1773 1322 2069 1375 Demetrias

438 1416 761 1483 virginalem
806 1413 1217 1467 sanctimoniam
1260 1412 1625 1479 amplectitur.
1663 1413 1693 1462 4
1726 1410 2069 1478 Augustinus

442 1502 509 1554 de
548 1499 815 1554 velatione
856 1497 1213 1553 Demetriadis
1255 1512 1375 1550 cum
1416 1501 1527 1550 tota
1571 1497 1811 1550 Ecclesia
1848 1494 2066 1563 gaudet.

445 1593 475 1643 5
498 1589 719 1644 Librum
748 1587 814 1641 de
841 1589 982 1641 Bono
1010 1586 1302 1639 viduitatis
1327 1587 1567 1641 Julianm
1600 1585 1717 1654 ejus
1741 1586 1910 1638 matri
1930 1585 2070 1637 scri-

448 1677 542 1731 bit.
576 1680 607 1731 6
627 1675 986 1732 Demetriadis
1012 1674 1254 1743 virginis
1290 1674 1636 1729 instituendas
1675 1674 1890 1727 obtentu
1918 1673 2070 1726 Pela-

444 1768 567 1832 gius
596 1766 875 1834 epistolam
894 1763 1007 1818 edit
1037 1764 1253 1817 hzeresis
1284 1777 1393 1817 suae
1420 1778 1614 1816 veneno
1634 1762 1919 1831 suffusum.

450 1857 501 1907 1.
554 1853 668 1907 Etsi
712 1868 881 1923 grave
925 1852 1235 1906 admodum
1283 1856 1406 1905 erat
1434 1851 1663 1916 vulnus,
1696 1849 1847 1921 quod
1880 1850 2073 1919 Augu-

378 1941 514 1996 stini
542 1940 733 1996 animo
763 1940 1054 1995 inflixerat
1081 1940 1484 2011 indignissima
1528 1938 1837 1994 Marcellini
1863 1937 2073 2003 cmdes;

380 2030 542 2085 dolor
569 2034 762 2083 tamen
793 2029 916 2100 ejus
946 2030 1194 2082 multum
1233 2028 1453 2082 remisit
1480 2028 1598 2081 viso
1628 2025 1840 2098 insigni
1869 2025 2077 2079 divinm

380 2117 580 2190 gratim
630 2132 823 2187 opere,
868 2117 1029 2187 cujus
1062 2121 1119 2170 et
1146 2116 1364 2187 ipsein
1394 2116 1592 2170 eadem
1621 2114 1719 2169 illa
1748 2112 2080 2184 peregrina-

381 2205 536 2261 tione
583 2204 1034 2275 Carthaginensi,
1083 2204 1145 2258 in
1189 2219 1299 2274 qua
1341 2204 1573 2275 sanguis
1600 2202 1772 2257 amici
1801 2218 1945 2273 pene
1973 2201 2079 2255 sub

385 2294 508 2365 ejus
550 2293 727 2348 oculis
768 2293 925 2347 fusus
968 2292 1175 2361 fuerat,
1225 2292 1487 2347 minister
1524 2292 1736 2346 exstitit
1770 2291 1859 2345 :si
1887 2295 2082 2344 tamen

385 2397 601 2454 ponere
636 2381 742 2435 hoc
771 2397 921 2435 anno
944 2381 1165 2451 placeat
1192 2381 1563 2435 memorabile
1593 2380 1734 2434 illud
1763 2378 1961 2450 gratim
1988 2378 2085 2432 mi-

386 2471 668 2540 raculum,
700 2486 814 2542 quo
848 2470 1183 2539 Demetrias,
1208 2470 1369 2541 virgo
1393 2470 1455 2523 in
1478 2470 1613 2523 orbe
1642 2470 1900 2524 Romano
1923 2468 2086 2524 nobi-

387 2560 546 2614 litate
593 2575 657 2613 ac
703 2559 914 2614 divitiis
956 2559 1163 2631 prima,
1209 2558 1270 2612 in
1316 2574 1489 2629 quam
1535 2573 1711 2611 unam
1742 2558 2082 2624 Proborum,

389 2648 759 2717 Olibriorum,
826 2652 996 2719 atque
1037 2645 1371 2701 Aniciorum
1423 2646 1656 2717 sanguis
1712 2647 2083 2713 conﬂuxerat,

392 2736 661 2792 nuntium
689 2735 861 2790 rebus
889 2735 1175 2799 omnibus,
1207 2750 1337 2788 cum
1369 2735 1611 2807 jamjam
1642 2739 1890 2806 nuptura
1922 2738 2086 2807 puta-

391 2827 575 2891 batur,
608 2824 848 2892 remisit,
893 2827 958 2877 ut
986 2823 1274 2878 Christum
1300 2824 1492 2879 Jesum
1536 2822 1643 2878 sibi
1691 2838 1963 2894 sponsum
1993 2823 2091 2877 ha-

395 2917 586 2984 beret;
627 2918 798 2986 atque
841 2916 902 2967 ut
950 2912 1030 2966 sic
1075 2927 1204 2966 eam
1245 2915 1496 2983 gentem,
1536 2910 1599 2965 in
1641 2927 1753 2982 qua
1781 2908 2090 2964 familiares

395 3008 558 3059 erant
587 3002 914 3057 consulatus
942 3016 1006 3054 ac
1033 3002 1295 3055 maximm
1315 3014 1559 3072 quaeque
1586 2999 1821 3069 Imperii
1848 2997 2093 3070 dignita-

395 3099 501 3160 tes,
523 3090 867 3162 virginitatis
887 3089 1057 3143 etiam
1081 3090 1297 3144 honore
1324 3106 1387 3143 ac
1414 3089 1578 3143 laude
1605 3089 2092 3158 augeret.Patrem

396 3181 497 3235 illa
540 3178 806 3233 Anicium
849 3177 1373 3247 Hermogenianum
1418 3176 1719 3243 Olibrium,
1760 3174 2093 3247 parentibus

396 3269 562 3325 Sexto
612 3266 876 3320 Petronio
923 3266 1107 3320 Probo
1138 3270 1196 3319 et
1223 3266 1406 3320 Proba
1441 3264 1641 3319 Anicia
1670 3263 1934 3319 Faltonia
1962 3280 2095 3334 pro-

400 3360 661 3428 gnatum,
684 3358 925 3408 matrem
949 3369 1079 3408 vero
1100 3354 1390 3408 lulianum
1413 3353 1632 3408 habuit.
1656 3353 1870 3424 Agebat
1892 3354 2095 3406 Deme-

402 3444 541 3499 trias
570 3445 764 3498 Romae
786 3458 897 3496 una
918 3458 1046 3497 cum
1068 3442 1193 3497 avia
1215 3442 1413 3509 Proba,
1440 3446 1496 3497 et
1510 3443 1736 3497 Iuliana
1758 3447 2096 3507 matre,cum

406 3532 548 3588 Urbs
577 3548 611 3586 a
639 3530 834 3587 Gothis
873 3546 1025 3585 anno
1056 3530 1625 3602 quadringentesimo
1673 3530 1894 3586 decimo
1939 3534 2101 3603 capta

404 3624 531 3675 est:
564 3619 848 3690 simulque
896 3618 1009 3673 illm
1054 3621 1251 3674 Romm
1293 3636 1535 3691 egressm
1581 3624 1733 3686 sunt,
1775 3620 2004 3691 quando
2034 3635 2102 3673 ea

404 3710 583 3764 ferme
599 3708 785 3762 adhuc
802 3707 1067 3762 incendio
1089 3708 1345 3763 fumabat
1366 3711 1629 3780 (Hieron.,
1651 3711 1826 3779 Epist.
1857 3708 1933 3779 8).
1955 3710 2101 3763 Tum

403 3813 576 3869 porro
605 3797 804 3863 Proba,
836 3797 1015 3851 verita
1042 3813 1115 3851 ne
1143 3797 1241 3869 qui
1270 3803 1403 3869 post
1430 3801 1703 3851 vastatam
1733 3797 1952 3851 Italiam
1975 3812 2103 3867 pro-

402 3886 580 3941 fectus
610 3886 815 3953 fuerat,
847 3886 1055 3940 iterum
1085 3885 1144 3939 in
1176 3886 1381 3940 Urbem
1412 3885 1624 3940 rediret
1640 3884 1917 3948 Alaricus,
1940 3901 2102 3939 suam

404 3992 752 4048 suorumque
800 3977 1082 4042 omnium,
1126 3974 1190 4028 in
1236 3974 1446 4046 quibus
1487 3973 1713 4029 Iuliana
1739 3990 1868 4028 cum
1900 3974 2102 4027 Deme-

406 4065 585 4121 triade
625 4065 742 4119 tilia
771 4069 914 4131 erat,
963 4064 1139 4118 vitam
1168 4078 1231 4116 ac
1272 4064 1514 4116 salutem
1552 4062 1768 4134 cymbm
1795 4061 2099 4117 commisit.

408 4151 579 4207 Felici
607 4151 842 4223 quidem
867 4166 1122 4205 successu
1153 4150 1415 4220 pervenit
1436 4150 1497 4204 in
1516 4150 1796 4205 Africam:
1822 4151 1919 4205 sed
1942 4150 2105 4205 isthic

407 4240 469 4294 in
503 4240 902 4294 Heraclianum
931 4238 1221 4304 comitem,
1254 4237 1354 4309 qui
1384 4253 1505 4293 rem
1537 4238 1904 4309 Imperatoris
1934 4254 2103 4308 agere

409 4326 705 4393 simulans,
751 4329 930 4380 totam
972 4326 1132 4380 illam
1165 4325 1520 4396 provinciam
1551 4325 1757 4379 misere
1784 4326 2101 4396 divexabat,

410 4413 628 4469 incidit.
661 4414 845 4479 Quare
865 4430 995 4468 cum
1020 4418 1228 4468 sanctm
1250 4417 1529 4468 matronm
1549 4415 1938 4469 conservanda
1959 4420 2107 4470 esset

409 4520 628 4573 earum,
661 4521 801 4577 quas
832 4505 985 4560 haud
1007 4504 1213 4576 exiguo
1243 4521 1483 4559 numero
1512 4521 1704 4559 secum
1734 4506 2000 4573 habebat,
2032 4507 2107 4561 fe-

410 4593 699 4649 minarum
736 4594 1032 4667 pudicitia,
1066 4594 1225 4649 illam
1255 4594 1386 4649 data
1410 4610 1585 4666 opum
1623 4610 1855 4649 suarum
1884 4599 2046 4667 parte
2076 4611 2109 4649 a

410 4686 653 4753 tyranno
697 4682 859 4755 quasi
896 4682 1180 4738 redimere
1209 4686 1400 4737 coacta
1428 4688 1514 4737 est
1542 4698 1556 4736 :
1591 4682 1744 4754 quod
1771 4686 1965 4737 tamen
2002 4683 2109 4737 mi-

412 4770 567 4825 nime
597 4771 877 4842 obstituit,
906 4772 1215 4844 quominus
1243 4771 1523 4827 ditissima
1553 4772 1737 4827 adhuc
1762 4776 2105 4828 remaneret.

482 4864 534 4915 2.
568 4861 710 4915 Cum
740 4869 932 4915 autem
961 4862 1021 4916 in
1051 4862 1316 4917 universa
1358 4861 1547 4915 Africa
1583 4862 1776 4915 nullus
1816 4865 1965 4916 esset
1991 4864 2108 4916 Au-

413 4948 640 5021 gustino
685 4949 980 5017 illustrior,
1012 4950 1071 5004 in
1110 4950 1231 5020 ejus
1259 4950 1646 5022 cognitionem
1677 4967 1733 5004 se
1763 4950 1879 5005 suis
1904 4950 2109 5005 litteris

411 5037 705 5092 insinuare
734 5038 917 5092 Proba
943 5042 999 5092 et
1024 5038 1248 5094 Juliana
1277 5055 1392 5093 non
1420 5039 1735 5094 omiserunt
1760 5039 1957 5110 (Epist.
1986 5042 2107 5106 l88,

411 5143 467 5183 n.
514 5129 589 5198 l).
623 5128 690 5182 Et
718 5127 860 5182 forte
890 5143 956 5181 eo
984 5129 1323 5183 commercio
1351 5134 1485 5184 nata
1512 5132 1597 5183 est
1624 5129 1884 5200 epistola,
1900 5145 1967 5184 ex
1997 5146 2111 5201 qua

412 5216 681 5273 discimus
707 5216 974 5283 Probam,
1004 5220 1069 5271 ut
1097 5217 1167 5271 de
1193 5216 1515 5271 valetudine
1546 5217 1666 5286 ejus
1694 5217 1900 5272 certior
1924 5217 2106 5285 ﬁeret,

413 5307 630 5361 litteras
658 5306 726 5361 ad
754 5322 885 5361 eum
930 5305 1174 5372 dedisse,
1205 5304 1265 5359 in
1305 5304 1511 5377 quibus
1540 5306 1664 5359 bmc
1694 5304 1932 5374 dicebat,
1964 5306 2111 5377 quod

413 5398 474 5449 in
499 5411 716 5466 corpore
738 5395 1084 5465 corruptibili
1099 5396 1282 5449 anima
1303 5395 1612 5461 constituta,
1636 5397 1847 5448 terrena
1871 5395 2110 5463 quadam

416 5478 727 5552 contagione
756 5485 1177 5552 constringitur;
1204 5488 1256 5537 et
1284 5484 1385 5538 tali
1407 5498 1562 5537 onere
1581 5483 1815 5553 quodam
1835 5482 1989 5537 modo
2013 5482 2107 5537 de-

410 5566 609 5642 pressa
626 5578 903 5642 curvatur,
924 5578 986 5629 ut
1006 5576 1064 5629 in
1082 5574 1189 5629 imo
1213 5573 1407 5642 multa,
1433 5587 1596 5643 quam
1615 5575 1674 5627 in
1695 5587 1898 5627 summo
1922 5586 2107 5642 unum,

1558 317 1729 373 Vl'l‘A
1785 316 1839 371 S.
1902 314 2288 371 AUGUSTINI
2346 313 2683 370 EPISCOPI.

3760 298 3876 363 468

2162 440 2382 505 facilius
2408 437 2748 506 concupiscat
2771 437 2820 489 et
2845 436 3035 501 cogitet
3059 434 3260 503 (Epist.
3297 432 3440 503 131).
3475 431 3799 502 Respondit
3820 429 3885 485 ei’

2163 526 2514 597 Augustinus
2544 523 2747 578 merito
2776 522 2979 593 ipsam,
3011 537 3184 593 quam
3216 519 3504 591 impotens
3534 520 3609 574 sit
3637 524 3872 585 natura,

2167 630 2454 687 quamque
2484 618 2601 677 tota
2628 611 2690 666 in
2727 616 2954 666 terrena
2990 608 3365 681 propendeat,
3399 624 3739 679 agnoscere;
3772 608 3878 662 sed

2168 702 2477 767 Christum,
2504 705 2571 755 ut
2597 700 2753 754 illam
2780 699 3046 769 erigeret,
3069 698 3140 752 ad
3165 713 3269 751 nos
3290 697 3649 756 descendisse
3674 714 3687 751 :
3716 696 3878 769 quod

2169 807 2301 845 vero
2333 806 2397 844 ea
2417 793 2727 861 praesentes
2750 788 3097 842 calamitates
3117 787 3404 840 bonorum
3427 786 3754 840 futurorum
3774 801 3880 855 spe

2168 878 2492 935 tolerabiles
2534 879 2722 944 ducat,
2761 879 2910 931 recte
2940 876 3144 930 facere.
3187 875 3484 946 Simulque
3517 874 3731 929 eisdem
3765 874 3882 927 illis

2172 966 2590 1023 calamitatibus
2629 970 2801 1035 atque
2830 962 3160 1019 infortuniis
3205 978 3323 1017 non
3354 963 3651 1017 minimam
3683 961 3883 1016 afferri

2172 1056 2477 1111 utilitatem
2501 1055 2680 1109 docet.
2708 1054 2821 1124 Ipsi
2841 1052 3048 1107 futurm
3061 1051 3189 1105 vitm
3208 1051 3444 1122 prmmia
3462 1050 3883 1123 praesentisque

2175 1144 2374 1199 solatia
2402 1160 2435 1197 a
2459 1146 2573 1199 Deo
2602 1147 2894 1214 precatur;
2928 1156 3101 1212 seque
3133 1139 3202 1193 ad
3234 1144 3554 1193 extremum
3584 1154 3882 1193 commen-

2176 1234 2272 1288 dat
2300 1234 2579 1287 dilectioni
2624 1232 2961 1298 orationique
3008 1230 3254 1283 omnium
3291 1232 3549 1294 vestrum,
3582 1226 3790 1299 inquit,
3824 1229 3883 1280 in

2177 1337 2405 1391 quorum
2441 1320 2689 1375 cordibus
2713 1334 2814 1389 per
2849 1318 3012 1388 ﬁdtm
3058 1317 3272 1371 habitat
3316 1318 3582 1372 Christus.
3625 1317 3769 1371 Cum
3823 1315 3883 1369 id

2177 1410 2357 1465 mtatis
2382 1413 2529 1463 esset
2553 1409 2756 1479 Proba,
2787 1412 2851 1461 ut
2878 1407 2983 1461 sibi
3011 1422 3115 1477 pro
3142 1423 3202 1460 se
3232 1405 3423 1460 minus
3452 1405 3780 1459 timendum
3803 1404 3891 1458 vi-

2179 1500 2435 1565 deretur;
2468 1503 2603 1551 tunc
2630 1513 2801 1568 porro
2830 1496 2899 1551 ad
2927 1512 3053 1549 eam
3085 1495 3331 1549 maxime
3361 1495 3888 1566 pertinebat,oran-

2180 1588 2250 1642 do
2284 1592 2608 1642 concertare
2636 1601 2740 1656 pro
2769 1585 2885 1639 suis
2912 1588 2985 1639 De
3023 1587 3165 1639 Bono
3205 1584 3431 1650 viduit.,
3462 1599 3517 1637 n.
3550 1584 3662 1652 29).
3695 1584 3892 1648 Quare

2182 1677 2385 1731 merito
2429 1680 2685 1729 sanctum
2733 1674 3060 1728 Antistitem
3107 1672 3290 1743 petiit,
3323 1676 3388 1726 ut
3415 1672 3483 1727 de
3520 1672 3736 1726 orando
3771 1672 3892 1724 Deo

2182 1765 2289 1820 sibi
2317 1764 2534 1836 aliquid
2560 1763 2853 1828 scriberet,
2902 1778 3016 1833 quo
3059 1777 3267 1831 nempe
3313 1765 3370 1815 et
3417 1761 3551 1832 quid
3593 1777 3624 1814 a
3659 1762 3802 1830 Deo,
3836 1764 3898 1814 et

2184 1870 2297 1926 qua
2321 1854 2543 1907 ratione
2565 1852 2909 1924 poscendum
2940 1850 3032 1920 sit,
3064 1850 3397 1903 educeretur
3419 1851 3613 1918 (Epist.
3654 1852 3775 1911 l30,
3794 1864 3893 1903 nn.

2189 1946 2238 2006 t,
2272 1941 2345 2012 9).
2381 1940 2648 1995 Promisit
2686 1939 3057 2012 Augustinus,
3090 1954 3149 1992 se
3179 1942 3295 1992 tam
3327 1938 3516 2009 dignm
3545 1938 3718 1992 vidua
3747 1938 3901 1991 chri-

2186 2031 2369 2084 stiana
2396 2028 2657 2100 petitioni
2688 2029 2970 2082 facturum
2992 2027 3127 2081 satis
3163 2043 3176 2081 :
3206 2033 3263 2081 et
3290 2043 3422 2080 cum
3439 2027 3693 2097 primum
3718 2027 3773 2081 ei
3795 2043 3902 2099 per

2189 2118 2370 2173 otium
2400 2117 2579 2184 licuit,
2625 2116 2798 2171 ﬁdem
2841 2133 3002 2171 suam
3034 2115 3253 2170 studuit
3291 2116 3553 2183 liberare,
3585 2121 3759 2187 atque
3792 2117 3903 2170 hac

2190 2206 2259 2261 de
2289 2222 2351 2260 re
2379 2205 2747 2277 prolixiorem
2790 2205 3108 2277 epistolam,
3137 2204 3297 2275 cujus
3326 2204 3388 2258 in
3416 2205 3562 2259 libro
3588 2204 3657 2259 de
3698 2204 3902 2259 Vidui-

2190 2300 2305 2351 tate
2328 2296 2449 2366 ipse
2472 2294 2752 2359 meminit,
2778 2294 2848 2349 ad
2870 2293 3027 2347 illam
3055 2293 3356 2347 destinavit
3388 2296 3479 2363 (De
3506 2295 3648 2348 Bono
3669 2294 3900 2361 viduit.,

2190 2401 2246 2439 η.
2279 2387 2392 2455 29).
2438 2383 2559 2448 Qua
2597 2383 2831 2454 quidem
2863 2382 3105 2453 epistola
3134 2382 3378 2435 Probam
3404 2397 3521 2435 non
3550 2382 3744 2435 minus
3773 2398 3905 2453 gra-

2191 2472 2353 2537 viter,
2387 2486 2560 2541 quam
2603 2470 2878 2534 modeste,
2909 2470 2977 2524 ad
3008 2468 3444 2540 amplexandam
3476 2469 3645 2539 juxta
3681 2485 3904 2539 praece-

2193 2564 2360 2631 ptum
2400 2558 2793 2629 evangelicum
2820 2558 3099 2629 majorem
3136 2557 3542 2629 perfectionem
3572 2557 3906 2611 cohortatus

2196 2652 2307 2714 est;
2339 2663 2445 2701 nec
2472 2646 2684 2701 frustra
2712 2663 2725 2701 :
2760 2662 2895 2700 nam
2933 2662 3063 2701 cum
3092 2645 3217 2718 ipsa
3244 2662 3348 2717 per
3373 2662 3432 2700 se
3455 2649 3674 2700 tantam
3706 2646 3779 2700 ad
3808 2646 3906 2699 be-

2196 2735 2495 2806 nignitatis
2525 2734 2713 2789 ofﬁcia
2740 2736 3185 2807 propensionem
3232 2734 3495 2802 haberet;
3528 2750 3676 2789 novo
3704 2739 3902 2789 tamen

2197 2823 2486 2879 charitatis
2526 2825 2729 2880 ardore
2759 2828 3020 2896 correpta
3051 2824 3160 2879 fuit
3187 2839 3251 2877 ex
3282 2823 3681 2878 adhortatione
3711 2825 3908 2894 Angu-

2199 2912 2330 2967 stini
2364 2929 2377 2967 :
2406 2912 2578 2984 idque
2606 2916 2742 2967 tunc
2771 2912 3029 2984 contigit,
3059 2913 3215 2983 quod
3247 2912 3440 2967 scribit
3471 2913 3856 2983 Hieronymus
3888 2928 3903 2966 :

2198 3002 2449 3064 Habitus,
2496 3002 2557 3056 id
2602 3006 2681 3056 est
2718 3018 2753 3057 a
2794 3002 3094 3071 majoribus
3135 3006 3401 3071 acceptas,
3435 3000 3663 3055 vendere
3699 3000 3912 3054 dicitur

2196 3091 2573 3159 possessiones,
2608 3094 2658 3143 et
2684 3091 2866 3156 facere
2902 3090 3010 3143 sibi
3037 3092 3235 3143 amicos
3264 3089 3329 3143 de
3357 3091 3545 3158 iniquo
3575 3103 3907 3155 mammona,

2202 3179 2300 3246 qui
2349 3193 2404 3231 se
2439 3179 2708 3247 recipiant
2752 3179 2811 3231 in
2848 3182 3050 3232 aeterna
3082 3178 3433 3233 tabernacula
3472 3193 3487 3232 :
3530 3182 3591 3231 ut
3629 3177 3913 3232 erubescat

2203 3268 2374 3320 omnis
2412 3267 2756 3320 ecclesiastici
2804 3268 3095 3322 ministerii
3130 3267 3356 3335 gradus,
3399 3270 3450 3319 et
3495 3280 3651 3319 cassa
3683 3268 3913 3320 nomina

2203 3354 2602 3421 monachorum,
2652 3371 2819 3409 emere
2861 3355 3094 3425 prmdia,
3138 3360 3293 3410 tanta
3326 3355 3610 3409 nobilitate
3649 3354 3914 3409 vendente

2208 3443 2469 3515 (Hieron.,
2501 3445 2679 3512 Epist.
2712 3446 2785 3512 8).
2812 3442 3164 3514 Augustinus
3193 3443 3253 3497 in
3282 3444 3388 3497 hac
3417 3443 3487 3498 ad
3516 3442 3763 3497 Probam
3791 3442 3914 3514 epi-

2207 3532 2349 3585 stola
2373 3531 2614 3585 Julianm
2646 3547 2823 3585 nurus
2853 3532 2977 3602 ejus
2999 3531 3349 3586 mentionem
3383 3531 3515 3586 facit
3542 3531 3741 3602 (Epist.
3786 3535 3911 3598 l30,

2207 3637 2261 3675 η.
2302 3622 2414 3692 30),
2464 3620 2561 3674 sed
2604 3619 2837 3675 interim
2868 3620 3238 3702 Demetriadis
3267 3621 3433 3692 plane
3462 3620 3672 3675 oblitus
3706 3636 3719 3674 :
3752 3621 3913 3692 quod

2210 3708 2445 3779 quidem
2490 3712 2826 3779 argumento
2869 3713 2972 3776 est,
3022 3709 3255 3780 scriptas
3295 3710 3461 3763 hasce
3488 3708 3709 3763 litteras
3750 3708 3917 3779 prius

2209 3797 2404 3867 fuisse,
2450 3813 2622 3868 quam
2668 3812 2726 3850 se
2757 3797 2963 3851 nobilis
2999 3796 3098 3850 illa
3124 3797 3285 3868 virgo
3318 3796 3539 3853 Christo
3573 3796 3913 3851 devovisset.

2214 3887 2279 3940 Et
2308 3902 2503 3940 revera
2534 3886 2791 3955 ejusdem
2820 3885 2893 3940 ad
2924 3885 3169 3939 Probam
3212 3885 3469 3956 epistolm
3498 3885 3617 3956 jam
3650 3886 3922 3940 meminit

2211 3973 2271 4028 in
2292 3974 2435 4029 libro
2447 3974 2514 4028 de
2540 3974 2841 4041 Viduitate,
2865 3990 3036 4046 quem
3060 3990 3175 4028 non
3197 3975 3378 4028 multo
3391 3978 3519 4045 post
3538 3974 3921 4029 Demetriadis

2212 4062 2697 4117 consecrationem
2745 4063 2962 4117 editum
3012 4079 3134 4117 esse
3158 4063 3348 4117 'verba
3390 4064 3505 4129 illa,
3557 4063 3712 4117 modo
3759 4065 3923 4133 capit

2214 4151 2309 4221 (Dc
2337 4154 2478 4207 Bono
2502 4152 2723 4219 viduit.,
2745 4168 2802 4206 n.
2830 4153 2945 4222 24),
2977 4155 3172 4223 aperte
3195 4151 3505 4206 declarant.

2284 4244 2335 4296 3.
2376 4240 2867 4295 Consecrationem
2920 4240 3293 4294 Demetriadis
3319 4240 3442 4311 jam
3484 4238 3555 4293 ab
3589 4253 3743 4293 anno
3776 4255 3922 4310 qna-

2213 4328 2660 4399 dringentesimo
2681 4328 2984 4383 undecimo
3001 4328 3207 4383 factam
3228 4329 3372 4382 velle
3395 4327 3674 4381 Baronius
3691 4326 3928 4381 videtur

2213 4418 2456 4486 (Baron.,
2504 4418 2578 4471 ad
2617 4434 2818 4473 annum
2863 4420 2990 4485 413,
3038 4435 3093 4472 n.
3142 4417 3224 4488 l3)
3270 4436 3286 4471 :
3331 4421 3387 4471 et
3417 4432 3552 4470 sane
3582 4416 3663 4470 ita
3691 4431 3925 4470 necesse

2214 4506 2343 4576 erit,
2375 4506 2442 4574 si,
2473 4522 2603 4560 cum
2633 4507 2885 4577 primum
2925 4522 3053 4561 eam
3089 4506 3233 4561 vidit
3267 4506 3639 4577 Augustinus,
3671 4505 3784 4560 hoc
3814 4504 3926 4576 ipsi

2213 4594 2570 4665 propositum
2600 4596 2746 4650 Deus
2774 4596 2968 4667 injecit
2997 4612 3011 4650 :
3044 4596 3141 4650 sed
3167 4610 3288 4650 rem
3318 4611 3384 4649 eo
3415 4594 3585 4649 modo
3615 4593 3928 4665 contigisse

2214 4683 2662 4756 haudquaquam
2709 4688 2904 4738 narrat
2948 4688 3175 4739 sanctus
3216 4683 3483 4739 Antistes.
3544 4682 3847 4738 Enimvero
3881 4684 3932 4737 si

2218 4772 2593 4844 Hieronymus
2642 4773 2987 4828 Demetriadi
3025 4789 3176 4828 anno
3219 4777 3459 4834 tantum,
3493 4776 3556 4827 ut
3586 4771 3706 4843 ipse
3746 4772 3930 4826 Baro-

2215 4861 2345 4916 nius
2358 4863 2552 4930 tradit,
2568 4862 3135 4935 quadringentesimo
3157 4861 3378 4916 decimo
3400 4861 3590 4928 tertio,
3616 4861 3705 4915 vel
3734 4860 3937 4931 potius

2217 4951 2437 5006 decimo
2480 4956 2683 5024 quarto
2714 4952 2971 5025 scripsit;
3005 4968 3107 5007 cur
3136 4951 3183 5006 is
3211 4951 3484 5006 dicendus
3514 4951 3607 5019 sit,
3644 4954 3705 5004 ut
3734 4950 3809 5005 de
3868 4966 3934 5005 re

2216 5041 2406 5095 statim
2437 5041 2508 5095 ab
2534 5041 2698 5095 initio
2726 5057 2830 5112 per
2853 5044 3036 5095 totum
3068 5045 3351 5095 terrarum
3384 5040 3583 5094 orbem
3616 5043 3937 5111 pervagata

2216 5129 2507 5195 scriberet,
2535 5130 2679 5183 duos
2708 5130 2797 5183 vel
2826 5134 2940 5184 tres
2963 5146 3141 5184 annos
3167 5133 3543 5200 exspectasse,
3574 5128 3723 5182 nihil
3758 5128 3938 5183 nobis

2216 5217 2477 5271 occurrit.
2512 5218 2884 5289 Augustinus,
2916 5222 2983 5272 ut
2998 5219 3120 5290 jam
3151 5234 3185 5272 a
3212 5217 3379 5272 nobis
3407 5217 3647 5287 dictum,
3678 5218 3935 5277 Probam

2217 5322 2281 5360 ac
2328 5305 2614 5361 Julianam
2666 5306 2919 5376 primum
2964 5323 3031 5360 ex
3061 5307 3318 5379 ipsarum
3348 5305 3549 5360 litteris
3580 5313 3950 5376 cognoverat

2217 5393 2415 5463 (Epist.
2442 5395 2562 5461 188,
2577 5408 2633 5447 n.
2653 5392 2701 5464 l)
2732 5409 2746 5447 :
2778 5393 2903 5448 illas
2919 5398 3117 5465 postea
3143 5410 3396 5465 prmsens
3415 5398 3733 5464 prmsentes
3762 5394 3943 5450 vidit,

2210 5483 2331 5555 jam
2355 5481 2488 5535 inde
2507 5481 2577 5536 ab
2598 5497 2748 5537 anno
2768 5483 3328 5555 quadringentesimo
3351 5482 3680 5549 undecimo,
3702 5487 3765 5537 et
3788 5500 3942 5555 quo-

2215 5572 2322 5628 ties
2348 5572 2713 5643 postmodum
2752 5571 3152 5643 Carthaginem
3201 5571 3377 5639 venit,
3409 5571 3756 5627 salutarium
3785 5589 3944 5644 prm-
