  <div class='ocr_page' id='page_1' title='image "/cluster/home/n/w/nwhite01/storage/ocr_20150623/32/umn.31951002477326y/246.png"; bbox 0 0 4062 6348; ppageno 0'>
   <div class='ocr_carea' id='block_1_1' title="bbox 162 303 270 356">
    <p class='ocr_par' dir='ltr' id='par_1_1' title="bbox 162 303 270 356">
     <span class='ocr_line' id='line_1_1' title="bbox 162 303 270 356; baseline -0.019 0"><span class='ocrx_word' id='word_1_1' title='bbox 162 303 270 356; x_wconf 77' lang='grc'>469</span> 
     </span>
    </p>
   </div>
   <div class='ocr_carea' id='block_1_2' title="bbox 163 422 1867 495">
    <p class='ocr_par' dir='ltr' id='par_1_2' title="bbox 163 422 1867 495">
     <span class='ocr_line' id='line_1_2' title="bbox 163 422 1867 495; baseline 0.006 -21"><span class='ocrx_word' id='word_1_2' title='bbox 163 422 519 492; x_wconf 78' lang='lat' dir='ltr'>captionum,</span> <span class='ocrx_word' id='word_1_3' title='bbox 560 439 701 495; x_wconf 88' lang='lat' dir='ltr'>quas</span> <span class='ocrx_word' id='word_1_4' title='bbox 740 440 772 477; x_wconf 90' lang='lat' dir='ltr'>a</span> <span class='ocrx_word' id='word_1_5' title='bbox 817 425 928 478; x_wconf 90' lang='lat' dir='ltr'>Deo</span> <span class='ocrx_word' id='word_1_6' title='bbox 967 423 1261 492; x_wconf 79' lang='lat' dir='ltr'>didicerat,</span> <span class='ocrx_word' id='word_1_7' title='bbox 1307 427 1526 482; x_wconf 83' lang='lat' dir='ltr'>semina</span> <span class='ocrx_word' id='word_1_8' title='bbox 1564 427 1625 482; x_wconf 90' lang='lat' dir='ltr'>in</span> <span class='ocrx_word' id='word_1_9' title='bbox 1670 445 1867 484; x_wconf 88' lang='lat' dir='ltr'>earum</span> 
     </span>
    </p>
   </div>
   <div class='ocr_carea' id='block_1_3' title="bbox 164 512 1866 582">
    <p class='ocr_par' dir='ltr' id='par_1_3' title="bbox 164 512 1866 582">
     <span class='ocr_line' id='line_1_3' title="bbox 164 512 1866 582; baseline 0.005 -19"><span class='ocrx_word' id='word_1_10' title='bbox 164 515 398 582; x_wconf 81' lang='lat' dir='ltr'>pectora</span> <span class='ocrx_word' id='word_1_11' title='bbox 437 527 707 582; x_wconf 79' lang='lat' dir='ltr'>spargere</span> <span class='ocrx_word' id='word_1_12' title='bbox 747 528 862 566; x_wconf 91' lang='lat' dir='ltr'>non</span> <span class='ocrx_word' id='word_1_13' title='bbox 903 512 1117 566; x_wconf 90' lang='lat' dir='ltr'>destitit</span> <span class='ocrx_word' id='word_1_14' title='bbox 1147 533 1162 567; x_wconf 91' lang='lat'><strong><em>:</em></strong></span> <span class='ocrx_word' id='word_1_15' title='bbox 1195 514 1306 568; x_wconf 84' lang='lat' dir='ltr'>illa</span> <span class='ocrx_word' id='word_1_16' title='bbox 1347 532 1479 570; x_wconf 89' lang='lat' dir='ltr'>vero</span> <span class='ocrx_word' id='word_1_17' title='bbox 1511 517 1710 570; x_wconf 90' lang='lat' dir='ltr'>eadem</span> <span class='ocrx_word' id='word_1_18' title='bbox 1751 535 1866 572; x_wconf 89' lang='lat' dir='ltr'>non</span> 
     </span>
    </p>
   </div>
   <div class='ocr_carea' id='block_1_4' title="bbox 167 600 1863 675">
    <p class='ocr_par' dir='ltr' id='par_1_4' title="bbox 167 600 1863 675">
     <span class='ocr_line' id='line_1_4' title="bbox 167 600 1863 675; baseline 0.005 -23"><span class='ocrx_word' id='word_1_19' title='bbox 167 604 452 671; x_wconf 90' lang='lat' dir='ltr'>tanquam</span> <span class='ocrx_word' id='word_1_20' title='bbox 494 600 741 654; x_wconf 83' lang='lat' dir='ltr'>hominis</span> <span class='ocrx_word' id='word_1_21' title='bbox 779 601 1116 671; x_wconf 89' lang='lat' dir='ltr'>cujuspiam,</span> <span class='ocrx_word' id='word_1_22' title='bbox 1147 619 1362 669; x_wconf 88' lang='lat' dir='ltr'>verum,</span> <span class='ocrx_word' id='word_1_23' title='bbox 1395 603 1447 658; x_wconf 91' lang='lat' dir='ltr'>id</span> <span class='ocrx_word' id='word_1_24' title='bbox 1490 605 1641 675; x_wconf 91' lang='lat' dir='ltr'>quod</span> <span class='ocrx_word' id='word_1_25' title='bbox 1683 611 1863 675; x_wconf 85' lang='lat' dir='ltr'>erant,</span> 
     </span>
    </p>
   </div>
   <div class='ocr_carea' id='block_1_5' title="bbox 164 687 1865 762">
    <p class='ocr_par' dir='ltr' id='par_1_5' title="bbox 164 687 1865 762">
     <span class='ocr_line' id='line_1_5' title="bbox 164 687 1865 762; baseline 0.005 -22"><span class='ocrx_word' id='word_1_26' title='bbox 164 691 450 759; x_wconf 85' lang='lat' dir='ltr'>tanquam</span> <span class='ocrx_word' id='word_1_27' title='bbox 482 687 780 759; x_wconf 89' lang='lat' dir='ltr'>ipsiusmet</span> <span class='ocrx_word' id='word_1_28' title='bbox 805 689 902 742; x_wconf 92' lang='lat' dir='ltr'>Dei</span> <span class='ocrx_word' id='word_1_29' title='bbox 933 691 1100 744; x_wconf 89' lang='lat' dir='ltr'>verba</span> <span class='ocrx_word' id='word_1_30' title='bbox 1122 707 1412 762; x_wconf 81' lang='lat' dir='ltr'>excepere.</span> <span class='ocrx_word' id='word_1_31' title='bbox 1439 694 1865 750; x_wconf 83' lang='lat' dir='ltr'>Exhortationes</span> 
     </span>
    </p>
   </div>
   <div class='ocr_carea' id='block_1_6' title="bbox 162 775 1867 855">
    <p class='ocr_par' dir='ltr' id='par_1_6' title="bbox 162 775 1867 855">
     <span class='ocr_line' id='line_1_6' title="bbox 162 775 1867 855; baseline 0.005 -26"><span class='ocrx_word' id='word_1_32' title='bbox 162 775 344 842; x_wconf 91' lang='lat' dir='ltr'>illius,</span> <span class='ocrx_word' id='word_1_33' title='bbox 375 777 688 846; x_wconf 77' lang='lat' dir='ltr'>opitulante</span> <span class='ocrx_word' id='word_1_34' title='bbox 716 777 813 831; x_wconf 90' lang='lat' dir='ltr'>Dei</span> <span class='ocrx_word' id='word_1_35' title='bbox 845 779 1047 848; x_wconf 88' lang='lat' dir='ltr'>gratia,</span> <span class='ocrx_word' id='word_1_36' title='bbox 1077 780 1291 834; x_wconf 90' lang='lat' dir='ltr'>fructus</span> <span class='ocrx_word' id='word_1_37' title='bbox 1321 782 1378 834; x_wconf 92' lang='lat' dir='ltr'>in</span> <span class='ocrx_word' id='word_1_38' title='bbox 1409 799 1473 835; x_wconf 92' lang='lat' dir='ltr'>ea</span> <span class='ocrx_word' id='word_1_39' title='bbox 1498 783 1667 836; x_wconf 91' lang='lat' dir='ltr'>domo</span> <span class='ocrx_word' id='word_1_40' title='bbox 1699 801 1867 855; x_wconf 87' lang='lat' dir='ltr'>pepe-</span> 
     </span>
    </p>
   </div>
   <div class='ocr_carea' id='block_1_7' title="bbox 163 865 1861 941">
    <p class='ocr_par' dir='ltr' id='par_1_7' title="bbox 163 865 1861 941">
     <span class='ocr_line' id='line_1_7' title="bbox 163 865 1861 941; baseline 0.004 -24"><span class='ocrx_word' id='word_1_41' title='bbox 163 880 297 918; x_wconf 83' lang='lat' dir='ltr'><strong>rere</strong></span> <span class='ocrx_word' id='word_1_42' title='bbox 340 865 508 936; x_wconf 91' lang='lat' dir='ltr'>longe</span> <span class='ocrx_word' id='word_1_43' title='bbox 550 866 851 920; x_wconf 81' lang='lat' dir='ltr'>maximos.</span> <span class='ocrx_word' id='word_1_44' title='bbox 899 867 1118 921; x_wconf 80' lang='lat' dir='ltr'>Etenim</span> <span class='ocrx_word' id='word_1_45' title='bbox 1165 868 1319 922; x_wconf 87' lang='lat' dir='ltr'>haud</span> <span class='ocrx_word' id='word_1_46' title='bbox 1366 869 1446 922; x_wconf 88' lang='lat' dir='ltr'>ita</span> <span class='ocrx_word' id='word_1_47' title='bbox 1489 871 1668 923; x_wconf 90' lang='lat' dir='ltr'>multo</span> <span class='ocrx_word' id='word_1_48' title='bbox 1713 876 1861 941; x_wconf 92' lang='lat' dir='ltr'>post,</span> 
     </span>
    </p>
   </div>
   <div class='ocr_carea' id='block_1_8' title="bbox 166 952 1866 1029">
    <p class='ocr_par' dir='ltr' id='par_1_8' title="bbox 166 952 1866 1029">
     <span class='ocr_line' id='line_1_8' title="bbox 166 952 1866 1029; baseline 0.004 -24"><span class='ocrx_word' id='word_1_49' title='bbox 166 969 347 1023; x_wconf 91' lang='lat' dir='ltr'>quam</span> <span class='ocrx_word' id='word_1_50' title='bbox 367 952 707 1023; x_wconf 79' lang='lat' dir='ltr'>Carthagine</span> <span class='ocrx_word' id='word_1_51' title='bbox 734 954 828 1007; x_wconf 91' lang='lat' dir='ltr'>ille</span> <span class='ocrx_word' id='word_1_52' title='bbox 851 954 1202 1018; x_wconf 84' lang='lat' dir='ltr'>discesserat,</span> <span class='ocrx_word' id='word_1_53' title='bbox 1233 957 1543 1010; x_wconf 76' lang='lat' dir='ltr'>Demetrias</span> <span class='ocrx_word' id='word_1_54' title='bbox 1566 959 1866 1029; x_wconf 87' lang='lat' dir='ltr'>praceptis</span> 
     </span>
    </p>
   </div>
   <div class='ocr_carea' id='block_1_9' title="bbox 163 1041 1862 1102">
    <p class='ocr_par' dir='ltr' id='par_1_9' title="bbox 163 1041 1862 1102">
     <span class='ocr_line' id='line_1_9' title="bbox 163 1041 1862 1102; baseline 0.004 -8"><span class='ocrx_word' id='word_1_55' title='bbox 163 1041 274 1095; x_wconf 88' lang='lat' dir='ltr'>sibi</span> <span class='ocrx_word' id='word_1_56' title='bbox 309 1042 378 1095; x_wconf 92' lang='lat' dir='ltr'>ab</span> <span class='ocrx_word' id='word_1_57' title='bbox 407 1041 506 1094; x_wconf 92' lang='lat' dir='ltr'>illo</span> <span class='ocrx_word' id='word_1_58' title='bbox 547 1042 690 1095; x_wconf 88' lang='lat' dir='ltr'>datis</span> <span class='ocrx_word' id='word_1_59' title='bbox 717 1048 870 1097; x_wconf 90' lang='lat' dir='ltr'>recte</span> <span class='ocrx_word' id='word_1_60' title='bbox 910 1059 974 1096; x_wconf 90' lang='lat' dir='ltr'>ac</span> <span class='ocrx_word' id='word_1_61' title='bbox 1012 1044 1253 1097; x_wconf 83' lang='lat' dir='ltr'>feliciter</span> <span class='ocrx_word' id='word_1_62' title='bbox 1291 1061 1392 1098; x_wconf 90' lang='lat' dir='ltr'>usa</span> <span class='ocrx_word' id='word_1_63' title='bbox 1430 1047 1862 1102; x_wconf 85' lang='lat' dir='ltr'>sanctimoniam</span> 
     </span>
    </p>
   </div>
   <div class='ocr_carea' id='block_1_10' title="bbox 162 1130 1865 1204">
    <p class='ocr_par' dir='ltr' id='par_1_10' title="bbox 162 1130 1865 1204">
     <span class='ocr_line' id='line_1_10' title="bbox 162 1130 1865 1204; baseline 0.003 -20"><span class='ocrx_word' id='word_1_64' title='bbox 162 1130 502 1200; x_wconf 80' lang='lat' dir='ltr'>virginalem</span> <span class='ocrx_word' id='word_1_65' title='bbox 536 1131 789 1202; x_wconf 86' lang='lat' dir='ltr'>professa</span> <span class='ocrx_word' id='word_1_66' title='bbox 818 1136 931 1197; x_wconf 87' lang='lat' dir='ltr'>est;</span> <span class='ocrx_word' id='word_1_67' title='bbox 960 1137 1302 1204; x_wconf 88' lang='lat' dir='ltr'>terrenoque</span> <span class='ocrx_word' id='word_1_68' title='bbox 1340 1135 1568 1202; x_wconf 87' lang='lat' dir='ltr'>marito,</span> <span class='ocrx_word' id='word_1_69' title='bbox 1600 1136 1690 1188; x_wconf 90' lang='lat' dir='ltr'>cui</span> <span class='ocrx_word' id='word_1_70' title='bbox 1715 1135 1865 1204; x_wconf 85' lang='lat' dir='ltr'>jam-</span> 
     </span>
    </p>
   </div>
   <div class='ocr_carea' id='block_1_11' title="bbox 157 1220 1865 1294">
    <p class='ocr_par' dir='ltr' id='par_1_11' title="bbox 157 1220 1865 1294">
     <span class='ocr_line' id='line_1_11' title="bbox 157 1220 1865 1294; baseline 0.003 -22"><span class='ocrx_word' id='word_1_71' title='bbox 157 1220 278 1290; x_wconf 89' lang='lat' dir='ltr'>jam</span> <span class='ocrx_word' id='word_1_72' title='bbox 323 1224 447 1273; x_wconf 89' lang='lat' dir='ltr'>erat</span> <span class='ocrx_word' id='word_1_73' title='bbox 491 1220 785 1286; x_wconf 87' lang='lat' dir='ltr'>tradenda,</span> <span class='ocrx_word' id='word_1_74' title='bbox 836 1224 1019 1274; x_wconf 91' lang='lat' dir='ltr'>castos</span> <span class='ocrx_word' id='word_1_75' title='bbox 1059 1221 1252 1291; x_wconf 89' lang='lat' dir='ltr'>sponsi</span> <span class='ocrx_word' id='word_1_76' title='bbox 1290 1223 1530 1276; x_wconf 83' lang='lat' dir='ltr'>caelestis</span> <span class='ocrx_word' id='word_1_77' title='bbox 1567 1224 1865 1294; x_wconf 82' lang='lat' dir='ltr'>amplexus</span> 
     </span>
    </p>
   </div>
   <div class='ocr_carea' id='block_1_12' title="bbox 161 1308 1862 1382">
    <p class='ocr_par' dir='ltr' id='par_1_12' title="bbox 161 1308 1862 1382">
     <span class='ocr_line' id='line_1_12' title="bbox 161 1308 1862 1382; baseline 0.004 -22"><span class='ocrx_word' id='word_1_78' title='bbox 161 1308 510 1378; x_wconf 88' lang='lat' dir='ltr'>anteposuit.</span> <span class='ocrx_word' id='word_1_79' title='bbox 555 1309 816 1362; x_wconf 87' lang='lat' dir='ltr'>Testatur</span> <span class='ocrx_word' id='word_1_80' title='bbox 858 1309 1231 1378; x_wconf 91' lang='lat' dir='ltr'>Augustinus,</span> <span class='ocrx_word' id='word_1_81' title='bbox 1270 1326 1336 1364; x_wconf 93' lang='lat' dir='ltr'>ea</span> <span class='ocrx_word' id='word_1_82' title='bbox 1378 1311 1438 1364; x_wconf 92' lang='lat' dir='ltr'>in</span> <span class='ocrx_word' id='word_1_83' title='bbox 1479 1327 1540 1364; x_wconf 90' lang='lat' dir='ltr'>re</span> <span class='ocrx_word' id='word_1_84' title='bbox 1588 1328 1645 1365; x_wconf 91' lang='lat' dir='ltr'>se</span> <span class='ocrx_word' id='word_1_85' title='bbox 1694 1317 1862 1382; x_wconf 90' lang='lat' dir='ltr'>atque</span> 
     </span>
    </p>
   </div>
   <div class='ocr_carea' id='block_1_13' title="bbox 159 1396 1863 1470">
    <p class='ocr_par' dir='ltr' id='par_1_13' title="bbox 159 1396 1863 1470">
     <span class='ocr_line' id='line_1_13' title="bbox 159 1396 1863 1470; baseline 0.004 -21"><span class='ocrx_word' id='word_1_86' title='bbox 159 1396 432 1466; x_wconf 85' lang='lat' dir='ltr'>Alypium</span> <span class='ocrx_word' id='word_1_87' title='bbox 459 1396 673 1468; x_wconf 89' lang='lat' dir='ltr'>junctis</span> <span class='ocrx_word' id='word_1_88' title='bbox 695 1396 882 1466; x_wconf 76' lang='lat' dir='ltr'>operis</span> <span class='ocrx_word' id='word_1_89' title='bbox 911 1398 1190 1452; x_wconf 88' lang='lat' dir='ltr'>laborasse</span> <span class='ocrx_word' id='word_1_90' title='bbox 1212 1419 1226 1464; x_wconf 90' lang='lat'><strong>;</strong></span> <span class='ocrx_word' id='word_1_91' title='bbox 1247 1399 1344 1452; x_wconf 92' lang='lat' dir='ltr'>sed</span> <span class='ocrx_word' id='word_1_92' title='bbox 1373 1401 1530 1453; x_wconf 88' lang='lat' dir='ltr'>nulla</span> <span class='ocrx_word' id='word_1_93' title='bbox 1559 1405 1719 1470; x_wconf 91' lang='lat' dir='ltr'>parte</span> <span class='ocrx_word' id='word_1_94' title='bbox 1741 1403 1863 1456; x_wconf 90' lang='lat' dir='ltr'>laus</span> 
     </span>
    </p>
   </div>
   <div class='ocr_carea' id='block_1_14' title="bbox 161 1485 1858 1556">
    <p class='ocr_par' dir='ltr' id='par_1_14' title="bbox 161 1485 1858 1556">
     <span class='ocr_line' id='line_1_14' title="bbox 161 1485 1858 1556; baseline 0.004 -19"><span class='ocrx_word' id='word_1_95' title='bbox 161 1485 286 1555; x_wconf 87' lang='lat' dir='ltr'>ejus</span> <span class='ocrx_word' id='word_1_96' title='bbox 319 1489 417 1538; x_wconf 90' lang='lat' dir='ltr'>aut</span> <span class='ocrx_word' id='word_1_97' title='bbox 447 1500 663 1538; x_wconf 91' lang='lat' dir='ltr'>merces</span> <span class='ocrx_word' id='word_1_98' title='bbox 694 1485 992 1554; x_wconf 86' lang='lat' dir='ltr'>minuitur,</span> <span class='ocrx_word' id='word_1_99' title='bbox 1023 1488 1176 1556; x_wconf 92' lang='lat' dir='ltr'>quod</span> <span class='ocrx_word' id='word_1_100' title='bbox 1210 1503 1334 1540; x_wconf 87' lang='lat' dir='ltr'>eam</span> <span class='ocrx_word' id='word_1_101' title='bbox 1367 1505 1496 1542; x_wconf 90' lang='lat' dir='ltr'>cum</span> <span class='ocrx_word' id='word_1_102' title='bbox 1524 1489 1706 1543; x_wconf 89' lang='lat' dir='ltr'>amico</span> <span class='ocrx_word' id='word_1_103' title='bbox 1745 1495 1858 1543; x_wconf 86' lang='lat' dir='ltr'>tam</span> 
     </span>
    </p>
   </div>
   <div class='ocr_carea' id='block_1_15' title="bbox 157 1573 1860 1650">
    <p class='ocr_par' dir='ltr' id='par_1_15' title="bbox 157 1573 1860 1650">
     <span class='ocr_line' id='line_1_15' title="bbox 157 1573 1860 1650; baseline 0.004 -22"><span class='ocrx_word' id='word_1_104' title='bbox 157 1573 423 1628; x_wconf 89' lang='lat' dir='ltr'>unanimi</span> <span class='ocrx_word' id='word_1_105' title='bbox 445 1577 675 1645; x_wconf 88' lang='lat' dir='ltr'>tamque</span> <span class='ocrx_word' id='word_1_106' title='bbox 695 1573 897 1628; x_wconf 90' lang='lat' dir='ltr'>intimo</span> <span class='ocrx_word' id='word_1_107' title='bbox 916 1575 1180 1629; x_wconf 87' lang='lat' dir='ltr'>habuerit</span> <span class='ocrx_word' id='word_1_108' title='bbox 1196 1593 1578 1632; x_wconf 91' lang='lat' dir='ltr'>communem.</span> <span class='ocrx_word' id='word_1_109' title='bbox 1597 1581 1726 1633; x_wconf 85' lang='lat' dir='ltr'>Erat</span> <span class='ocrx_word' id='word_1_110' title='bbox 1741 1580 1860 1650; x_wconf 91' lang='lat' dir='ltr'>jam</span> 
     </span>
    </p>
   </div>
   <div class='ocr_carea' id='block_1_16' title="bbox 157 1662 1860 1737">
    <p class='ocr_par' dir='ltr' id='par_1_16' title="bbox 157 1662 1860 1737">
     <span class='ocr_line' id='line_1_16' title="bbox 157 1662 1860 1737; baseline 0.003 -20"><span class='ocrx_word' id='word_1_111' title='bbox 157 1662 477 1717; x_wconf 89' lang='lat' dir='ltr'>Demetrias</span> <span class='ocrx_word' id='word_1_112' title='bbox 515 1662 577 1716; x_wconf 89' lang='lat' dir='ltr'>in</span> <span class='ocrx_word' id='word_1_113' title='bbox 617 1662 910 1732; x_wconf 86' lang='lat' dir='ltr'>procinctu</span> <span class='ocrx_word' id='word_1_114' title='bbox 948 1668 1010 1717; x_wconf 91' lang='lat' dir='ltr'>ut</span> <span class='ocrx_word' id='word_1_115' title='bbox 1048 1665 1310 1731; x_wconf 87' lang='lat' dir='ltr'>nuberet,</span> <span class='ocrx_word' id='word_1_116' title='bbox 1352 1681 1482 1720; x_wconf 92' lang='lat' dir='ltr'>cum</span> <span class='ocrx_word' id='word_1_117' title='bbox 1521 1667 1860 1737; x_wconf 82' lang='lat' dir='ltr'>virginitatis</span> 
     </span>
    </p>
   </div>
   <div class='ocr_carea' id='block_1_17' title="bbox 157 1751 1860 1823">
    <p class='ocr_par' dir='ltr' id='par_1_17' title="bbox 157 1751 1860 1823">
     <span class='ocr_line' id='line_1_17' title="bbox 157 1751 1860 1823; baseline 0.002 -18"><span class='ocrx_word' id='word_1_118' title='bbox 157 1755 357 1805; x_wconf 89' lang='lat' dir='ltr'>votum</span> <span class='ocrx_word' id='word_1_119' title='bbox 397 1751 764 1822; x_wconf 87' lang='lat' dir='ltr'>nuncupavit.</span> <span class='ocrx_word' id='word_1_120' title='bbox 812 1753 887 1805; x_wconf 90' lang='lat' dir='ltr'>De</span> <span class='ocrx_word' id='word_1_121' title='bbox 931 1752 1039 1806; x_wconf 93' lang='lat' dir='ltr'>hoc</span> <span class='ocrx_word' id='word_1_122' title='bbox 1080 1769 1250 1823; x_wconf 89' lang='lat' dir='ltr'>porro</span> <span class='ocrx_word' id='word_1_123' title='bbox 1290 1754 1660 1809; x_wconf 83' lang='lat' dir='ltr'>nobilissimae</span> <span class='ocrx_word' id='word_1_124' title='bbox 1707 1755 1860 1810; x_wconf 89' lang='lat' dir='ltr'>illius</span> 
     </span>
    </p>
   </div>
   <div class='ocr_carea' id='block_1_18' title="bbox 155 1838 1859 1914">
    <p class='ocr_par' dir='ltr' id='par_1_18' title="bbox 155 1838 1859 1914">
     <span class='ocr_line' id='line_1_18' title="bbox 155 1838 1859 1914; baseline 0.003 -22"><span class='ocrx_word' id='word_1_125' title='bbox 155 1838 400 1910; x_wconf 78' lang='lat' dir='ltr'>virginis</span> <span class='ocrx_word' id='word_1_126' title='bbox 420 1839 566 1893; x_wconf 88' lang='lat' dir='ltr'>facto</span> <span class='ocrx_word' id='word_1_127' title='bbox 588 1839 900 1908; x_wconf 78' lang='lat' dir='ltr'>singularia</span> <span class='ocrx_word' id='word_1_128' title='bbox 917 1841 1114 1904; x_wconf 89' lang='lat' dir='ltr'>multa,</span> <span class='ocrx_word' id='word_1_129' title='bbox 1133 1857 1312 1913; x_wconf 89' lang='lat' dir='ltr'>eaque</span> <span class='ocrx_word' id='word_1_130' title='bbox 1334 1843 1714 1914; x_wconf 89' lang='lat' dir='ltr'>pulcherrima</span> <span class='ocrx_word' id='word_1_131' title='bbox 1731 1861 1859 1914; x_wconf 91' lang='lat' dir='ltr'>pro-</span> 
     </span>
    </p>
   </div>
   <div class='ocr_carea' id='block_1_19' title="bbox 155 1929 1861 2004">
    <p class='ocr_par' dir='ltr' id='par_1_19' title="bbox 155 1929 1861 2004">
     <span class='ocr_line' id='line_1_19' title="bbox 155 1929 1861 2004; baseline 0.003 -21"><span class='ocrx_word' id='word_1_132' title='bbox 155 1929 238 1984; x_wconf 81' lang='lat' dir='ltr'>dit</span> <span class='ocrx_word' id='word_1_133' title='bbox 269 1929 652 2000; x_wconf 83' lang='lat' dir='ltr'>Hieronymus</span> <span class='ocrx_word' id='word_1_134' title='bbox 671 1932 939 1999; x_wconf 59' lang='lat' dir='ltr'>(Hieron,</span> <span class='ocrx_word' id='word_1_135' title='bbox 962 1933 1140 2000; x_wconf 82' lang='lat' dir='ltr'>Epist.</span> <span class='ocrx_word' id='word_1_136' title='bbox 1173 1933 1224 2002; x_wconf 89' lang='lat'>8)</span> <span class='ocrx_word' id='word_1_137' title='bbox 1251 1951 1266 1985; x_wconf 90' lang='lat'><em>:</em></span> <span class='ocrx_word' id='word_1_138' title='bbox 1291 1949 1418 2003; x_wconf 86' lang='lat' dir='ltr'>qua</span> <span class='ocrx_word' id='word_1_139' title='bbox 1449 1932 1678 2004; x_wconf 90' lang='lat' dir='ltr'>quidem</span> <span class='ocrx_word' id='word_1_140' title='bbox 1711 1950 1861 1988; x_wconf 91' lang='lat' dir='ltr'>acce-</span> 
     </span>
    </p>
   </div>
   <div class='ocr_carea' id='block_1_20' title="bbox 153 2018 1859 2093">
    <p class='ocr_par' dir='ltr' id='par_1_20' title="bbox 153 2018 1859 2093">
     <span class='ocr_line' id='line_1_20' title="bbox 153 2018 1859 2093; baseline 0.002 -21"><span class='ocrx_word' id='word_1_141' title='bbox 153 2021 320 2090; x_wconf 88' lang='lat' dir='ltr'>perat</span> <span class='ocrx_word' id='word_1_142' title='bbox 340 2035 372 2072; x_wconf 90' lang='lat' dir='ltr'>a</span> <span class='ocrx_word' id='word_1_143' title='bbox 396 2018 602 2072; x_wconf 87' lang='lat' dir='ltr'>sanctis</span> <span class='ocrx_word' id='word_1_144' title='bbox 624 2018 963 2088; x_wconf 87' lang='lat' dir='ltr'>quibusdam</span> <span class='ocrx_word' id='word_1_145' title='bbox 987 2035 1051 2072; x_wconf 89' lang='lat' dir='ltr'>ac</span> <span class='ocrx_word' id='word_1_146' title='bbox 1071 2019 1359 2074; x_wconf 89' lang='lat' dir='ltr'>nobilibus</span> <span class='ocrx_word' id='word_1_147' title='bbox 1382 2021 1628 2088; x_wconf 86' lang='lat' dir='ltr'>feminis,</span> <span class='ocrx_word' id='word_1_148' title='bbox 1651 2022 1859 2093; x_wconf 86' lang='lat' dir='ltr'>quibus</span> 
     </span>
    </p>
   </div>
   <div class='ocr_carea' id='block_1_21' title="bbox 158 2107 1855 2178">
    <p class='ocr_par' dir='ltr' id='par_1_21' title="bbox 158 2107 1855 2178">
     <span class='ocr_line' id='line_1_21' title="bbox 158 2107 1855 2178; baseline 0.002 -17"><span class='ocrx_word' id='word_1_149' title='bbox 158 2125 225 2162; x_wconf 80' lang='lat' dir='ltr'>ex</span> <span class='ocrx_word' id='word_1_150' title='bbox 247 2107 448 2163; x_wconf 88' lang='lat' dir='ltr'>Galliis</span> <span class='ocrx_word' id='word_1_151' title='bbox 479 2107 551 2161; x_wconf 96' lang='lat' dir='ltr'>ob</span> <span class='ocrx_word' id='word_1_152' title='bbox 577 2107 810 2160; x_wconf 90' lang='lat' dir='ltr'>hostiles</span> <span class='ocrx_word' id='word_1_153' title='bbox 833 2107 1308 2178; x_wconf 88' lang='lat' dir='ltr'>depopulationes</span> <span class='ocrx_word' id='word_1_154' title='bbox 1331 2111 1603 2164; x_wconf 83' lang='lat' dir='ltr'>excedere</span> <span class='ocrx_word' id='word_1_155' title='bbox 1625 2112 1855 2173; x_wconf 87' lang='lat' dir='ltr'>coactis,</span> 
     </span>
    </p>
   </div>
   <div class='ocr_carea' id='block_1_22' title="bbox 157 2195 1856 2268">
    <p class='ocr_par' dir='ltr' id='par_1_22' title="bbox 157 2195 1856 2268">
     <span class='ocr_line' id='line_1_22' title="bbox 157 2195 1856 2268; baseline 0 -16"><span class='ocrx_word' id='word_1_156' title='bbox 157 2201 214 2252; x_wconf 91' lang='lat' dir='ltr'>et</span> <span class='ocrx_word' id='word_1_157' title='bbox 243 2212 351 2268; x_wconf 90' lang='lat' dir='ltr'>per</span> <span class='ocrx_word' id='word_1_158' title='bbox 381 2195 650 2263; x_wconf 88' lang='lat' dir='ltr'>Africam,</span> <span class='ocrx_word' id='word_1_159' title='bbox 684 2199 749 2248; x_wconf 92' lang='lat' dir='ltr'>ut</span> <span class='ocrx_word' id='word_1_160' title='bbox 776 2197 1124 2267; x_wconf 82' lang='lat' dir='ltr'>Ierosolyma</span> <span class='ocrx_word' id='word_1_161' title='bbox 1155 2201 1428 2267; x_wconf 83' lang='lat' dir='ltr'>peterent,</span> <span class='ocrx_word' id='word_1_162' title='bbox 1467 2198 1574 2252; x_wconf 88' lang='lat' dir='ltr'>iter</span> <span class='ocrx_word' id='word_1_163' title='bbox 1603 2199 1856 2252; x_wconf 90' lang='lat' dir='ltr'>facienti-</span> 
     </span>
    </p>
   </div>
   <div class='ocr_carea' id='block_1_23' title="bbox 157 2283 1858 2356">
    <p class='ocr_par' dir='ltr' id='par_1_23' title="bbox 157 2283 1858 2356">
     <span class='ocr_line' id='line_1_23' title="bbox 157 2283 1858 2356; baseline 0.001 -16"><span class='ocrx_word' id='word_1_164' title='bbox 157 2287 286 2356; x_wconf 89' lang='lat' dir='ltr'>bus,</span> <span class='ocrx_word' id='word_1_165' title='bbox 316 2284 402 2340; x_wconf 89' lang='lat' dir='ltr'>ibi</span> <span class='ocrx_word' id='word_1_166' title='bbox 441 2283 860 2339; x_wconf 86' lang='lat' dir='ltr'>Demetriadem</span> <span class='ocrx_word' id='word_1_167' title='bbox 889 2285 1082 2340; x_wconf 89' lang='lat' dir='ltr'>videre</span> <span class='ocrx_word' id='word_1_168' title='bbox 1119 2285 1450 2355; x_wconf 83' lang='lat' dir='ltr'>contigerat.</span> <span class='ocrx_word' id='word_1_169' title='bbox 1486 2287 1858 2341; x_wconf 87' lang='lat' dir='ltr'>Demetriadis</span> 
     </span>
    </p>
   </div>
   <div class='ocr_carea' id='block_1_24' title="bbox 157 2373 1853 2446">
    <p class='ocr_par' dir='ltr' id='par_1_24' title="bbox 157 2373 1853 2446">
     <span class='ocr_line' id='line_1_24' title="bbox 157 2373 1853 2446; baseline 0 -18"><span class='ocrx_word' id='word_1_170' title='bbox 157 2374 338 2446; x_wconf 85' lang='lat' dir='ltr'>igitur</span> <span class='ocrx_word' id='word_1_171' title='bbox 378 2373 549 2444; x_wconf 87' lang='lat' dir='ltr'>capiti</span> <span class='ocrx_word' id='word_1_172' title='bbox 588 2373 918 2427; x_wconf 82' lang='lat' dir='ltr'>flammeum</span> <span class='ocrx_word' id='word_1_173' title='bbox 961 2374 1056 2436; x_wconf 84' lang='lat' dir='ltr'>(sic</span> <span class='ocrx_word' id='word_1_174' title='bbox 1094 2377 1256 2427; x_wconf 88' lang='lat' dir='ltr'>vocat</span> <span class='ocrx_word' id='word_1_175' title='bbox 1293 2378 1518 2427; x_wconf 81' lang='lat' dir='ltr'>sanctus</span> <span class='ocrx_word' id='word_1_176' title='bbox 1557 2376 1853 2445; x_wconf 82' lang='lat' dir='ltr'>Presbyter</span> 
     </span>
    </p>
   </div>
   <div class='ocr_carea' id='block_1_25' title="bbox 157 2461 1857 2534">
    <p class='ocr_par' dir='ltr' id='par_1_25' title="bbox 157 2461 1857 2534">
     <span class='ocr_line' id='line_1_25' title="bbox 157 2461 1857 2534; baseline -0.001 -17"><span class='ocrx_word' id='word_1_177' title='bbox 157 2461 502 2534; x_wconf 82' lang='lat' dir='ltr'>virginitatis</span> <span class='ocrx_word' id='word_1_178' title='bbox 522 2462 760 2532; x_wconf 89' lang='lat' dir='ltr'>insigne)</span> <span class='ocrx_word' id='word_1_179' title='bbox 781 2466 911 2532; x_wconf 92' lang='lat' dir='ltr'>post</span> <span class='ocrx_word' id='word_1_180' title='bbox 930 2461 1253 2516; x_wconf 89' lang='lat' dir='ltr'>invocatum</span> <span class='ocrx_word' id='word_1_181' title='bbox 1281 2462 1379 2515; x_wconf 86' lang='lat' dir='ltr'>Dei</span> <span class='ocrx_word' id='word_1_182' title='bbox 1401 2479 1607 2517; x_wconf 91' lang='lat' dir='ltr'>nomen</span> <span class='ocrx_word' id='word_1_183' title='bbox 1630 2463 1857 2534; x_wconf 92' lang='lat' dir='ltr'>publice</span> 
     </span>
    </p>
   </div>
   <div class='ocr_carea' id='block_1_26' title="bbox 156 2549 1855 2622">
    <p class='ocr_par' dir='ltr' id='par_1_26' title="bbox 156 2549 1855 2622">
     <span class='ocr_line' id='line_1_26' title="bbox 156 2549 1855 2622; baseline 0.001 -18"><span class='ocrx_word' id='word_1_184' title='bbox 156 2549 439 2621; x_wconf 90' lang='lat' dir='ltr'>imposuit</span> <span class='ocrx_word' id='word_1_185' title='bbox 468 2549 722 2621; x_wconf 84' lang='lat' dir='ltr'>pontifex</span> <span class='ocrx_word' id='word_1_186' title='bbox 751 2550 822 2619; x_wconf 88' lang='lat' dir='ltr'>(is</span> <span class='ocrx_word' id='word_1_187' title='bbox 855 2550 962 2604; x_wconf 91' lang='lat' dir='ltr'>fuit</span> <span class='ocrx_word' id='word_1_188' title='bbox 989 2550 1254 2604; x_wconf 81' lang='lat' dir='ltr'>Aurelius</span> <span class='ocrx_word' id='word_1_189' title='bbox 1293 2551 1593 2622; x_wconf 89' lang='lat' dir='ltr'>episcopus</span> <span class='ocrx_word' id='word_1_190' title='bbox 1623 2554 1855 2606; x_wconf 89' lang='lat' dir='ltr'>Cartha-</span> 
     </span>
    </p>
   </div>
   <div class='ocr_carea' id='block_1_27' title="bbox 157 2638 1858 2710">
    <p class='ocr_par' dir='ltr' id='par_1_27' title="bbox 157 2638 1858 2710">
     <span class='ocr_line' id='line_1_27' title="bbox 157 2638 1858 2710; baseline 0.001 -18"><span class='ocrx_word' id='word_1_191' title='bbox 157 2638 455 2710; x_wconf 90' lang='lat' dir='ltr'>ginensis),</span> <span class='ocrx_word' id='word_1_192' title='bbox 498 2644 554 2692; x_wconf 91' lang='lat' dir='ltr'>et</span> <span class='ocrx_word' id='word_1_193' title='bbox 592 2643 801 2692; x_wconf 88' lang='lat' dir='ltr'>castam</span> <span class='ocrx_word' id='word_1_194' title='bbox 840 2639 995 2694; x_wconf 90' lang='lat' dir='ltr'>illam</span> <span class='ocrx_word' id='word_1_195' title='bbox 1035 2639 1316 2710; x_wconf 85' lang='lat' dir='ltr'>virginem</span> <span class='ocrx_word' id='word_1_196' title='bbox 1357 2640 1575 2695; x_wconf 88' lang='lat' dir='ltr'>Christo</span> <span class='ocrx_word' id='word_1_197' title='bbox 1615 2641 1858 2696; x_wconf 90' lang='lat' dir='ltr'>Domino</span> 
     </span>
    </p>
   </div>
   <div class='ocr_carea' id='block_1_28' title="bbox 156 2727 739 2798">
    <p class='ocr_par' dir='ltr' id='par_1_28' title="bbox 156 2727 739 2798">
     <span class='ocr_line' id='line_1_28' title="bbox 156 2727 739 2798; baseline -0.002 -16"><span class='ocrx_word' id='word_1_198' title='bbox 156 2727 506 2783; x_wconf 86' lang='lat' dir='ltr'>consecravit</span> <span class='ocrx_word' id='word_1_199' title='bbox 531 2727 739 2798; x_wconf 86' lang='lat' dir='ltr'>(Ibid.).</span> 
     </span>
    </p>
   </div>
   <div class='ocr_carea' id='block_1_29' title="bbox 225 2815 1858 2889">
    <p class='ocr_par' dir='ltr' id='par_1_29' title="bbox 225 2815 1858 2889">
     <span class='ocr_line' id='line_1_29' title="bbox 225 2815 1858 2889; baseline 0.001 -18"><span class='ocrx_word' id='word_1_200' title='bbox 225 2820 277 2872; x_wconf 77' lang='grc'>4.</span> <span class='ocrx_word' id='word_1_201' title='bbox 315 2818 695 2888; x_wconf 79' lang='lat' dir='ltr'>Nequaquam</span> <span class='ocrx_word' id='word_1_202' title='bbox 735 2815 918 2870; x_wconf 90' lang='lat' dir='ltr'>Proba</span> <span class='ocrx_word' id='word_1_203' title='bbox 961 2832 1023 2870; x_wconf 90' lang='lat' dir='ltr'>ac</span> <span class='ocrx_word' id='word_1_204' title='bbox 1059 2815 1282 2870; x_wconf 88' lang='lat' dir='ltr'>Juliana</span> <span class='ocrx_word' id='word_1_205' title='bbox 1327 2817 1677 2880; x_wconf 86' lang='lat' dir='ltr'>commisere,</span> <span class='ocrx_word' id='word_1_206' title='bbox 1719 2819 1858 2889; x_wconf 89' lang='lat' dir='ltr'>quin</span> 
     </span>
    </p>
   </div>
   <div class='ocr_carea' id='block_1_30' title="bbox 159 2904 1859 2977">
    <p class='ocr_par' dir='ltr' id='par_1_30' title="bbox 159 2904 1859 2977">
     <span class='ocr_line' id='line_1_30' title="bbox 159 2904 1859 2977; baseline 0 -17"><span class='ocrx_word' id='word_1_207' title='bbox 159 2905 537 2961; x_wconf 91' lang='lat' dir='ltr'>Demetriadis</span> <span class='ocrx_word' id='word_1_208' title='bbox 556 2905 909 2976; x_wconf 90' lang='lat' dir='ltr'>propositum</span> <span class='ocrx_word' id='word_1_209' title='bbox 933 2921 1034 2975; x_wconf 90' lang='lat' dir='ltr'>per</span> <span class='ocrx_word' id='word_1_210' title='bbox 1061 2904 1276 2958; x_wconf 88' lang='lat' dir='ltr'>litteras</span> <span class='ocrx_word' id='word_1_211' title='bbox 1306 2906 1624 2976; x_wconf 87' lang='lat' dir='ltr'>Augustino</span> <span class='ocrx_word' id='word_1_212' title='bbox 1646 2906 1859 2977; x_wconf 87' lang='lat' dir='ltr'>signiti-</span> 
     </span>
    </p>
   </div>
   <div class='ocr_carea' id='block_1_31' title="bbox 157 2992 1858 3065">
    <p class='ocr_par' dir='ltr' id='par_1_31' title="bbox 157 2992 1858 3065">
     <span class='ocr_line' id='line_1_31' title="bbox 157 2992 1858 3065; baseline 0.001 -17"><span class='ocrx_word' id='word_1_213' title='bbox 157 2999 352 3048; x_wconf 89' lang='lat' dir='ltr'>carent</span> <span class='ocrx_word' id='word_1_214' title='bbox 385 2994 583 3064; x_wconf 81' lang='lat' dir='ltr'>(Epist.</span> <span class='ocrx_word' id='word_1_215' title='bbox 624 2997 766 3065; x_wconf 84' lang='grc'><strong>150),</strong></span> <span class='ocrx_word' id='word_1_216' title='bbox 799 2993 965 3063; x_wconf 83' lang='lat' dir='ltr'>eique</span> <span class='ocrx_word' id='word_1_217' title='bbox 997 2992 1252 3046; x_wconf 90' lang='lat' dir='ltr'>muneris</span> <span class='ocrx_word' id='word_1_218' title='bbox 1272 2993 1486 3064; x_wconf 89' lang='lat' dir='ltr'>aliquid</span> <span class='ocrx_word' id='word_1_219' title='bbox 1511 2995 1569 3047; x_wconf 92' lang='lat' dir='ltr'>in</span> <span class='ocrx_word' id='word_1_220' title='bbox 1596 2996 1858 3049; x_wconf 85' lang='lat' dir='ltr'>solemni-</span> 
     </span>
    </p>
   </div>
   <div class='ocr_carea' id='block_1_32' title="bbox 156 3081 1856 3154">
    <p class='ocr_par' dir='ltr' id='par_1_32' title="bbox 156 3081 1856 3154">
     <span class='ocr_line' id='line_1_32' title="bbox 156 3081 1856 3154; baseline 0 -17"><span class='ocrx_word' id='word_1_221' title='bbox 156 3083 305 3152; x_wconf 85' lang='lat' dir='ltr'>tatis,</span> <span class='ocrx_word' id='word_1_222' title='bbox 330 3084 449 3154; x_wconf 89' lang='lat' dir='ltr'>qua</span> <span class='ocrx_word' id='word_1_223' title='bbox 473 3084 652 3137; x_wconf 91' lang='lat' dir='ltr'>velata</span> <span class='ocrx_word' id='word_1_224' title='bbox 673 3083 770 3136; x_wconf 92' lang='lat' dir='ltr'>illa</span> <span class='ocrx_word' id='word_1_225' title='bbox 792 3082 996 3150; x_wconf 82' lang='lat' dir='ltr'>fuerat,</span> <span class='ocrx_word' id='word_1_226' title='bbox 1019 3081 1410 3135; x_wconf 88' lang='lat' dir='ltr'>testimonium</span> <span class='ocrx_word' id='word_1_227' title='bbox 1435 3082 1745 3150; x_wconf 90' lang='lat' dir='ltr'>mitterent,</span> <span class='ocrx_word' id='word_1_228' title='bbox 1771 3084 1856 3137; x_wconf 91' lang='lat' dir='ltr'>in-</span> 
     </span>
    </p>
   </div>
   <div class='ocr_carea' id='block_1_33' title="bbox 158 3170 1857 3241">
    <p class='ocr_par' dir='ltr' id='par_1_33' title="bbox 158 3170 1857 3241">
     <span class='ocr_line' id='line_1_33' title="bbox 158 3170 1857 3241; baseline 0 -16"><span class='ocrx_word' id='word_1_229' title='bbox 158 3187 296 3241; x_wconf 89' lang='lat' dir='ltr'>gens</span> <span class='ocrx_word' id='word_1_230' title='bbox 315 3171 461 3225; x_wconf 91' lang='lat' dir='ltr'>illud</span> <span class='ocrx_word' id='word_1_231' title='bbox 487 3171 584 3225; x_wconf 92' lang='lat' dir='ltr'>Dei</span> <span class='ocrx_word' id='word_1_232' title='bbox 606 3171 966 3233; x_wconf 82' lang='lat' dir='ltr'>beneficium,</span> <span class='ocrx_word' id='word_1_233' title='bbox 989 3170 1446 3224; x_wconf 84' lang='lat' dir='ltr'>exhortationum</span> <span class='ocrx_word' id='word_1_234' title='bbox 1468 3171 1590 3240; x_wconf 90' lang='lat' dir='ltr'>ejus</span> <span class='ocrx_word' id='word_1_235' title='bbox 1610 3172 1857 3225; x_wconf 90' lang='lat' dir='ltr'>fructum</span> 
     </span>
    </p>
   </div>
   <div class='ocr_carea' id='block_1_34' title="bbox 159 3259 1857 3331">
    <p class='ocr_par' dir='ltr' id='par_1_34' title="bbox 159 3259 1857 3331">
     <span class='ocr_line' id='line_1_34' title="bbox 159 3259 1857 3331; baseline 0 -18"><span class='ocrx_word' id='word_1_236' title='bbox 159 3276 277 3314; x_wconf 89' lang='lat' dir='ltr'>esse</span> <span class='ocrx_word' id='word_1_237' title='bbox 303 3259 640 3331; x_wconf 81' lang='lat' dir='ltr'>profitentes</span> <span class='ocrx_word' id='word_1_238' title='bbox 683 3261 878 3330; x_wconf 81' lang='lat' dir='ltr'>(Epist.</span> <span class='ocrx_word' id='word_1_239' title='bbox 917 3261 1038 3325; x_wconf 83' lang='grc'>143,</span> <span class='ocrx_word' id='word_1_240' title='bbox 1082 3275 1137 3312; x_wconf 84' lang='grc' dir='ltr'><strong>η.</strong></span> <span class='ocrx_word' id='word_1_241' title='bbox 1178 3259 1246 3328; x_wconf 92' lang='grc'>1).</span> <span class='ocrx_word' id='word_1_242' title='bbox 1298 3259 1615 3313; x_wconf 87' lang='lat' dir='ltr'>Antevertit</span> <span class='ocrx_word' id='word_1_243' title='bbox 1661 3276 1857 3314; x_wconf 91' lang='lat' dir='ltr'>earum</span> 
     </span>
    </p>
   </div>
   <div class='ocr_carea' id='block_1_35' title="bbox 160 3347 1858 3418">
    <p class='ocr_par' dir='ltr' id='par_1_35' title="bbox 160 3347 1858 3418">
     <span class='ocr_line' id='line_1_35' title="bbox 160 3347 1858 3418; baseline -0.001 -16"><span class='ocrx_word' id='word_1_244' title='bbox 160 3349 402 3418; x_wconf 88' lang='lat' dir='ltr'>epistola</span> <span class='ocrx_word' id='word_1_245' title='bbox 439 3347 785 3401; x_wconf 87' lang='lat' dir='ltr'>celeritatem</span> <span class='ocrx_word' id='word_1_246' title='bbox 818 3348 1014 3414; x_wconf 87' lang='lat' dir='ltr'>fama;</span> <span class='ocrx_word' id='word_1_247' title='bbox 1049 3350 1355 3418; x_wconf 84' lang='lat' dir='ltr'>sanctoque</span> <span class='ocrx_word' id='word_1_248' title='bbox 1395 3347 1710 3418; x_wconf 90' lang='lat' dir='ltr'>Augustino</span> <span class='ocrx_word' id='word_1_249' title='bbox 1740 3352 1858 3402; x_wconf 90' lang='lat' dir='ltr'>tam</span> 
     </span>
    </p>
   </div>
   <div class='ocr_carea' id='block_1_36' title="bbox 159 3436 1856 3507">
    <p class='ocr_par' dir='ltr' id='par_1_36' title="bbox 159 3436 1856 3507">
     <span class='ocr_line' id='line_1_36' title="bbox 159 3436 1856 3507; baseline -0.001 -16"><span class='ocrx_word' id='word_1_250' title='bbox 159 3439 323 3491; x_wconf 82' lang='lat' dir='ltr'>latus</span> <span class='ocrx_word' id='word_1_251' title='bbox 349 3437 590 3490; x_wconf 88' lang='lat' dir='ltr'>nuntius</span> <span class='ocrx_word' id='word_1_252' title='bbox 620 3441 750 3491; x_wconf 88' lang='lat' dir='ltr'>ante</span> <span class='ocrx_word' id='word_1_253' title='bbox 776 3452 1032 3490; x_wconf 89' lang='lat' dir='ltr'>securam</span> <span class='ocrx_word' id='word_1_254' title='bbox 1063 3436 1254 3490; x_wconf 91' lang='lat' dir='ltr'>attulit</span> <span class='ocrx_word' id='word_1_255' title='bbox 1284 3437 1657 3506; x_wconf 88' lang='lat' dir='ltr'>voluptatem,</span> <span class='ocrx_word' id='word_1_256' title='bbox 1684 3453 1856 3507; x_wconf 90' lang='lat' dir='ltr'>quam</span> 
     </span>
    </p>
   </div>
   <div class='ocr_carea' id='block_1_37' title="bbox 158 3525 1856 3596">
    <p class='ocr_par' dir='ltr' id='par_1_37' title="bbox 158 3525 1856 3596">
     <span class='ocr_line' id='line_1_37' title="bbox 158 3525 1856 3596; baseline -0.001 -16"><span class='ocrx_word' id='word_1_257' title='bbox 158 3526 224 3580; x_wconf 90' lang='lat' dir='ltr'>de</span> <span class='ocrx_word' id='word_1_258' title='bbox 256 3525 497 3579; x_wconf 80' lang='lat' dir='ltr'>\eritate</span> <span class='ocrx_word' id='word_1_259' title='bbox 536 3525 686 3579; x_wconf 92' lang='lat' dir='ltr'>illius</span> <span class='ocrx_word' id='word_1_260' title='bbox 711 3525 973 3580; x_wconf 84' lang='lat' dir='ltr'>dubitare</span> <span class='ocrx_word' id='word_1_261' title='bbox 1006 3525 1338 3596; x_wconf 87' lang='lat' dir='ltr'>contigisset</span> <span class='ocrx_word' id='word_1_262' title='bbox 1369 3543 1384 3578; x_wconf 89' lang='lat'><strong><em>:</em></strong></span> <span class='ocrx_word' id='word_1_263' title='bbox 1417 3525 1572 3595; x_wconf 92' lang='lat' dir='ltr'>quod</span> <span class='ocrx_word' id='word_1_264' title='bbox 1602 3525 1856 3595; x_wconf 89' lang='lat' dir='ltr'>profecto</span> 
     </span>
    </p>
   </div>
   <div class='ocr_carea' id='block_1_38' title="bbox 160 3613 1859 3684">
    <p class='ocr_par' dir='ltr' id='par_1_38' title="bbox 160 3613 1859 3684">
     <span class='ocr_line' id='line_1_38' title="bbox 160 3613 1859 3684; baseline 0 -17"><span class='ocrx_word' id='word_1_265' title='bbox 160 3615 423 3668; x_wconf 87' lang='lat' dir='ltr'>futurum</span> <span class='ocrx_word' id='word_1_266' title='bbox 449 3618 590 3682; x_wconf 89' lang='lat' dir='ltr'>erat,</span> <span class='ocrx_word' id='word_1_267' title='bbox 613 3613 658 3666; x_wconf 92' lang='lat' dir='ltr'>si</span> <span class='ocrx_word' id='word_1_268' title='bbox 678 3629 799 3667; x_wconf 90' lang='lat' dir='ltr'>rem</span> <span class='ocrx_word' id='word_1_269' title='bbox 832 3616 1054 3666; x_wconf 87' lang='lat' dir='ltr'>tantum</span> <span class='ocrx_word' id='word_1_270' title='bbox 1087 3613 1331 3684; x_wconf 84' lang='lat' dir='ltr'>vulgatis</span> <span class='ocrx_word' id='word_1_271' title='bbox 1360 3613 1690 3667; x_wconf 91' lang='lat' dir='ltr'>rumoribus</span> <span class='ocrx_word' id='word_1_272' title='bbox 1707 3628 1859 3667; x_wconf 87' lang='lat' dir='ltr'>acce-</span> 
     </span>
    </p>
   </div>
   <div class='ocr_carea' id='block_1_39' title="bbox 160 3701 1858 3772">
    <p class='ocr_par' dir='ltr' id='par_1_39' title="bbox 160 3701 1858 3772">
     <span class='ocr_line' id='line_1_39' title="bbox 160 3701 1858 3772; baseline -0.001 -16"><span class='ocrx_word' id='word_1_273' title='bbox 160 3703 352 3772; x_wconf 87' lang='lat' dir='ltr'>pisset.</span> <span class='ocrx_word' id='word_1_274' title='bbox 384 3702 604 3766; x_wconf 88' lang='lat' dir='ltr'>Quanta</span> <span class='ocrx_word' id='word_1_275' title='bbox 622 3707 812 3755; x_wconf 86' lang='lat' dir='ltr'>autem</span> <span class='ocrx_word' id='word_1_276' title='bbox 829 3701 1026 3755; x_wconf 90' lang='lat' dir='ltr'>latitia</span> <span class='ocrx_word' id='word_1_277' title='bbox 1047 3705 1303 3754; x_wconf 90' lang='lat' dir='ltr'>sanctum</span> <span class='ocrx_word' id='word_1_278' title='bbox 1317 3701 1641 3756; x_wconf 86' lang='lat' dir='ltr'>Antistitem</span> <span class='ocrx_word' id='word_1_279' title='bbox 1655 3701 1858 3772; x_wconf 88' lang='lat' dir='ltr'>ingens</span> 
     </span>
    </p>
   </div>
   <div class='ocr_carea' id='block_1_40' title="bbox 161 3789 1859 3862">
    <p class='ocr_par' dir='ltr' id='par_1_40' title="bbox 161 3789 1859 3862">
     <span class='ocr_line' id='line_1_40' title="bbox 161 3789 1859 3862; baseline -0.001 -18"><span class='ocrx_word' id='word_1_280' title='bbox 161 3790 304 3846; x_wconf 92' lang='lat' dir='ltr'>illud</span> <span class='ocrx_word' id='word_1_281' title='bbox 329 3791 527 3862; x_wconf 89' lang='lat' dir='ltr'>gratia</span> <span class='ocrx_word' id='word_1_282' title='bbox 550 3789 887 3844; x_wconf 89' lang='lat' dir='ltr'>miraculum</span> <span class='ocrx_word' id='word_1_283' title='bbox 907 3789 1246 3860; x_wconf 89' lang='lat' dir='ltr'>perfuderit,</span> <span class='ocrx_word' id='word_1_284' title='bbox 1268 3789 1409 3844; x_wconf 89' lang='lat' dir='ltr'>scire</span> <span class='ocrx_word' id='word_1_285' title='bbox 1430 3789 1703 3860; x_wconf 90' lang='lat' dir='ltr'>cupienti,</span> <span class='ocrx_word' id='word_1_286' title='bbox 1727 3790 1859 3844; x_wconf 90' lang='lat' dir='ltr'>satis</span> 
     </span>
    </p>
   </div>
   <div class='ocr_carea' id='block_1_41' title="bbox 160 3878 1858 3950">
    <p class='ocr_par' dir='ltr' id='par_1_41' title="bbox 160 3878 1858 3950">
     <span class='ocr_line' id='line_1_41' title="bbox 160 3878 1858 3950; baseline -0.001 -18"><span class='ocrx_word' id='word_1_287' title='bbox 160 3879 338 3933; x_wconf 88' lang='lat' dir='ltr'>fuerit</span> <span class='ocrx_word' id='word_1_288' title='bbox 368 3879 687 3950; x_wconf 91' lang='lat' dir='ltr'>epistolam,</span> <span class='ocrx_word' id='word_1_289' title='bbox 719 3894 892 3948; x_wconf 89' lang='lat' dir='ltr'>quam</span> <span class='ocrx_word' id='word_1_290' title='bbox 921 3894 988 3931; x_wconf 89' lang='lat' dir='ltr'>ea</span> <span class='ocrx_word' id='word_1_291' title='bbox 1017 3878 1086 3932; x_wconf 93' lang='lat' dir='ltr'>de</span> <span class='ocrx_word' id='word_1_292' title='bbox 1116 3895 1175 3932; x_wconf 91' lang='lat' dir='ltr'>re</span> <span class='ocrx_word' id='word_1_293' title='bbox 1204 3878 1274 3931; x_wconf 90' lang='lat' dir='ltr'>ad</span> <span class='ocrx_word' id='word_1_294' title='bbox 1305 3878 1542 3932; x_wconf 90' lang='lat' dir='ltr'>Probam</span> <span class='ocrx_word' id='word_1_295' title='bbox 1564 3883 1734 3948; x_wconf 88' lang='lat' dir='ltr'>atque</span> <span class='ocrx_word' id='word_1_296' title='bbox 1762 3880 1858 3931; x_wconf 83' lang='lat' dir='ltr'>Ju-</span> 
     </span>
    </p>
   </div>
   <div class='ocr_carea' id='block_1_42' title="bbox 165 3965 1860 4036">
    <p class='ocr_par' dir='ltr' id='par_1_42' title="bbox 165 3965 1860 4036">
     <span class='ocr_line' id='line_1_42' title="bbox 165 3965 1860 4036; baseline -0.001 -16"><span class='ocrx_word' id='word_1_297' title='bbox 165 3967 382 4021; x_wconf 85' lang='lat' dir='ltr'>lianam</span> <span class='ocrx_word' id='word_1_298' title='bbox 415 3966 639 4019; x_wconf 88' lang='lat' dir='ltr'>circiter</span> <span class='ocrx_word' id='word_1_299' title='bbox 667 3965 894 4020; x_wconf 90' lang='lat' dir='ltr'>initium</span> <span class='ocrx_word' id='word_1_300' title='bbox 919 3965 1056 4018; x_wconf 87' lang='lat' dir='ltr'>anni</span> <span class='ocrx_word' id='word_1_301' title='bbox 1079 3966 1631 4036; x_wconf 89' lang='lat' dir='ltr'>quadringentesimi</span> <span class='ocrx_word' id='word_1_302' title='bbox 1658 3967 1860 4020; x_wconf 87' lang='lat' dir='ltr'>decimi</span> 
     </span>
    </p>
   </div>
   <div class='ocr_carea' id='block_1_43' title="bbox 161 4053 1860 4126">
    <p class='ocr_par' dir='ltr' id='par_1_43' title="bbox 161 4053 1860 4126">
     <span class='ocr_line' id='line_1_43' title="bbox 161 4053 1860 4126; baseline 0.001 -19"><span class='ocrx_word' id='word_1_303' title='bbox 161 4055 362 4126; x_wconf 88' lang='lat' dir='ltr'>quarti</span> <span class='ocrx_word' id='word_1_304' title='bbox 384 4053 628 4124; x_wconf 88' lang='lat' dir='ltr'>scripsit,</span> <span class='ocrx_word' id='word_1_305' title='bbox 651 4055 944 4124; x_wconf 87' lang='lat' dir='ltr'>perlegere</span> <span class='ocrx_word' id='word_1_306' title='bbox 968 4054 1166 4123; x_wconf 80' lang='lat' dir='ltr'>(Epist.</span> <span class='ocrx_word' id='word_1_307' title='bbox 1187 4055 1324 4122; x_wconf 78' lang='grc'><strong>150).</strong></span> <span class='ocrx_word' id='word_1_308' title='bbox 1339 4055 1706 4125; x_wconf 90' lang='lat' dir='ltr'>Quocumque</span> <span class='ocrx_word' id='word_1_309' title='bbox 1730 4057 1860 4109; x_wconf 89' lang='lat' dir='ltr'>Pro-</span> 
     </span>
    </p>
   </div>
   <div class='ocr_carea' id='block_1_44' title="bbox 165 4140 1856 4212">
    <p class='ocr_par' dir='ltr' id='par_1_44' title="bbox 165 4140 1856 4212">
     <span class='ocr_line' id='line_1_44' title="bbox 165 4140 1856 4212; baseline -0.001 -16"><span class='ocrx_word' id='word_1_310' title='bbox 165 4143 256 4196; x_wconf 87' lang='lat' dir='ltr'>ba</span> <span class='ocrx_word' id='word_1_311' title='bbox 289 4157 500 4195; x_wconf 89' lang='lat' dir='ltr'>nomen</span> <span class='ocrx_word' id='word_1_312' title='bbox 533 4145 888 4212; x_wconf 77' lang='lat' dir='ltr'>pervenerat,</span> <span class='ocrx_word' id='word_1_313' title='bbox 919 4141 1025 4194; x_wconf 89' lang='lat' dir='ltr'>hoc</span> <span class='ocrx_word' id='word_1_314' title='bbox 1055 4145 1138 4194; x_wconf 87' lang='lat' dir='ltr'>est</span> <span class='ocrx_word' id='word_1_315' title='bbox 1165 4140 1224 4194; x_wconf 91' lang='lat' dir='ltr'>in</span> <span class='ocrx_word' id='word_1_316' title='bbox 1255 4140 1518 4211; x_wconf 90' lang='lat' dir='ltr'>regiones</span> <span class='ocrx_word' id='word_1_317' title='bbox 1546 4143 1856 4209; x_wconf 88' lang='lat' dir='ltr'>universas,</span> 
     </span>
    </p>
   </div>
   <div class='ocr_carea' id='block_1_45' title="bbox 163 4229 1860 4300">
    <p class='ocr_par' dir='ltr' id='par_1_45' title="bbox 163 4229 1860 4300">
     <span class='ocr_line' id='line_1_45' title="bbox 163 4229 1860 4300; baseline 0 -15"><span class='ocrx_word' id='word_1_318' title='bbox 163 4229 537 4300; x_wconf 84' lang='lat' dir='ltr'>virginitatis,</span> <span class='ocrx_word' id='word_1_319' title='bbox 591 4245 764 4300; x_wconf 90' lang='lat' dir='ltr'>quam</span> <span class='ocrx_word' id='word_1_320' title='bbox 811 4229 1064 4300; x_wconf 91' lang='lat' dir='ltr'>professa</span> <span class='ocrx_word' id='word_1_321' title='bbox 1107 4229 1420 4283; x_wconf 85' lang='lat' dir='ltr'>Demetrias</span> <span class='ocrx_word' id='word_1_322' title='bbox 1461 4231 1664 4296; x_wconf 87' lang='lat' dir='ltr'>fuerat,</span> <span class='ocrx_word' id='word_1_323' title='bbox 1709 4232 1860 4285; x_wconf 91' lang='lat' dir='ltr'>fama</span> 
     </span>
    </p>
   </div>
   <div class='ocr_carea' id='block_1_46' title="bbox 166 4318 1862 4389">
    <p class='ocr_par' dir='ltr' id='par_1_46' title="bbox 166 4318 1862 4389">
     <span class='ocr_line' id='line_1_46' title="bbox 166 4318 1862 4389; baseline 0.001 -17"><span class='ocrx_word' id='word_1_324' title='bbox 166 4320 390 4389; x_wconf 83' lang='lat' dir='ltr'>perlata</span> <span class='ocrx_word' id='word_1_325' title='bbox 418 4322 500 4372; x_wconf 89' lang='lat' dir='ltr'>est</span> <span class='ocrx_word' id='word_1_326' title='bbox 539 4318 746 4388; x_wconf 66' lang='lat' dir='ltr'>(Ibid)</span> <span class='ocrx_word' id='word_1_327' title='bbox 780 4320 992 4375; x_wconf 72' lang='lat' dir='ltr'>Cuncta</span> <span class='ocrx_word' id='word_1_328' title='bbox 1013 4334 1113 4388; x_wconf 85' lang='lat' dir='ltr'>per</span> <span class='ocrx_word' id='word_1_329' title='bbox 1147 4319 1400 4383; x_wconf 84' lang='lat' dir='ltr'>Africam</span> <span class='ocrx_word' id='word_1_330' title='bbox 1437 4320 1704 4381; x_wconf 77' lang='lat' dir='ltr'>Ecclesiae,</span> <span class='ocrx_word' id='word_1_331' title='bbox 1741 4320 1862 4373; x_wconf 85' lang='lat' dir='ltr'>Hie-</span> 
     </span>
    </p>
   </div>
   <div class='ocr_carea' id='block_1_47' title="bbox 167 4407 1861 4478">
    <p class='ocr_par' dir='ltr' id='par_1_47' title="bbox 167 4407 1861 4478">
     <span class='ocr_line' id='line_1_47' title="bbox 167 4407 1861 4478; baseline 0.001 -18"><span class='ocrx_word' id='word_1_332' title='bbox 167 4407 398 4478; x_wconf 86' lang='lat' dir='ltr'>ronymi</span> <span class='ocrx_word' id='word_1_333' title='bbox 430 4408 598 4461; x_wconf 88' lang='lat' dir='ltr'>verba</span> <span class='ocrx_word' id='word_1_334' title='bbox 630 4411 779 4472; x_wconf 90' lang='lat' dir='ltr'>sunt,</span> <span class='ocrx_word' id='word_1_335' title='bbox 812 4407 1045 4475; x_wconf 85' lang='lat' dir='ltr'>quodam</span> <span class='ocrx_word' id='word_1_336' title='bbox 1073 4408 1407 4461; x_wconf 69' lang='lat' dir='ltr'>exsultavere</span> <span class='ocrx_word' id='word_1_337' title='bbox 1435 4407 1676 4476; x_wconf 85' lang='lat' dir='ltr'>tripudio</span> <span class='ocrx_word' id='word_1_338' title='bbox 1704 4426 1721 4461; x_wconf 91' lang='lat'><strong>:</strong></span> <span class='ocrx_word' id='word_1_339' title='bbox 1756 4423 1861 4462; x_wconf 85' lang='lat' dir='ltr'>non</span> 
     </span>
    </p>
   </div>
   <div class='ocr_carea' id='block_1_48' title="bbox 168 4495 1862 4566">
    <p class='ocr_par' dir='ltr' id='par_1_48' title="bbox 168 4495 1862 4566">
     <span class='ocr_line' id='line_1_48' title="bbox 168 4495 1862 4566; baseline 0 -16"><span class='ocrx_word' id='word_1_340' title='bbox 168 4498 340 4551; x_wconf 89' lang='lat' dir='ltr'>solum</span> <span class='ocrx_word' id='word_1_341' title='bbox 371 4496 444 4549; x_wconf 91' lang='lat' dir='ltr'>ad</span> <span class='ocrx_word' id='word_1_342' title='bbox 473 4497 644 4559; x_wconf 85' lang='lat' dir='ltr'>urbes,</span> <span class='ocrx_word' id='word_1_343' title='bbox 683 4495 906 4565; x_wconf 83' lang='lat' dir='ltr'>oppida,</span> <span class='ocrx_word' id='word_1_344' title='bbox 937 4497 1262 4565; x_wconf 80' lang='lat' dir='ltr'>viculosque,</span> <span class='ocrx_word' id='word_1_345' title='bbox 1287 4496 1380 4550; x_wconf 86' lang='lat' dir='ltr'>sed</span> <span class='ocrx_word' id='word_1_346' title='bbox 1408 4497 1482 4549; x_wconf 91' lang='lat' dir='ltr'>ad</span> <span class='ocrx_word' id='word_1_347' title='bbox 1510 4498 1631 4565; x_wconf 87' lang='lat' dir='ltr'>ipsa</span> <span class='ocrx_word' id='word_1_348' title='bbox 1655 4513 1862 4566; x_wconf 88' lang='lat' dir='ltr'>quoque</span> 
     </span>
    </p>
   </div>
   <div class='ocr_carea' id='block_1_49' title="bbox 167 4585 1862 4653">
    <p class='ocr_par' dir='ltr' id='par_1_49' title="bbox 167 4585 1862 4653">
     <span class='ocr_line' id='line_1_49' title="bbox 167 4585 1862 4653; baseline 0.001 -15"><span class='ocrx_word' id='word_1_349' title='bbox 167 4587 428 4653; x_wconf 82' lang='lat' dir='ltr'>magalia,</span> <span class='ocrx_word' id='word_1_350' title='bbox 462 4585 680 4639; x_wconf 84' lang='lat' dir='ltr'>celebris</span> <span class='ocrx_word' id='word_1_351' title='bbox 703 4586 858 4651; x_wconf 82' lang='lat' dir='ltr'>fama</span> <span class='ocrx_word' id='word_1_352' title='bbox 885 4587 1202 4653; x_wconf 85' lang='lat' dir='ltr'>penetravit.</span> <span class='ocrx_word' id='word_1_353' title='bbox 1228 4585 1415 4639; x_wconf 87' lang='lat' dir='ltr'>Omnes</span> <span class='ocrx_word' id='word_1_354' title='bbox 1444 4587 1585 4638; x_wconf 83' lang='lat' dir='ltr'>inter</span> <span class='ocrx_word' id='word_1_355' title='bbox 1607 4586 1862 4651; x_wconf 79' lang='lat' dir='ltr'>Africam</span> 
     </span>
    </p>
   </div>
   <div class='ocr_carea' id='block_1_50' title="bbox 171 4672 1859 4742">
    <p class='ocr_par' dir='ltr' id='par_1_50' title="bbox 171 4672 1859 4742">
     <span class='ocr_line' id='line_1_50' title="bbox 171 4672 1859 4742; baseline 0 -16"><span class='ocrx_word' id='word_1_356' title='bbox 171 4674 494 4742; x_wconf 90' lang='lat' dir='ltr'>Italiamque</span> <span class='ocrx_word' id='word_1_357' title='bbox 528 4673 719 4727; x_wconf 74' lang='lat' dir='ltr'>insula</span> <span class='ocrx_word' id='word_1_358' title='bbox 761 4673 854 4726; x_wconf 81' lang='lat' dir='ltr'>hoc</span> <span class='ocrx_word' id='word_1_359' title='bbox 891 4687 1105 4726; x_wconf 83' lang='lat' dir='ltr'>rumore</span> <span class='ocrx_word' id='word_1_360' title='bbox 1140 4672 1407 4741; x_wconf 73' lang='lat' dir='ltr'>completa</span> <span class='ocrx_word' id='word_1_361' title='bbox 1445 4676 1590 4739; x_wconf 86' lang='lat' dir='ltr'>sunt,</span> <span class='ocrx_word' id='word_1_362' title='bbox 1631 4677 1681 4726; x_wconf 89' lang='lat' dir='ltr'>et</span> <span class='ocrx_word' id='word_1_363' title='bbox 1717 4675 1859 4739; x_wconf 79' lang='lat' dir='ltr'>inof-</span> 
     </span>
    </p>
   </div>
   <div class='ocr_carea' id='block_1_51' title="bbox 171 4760 1862 4832">
    <p class='ocr_par' dir='ltr' id='par_1_51' title="bbox 171 4760 1862 4832">
     <span class='ocr_line' id='line_1_51' title="bbox 171 4760 1862 4832; baseline 0.001 -18"><span class='ocrx_word' id='word_1_364' title='bbox 171 4763 322 4827; x_wconf 82' lang='lat' dir='ltr'>fenso</span> <span class='ocrx_word' id='word_1_365' title='bbox 365 4761 502 4831; x_wconf 87' lang='lat' dir='ltr'>pede</span> <span class='ocrx_word' id='word_1_366' title='bbox 554 4762 763 4829; x_wconf 82' lang='lat' dir='ltr'>longius</span> <span class='ocrx_word' id='word_1_367' title='bbox 804 4760 1012 4827; x_wconf 84' lang='lat' dir='ltr'>gaudia</span> <span class='ocrx_word' id='word_1_368' title='bbox 1061 4776 1360 4815; x_wconf 82' lang='lat' dir='ltr'>cucurrere.</span> <span class='ocrx_word' id='word_1_369' title='bbox 1405 4761 1560 4815; x_wconf 88' lang='lat' dir='ltr'>Idem</span> <span class='ocrx_word' id='word_1_370' title='bbox 1607 4761 1862 4832; x_wconf 85' lang='lat' dir='ltr'>proxime</span> 
     </span>
    </p>
   </div>
   <div class='ocr_carea' id='block_1_52' title="bbox 175 4849 1864 4920">
    <p class='ocr_par' dir='ltr' id='par_1_52' title="bbox 175 4849 1864 4920">
     <span class='ocr_line' id='line_1_52' title="bbox 175 4849 1864 4920; baseline 0.001 -18"><span class='ocrx_word' id='word_1_371' title='bbox 175 4855 308 4903; x_wconf 90' lang='lat' dir='ltr'>ante</span> <span class='ocrx_word' id='word_1_372' title='bbox 339 4865 352 4903; x_wconf 88' lang='lat'>:</span> <span class='ocrx_word' id='word_1_373' title='bbox 389 4851 558 4916; x_wconf 79' lang='lat' dir='ltr'>Quasi</span> <span class='ocrx_word' id='word_1_374' title='bbox 601 4866 668 4903; x_wconf 74' lang='lat' dir='ltr'>ea-</span> <span class='ocrx_word' id='word_1_375' title='bbox 704 4850 888 4904; x_wconf 84' lang='lat' dir='ltr'>radice</span> <span class='ocrx_word' id='word_1_376' title='bbox 925 4850 1184 4918; x_wconf 81' lang='lat' dir='ltr'>fecunda,</span> <span class='ocrx_word' id='word_1_377' title='bbox 1224 4849 1433 4920; x_wconf 89' lang='lat' dir='ltr'>inquit,</span> <span class='ocrx_word' id='word_1_378' title='bbox 1476 4851 1658 4904; x_wconf 73' lang='lat' dir='ltr'>multa</span> <span class='ocrx_word' id='word_1_379' title='bbox 1701 4850 1864 4904; x_wconf 86' lang='lat' dir='ltr'>simul</span> 
     </span>
    </p>
   </div>
   <div class='ocr_carea' id='block_1_53' title="bbox 175 4939 1864 5010">
    <p class='ocr_par' dir='ltr' id='par_1_53' title="bbox 175 4939 1864 5010">
     <span class='ocr_line' id='line_1_53' title="bbox 175 4939 1864 5010; baseline 0.001 -18"><span class='ocrx_word' id='word_1_380' title='bbox 175 4942 413 5008; x_wconf 77' lang='lat' dir='ltr'>virgines</span> <span class='ocrx_word' id='word_1_381' title='bbox 442 4941 804 5010; x_wconf 77' lang='lat' dir='ltr'>pullularunt,</span> <span class='ocrx_word' id='word_1_382' title='bbox 837 4942 1242 5010; x_wconf 70' lang='lat' dir='ltr'>exemplumque</span> <span class='ocrx_word' id='word_1_383' title='bbox 1267 4945 1510 5010; x_wconf 76' lang='lat' dir='ltr'>patrona</span> <span class='ocrx_word' id='word_1_384' title='bbox 1551 4945 1600 4994; x_wconf 86' lang='lat' dir='ltr'>et</span> <span class='ocrx_word' id='word_1_385' title='bbox 1637 4939 1864 4994; x_wconf 75' lang='lat' dir='ltr'>dominae</span> 
     </span>
    </p>
   </div>
   <div class='ocr_carea' id='block_1_54' title="bbox 176 5027 1864 5100">
    <p class='ocr_par' dir='ltr' id='par_1_54' title="bbox 176 5027 1864 5100">
     <span class='ocr_line' id='line_1_54' title="bbox 176 5027 1864 5100; baseline 0.001 -20"><span class='ocrx_word' id='word_1_386' title='bbox 176 5027 328 5097; x_wconf 85' lang='lat' dir='ltr'>(qua</span> <span class='ocrx_word' id='word_1_387' title='bbox 376 5034 505 5083; x_wconf 88' lang='lat' dir='ltr'>vota</span> <span class='ocrx_word' id='word_1_388' title='bbox 536 5033 700 5082; x_wconf 90' lang='lat' dir='ltr'>erant</span> <span class='ocrx_word' id='word_1_389' title='bbox 726 5029 1030 5098; x_wconf 88' lang='lat' dir='ltr'>Augustini</span> <span class='ocrx_word' id='word_1_390' title='bbox 1062 5028 1272 5100; x_wconf 84' lang='lat' dir='ltr'>[Ibid.])</span> <span class='ocrx_word' id='word_1_391' title='bbox 1301 5033 1479 5083; x_wconf 88' lang='lat' dir='ltr'>secuta</span> <span class='ocrx_word' id='word_1_392' title='bbox 1507 5034 1582 5083; x_wconf 86' lang='lat' dir='ltr'>est</span> <span class='ocrx_word' id='word_1_393' title='bbox 1615 5030 1864 5083; x_wconf 85' lang='lat' dir='ltr'>clientum</span> 
     </span>
    </p>
   </div>
   <div class='ocr_carea' id='block_1_55' title="bbox 175 5117 1863 5188">
    <p class='ocr_par' dir='ltr' id='par_1_55' title="bbox 175 5117 1863 5188">
     <span class='ocr_line' id='line_1_55' title="bbox 175 5117 1863 5188; baseline 0.002 -20"><span class='ocrx_word' id='word_1_394' title='bbox 175 5117 336 5170; x_wconf 86' lang='lat' dir='ltr'>turba</span> <span class='ocrx_word' id='word_1_395' title='bbox 366 5123 530 5187; x_wconf 86' lang='lat' dir='ltr'>atque</span> <span class='ocrx_word' id='word_1_396' title='bbox 557 5118 892 5182; x_wconf 85' lang='lat' dir='ltr'>famularum</span> <span class='ocrx_word' id='word_1_397' title='bbox 931 5120 1189 5186; x_wconf 84' lang='lat' dir='ltr'>(Hieron.,</span> <span class='ocrx_word' id='word_1_398' title='bbox 1219 5120 1397 5188; x_wconf 85' lang='lat' dir='ltr'>Epist.</span> <span class='ocrx_word' id='word_1_399' title='bbox 1431 5121 1500 5182; x_wconf 88' lang='lat'>8).</span> <span class='ocrx_word' id='word_1_400' title='bbox 1535 5117 1718 5182; x_wconf 88' lang='lat' dir='ltr'>Quare</span> <span class='ocrx_word' id='word_1_401' title='bbox 1747 5134 1863 5172; x_wconf 90' lang='lat' dir='ltr'>non</span> 
     </span>
    </p>
   </div>
   <div class='ocr_carea' id='block_1_56' title="bbox 174 5203 1862 5278">
    <p class='ocr_par' dir='ltr' id='par_1_56' title="bbox 174 5203 1862 5278">
     <span class='ocr_line' id='line_1_56' title="bbox 174 5203 1862 5278; baseline 0.002 -22"><span class='ocrx_word' id='word_1_402' title='bbox 174 5203 464 5260; x_wconf 90' lang='lat' dir='ltr'>immerito</span> <span class='ocrx_word' id='word_1_403' title='bbox 508 5205 858 5275; x_wconf 87' lang='lat' dir='ltr'>Augustinus</span> <span class='ocrx_word' id='word_1_404' title='bbox 904 5207 1142 5261; x_wconf 76' lang='lat' dir='ltr'>Iuliana</span> <span class='ocrx_word' id='word_1_405' title='bbox 1187 5208 1421 5262; x_wconf 89' lang='lat' dir='ltr'>domum</span> <span class='ocrx_word' id='word_1_406' title='bbox 1468 5222 1586 5261; x_wconf 91' lang='lat' dir='ltr'>non</span> <span class='ocrx_word' id='word_1_407' title='bbox 1630 5222 1862 5278; x_wconf 87' lang='lat' dir='ltr'>parvam</span> 
     </span>
    </p>
   </div>
   <div class='ocr_carea' id='block_1_57' title="bbox 179 5292 1862 5366">
    <p class='ocr_par' dir='ltr' id='par_1_57' title="bbox 179 5292 1862 5366">
     <span class='ocr_line' id='line_1_57' title="bbox 179 5292 1862 5366; baseline 0.001 -20"><span class='ocrx_word' id='word_1_408' title='bbox 179 5292 384 5348; x_wconf 88' lang='lat' dir='ltr'>Christi</span> <span class='ocrx_word' id='word_1_409' title='bbox 414 5294 710 5349; x_wconf 87' lang='lat' dir='ltr'>ecclesiam</span> <span class='ocrx_word' id='word_1_410' title='bbox 743 5309 862 5347; x_wconf 91' lang='lat' dir='ltr'>esse</span> <span class='ocrx_word' id='word_1_411' title='bbox 905 5294 1042 5348; x_wconf 91' lang='lat' dir='ltr'>dicit</span> <span class='ocrx_word' id='word_1_412' title='bbox 1088 5297 1283 5366; x_wconf 84' lang='lat' dir='ltr'>(Epist.</span> <span class='ocrx_word' id='word_1_413' title='bbox 1321 5300 1442 5364; x_wconf 90' lang='grc'>188,</span> <span class='ocrx_word' id='word_1_414' title='bbox 1488 5311 1542 5350; x_wconf 88' lang='lat' dir='ltr'>n.</span> <span class='ocrx_word' id='word_1_415' title='bbox 1591 5297 1662 5366; x_wconf 91' lang='lat'>3),</span> <span class='ocrx_word' id='word_1_416' title='bbox 1713 5296 1862 5365; x_wconf 87' lang='lat' dir='ltr'>ejus-</span> 
     </span>
    </p>
   </div>
   <div class='ocr_carea' id='block_1_58' title="bbox 177 5382 1863 5456">
    <p class='ocr_par' dir='ltr' id='par_1_58' title="bbox 177 5382 1863 5456">
     <span class='ocr_line' id='line_1_58' title="bbox 177 5382 1863 5456; baseline 0.002 -22"><span class='ocrx_word' id='word_1_417' title='bbox 177 5396 288 5450; x_wconf 89' lang='lat' dir='ltr'>que</span> <span class='ocrx_word' id='word_1_418' title='bbox 319 5383 594 5437; x_wconf 81' lang='lat' dir='ltr'>familiam</span> <span class='ocrx_word' id='word_1_419' title='bbox 625 5382 761 5437; x_wconf 86' lang='lat' dir='ltr'>alibi</span> <span class='ocrx_word' id='word_1_420' title='bbox 785 5383 1152 5438; x_wconf 86' lang='lat' dir='ltr'>domesticam</span> <span class='ocrx_word' id='word_1_421' title='bbox 1183 5385 1474 5440; x_wconf 84' lang='lat' dir='ltr'>ecclesiam</span> <span class='ocrx_word' id='word_1_422' title='bbox 1505 5385 1756 5456; x_wconf 88' lang='lat' dir='ltr'>appellat</span> <span class='ocrx_word' id='word_1_423' title='bbox 1777 5387 1863 5453; x_wconf 84' lang='lat' dir='ltr'>(De</span> 
     </span>
    </p>
   </div>
   <div class='ocr_carea' id='block_1_59' title="bbox 175 5469 793 5538">
    <p class='ocr_par' dir='ltr' id='par_1_59' title="bbox 175 5469 793 5538">
     <span class='ocr_line' id='line_1_59' title="bbox 175 5469 793 5538; baseline 0.006 -17"><span class='ocrx_word' id='word_1_424' title='bbox 175 5469 313 5524; x_wconf 79' lang='lat' dir='ltr'>Bono</span> <span class='ocrx_word' id='word_1_425' title='bbox 343 5471 568 5537; x_wconf 58' lang='lat' dir='ltr'>siduit,</span> <span class='ocrx_word' id='word_1_426' title='bbox 599 5487 653 5525; x_wconf 85' lang='grc' dir='ltr'><strong>η.</strong></span> <span class='ocrx_word' id='word_1_427' title='bbox 685 5471 793 5538; x_wconf 81' lang='grc'><strong>29).</strong></span> 
     </span>
    </p>
   </div>
   <div class='ocr_carea' id='block_1_60' title="bbox 246 5559 1865 5632">
    <p class='ocr_par' dir='ltr' id='par_1_60' title="bbox 246 5559 1865 5632">
     <span class='ocr_line' id='line_1_60' title="bbox 246 5559 1865 5632; baseline 0.002 -21"><span class='ocrx_word' id='word_1_428' title='bbox 246 5560 299 5611; x_wconf 82' lang='grc'><strong>5.</strong></span> <span class='ocrx_word' id='word_1_429' title='bbox 329 5559 530 5615; x_wconf 84' lang='lat' dir='ltr'>Paucis</span> <span class='ocrx_word' id='word_1_430' title='bbox 570 5563 696 5631; x_wconf 85' lang='lat' dir='ltr'>post</span> <span class='ocrx_word' id='word_1_431' title='bbox 749 5559 970 5631; x_wconf 90' lang='lat' dir='ltr'>diebus,</span> <span class='ocrx_word' id='word_1_432' title='bbox 1001 5575 1171 5632; x_wconf 88' lang='lat' dir='ltr'>quam</span> <span class='ocrx_word' id='word_1_433' title='bbox 1220 5561 1533 5616; x_wconf 87' lang='lat' dir='ltr'>Demetrias</span> <span class='ocrx_word' id='word_1_434' title='bbox 1571 5561 1865 5616; x_wconf 90' lang='lat' dir='ltr'>sanctioris</span> 
     </span>
    </p>
   </div>
   <div class='ocr_carea' id='block_1_61' title="bbox 1639 309 2268 367">
    <p class='ocr_par' dir='ltr' id='par_1_61' title="bbox 1639 309 2268 367">
     <span class='ocr_line' id='line_1_61' title="bbox 1639 309 2268 367; baseline 0.003 -5"><span class='ocrx_word' id='word_1_435' title='bbox 1639 309 1848 364; x_wconf 79' lang='lat' dir='ltr'>LIBER</span> <span class='ocrx_word' id='word_1_436' title='bbox 1908 310 2268 367; x_wconf 83' lang='lat' dir='ltr'>SEPTIMUS.</span> 
     </span>
    </p>
   </div>
   <div class='ocr_carea' id='block_1_62' title="bbox 3567 323 3670 375">
    <p class='ocr_par' dir='ltr' id='par_1_62' title="bbox 3567 323 3670 375">
     <span class='ocr_line' id='line_1_62' title="bbox 3567 323 3670 375; baseline 0.01 -1"><span class='ocrx_word' id='word_1_437' title='bbox 3567 323 3670 375; x_wconf 69' lang='grc' dir='ltr'>«ΠΟ</span> 
     </span>
    </p>
   </div>
   <div class='ocr_carea' id='block_1_63' title="bbox 1980 433 3666 510">
    <p class='ocr_par' dir='ltr' id='par_1_63' title="bbox 1980 433 3666 510">
     <span class='ocr_line' id='line_1_63' title="bbox 1980 433 3666 510; baseline 0.007 -24"><span class='ocrx_word' id='word_1_438' title='bbox 1980 433 2105 488; x_wconf 86' lang='lat' dir='ltr'>vita</span> <span class='ocrx_word' id='word_1_439' title='bbox 2135 433 2458 489; x_wconf 88' lang='lat' dir='ltr'>institutum</span> <span class='ocrx_word' id='word_1_440' title='bbox 2489 441 2633 490; x_wconf 85' lang='lat' dir='ltr'>esset</span> <span class='ocrx_word' id='word_1_441' title='bbox 2662 438 2936 506; x_wconf 88' lang='lat' dir='ltr'>professa,</span> <span class='ocrx_word' id='word_1_442' title='bbox 2969 439 3040 492; x_wconf 88' lang='lat' dir='ltr'>ad</span> <span class='ocrx_word' id='word_1_443' title='bbox 3071 443 3310 495; x_wconf 87' lang='lat' dir='ltr'>matrem</span> <span class='ocrx_word' id='word_1_444' title='bbox 3341 441 3462 510; x_wconf 87' lang='lat' dir='ltr'>ejus</span> <span class='ocrx_word' id='word_1_445' title='bbox 3490 443 3666 498; x_wconf 87' lang='lat' dir='ltr'>Julia-</span> 
     </span>
    </p>
   </div>
   <div class='ocr_carea' id='block_1_64' title="bbox 1977 523 3670 602">
    <p class='ocr_par' dir='ltr' id='par_1_64' title="bbox 1977 523 3670 602">
     <span class='ocr_line' id='line_1_64' title="bbox 1977 523 3670 602; baseline 0.006 -27"><span class='ocrx_word' id='word_1_446' title='bbox 1977 538 2108 576; x_wconf 90' lang='lat' dir='ltr'>nam</span> <span class='ocrx_word' id='word_1_447' title='bbox 2141 523 2351 577; x_wconf 90' lang='lat' dir='ltr'>librum</span> <span class='ocrx_word' id='word_1_448' title='bbox 2382 539 2479 577; x_wconf 90' lang='lat' dir='ltr'>seu</span> <span class='ocrx_word' id='word_1_449' title='bbox 2522 525 2819 594; x_wconf 87' lang='lat' dir='ltr'>epistolam</span> <span class='ocrx_word' id='word_1_450' title='bbox 2849 527 2917 580; x_wconf 91' lang='lat' dir='ltr'>de</span> <span class='ocrx_word' id='word_1_451' title='bbox 2948 528 3102 581; x_wconf 90' lang='lat' dir='ltr'>Bono</span> <span class='ocrx_word' id='word_1_452' title='bbox 3130 527 3419 583; x_wconf 85' lang='lat' dir='ltr'>viduitatis</span> <span class='ocrx_word' id='word_1_453' title='bbox 3449 531 3670 602; x_wconf 90' lang='lat' dir='ltr'>scripsit</span> 
     </span>
    </p>
   </div>
   <div class='ocr_carea' id='block_1_65' title="bbox 1974 611 3668 688">
    <p class='ocr_par' dir='ltr' id='par_1_65' title="bbox 1974 611 3668 688">
     <span class='ocr_line' id='line_1_65' title="bbox 1974 611 3668 688; baseline 0.006 -25"><span class='ocrx_word' id='word_1_454' title='bbox 1974 611 2346 681; x_wconf 83' lang='lat' dir='ltr'>Augustinus.</span> <span class='ocrx_word' id='word_1_455' title='bbox 2381 612 2443 666; x_wconf 92' lang='lat' dir='ltr'>Id</span> <span class='ocrx_word' id='word_1_456' title='bbox 2491 629 2621 666; x_wconf 90' lang='lat' dir='ltr'>eum</span> <span class='ocrx_word' id='word_1_457' title='bbox 2659 613 2885 667; x_wconf 80' lang='lat' dir='ltr'>Iuliana</span> <span class='ocrx_word' id='word_1_458' title='bbox 2924 631 3114 670; x_wconf 87' lang='lat' dir='ltr'>coram</span> <span class='ocrx_word' id='word_1_459' title='bbox 3158 623 3479 688; x_wconf 87' lang='lat' dir='ltr'>rogaverat,</span> <span class='ocrx_word' id='word_1_460' title='bbox 3508 636 3668 674; x_wconf 82' lang='lat' dir='ltr'>cum-</span> 
     </span>
    </p>
   </div>
   <div class='ocr_carea' id='block_1_66' title="bbox 1976 699 3668 773">
    <p class='ocr_par' dir='ltr' id='par_1_66' title="bbox 1976 699 3668 773">
     <span class='ocr_line' id='line_1_66' title="bbox 1976 699 3668 773; baseline 0.008 -23"><span class='ocrx_word' id='word_1_461' title='bbox 1976 714 2085 768; x_wconf 89' lang='lat' dir='ltr'>que</span> <span class='ocrx_word' id='word_1_462' title='bbox 2141 699 2188 752; x_wconf 91' lang='lat' dir='ltr'>is</span> <span class='ocrx_word' id='word_1_463' title='bbox 2253 705 2458 752; x_wconf 85' lang='lat' dir='ltr'>sancta</span> <span class='ocrx_word' id='word_1_464' title='bbox 2523 701 2750 754; x_wconf 82' lang='lat' dir='ltr'>feminae</span> <span class='ocrx_word' id='word_1_465' title='bbox 2816 703 3089 773; x_wconf 87' lang='lat' dir='ltr'>refragari</span> <span class='ocrx_word' id='word_1_466' title='bbox 3141 722 3204 758; x_wconf 90' lang='lat' dir='ltr'>ac</span> <span class='ocrx_word' id='word_1_467' title='bbox 3253 722 3493 762; x_wconf 90' lang='lat' dir='ltr'>renuere</span> <span class='ocrx_word' id='word_1_468' title='bbox 3550 723 3668 763; x_wconf 91' lang='lat' dir='ltr'>non</span> 
     </span>
    </p>
   </div>
   <div class='ocr_carea' id='block_1_67' title="bbox 1973 787 3667 865">
    <p class='ocr_par' dir='ltr' id='par_1_67' title="bbox 1973 787 3667 865">
     <span class='ocr_line' id='line_1_67' title="bbox 1973 787 3667 865; baseline 0.006 -26"><span class='ocrx_word' id='word_1_469' title='bbox 1973 787 2258 860; x_wconf 87' lang='lat' dir='ltr'>valuisset,</span> <span class='ocrx_word' id='word_1_470' title='bbox 2293 788 2412 842; x_wconf 87' lang='lat' dir='ltr'>hac</span> <span class='ocrx_word' id='word_1_471' title='bbox 2442 805 2573 842; x_wconf 91' lang='lat' dir='ltr'>eum</span> <span class='ocrx_word' id='word_1_472' title='bbox 2604 806 2705 860; x_wconf 90' lang='lat' dir='ltr'>per</span> <span class='ocrx_word' id='word_1_473' title='bbox 2741 790 2958 844; x_wconf 87' lang='lat' dir='ltr'>litteras</span> <span class='ocrx_word' id='word_1_474' title='bbox 2987 809 3134 863; x_wconf 87' lang='lat' dir='ltr'>sape</span> <span class='ocrx_word' id='word_1_475' title='bbox 3165 793 3372 864; x_wconf 85' lang='lat' dir='ltr'>sapius</span> <span class='ocrx_word' id='word_1_476' title='bbox 3401 796 3667 865; x_wconf 89' lang='lat' dir='ltr'>promissi</span> 
     </span>
    </p>
   </div>
   <div class='ocr_carea' id='block_1_68' title="bbox 1974 876 3666 953">
    <p class='ocr_par' dir='ltr' id='par_1_68' title="bbox 1974 876 3666 953">
     <span class='ocr_line' id='line_1_68' title="bbox 1974 876 3666 953; baseline 0.006 -24"><span class='ocrx_word' id='word_1_477' title='bbox 1974 876 2364 930; x_wconf 89' lang='lat' dir='ltr'>admonuerat.</span> <span class='ocrx_word' id='word_1_478' title='bbox 2397 877 2580 947; x_wconf 90' lang='lat' dir='ltr'>Igitur</span> <span class='ocrx_word' id='word_1_479' title='bbox 2617 879 2838 949; x_wconf 90' lang='lat' dir='ltr'>aliquot</span> <span class='ocrx_word' id='word_1_480' title='bbox 2866 880 3032 933; x_wconf 88' lang='lat' dir='ltr'>horas</span> <span class='ocrx_word' id='word_1_481' title='bbox 3071 881 3278 951; x_wconf 91' lang='lat' dir='ltr'>ipsum,</span> <span class='ocrx_word' id='word_1_482' title='bbox 3314 884 3523 953; x_wconf 89' lang='lat' dir='ltr'>quibus</span> <span class='ocrx_word' id='word_1_483' title='bbox 3554 885 3666 939; x_wconf 87' lang='lat' dir='ltr'>dis-</span> 
     </span>
    </p>
   </div>
   <div class='ocr_carea' id='block_1_69' title="bbox 1972 965 3667 1042">
    <p class='ocr_par' dir='ltr' id='par_1_69' title="bbox 1972 965 3667 1042">
     <span class='ocr_line' id='line_1_69' title="bbox 1972 965 3667 1042; baseline 0.005 -24"><span class='ocrx_word' id='word_1_484' title='bbox 1972 965 2351 1035; x_wconf 88' lang='lat' dir='ltr'>tringebatur,</span> <span class='ocrx_word' id='word_1_485' title='bbox 2385 967 2852 1038; x_wconf 90' lang='lat' dir='ltr'>occupationibus</span> <span class='ocrx_word' id='word_1_486' title='bbox 2891 969 3157 1023; x_wconf 76' lang='lat' dir='ltr'>sutfurari</span> <span class='ocrx_word' id='word_1_487' title='bbox 3200 972 3472 1042; x_wconf 89' lang='lat' dir='ltr'>oportuit,</span> <span class='ocrx_word' id='word_1_488' title='bbox 3514 973 3667 1026; x_wconf 86' lang='lat' dir='ltr'>illius</span> 
     </span>
    </p>
   </div>
   <div class='ocr_carea' id='block_1_70' title="bbox 1972 1055 3667 1131">
    <p class='ocr_par' dir='ltr' id='par_1_70' title="bbox 1972 1055 3667 1131">
     <span class='ocr_line' id='line_1_70' title="bbox 1972 1055 3667 1131; baseline 0.005 -24"><span class='ocrx_word' id='word_1_489' title='bbox 1972 1057 2036 1107; x_wconf 91' lang='lat' dir='ltr'>ut</span> <span class='ocrx_word' id='word_1_490' title='bbox 2065 1055 2340 1108; x_wconf 88' lang='lat' dir='ltr'>voluntati</span> <span class='ocrx_word' id='word_1_491' title='bbox 2372 1055 2739 1110; x_wconf 87' lang='lat' dir='ltr'>satisfaceret.</span> <span class='ocrx_word' id='word_1_492' title='bbox 2767 1057 2911 1110; x_wconf 90' lang='lat' dir='ltr'>Illud</span> <span class='ocrx_word' id='word_1_493' title='bbox 2933 1061 3125 1112; x_wconf 89' lang='lat' dir='ltr'>autem</span> <span class='ocrx_word' id='word_1_494' title='bbox 3153 1059 3260 1113; x_wconf 93' lang='lat' dir='ltr'>hoc</span> <span class='ocrx_word' id='word_1_495' title='bbox 3281 1059 3341 1113; x_wconf 89' lang='lat' dir='ltr'>in</span> <span class='ocrx_word' id='word_1_496' title='bbox 3369 1077 3538 1131; x_wconf 91' lang='lat' dir='ltr'>opere</span> <span class='ocrx_word' id='word_1_497' title='bbox 3560 1061 3667 1116; x_wconf 90' lang='lat' dir='ltr'>sibi</span> 
     </span>
    </p>
   </div>
   <div class='ocr_carea' id='block_1_71' title="bbox 1972 1142 3664 1212">
    <p class='ocr_par' dir='ltr' id='par_1_71' title="bbox 1972 1142 3664 1212">
     <span class='ocr_line' id='line_1_71' title="bbox 1972 1142 3664 1212; baseline 0.006 -18"><span class='ocrx_word' id='word_1_498' title='bbox 1972 1142 2291 1212; x_wconf 86' lang='lat' dir='ltr'>proposuit,</span> <span class='ocrx_word' id='word_1_499' title='bbox 2325 1143 2600 1198; x_wconf 88' lang='lat' dir='ltr'>nimirum</span> <span class='ocrx_word' id='word_1_500' title='bbox 2632 1149 2685 1197; x_wconf 91' lang='lat' dir='ltr'>et</span> <span class='ocrx_word' id='word_1_501' title='bbox 2716 1145 2916 1199; x_wconf 90' lang='lat' dir='ltr'>docere</span> <span class='ocrx_word' id='word_1_502' title='bbox 2945 1163 3046 1199; x_wconf 89' lang='lat' dir='ltr'>sua</span> <span class='ocrx_word' id='word_1_503' title='bbox 3076 1147 3262 1201; x_wconf 84' lang='lat' dir='ltr'>ofﬁcia</span> <span class='ocrx_word' id='word_1_504' title='bbox 3289 1148 3486 1203; x_wconf 88' lang='lat' dir='ltr'>viduas</span> <span class='ocrx_word' id='word_1_505' title='bbox 3515 1150 3664 1205; x_wconf 90' lang='lat' dir='ltr'>chri-</span> 
     </span>
    </p>
   </div>
   <div class='ocr_carea' id='block_1_72' title="bbox 1974 1229 3666 1305">
    <p class='ocr_par' dir='ltr' id='par_1_72' title="bbox 1974 1229 3666 1305">
     <span class='ocr_line' id='line_1_72' title="bbox 1974 1229 3666 1305; baseline 0.007 -23"><span class='ocrx_word' id='word_1_506' title='bbox 1974 1229 2200 1294; x_wconf 88' lang='lat' dir='ltr'>stianas,</span> <span class='ocrx_word' id='word_1_507' title='bbox 2238 1236 2292 1284; x_wconf 90' lang='lat' dir='ltr'>et</span> <span class='ocrx_word' id='word_1_508' title='bbox 2323 1248 2415 1284; x_wconf 91' lang='lat' dir='ltr'>eas</span> <span class='ocrx_word' id='word_1_509' title='bbox 2443 1233 2508 1286; x_wconf 92' lang='lat' dir='ltr'>ad</span> <span class='ocrx_word' id='word_1_510' title='bbox 2538 1233 2775 1300; x_wconf 91' lang='lat' dir='ltr'>bonum,</span> <span class='ocrx_word' id='word_1_511' title='bbox 2801 1235 2955 1305; x_wconf 90' lang='lat' dir='ltr'>quod</span> <span class='ocrx_word' id='word_1_512' title='bbox 2983 1235 3080 1289; x_wconf 90' lang='lat' dir='ltr'>abs</span> <span class='ocrx_word' id='word_1_513' title='bbox 3111 1252 3168 1289; x_wconf 93' lang='lat' dir='ltr'>se</span> <span class='ocrx_word' id='word_1_514' title='bbox 3192 1237 3513 1291; x_wconf 89' lang='lat' dir='ltr'>faciendum</span> <span class='ocrx_word' id='word_1_515' title='bbox 3545 1255 3666 1294; x_wconf 90' lang='lat' dir='ltr'>esse</span> 
     </span>
    </p>
   </div>
   <div class='ocr_carea' id='block_1_73' title="bbox 1973 1319 3664 1396">
    <p class='ocr_par' dir='ltr' id='par_1_73' title="bbox 1973 1319 3664 1396">
     <span class='ocr_line' id='line_1_73' title="bbox 1973 1319 3664 1396; baseline 0.008 -26"><span class='ocrx_word' id='word_1_516' title='bbox 1973 1319 2254 1386; x_wconf 86' lang='lat' dir='ltr'>noverint,</span> <span class='ocrx_word' id='word_1_517' title='bbox 2297 1320 2551 1374; x_wconf 89' lang='lat' dir='ltr'>animose</span> <span class='ocrx_word' id='word_1_518' title='bbox 2595 1326 2764 1393; x_wconf 84' lang='lat' dir='ltr'>atque</span> <span class='ocrx_word' id='word_1_519' title='bbox 2807 1323 3068 1378; x_wconf 88' lang='lat' dir='ltr'>alacriter</span> <span class='ocrx_word' id='word_1_520' title='bbox 3104 1325 3527 1396; x_wconf 88' lang='lat' dir='ltr'>suscipiendum</span> <span class='ocrx_word' id='word_1_521' title='bbox 3565 1328 3664 1383; x_wconf 91' lang='lat' dir='ltr'>ad-</span> 
     </span>
    </p>
   </div>
   <div class='ocr_carea' id='block_1_74' title="bbox 1971 1405 3664 1484">
    <p class='ocr_par' dir='ltr' id='par_1_74' title="bbox 1971 1405 3664 1484">
     <span class='ocr_line' id='line_1_74' title="bbox 1971 1405 3664 1484; baseline 0.008 -26"><span class='ocrx_word' id='word_1_522' title='bbox 1971 1405 2206 1461; x_wconf 88' lang='lat' dir='ltr'>hortari.</span> <span class='ocrx_word' id='word_1_523' title='bbox 2238 1408 2576 1478; x_wconf 88' lang='lat' dir='ltr'>Quanquam</span> <span class='ocrx_word' id='word_1_524' title='bbox 2609 1411 2760 1465; x_wconf 90' lang='lat' dir='ltr'>enim</span> <span class='ocrx_word' id='word_1_525' title='bbox 2789 1411 2858 1465; x_wconf 86' lang='lat' dir='ltr'>ad</span> <span class='ocrx_word' id='word_1_526' title='bbox 2889 1412 3176 1468; x_wconf 84' lang='lat' dir='ltr'>Julianam</span> <span class='ocrx_word' id='word_1_527' title='bbox 3207 1415 3406 1484; x_wconf 90' lang='lat' dir='ltr'>solam,</span> <span class='ocrx_word' id='word_1_528' title='bbox 3436 1431 3549 1470; x_wconf 93' lang='lat' dir='ltr'>non</span> <span class='ocrx_word' id='word_1_529' title='bbox 3579 1421 3664 1470; x_wconf 89' lang='lat' dir='ltr'>ta-</span> 
     </span>
    </p>
   </div>
   <div class='ocr_carea' id='block_1_75' title="bbox 1971 1497 3662 1571">
    <p class='ocr_par' dir='ltr' id='par_1_75' title="bbox 1971 1497 3662 1571">
     <span class='ocr_line' id='line_1_75' title="bbox 1971 1497 3662 1571; baseline 0.007 -24"><span class='ocrx_word' id='word_1_530' title='bbox 1971 1511 2103 1548; x_wconf 91' lang='lat' dir='ltr'>men</span> <span class='ocrx_word' id='word_1_531' title='bbox 2135 1497 2240 1549; x_wconf 89' lang='lat' dir='ltr'>soli</span> <span class='ocrx_word' id='word_1_532' title='bbox 2268 1497 2527 1564; x_wconf 79' lang='lat' dir='ltr'>Iuliana,</span> <span class='ocrx_word' id='word_1_533' title='bbox 2561 1503 2660 1552; x_wconf 91' lang='lat' dir='ltr'>aut</span> <span class='ocrx_word' id='word_1_534' title='bbox 2689 1515 2816 1569; x_wconf 89' lang='lat' dir='ltr'>quae</span> <span class='ocrx_word' id='word_1_535' title='bbox 2868 1499 2926 1553; x_wconf 90' lang='lat' dir='ltr'>in</span> <span class='ocrx_word' id='word_1_536' title='bbox 2959 1501 3081 1570; x_wconf 84' lang='lat' dir='ltr'>ejus</span> <span class='ocrx_word' id='word_1_537' title='bbox 3118 1506 3240 1555; x_wconf 90' lang='lat' dir='ltr'>erat</span> <span class='ocrx_word' id='word_1_538' title='bbox 3268 1505 3662 1571; x_wconf 90' lang='lat' dir='ltr'>contubernio,</span> 
     </span>
    </p>
   </div>
   <div class='ocr_carea' id='block_1_76' title="bbox 1971 1583 3666 1656">
    <p class='ocr_par' dir='ltr' id='par_1_76' title="bbox 1971 1583 3666 1656">
     <span class='ocr_line' id='line_1_76' title="bbox 1971 1583 3666 1656; baseline 0.006 -20"><span class='ocrx_word' id='word_1_539' title='bbox 1971 1583 2158 1637; x_wconf 90' lang='lat' dir='ltr'>socrui</span> <span class='ocrx_word' id='word_1_540' title='bbox 2191 1585 2388 1638; x_wconf 84' lang='lat' dir='ltr'>Proba</span> <span class='ocrx_word' id='word_1_541' title='bbox 2416 1587 2685 1641; x_wconf 84' lang='lat' dir='ltr'>Faltonia</span> <span class='ocrx_word' id='word_1_542' title='bbox 2716 1589 3025 1656; x_wconf 88' lang='lat' dir='ltr'>scribebat;</span> <span class='ocrx_word' id='word_1_543' title='bbox 3056 1590 3154 1644; x_wconf 92' lang='lat' dir='ltr'>sed</span> <span class='ocrx_word' id='word_1_544' title='bbox 3181 1594 3237 1644; x_wconf 91' lang='lat' dir='ltr'>et</span> <span class='ocrx_word' id='word_1_545' title='bbox 3268 1591 3450 1645; x_wconf 90' lang='lat' dir='ltr'>viduis</span> <span class='ocrx_word' id='word_1_546' title='bbox 3481 1593 3666 1646; x_wconf 90' lang='lat' dir='ltr'>omni-</span> 
     </span>
    </p>
   </div>
   <div class='ocr_carea' id='block_1_77' title="bbox 1969 1671 3664 1746">
    <p class='ocr_par' dir='ltr' id='par_1_77' title="bbox 1969 1671 3664 1746">
     <span class='ocr_line' id='line_1_77' title="bbox 1969 1671 3664 1746; baseline 0.006 -22"><span class='ocrx_word' id='word_1_547' title='bbox 1969 1671 2094 1738; x_wconf 91' lang='lat' dir='ltr'>bus,</span> <span class='ocrx_word' id='word_1_548' title='bbox 2150 1689 2279 1743; x_wconf 86' lang='lat' dir='ltr'>qua</span> <span class='ocrx_word' id='word_1_549' title='bbox 2329 1675 2477 1728; x_wconf 86' lang='lat' dir='ltr'>hanc</span> <span class='ocrx_word' id='word_1_550' title='bbox 2534 1677 2656 1746; x_wconf 89' lang='lat' dir='ltr'>ejus</span> <span class='ocrx_word' id='word_1_551' title='bbox 2713 1678 3169 1732; x_wconf 87' lang='lat' dir='ltr'>lucubrationem</span> <span class='ocrx_word' id='word_1_552' title='bbox 3225 1684 3388 1732; x_wconf 87' lang='lat' dir='ltr'>erant</span> <span class='ocrx_word' id='word_1_553' title='bbox 3431 1681 3664 1734; x_wconf 83' lang='lat' dir='ltr'>lectura</span> 
     </span>
    </p>
   </div>
   <div class='ocr_carea' id='block_1_78' title="bbox 1972 1761 3665 1836">
    <p class='ocr_par' dir='ltr' id='par_1_78' title="bbox 1972 1761 3665 1836">
     <span class='ocr_line' id='line_1_78' title="bbox 1972 1761 3665 1836; baseline 0.004 -21"><span class='ocrx_word' id='word_1_554' title='bbox 1972 1761 2157 1829; x_wconf 83' lang='lat' dir='ltr'>(Ibid.,</span> <span class='ocrx_word' id='word_1_555' title='bbox 2188 1778 2243 1815; x_wconf 77' lang='grc' dir='ltr'><strong>η.</strong></span> <span class='ocrx_word' id='word_1_556' title='bbox 2303 1763 2368 1823; x_wconf 91' lang='grc'>1).</span> <span class='ocrx_word' id='word_1_557' title='bbox 2419 1762 2501 1817; x_wconf 87' lang='lat' dir='ltr'>Ibi</span> <span class='ocrx_word' id='word_1_558' title='bbox 2548 1764 2696 1818; x_wconf 83' lang='lat' dir='ltr'>inter</span> <span class='ocrx_word' id='word_1_559' title='bbox 2735 1770 2939 1819; x_wconf 79' lang='lat' dir='ltr'>caetera</span> <span class='ocrx_word' id='word_1_560' title='bbox 2976 1767 3032 1820; x_wconf 93' lang='lat' dir='ltr'>id</span> <span class='ocrx_word' id='word_1_561' title='bbox 3063 1765 3424 1836; x_wconf 90' lang='lat' dir='ltr'>potissimum</span> <span class='ocrx_word' id='word_1_562' title='bbox 3467 1768 3665 1822; x_wconf 91' lang='lat' dir='ltr'>suadet</span> 
     </span>
    </p>
   </div>
   <div class='ocr_carea' id='block_1_79' title="bbox 1969 1849 3662 1924">
    <p class='ocr_par' dir='ltr' id='par_1_79' title="bbox 1969 1849 3662 1924">
     <span class='ocr_line' id='line_1_79' title="bbox 1969 1849 3662 1924; baseline 0.004 -21"><span class='ocrx_word' id='word_1_563' title='bbox 1969 1849 2232 1915; x_wconf 74' lang='lat' dir='ltr'>Iuliana,</span> <span class='ocrx_word' id='word_1_564' title='bbox 2265 1851 2719 1907; x_wconf 88' lang='lat' dir='ltr'>adversariorum</span> <span class='ocrx_word' id='word_1_565' title='bbox 2752 1854 2953 1923; x_wconf 87' lang='lat' dir='ltr'>gratia</span> <span class='ocrx_word' id='word_1_566' title='bbox 2993 1853 3198 1908; x_wconf 89' lang='lat' dir='ltr'>Christi</span> <span class='ocrx_word' id='word_1_567' title='bbox 3228 1854 3548 1924; x_wconf 87' lang='lat' dir='ltr'>perniciosa</span> <span class='ocrx_word' id='word_1_568' title='bbox 3574 1856 3662 1910; x_wconf 87' lang='lat' dir='ltr'>fu-</span> 
     </span>
    </p>
   </div>
   <div class='ocr_carea' id='block_1_80' title="bbox 1969 1939 2853 2010">
    <p class='ocr_par' dir='ltr' id='par_1_80' title="bbox 1969 1939 2853 2010">
     <span class='ocr_line' id='line_1_80' title="bbox 1969 1939 2853 2010; baseline 0.007 -21"><span class='ocrx_word' id='word_1_569' title='bbox 1969 1953 2103 2008; x_wconf 91' lang='lat' dir='ltr'>gere</span> <span class='ocrx_word' id='word_1_570' title='bbox 2133 1939 2417 2009; x_wconf 89' lang='lat' dir='ltr'>colloquia</span> <span class='ocrx_word' id='word_1_571' title='bbox 2449 1941 2632 2008; x_wconf 83' lang='lat' dir='ltr'>(Ibid.,</span> <span class='ocrx_word' id='word_1_572' title='bbox 2663 1957 2717 1994; x_wconf 83' lang='lat' dir='ltr'>n.</span> <span class='ocrx_word' id='word_1_573' title='bbox 2746 1941 2853 2010; x_wconf 92' lang='grc'><strong>21).</strong></span> 
     </span>
    </p>
   </div>
   <div class='ocr_carea' id='block_1_81' title="bbox 2039 2027 3656 2087">
    <p class='ocr_par' dir='ltr' id='par_1_81' title="bbox 2039 2027 3656 2087">
     <span class='ocr_line' id='line_1_81' title="bbox 2039 2027 3656 2087; baseline 0.005 -8"><span class='ocrx_word' id='word_1_574' title='bbox 2039 2029 2096 2079; x_wconf 85' lang='grc'><strong>6.</strong></span> <span class='ocrx_word' id='word_1_575' title='bbox 2141 2027 2284 2080; x_wconf 87' lang='lat' dir='ltr'>Tum</span> <span class='ocrx_word' id='word_1_576' title='bbox 2315 2043 2446 2081; x_wconf 90' lang='lat' dir='ltr'>vero</span> <span class='ocrx_word' id='word_1_577' title='bbox 2483 2044 2611 2082; x_wconf 91' lang='lat' dir='ltr'>cum</span> <span class='ocrx_word' id='word_1_578' title='bbox 2655 2028 2992 2083; x_wconf 90' lang='lat' dir='ltr'>illustriores</span> <span class='ocrx_word' id='word_1_579' title='bbox 3023 2029 3280 2084; x_wconf 85' lang='lat' dir='ltr'>Ecclesia</span> <span class='ocrx_word' id='word_1_580' title='bbox 3319 2031 3426 2086; x_wconf 88' lang='lat' dir='ltr'>viri</span> <span class='ocrx_word' id='word_1_581' title='bbox 3463 2033 3656 2087; x_wconf 86' lang='lat' dir='ltr'>Deme-</span> 
     </span>
    </p>
   </div>
   <div class='ocr_carea' id='block_1_82' title="bbox 1968 2114 3664 2191">
    <p class='ocr_par' dir='ltr' id='par_1_82' title="bbox 1968 2114 3664 2191">
     <span class='ocr_line' id='line_1_82' title="bbox 1968 2114 3664 2191; baseline 0.005 -23"><span class='ocrx_word' id='word_1_582' title='bbox 1968 2114 2232 2180; x_wconf 89' lang='lat' dir='ltr'>triadem,</span> <span class='ocrx_word' id='word_1_583' title='bbox 2275 2115 2344 2168; x_wconf 91' lang='lat' dir='ltr'>ab</span> <span class='ocrx_word' id='word_1_584' title='bbox 2390 2116 2514 2169; x_wconf 88' lang='lat' dir='ltr'>avia</span> <span class='ocrx_word' id='word_1_585' title='bbox 2553 2120 2610 2170; x_wconf 92' lang='lat' dir='ltr'>et</span> <span class='ocrx_word' id='word_1_586' title='bbox 2646 2134 2679 2171; x_wconf 92' lang='lat' dir='ltr'>a</span> <span class='ocrx_word' id='word_1_587' title='bbox 2717 2122 2899 2172; x_wconf 87' lang='lat' dir='ltr'>matre</span> <span class='ocrx_word' id='word_1_588' title='bbox 2948 2119 3071 2188; x_wconf 89' lang='lat' dir='ltr'>ejus</span> <span class='ocrx_word' id='word_1_589' title='bbox 3113 2119 3319 2188; x_wconf 91' lang='lat' dir='ltr'>rogati,</span> <span class='ocrx_word' id='word_1_590' title='bbox 3368 2122 3664 2191; x_wconf 86' lang='lat' dir='ltr'>praceptis</span> 
     </span>
    </p>
   </div>
   <div class='ocr_carea' id='block_1_83' title="bbox 1968 2203 3660 2276">
    <p class='ocr_par' dir='ltr' id='par_1_83' title="bbox 1968 2203 3660 2276">
     <span class='ocr_line' id='line_1_83' title="bbox 1968 2203 3660 2276; baseline 0.006 -21"><span class='ocrx_word' id='word_1_591' title='bbox 1968 2203 2278 2257; x_wconf 87' lang='lat' dir='ltr'>informare</span> <span class='ocrx_word' id='word_1_592' title='bbox 2323 2220 2386 2258; x_wconf 92' lang='lat' dir='ltr'>ac</span> <span class='ocrx_word' id='word_1_593' title='bbox 2431 2204 2490 2258; x_wconf 90' lang='lat' dir='ltr'>in</span> <span class='ocrx_word' id='word_1_594' title='bbox 2533 2209 2724 2260; x_wconf 90' lang='lat' dir='ltr'>sancto</span> <span class='ocrx_word' id='word_1_595' title='bbox 2765 2207 3056 2276; x_wconf 88' lang='lat' dir='ltr'>proposito</span> <span class='ocrx_word' id='word_1_596' title='bbox 3095 2208 3431 2262; x_wconf 85' lang='lat' dir='ltr'>confirmare</span> <span class='ocrx_word' id='word_1_597' title='bbox 3471 2210 3660 2265; x_wconf 90' lang='lat' dir='ltr'>stude-</span> 
     </span>
    </p>
   </div>
   <div class='ocr_carea' id='block_1_84' title="bbox 1968 2291 3662 2367">
    <p class='ocr_par' dir='ltr' id='par_1_84' title="bbox 1968 2291 3662 2367">
     <span class='ocr_line' id='line_1_84' title="bbox 1968 2291 3662 2367; baseline 0.005 -24"><span class='ocrx_word' id='word_1_598' title='bbox 1968 2295 2124 2354; x_wconf 88' lang='lat' dir='ltr'>rent;</span> <span class='ocrx_word' id='word_1_599' title='bbox 2162 2291 2421 2361; x_wconf 87' lang='lat' dir='ltr'>Pelagius</span> <span class='ocrx_word' id='word_1_600' title='bbox 2461 2309 2689 2363; x_wconf 89' lang='lat' dir='ltr'>quoque</span> <span class='ocrx_word' id='word_1_601' title='bbox 2721 2294 2826 2347; x_wconf 90' lang='lat' dir='ltr'>sibi</span> <span class='ocrx_word' id='word_1_602' title='bbox 2858 2295 3048 2348; x_wconf 90' lang='lat' dir='ltr'>deesse</span> <span class='ocrx_word' id='word_1_603' title='bbox 3087 2296 3289 2361; x_wconf 90' lang='lat' dir='ltr'>noluit,</span> <span class='ocrx_word' id='word_1_604' title='bbox 3325 2297 3462 2367; x_wconf 89' lang='lat' dir='ltr'>quin</span> <span class='ocrx_word' id='word_1_605' title='bbox 3493 2298 3662 2352; x_wconf 89' lang='lat' dir='ltr'>haece</span> 
     </span>
    </p>
   </div>
   <div class='ocr_carea' id='block_1_85' title="bbox 1967 2379 3661 2452">
    <p class='ocr_par' dir='ltr' id='par_1_85' title="bbox 1967 2379 3661 2452">
     <span class='ocr_line' id='line_1_85' title="bbox 1967 2379 3661 2452; baseline 0.005 -21"><span class='ocrx_word' id='word_1_606' title='bbox 1967 2379 2298 2449; x_wconf 86' lang='lat' dir='ltr'>colligenda</span> <span class='ocrx_word' id='word_1_607' title='bbox 2328 2380 2494 2434; x_wconf 87' lang='lat' dir='ltr'>fama</span> <span class='ocrx_word' id='word_1_608' title='bbox 2533 2381 2820 2452; x_wconf 74' lang='lat' dir='ltr'>simulque</span> <span class='ocrx_word' id='word_1_609' title='bbox 2853 2383 3110 2438; x_wconf 86' lang='lat' dir='ltr'>tradendi</span> <span class='ocrx_word' id='word_1_610' title='bbox 3149 2385 3235 2437; x_wconf 91' lang='lat' dir='ltr'>sui</span> <span class='ocrx_word' id='word_1_611' title='bbox 3267 2387 3475 2440; x_wconf 89' lang='lat' dir='ltr'>erroris</span> <span class='ocrx_word' id='word_1_612' title='bbox 3503 2402 3661 2440; x_wconf 89' lang='lat' dir='ltr'>occa-</span> 
     </span>
    </p>
   </div>
   <div class='ocr_carea' id='block_1_86' title="bbox 1970 2468 3662 2544">
    <p class='ocr_par' dir='ltr' id='par_1_86' title="bbox 1970 2468 3662 2544">
     <span class='ocr_line' id='line_1_86' title="bbox 1970 2468 3662 2544; baseline 0.004 -24"><span class='ocrx_word' id='word_1_613' title='bbox 1970 2468 2129 2521; x_wconf 91' lang='lat' dir='ltr'>sione</span> <span class='ocrx_word' id='word_1_614' title='bbox 2169 2473 2442 2523; x_wconf 88' lang='lat' dir='ltr'>uteretur.</span> <span class='ocrx_word' id='word_1_615' title='bbox 2481 2471 2791 2541; x_wconf 84' lang='lat' dir='ltr'>Epistolam</span> <span class='ocrx_word' id='word_1_616' title='bbox 2839 2488 2975 2542; x_wconf 90' lang='lat' dir='ltr'>ergo</span> <span class='ocrx_word' id='word_1_617' title='bbox 3007 2477 3063 2526; x_wconf 89' lang='lat' dir='ltr'>et</span> <span class='ocrx_word' id='word_1_618' title='bbox 3101 2473 3222 2544; x_wconf 91' lang='lat' dir='ltr'>ipse</span> <span class='ocrx_word' id='word_1_619' title='bbox 3269 2474 3474 2528; x_wconf 89' lang='lat' dir='ltr'>nobilis</span> <span class='ocrx_word' id='word_1_620' title='bbox 3511 2475 3662 2528; x_wconf 92' lang='lat' dir='ltr'>illius</span> 
     </span>
    </p>
   </div>
   <div class='ocr_carea' id='block_1_87' title="bbox 1967 2557 3664 2634">
    <p class='ocr_par' dir='ltr' id='par_1_87' title="bbox 1967 2557 3664 2634">
     <span class='ocr_line' id='line_1_87' title="bbox 1967 2557 3664 2634; baseline 0.005 -25"><span class='ocrx_word' id='word_1_621' title='bbox 1967 2557 2206 2626; x_wconf 87' lang='lat' dir='ltr'>virginis</span> <span class='ocrx_word' id='word_1_622' title='bbox 2234 2557 2600 2613; x_wconf 88' lang='lat' dir='ltr'>instituenda.</span> <span class='ocrx_word' id='word_1_623' title='bbox 2628 2576 2795 2614; x_wconf 89' lang='lat' dir='ltr'>causa</span> <span class='ocrx_word' id='word_1_624' title='bbox 2820 2577 2941 2615; x_wconf 88' lang='lat' dir='ltr'>eam</span> <span class='ocrx_word' id='word_1_625' title='bbox 2966 2562 3210 2632; x_wconf 89' lang='lat' dir='ltr'>scripsit,</span> <span class='ocrx_word' id='word_1_626' title='bbox 3234 2580 3361 2634; x_wconf 81' lang='lat' dir='ltr'>qua</span> <span class='ocrx_word' id='word_1_627' title='bbox 3391 2563 3451 2617; x_wconf 92' lang='lat' dir='ltr'>in</span> <span class='ocrx_word' id='word_1_628' title='bbox 3476 2565 3664 2633; x_wconf 83' lang='lat' dir='ltr'>Augu-</span> 
     </span>
    </p>
   </div>
   <div class='ocr_carea' id='block_1_88' title="bbox 1969 2645 3660 2720">
    <p class='ocr_par' dir='ltr' id='par_1_88' title="bbox 1969 2645 3660 2720">
     <span class='ocr_line' id='line_1_88' title="bbox 1969 2645 3660 2720; baseline 0.005 -22"><span class='ocrx_word' id='word_1_629' title='bbox 1969 2645 2341 2700; x_wconf 88' lang='lat' dir='ltr'>stinianarum</span> <span class='ocrx_word' id='word_1_630' title='bbox 2393 2649 2724 2717; x_wconf 89' lang='lat' dir='ltr'>appendice,</span> <span class='ocrx_word' id='word_1_631' title='bbox 2756 2649 3054 2720; x_wconf 89' lang='lat' dir='ltr'>incipiens,</span> <span class='ocrx_word' id='word_1_632' title='bbox 3086 2652 3148 2706; x_wconf 88' lang='lat' dir='ltr'>Si</span> <span class='ocrx_word' id='word_1_633' title='bbox 3183 2668 3387 2706; x_wconf 88' lang='lat' dir='ltr'>summo</span> <span class='ocrx_word' id='word_1_634' title='bbox 3427 2655 3660 2720; x_wconf 80' lang='lat' dir='ltr'>ingenio,</span> 
     </span>
    </p>
   </div>
   <div class='ocr_carea' id='block_1_89' title="bbox 1969 2734 3659 2810">
    <p class='ocr_par' dir='ltr' id='par_1_89' title="bbox 1969 2734 3659 2810">
     <span class='ocr_line' id='line_1_89' title="bbox 1969 2734 3659 2810; baseline 0.004 -24"><span class='ocrx_word' id='word_1_635' title='bbox 1969 2734 2319 2803; x_wconf 89' lang='lat' dir='ltr'>conspicitur</span> <span class='ocrx_word' id='word_1_636' title='bbox 2360 2736 2663 2805; x_wconf 61' lang='lat' dir='ltr'>(Append,</span> <span class='ocrx_word' id='word_1_637' title='bbox 2697 2739 2871 2805; x_wconf 83' lang='lat' dir='ltr'>Epist.</span> <span class='ocrx_word' id='word_1_638' title='bbox 2923 2741 3027 2804; x_wconf 85' lang='grc'><strong>17).</strong></span> <span class='ocrx_word' id='word_1_639' title='bbox 3062 2739 3215 2792; x_wconf 90' lang='lat' dir='ltr'>Inter</span> <span class='ocrx_word' id='word_1_640' title='bbox 3252 2754 3320 2791; x_wconf 89' lang='lat' dir='ltr'>ea</span> <span class='ocrx_word' id='word_1_641' title='bbox 3356 2744 3659 2810; x_wconf 87' lang='lat' dir='ltr'>pracepta,</span> 
     </span>
    </p>
   </div>
   <div class='ocr_carea' id='block_1_90' title="bbox 1969 2823 3658 2895">
    <p class='ocr_par' dir='ltr' id='par_1_90' title="bbox 1969 2823 3658 2895">
     <span class='ocr_line' id='line_1_90' title="bbox 1969 2823 3658 2895; baseline 0.004 -21"><span class='ocrx_word' id='word_1_642' title='bbox 1969 2823 2176 2892; x_wconf 88' lang='lat' dir='ltr'>quibus</span> <span class='ocrx_word' id='word_1_643' title='bbox 2209 2823 2626 2876; x_wconf 88' lang='lat' dir='ltr'>Demetriadem</span> <span class='ocrx_word' id='word_1_644' title='bbox 2646 2823 2874 2878; x_wconf 90' lang='lat' dir='ltr'>instruit</span> <span class='ocrx_word' id='word_1_645' title='bbox 2904 2826 3181 2895; x_wconf 89' lang='lat' dir='ltr'>Pelagius,</span> <span class='ocrx_word' id='word_1_646' title='bbox 3207 2826 3262 2880; x_wconf 91' lang='lat' dir='ltr'>id</span> <span class='ocrx_word' id='word_1_647' title='bbox 3288 2843 3412 2880; x_wconf 91' lang='lat' dir='ltr'>eam</span> <span class='ocrx_word' id='word_1_648' title='bbox 3441 2833 3658 2894; x_wconf 91' lang='lat' dir='ltr'>monet,</span> 
     </span>
    </p>
   </div>
   <div class='ocr_carea' id='block_1_91' title="bbox 1968 2909 3656 2984">
    <p class='ocr_par' dir='ltr' id='par_1_91' title="bbox 1968 2909 3656 2984">
     <span class='ocr_line' id='line_1_91' title="bbox 1968 2909 3656 2984; baseline 0.003 -21"><span class='ocrx_word' id='word_1_649' title='bbox 1968 2914 2032 2964; x_wconf 92' lang='lat' dir='ltr'>ut</span> <span class='ocrx_word' id='word_1_650' title='bbox 2061 2910 2167 2963; x_wconf 91' lang='lat' dir='ltr'>sibi</span> <span class='ocrx_word' id='word_1_651' title='bbox 2196 2909 2252 2962; x_wconf 92' lang='lat' dir='ltr'>in</span> <span class='ocrx_word' id='word_1_652' title='bbox 2285 2910 2449 2974; x_wconf 90' lang='lat' dir='ltr'>Urbe,</span> <span class='ocrx_word' id='word_1_653' title='bbox 2495 2926 2623 2980; x_wconf 85' lang='lat' dir='ltr'>qua</span> <span class='ocrx_word' id='word_1_654' title='bbox 2654 2928 2758 2964; x_wconf 85' lang='lat' dir='ltr'>vox</span> <span class='ocrx_word' id='word_1_655' title='bbox 2800 2913 3041 2966; x_wconf 82' lang='lat' dir='ltr'>Romam</span> <span class='ocrx_word' id='word_1_656' title='bbox 3086 2914 3316 2983; x_wconf 90' lang='lat' dir='ltr'>proprie</span> <span class='ocrx_word' id='word_1_657' title='bbox 3355 2915 3656 2984; x_wconf 80' lang='lat' dir='ltr'>significat,</span> 
     </span>
    </p>
   </div>
   <div class='ocr_carea' id='block_1_92' title="bbox 1967 2997 3658 3072">
    <p class='ocr_par' dir='ltr' id='par_1_92' title="bbox 1967 2997 3658 3072">
     <span class='ocr_line' id='line_1_92' title="bbox 1967 2997 3658 3072; baseline 0.003 -21"><span class='ocrx_word' id='word_1_658' title='bbox 1967 2997 2334 3052; x_wconf 88' lang='lat' dir='ltr'>solitudinem</span> <span class='ocrx_word' id='word_1_659' title='bbox 2358 2997 2617 3052; x_wconf 89' lang='lat' dir='ltr'>instituat</span> <span class='ocrx_word' id='word_1_660' title='bbox 2647 3000 2828 3065; x_wconf 87' lang='lat' dir='ltr'>(Ibid.,</span> <span class='ocrx_word' id='word_1_661' title='bbox 2863 3015 2983 3069; x_wconf 87' lang='lat' dir='ltr'>cap.</span> <span class='ocrx_word' id='word_1_662' title='bbox 3016 3003 3125 3069; x_wconf 83' lang='lat'>23).</span> <span class='ocrx_word' id='word_1_663' title='bbox 3150 3003 3213 3054; x_wconf 88' lang='lat' dir='ltr'>Et</span> <span class='ocrx_word' id='word_1_664' title='bbox 3242 3007 3412 3068; x_wconf 86' lang='lat' dir='ltr'>certe,</span> <span class='ocrx_word' id='word_1_665' title='bbox 3437 3003 3658 3072; x_wconf 89' lang='lat' dir='ltr'>quomi-</span> 
     </span>
    </p>
   </div>
   <div class='ocr_carea' id='block_1_93' title="bbox 1965 3087 3654 3160">
    <p class='ocr_par' dir='ltr' id='par_1_93' title="bbox 1965 3087 3654 3160">
     <span class='ocr_line' id='line_1_93' title="bbox 1965 3087 3654 3160; baseline 0.004 -20"><span class='ocrx_word' id='word_1_666' title='bbox 1965 3104 2073 3141; x_wconf 90' lang='lat' dir='ltr'>nus</span> <span class='ocrx_word' id='word_1_667' title='bbox 2104 3103 2168 3140; x_wconf 91' lang='lat' dir='ltr'>eo</span> <span class='ocrx_word' id='word_1_668' title='bbox 2202 3087 2380 3140; x_wconf 91' lang='lat' dir='ltr'>Proba</span> <span class='ocrx_word' id='word_1_669' title='bbox 2403 3087 2525 3157; x_wconf 89' lang='lat' dir='ltr'>jam</span> <span class='ocrx_word' id='word_1_670' title='bbox 2557 3091 2677 3141; x_wconf 91' lang='lat' dir='ltr'>tum</span> <span class='ocrx_word' id='word_1_671' title='bbox 2709 3103 2934 3141; x_wconf 88' lang='lat' dir='ltr'>reversa</span> <span class='ocrx_word' id='word_1_672' title='bbox 2965 3089 3157 3157; x_wconf 89' lang='lat' dir='ltr'>fuerit,</span> <span class='ocrx_word' id='word_1_673' title='bbox 3193 3090 3336 3143; x_wconf 90' lang='lat' dir='ltr'>nihil</span> <span class='ocrx_word' id='word_1_674' title='bbox 3370 3091 3654 3160; x_wconf 87' lang='lat' dir='ltr'>prohibet.</span> 
     </span>
    </p>
   </div>
   <div class='ocr_carea' id='block_1_94' title="bbox 1967 3175 3659 3246">
    <p class='ocr_par' dir='ltr' id='par_1_94' title="bbox 1967 3175 3659 3246">
     <span class='ocr_line' id='line_1_94' title="bbox 1967 3175 3659 3246; baseline 0.004 -19"><span class='ocrx_word' id='word_1_675' title='bbox 1967 3175 2235 3229; x_wconf 85' lang='lat' dir='ltr'>Videmus</span> <span class='ocrx_word' id='word_1_676' title='bbox 2252 3175 2449 3228; x_wconf 89' lang='lat' dir='ltr'>saltem</span> <span class='ocrx_word' id='word_1_677' title='bbox 2472 3175 2543 3228; x_wconf 89' lang='lat' dir='ltr'>ab</span> <span class='ocrx_word' id='word_1_678' title='bbox 2565 3175 2913 3246; x_wconf 84' lang='lat' dir='ltr'>Hieronymo</span> <span class='ocrx_word' id='word_1_679' title='bbox 2939 3177 3378 3245; x_wconf 89' lang='lat' dir='ltr'>Demetriadem,</span> <span class='ocrx_word' id='word_1_680' title='bbox 3407 3183 3463 3232; x_wconf 90' lang='lat' dir='ltr'>ut</span> <span class='ocrx_word' id='word_1_681' title='bbox 3486 3179 3659 3234; x_wconf 89' lang='lat' dir='ltr'>ﬁdem</span> 
     </span>
    </p>
   </div>
   <div class='ocr_carea' id='block_1_95' title="bbox 1968 3264 3657 3338">
    <p class='ocr_par' dir='ltr' id='par_1_95' title="bbox 1968 3264 3657 3338">
     <span class='ocr_line' id='line_1_95' title="bbox 1968 3264 3657 3338; baseline 0.002 -20"><span class='ocrx_word' id='word_1_682' title='bbox 1968 3264 2287 3318; x_wconf 90' lang='lat' dir='ltr'>Innocentii</span> <span class='ocrx_word' id='word_1_683' title='bbox 2317 3269 2610 3334; x_wconf 86' lang='lat' dir='ltr'>sequatur,</span> <span class='ocrx_word' id='word_1_684' title='bbox 2654 3264 2982 3332; x_wconf 88' lang='lat' dir='ltr'>admoneri;</span> <span class='ocrx_word' id='word_1_685' title='bbox 3017 3267 3174 3320; x_wconf 92' lang='lat' dir='ltr'>nulla</span> <span class='ocrx_word' id='word_1_686' title='bbox 3214 3267 3439 3320; x_wconf 91' lang='lat' dir='ltr'>interim</span> <span class='ocrx_word' id='word_1_687' title='bbox 3472 3283 3657 3338; x_wconf 90' lang='lat' dir='ltr'>neque</span> 
     </span>
    </p>
   </div>
   <div class='ocr_carea' id='block_1_96' title="bbox 1966 3353 3655 3424">
    <p class='ocr_par' dir='ltr' id='par_1_96' title="bbox 1966 3353 3655 3424">
     <span class='ocr_line' id='line_1_96' title="bbox 1966 3353 3655 3424; baseline 0.002 -17"><span class='ocrx_word' id='word_1_688' title='bbox 1966 3353 2200 3417; x_wconf 87' lang='lat' dir='ltr'>Aurelii,</span> <span class='ocrx_word' id='word_1_689' title='bbox 2257 3368 2443 3423; x_wconf 90' lang='lat' dir='ltr'>neque</span> <span class='ocrx_word' id='word_1_690' title='bbox 2495 3353 2817 3423; x_wconf 89' lang='lat' dir='ltr'>Augustini,</span> <span class='ocrx_word' id='word_1_691' title='bbox 2863 3355 3154 3409; x_wconf 90' lang='lat' dir='ltr'>mentione</span> <span class='ocrx_word' id='word_1_692' title='bbox 3202 3356 3346 3409; x_wconf 85' lang='lat' dir='ltr'>facta</span> <span class='ocrx_word' id='word_1_693' title='bbox 3395 3358 3655 3424; x_wconf 85' lang='lat' dir='ltr'>(Hieron.,</span> 
     </span>
    </p>
   </div>
   <div class='ocr_carea' id='block_1_97' title="bbox 1967 3438 3658 3512">
    <p class='ocr_par' dir='ltr' id='par_1_97' title="bbox 1967 3438 3658 3512">
     <span class='ocr_line' id='line_1_97' title="bbox 1967 3438 3658 3512; baseline 0.001 -19"><span class='ocrx_word' id='word_1_694' title='bbox 1967 3442 2146 3508; x_wconf 83' lang='lat' dir='ltr'>Epist.</span> <span class='ocrx_word' id='word_1_695' title='bbox 2179 3438 2252 3509; x_wconf 91' lang='lat'>8).</span> <span class='ocrx_word' id='word_1_696' title='bbox 2271 3441 2520 3510; x_wconf 89' lang='lat' dir='ltr'>Apparet</span> <span class='ocrx_word' id='word_1_697' title='bbox 2547 3440 2800 3512; x_wconf 88' lang='lat' dir='ltr'>insuper,</span> <span class='ocrx_word' id='word_1_698' title='bbox 2825 3441 3080 3511; x_wconf 88' lang='lat' dir='ltr'>epistola</span> <span class='ocrx_word' id='word_1_699' title='bbox 3110 3441 3426 3512; x_wconf 86' lang='lat' dir='ltr'>Pelagiana</span> <span class='ocrx_word' id='word_1_700' title='bbox 3448 3442 3658 3495; x_wconf 88' lang='lat' dir='ltr'>famam</span> 
     </span>
    </p>
   </div>
   <div class='ocr_carea' id='block_1_98' title="bbox 1969 3527 3657 3600">
    <p class='ocr_par' dir='ltr' id='par_1_98' title="bbox 1969 3527 3657 3600">
     <span class='ocr_line' id='line_1_98' title="bbox 1969 3527 3657 3600; baseline 0.001 -18"><span class='ocrx_word' id='word_1_701' title='bbox 1969 3528 2035 3582; x_wconf 88' lang='lat' dir='ltr'>ad</span> <span class='ocrx_word' id='word_1_702' title='bbox 2067 3527 2447 3597; x_wconf 84' lang='lat' dir='ltr'>Augustinum</span> <span class='ocrx_word' id='word_1_703' title='bbox 2475 3545 2840 3599; x_wconf 89' lang='lat' dir='ltr'>nequaquam</span> <span class='ocrx_word' id='word_1_704' title='bbox 2871 3534 3001 3582; x_wconf 90' lang='lat' dir='ltr'>ante</span> <span class='ocrx_word' id='word_1_705' title='bbox 3027 3545 3242 3583; x_wconf 89' lang='lat' dir='ltr'>annum</span> <span class='ocrx_word' id='word_1_706' title='bbox 3272 3529 3657 3600; x_wconf 88' lang='lat' dir='ltr'>quadringen-</span> 
     </span>
    </p>
   </div>
   <div class='ocr_carea' id='block_1_99' title="bbox 1968 3615 3659 3688">
    <p class='ocr_par' dir='ltr' id='par_1_99' title="bbox 1968 3615 3659 3688">
     <span class='ocr_line' id='line_1_99' title="bbox 1968 3615 3659 3688; baseline 0.002 -19"><span class='ocrx_word' id='word_1_707' title='bbox 1968 3615 2236 3669; x_wconf 90' lang='lat' dir='ltr'>tesimum</span> <span class='ocrx_word' id='word_1_708' title='bbox 2277 3616 2561 3670; x_wconf 88' lang='lat' dir='ltr'>decimum</span> <span class='ocrx_word' id='word_1_709' title='bbox 2607 3621 2830 3670; x_wconf 82' lang='lat' dir='ltr'>sextum</span> <span class='ocrx_word' id='word_1_710' title='bbox 2877 3621 2975 3671; x_wconf 88' lang='lat' dir='ltr'>aut</span> <span class='ocrx_word' id='word_1_711' title='bbox 3019 3618 3302 3672; x_wconf 89' lang='lat' dir='ltr'>decimum</span> <span class='ocrx_word' id='word_1_712' title='bbox 3353 3618 3659 3688; x_wconf 90' lang='lat' dir='ltr'>septimum</span> 
     </span>
    </p>
   </div>
   <div class='ocr_carea' id='block_1_100' title="bbox 1967 3703 3660 3774">
    <p class='ocr_par' dir='ltr' id='par_1_100' title="bbox 1967 3703 3660 3774">
     <span class='ocr_line' id='line_1_100' title="bbox 1967 3703 3660 3774; baseline 0.001 -17"><span class='ocrx_word' id='word_1_713' title='bbox 1967 3703 2293 3773; x_wconf 88' lang='lat' dir='ltr'>pervenisse</span> <span class='ocrx_word' id='word_1_714' title='bbox 2327 3719 2339 3756; x_wconf 90' lang='lat'>:</span> <span class='ocrx_word' id='word_1_715' title='bbox 2373 3704 2524 3773; x_wconf 91' lang='lat' dir='ltr'>quod</span> <span class='ocrx_word' id='word_1_716' title='bbox 2545 3704 2800 3774; x_wconf 89' lang='lat' dir='ltr'>quidem,</span> <span class='ocrx_word' id='word_1_717' title='bbox 2833 3705 2878 3757; x_wconf 92' lang='lat' dir='ltr'>si</span> <span class='ocrx_word' id='word_1_718' title='bbox 2905 3721 3130 3774; x_wconf 91' lang='lat' dir='ltr'>semper</span> <span class='ocrx_word' id='word_1_719' title='bbox 3154 3705 3214 3759; x_wconf 90' lang='lat' dir='ltr'>in</span> <span class='ocrx_word' id='word_1_720' title='bbox 3232 3706 3418 3759; x_wconf 89' lang='lat' dir='ltr'>Africa</span> <span class='ocrx_word' id='word_1_721' title='bbox 3437 3722 3660 3760; x_wconf 86' lang='lat' dir='ltr'>reman-</span> 
     </span>
    </p>
   </div>
   <div class='ocr_carea' id='block_1_101' title="bbox 1968 3791 3659 3862">
    <p class='ocr_par' dir='ltr' id='par_1_101' title="bbox 1968 3791 3659 3862">
     <span class='ocr_line' id='line_1_101' title="bbox 1968 3791 3659 3862; baseline 0.002 -18"><span class='ocrx_word' id='word_1_722' title='bbox 1968 3792 2132 3845; x_wconf 91' lang='lat' dir='ltr'>sisset</span> <span class='ocrx_word' id='word_1_723' title='bbox 2155 3791 2486 3859; x_wconf 84' lang='lat' dir='ltr'>Demetrias,</span> <span class='ocrx_word' id='word_1_724' title='bbox 2504 3791 2593 3844; x_wconf 84' lang='lat' dir='ltr'>vix</span> <span class='ocrx_word' id='word_1_725' title='bbox 2619 3791 2739 3844; x_wconf 80' lang='lat' dir='ltr'>fieri</span> <span class='ocrx_word' id='word_1_726' title='bbox 2773 3794 3062 3862; x_wconf 88' lang='lat' dir='ltr'>potuisset.</span> <span class='ocrx_word' id='word_1_727' title='bbox 3103 3793 3247 3848; x_wconf 92' lang='lat' dir='ltr'>Illud</span> <span class='ocrx_word' id='word_1_728' title='bbox 3275 3795 3472 3848; x_wconf 90' lang='lat' dir='ltr'>saltem</span> <span class='ocrx_word' id='word_1_729' title='bbox 3501 3799 3659 3848; x_wconf 78' lang='lat' dir='ltr'>extra</span> 
     </span>
    </p>
   </div>
   <div class='ocr_carea' id='block_1_102' title="bbox 1970 3879 3657 3951">
    <p class='ocr_par' dir='ltr' id='par_1_102' title="bbox 1970 3879 3657 3951">
     <span class='ocr_line' id='line_1_102' title="bbox 1970 3879 3657 3951; baseline 0.002 -18"><span class='ocrx_word' id='word_1_730' title='bbox 1970 3879 2228 3943; x_wconf 88' lang='lat' dir='ltr'>dubium,</span> <span class='ocrx_word' id='word_1_731' title='bbox 2252 3879 2398 3932; x_wconf 91' lang='lat' dir='ltr'>hanc</span> <span class='ocrx_word' id='word_1_732' title='bbox 2430 3879 2726 3949; x_wconf 91' lang='lat' dir='ltr'>epistolam</span> <span class='ocrx_word' id='word_1_733' title='bbox 2758 3879 2946 3950; x_wconf 92' lang='lat' dir='ltr'>ipsum</span> <span class='ocrx_word' id='word_1_734' title='bbox 2979 3881 3206 3934; x_wconf 91' lang='lat' dir='ltr'>nonnisi</span> <span class='ocrx_word' id='word_1_735' title='bbox 3226 3886 3352 3950; x_wconf 84' lang='lat' dir='ltr'>post</span> <span class='ocrx_word' id='word_1_736' title='bbox 3382 3882 3657 3951; x_wconf 81' lang='lat' dir='ltr'>synodum</span> 
     </span>
    </p>
   </div>
   <div class='ocr_carea' id='block_1_103' title="bbox 1968 3967 3658 4038">
    <p class='ocr_par' dir='ltr' id='par_1_103' title="bbox 1968 3967 3658 4038">
     <span class='ocr_line' id='line_1_103' title="bbox 1968 3967 3658 4038; baseline 0.001 -17"><span class='ocrx_word' id='word_1_737' title='bbox 1968 3967 2348 4032; x_wconf 78' lang='lat' dir='ltr'>Palaestinam,</span> <span class='ocrx_word' id='word_1_738' title='bbox 2383 3983 2511 4038; x_wconf 86' lang='lat' dir='ltr'>qua</span> <span class='ocrx_word' id='word_1_739' title='bbox 2547 3970 2770 4020; x_wconf 89' lang='lat' dir='ltr'>tantum</span> <span class='ocrx_word' id='word_1_740' title='bbox 2803 3967 2906 4021; x_wconf 91' lang='lat' dir='ltr'>sub</span> <span class='ocrx_word' id='word_1_741' title='bbox 2936 3968 3072 4020; x_wconf 91' lang='lat' dir='ltr'>anni</span> <span class='ocrx_word' id='word_1_742' title='bbox 3112 3968 3658 4038; x_wconf 87' lang='lat' dir='ltr'>quadringentesimi</span> 
     </span>
    </p>
   </div>
   <div class='ocr_carea' id='block_1_104' title="bbox 1969 4055 3657 4127">
    <p class='ocr_par' dir='ltr' id='par_1_104' title="bbox 1969 4055 3657 4127">
     <span class='ocr_line' id='line_1_104' title="bbox 1969 4055 3657 4127; baseline -0.001 -16"><span class='ocrx_word' id='word_1_743' title='bbox 1969 4056 2173 4111; x_wconf 89' lang='lat' dir='ltr'>decimi</span> <span class='ocrx_word' id='word_1_744' title='bbox 2208 4055 2396 4127; x_wconf 90' lang='lat' dir='ltr'>quinti</span> <span class='ocrx_word' id='word_1_745' title='bbox 2426 4057 2601 4110; x_wconf 82' lang='lat' dir='ltr'>tinem</span> <span class='ocrx_word' id='word_1_746' title='bbox 2644 4056 2923 4110; x_wconf 88' lang='lat' dir='ltr'>celebrata</span> <span class='ocrx_word' id='word_1_747' title='bbox 2962 4061 3062 4122; x_wconf 86' lang='lat' dir='ltr'>est,</span> <span class='ocrx_word' id='word_1_748' title='bbox 3094 4056 3448 4127; x_wconf 85' lang='lat' dir='ltr'>conspexisse</span> <span class='ocrx_word' id='word_1_749' title='bbox 3483 4072 3494 4109; x_wconf 94' lang='lat'>:</span> <span class='ocrx_word' id='word_1_750' title='bbox 3528 4072 3657 4110; x_wconf 92' lang='lat' dir='ltr'>cum</span> 
     </span>
    </p>
   </div>
   <div class='ocr_carea' id='block_1_105' title="bbox 1969 4145 3658 4216">
    <p class='ocr_par' dir='ltr' id='par_1_105' title="bbox 1969 4145 3658 4216">
     <span class='ocr_line' id='line_1_105' title="bbox 1969 4145 3658 4216; baseline 0 -18"><span class='ocrx_word' id='word_1_751' title='bbox 1969 4145 2037 4211; x_wconf 90' lang='lat' dir='ltr'>is,</span> <span class='ocrx_word' id='word_1_752' title='bbox 2072 4161 2141 4198; x_wconf 91' lang='lat' dir='ltr'>an</span> <span class='ocrx_word' id='word_1_753' title='bbox 2172 4149 2303 4198; x_wconf 90' lang='lat' dir='ltr'>ante</span> <span class='ocrx_word' id='word_1_754' title='bbox 2354 4145 2637 4216; x_wconf 81' lang='lat' dir='ltr'>synodum</span> <span class='ocrx_word' id='word_1_755' title='bbox 2682 4145 2859 4210; x_wconf 92' lang='lat' dir='ltr'>illam,</span> <span class='ocrx_word' id='word_1_756' title='bbox 2911 4161 2984 4198; x_wconf 91' lang='lat' dir='ltr'>an</span> <span class='ocrx_word' id='word_1_757' title='bbox 3029 4161 3160 4198; x_wconf 91' lang='lat' dir='ltr'>vero</span> <span class='ocrx_word' id='word_1_758' title='bbox 3208 4150 3406 4215; x_wconf 90' lang='lat' dir='ltr'>postea</span> <span class='ocrx_word' id='word_1_759' title='bbox 3453 4145 3658 4215; x_wconf 88' lang='lat' dir='ltr'>scripta</span> 
     </span>
    </p>
   </div>
   <div class='ocr_carea' id='block_1_106' title="bbox 1969 4233 3659 4305">
    <p class='ocr_par' dir='ltr' id='par_1_106' title="bbox 1969 4233 3659 4305">
     <span class='ocr_line' id='line_1_106' title="bbox 1969 4233 3659 4305; baseline -0.001 -17"><span class='ocrx_word' id='word_1_760' title='bbox 1969 4234 2161 4300; x_wconf 83' lang='lat' dir='ltr'>fuerit,</span> <span class='ocrx_word' id='word_1_761' title='bbox 2200 4233 2454 4304; x_wconf 88' lang='lat' dir='ltr'>ambigat</span> <span class='ocrx_word' id='word_1_762' title='bbox 2485 4237 2578 4302; x_wconf 78' lang='lat' dir='ltr'>(De</span> <span class='ocrx_word' id='word_1_763' title='bbox 2609 4234 2802 4290; x_wconf 84' lang='lat' dir='ltr'>Gratia</span> <span class='ocrx_word' id='word_1_764' title='bbox 2834 4235 3056 4301; x_wconf 88' lang='lat' dir='ltr'>Christi,</span> <span class='ocrx_word' id='word_1_765' title='bbox 3083 4250 3136 4288; x_wconf 86' lang='grc' dir='ltr'><strong>η.</strong></span> <span class='ocrx_word' id='word_1_766' title='bbox 3169 4237 3279 4301; x_wconf 88' lang='grc'><strong>23).</strong></span> <span class='ocrx_word' id='word_1_767' title='bbox 3312 4233 3659 4305; x_wconf 82' lang='lat' dir='ltr'>Augustinus</span> 
     </span>
    </p>
   </div>
   <div class='ocr_carea' id='block_1_107' title="bbox 1970 4321 3658 4394">
    <p class='ocr_par' dir='ltr' id='par_1_107' title="bbox 1970 4321 3658 4394">
     <span class='ocr_line' id='line_1_107' title="bbox 1970 4321 3658 4394; baseline -0.002 -17"><span class='ocrx_word' id='word_1_768' title='bbox 1970 4323 2267 4393; x_wconf 90' lang='lat' dir='ltr'>epistolam</span> <span class='ocrx_word' id='word_1_769' title='bbox 2291 4322 2438 4376; x_wconf 90' lang='lat' dir='ltr'>hanc</span> <span class='ocrx_word' id='word_1_770' title='bbox 2469 4323 2614 4376; x_wconf 90' lang='lat' dir='ltr'>forte</span> <span class='ocrx_word' id='word_1_771' title='bbox 2636 4322 2755 4393; x_wconf 87' lang='lat' dir='ltr'>jam</span> <span class='ocrx_word' id='word_1_772' title='bbox 2777 4321 3014 4385; x_wconf 88' lang='lat' dir='ltr'>viderat,</span> <span class='ocrx_word' id='word_1_773' title='bbox 3041 4338 3169 4376; x_wconf 92' lang='lat' dir='ltr'>cum</span> <span class='ocrx_word' id='word_1_774' title='bbox 3191 4323 3308 4392; x_wconf 89' lang='lat' dir='ltr'>ipse</span> <span class='ocrx_word' id='word_1_775' title='bbox 3332 4327 3498 4393; x_wconf 88' lang='lat' dir='ltr'>atque</span> <span class='ocrx_word' id='word_1_776' title='bbox 3526 4323 3658 4394; x_wconf 81' lang='lat' dir='ltr'>Aly-</span> 
     </span>
    </p>
   </div>
   <div class='ocr_carea' id='block_1_108' title="bbox 1967 4411 3658 4482">
    <p class='ocr_par' dir='ltr' id='par_1_108' title="bbox 1967 4411 3658 4482">
     <span class='ocr_line' id='line_1_108' title="bbox 1967 4411 3658 4482; baseline 0 -18"><span class='ocrx_word' id='word_1_777' title='bbox 1967 4411 2097 4482; x_wconf 92' lang='lat' dir='ltr'>pius</span> <span class='ocrx_word' id='word_1_778' title='bbox 2126 4411 2501 4465; x_wconf 83' lang='lat' dir='ltr'>Demetriadis</span> <span class='ocrx_word' id='word_1_779' title='bbox 2539 4415 2780 4465; x_wconf 90' lang='lat' dir='ltr'>matrem</span> <span class='ocrx_word' id='word_1_780' title='bbox 2819 4412 3182 4476; x_wconf 90' lang='lat' dir='ltr'>admonuere,</span> <span class='ocrx_word' id='word_1_781' title='bbox 3217 4427 3288 4465; x_wconf 90' lang='lat' dir='ltr'>ne</span> <span class='ocrx_word' id='word_1_782' title='bbox 3318 4427 3483 4464; x_wconf 90' lang='lat' dir='ltr'>aures</span> <span class='ocrx_word' id='word_1_783' title='bbox 3510 4426 3658 4481; x_wconf 85' lang='lat' dir='ltr'>pra-</span> 
     </span>
    </p>
   </div>
   <div class='ocr_carea' id='block_1_109' title="bbox 1969 4499 3660 4571">
    <p class='ocr_par' dir='ltr' id='par_1_109' title="bbox 1969 4499 3660 4571">
     <span class='ocr_line' id='line_1_109' title="bbox 1969 4499 3660 4571; baseline -0.001 -17"><span class='ocrx_word' id='word_1_784' title='bbox 1969 4501 2127 4554; x_wconf 89' lang='lat' dir='ltr'>beret</span> <span class='ocrx_word' id='word_1_785' title='bbox 2153 4499 2223 4553; x_wconf 90' lang='lat' dir='ltr'>iis</span> <span class='ocrx_word' id='word_1_786' title='bbox 2254 4499 2604 4565; x_wconf 90' lang='lat' dir='ltr'>hominibus,</span> <span class='ocrx_word' id='word_1_787' title='bbox 2637 4499 2736 4571; x_wconf 90' lang='lat' dir='ltr'>qui</span> <span class='ocrx_word' id='word_1_788' title='bbox 2783 4500 2952 4555; x_wconf 80' lang='lat' dir='ltr'>fidem</span> <span class='ocrx_word' id='word_1_789' title='bbox 2996 4499 3352 4554; x_wconf 91' lang='lat' dir='ltr'>sermonibus</span> <span class='ocrx_word' id='word_1_790' title='bbox 3384 4499 3500 4553; x_wconf 90' lang='lat' dir='ltr'>suis</span> <span class='ocrx_word' id='word_1_791' title='bbox 3531 4516 3660 4553; x_wconf 89' lang='lat' dir='ltr'>cor-</span> 
     </span>
    </p>
   </div>
   <div class='ocr_carea' id='block_1_110' title="bbox 1969 4587 3661 4659">
    <p class='ocr_par' dir='ltr' id='par_1_110' title="bbox 1969 4587 3661 4659">
     <span class='ocr_line' id='line_1_110' title="bbox 1969 4587 3661 4659; baseline -0.001 -17"><span class='ocrx_word' id='word_1_792' title='bbox 1969 4588 2314 4659; x_wconf 87' lang='lat' dir='ltr'>rumpebant</span> <span class='ocrx_word' id='word_1_793' title='bbox 2343 4589 2538 4656; x_wconf 85' lang='lat' dir='ltr'>(Epist.</span> <span class='ocrx_word' id='word_1_794' title='bbox 2573 4591 2694 4652; x_wconf 88' lang='grc'><strong>188,</strong></span> <span class='ocrx_word' id='word_1_795' title='bbox 2729 4604 2784 4642; x_wconf 87' lang='lat' dir='ltr'>n.</span> <span class='ocrx_word' id='word_1_796' title='bbox 2815 4591 2894 4658; x_wconf 86' lang='grc'>2).</span> <span class='ocrx_word' id='word_1_797' title='bbox 2935 4587 3159 4642; x_wconf 77' lang='lat' dir='ltr'>Iuliana</span> <span class='ocrx_word' id='word_1_798' title='bbox 3189 4588 3500 4658; x_wconf 90' lang='lat' dir='ltr'>plurimum</span> <span class='ocrx_word' id='word_1_799' title='bbox 3547 4588 3661 4641; x_wconf 91' lang='lat' dir='ltr'>illis</span> 
     </span>
    </p>
   </div>
   <div class='ocr_carea' id='block_1_111' title="bbox 1971 4667 3659 4744">
    <p class='ocr_par' dir='ltr' id='par_1_111' title="bbox 1971 4667 3659 4744">
     <span class='ocr_line' id='line_1_111' title="bbox 1971 4667 3659 4744; baseline -0.002 -13"><span class='ocrx_word' id='word_1_800' title='bbox 1971 4677 2042 4731; x_wconf 90' lang='lat' dir='ltr'>ob</span> <span class='ocrx_word' id='word_1_801' title='bbox 2093 4678 2303 4730; x_wconf 91' lang='lat' dir='ltr'>hancce</span> <span class='ocrx_word' id='word_1_802' title='bbox 2349 4667 2794 4730; x_wconf 82' lang='lat' dir='ltr'>admonitionem</span> <span class='ocrx_word' id='word_1_803' title='bbox 2842 4676 3046 4731; x_wconf 89' lang='lat' dir='ltr'>debere</span> <span class='ocrx_word' id='word_1_804' title='bbox 3076 4692 3132 4729; x_wconf 90' lang='lat' dir='ltr'>se</span> <span class='ocrx_word' id='word_1_805' title='bbox 3178 4675 3503 4744; x_wconf 87' lang='lat' dir='ltr'>rescripsit;</span> <span class='ocrx_word' id='word_1_806' title='bbox 3535 4691 3659 4729; x_wconf 90' lang='lat' dir='ltr'>eos-</span> 
     </span>
    </p>
   </div>
   <div class='ocr_carea' id='block_1_112' title="bbox 1970 4763 3741 4841">
    <p class='ocr_par' dir='ltr' id='par_1_112' title="bbox 1970 4763 3741 4841">
     <span class='ocr_line' id='line_1_112' title="bbox 1970 4763 3741 4841; baseline -0.002 -22"><span class='ocrx_word' id='word_1_807' title='bbox 1970 4766 2216 4835; x_wconf 88' lang='lat' dir='ltr'>demque</span> <span class='ocrx_word' id='word_1_808' title='bbox 2242 4764 2509 4818; x_wconf 87' lang='lat' dir='ltr'>certiores</span> <span class='ocrx_word' id='word_1_809' title='bbox 2534 4765 2686 4831; x_wconf 90' lang='lat' dir='ltr'>fecit,</span> <span class='ocrx_word' id='word_1_810' title='bbox 2710 4764 2990 4834; x_wconf 90' lang='lat' dir='ltr'>ejusmodi</span> <span class='ocrx_word' id='word_1_811' title='bbox 3013 4763 3274 4818; x_wconf 88' lang='lat' dir='ltr'>homines</span> <span class='ocrx_word' id='word_1_812' title='bbox 3293 4764 3399 4818; x_wconf 92' lang='lat' dir='ltr'>sibi</span> <span class='ocrx_word' id='word_1_813' title='bbox 3420 4763 3660 4834; x_wconf 88' lang='lat' dir='ltr'>perinde</span> <span class='ocrx_word' id='word_1_814' title='bbox 3738 4838 3741 4841; x_wconf 84' lang='lat'><em>_</em></span> 
     </span>
    </p>
   </div>
   <div class='ocr_carea' id='block_1_113' title="bbox 1971 4852 3659 4923">
    <p class='ocr_par' dir='ltr' id='par_1_113' title="bbox 1971 4852 3659 4923">
     <span class='ocr_line' id='line_1_113' title="bbox 1971 4852 3659 4923; baseline -0.001 -16"><span class='ocrx_word' id='word_1_815' title='bbox 1971 4870 2034 4907; x_wconf 89' lang='lat' dir='ltr'>ac</span> <span class='ocrx_word' id='word_1_816' title='bbox 2065 4853 2179 4907; x_wconf 91' lang='lat' dir='ltr'>suis</span> <span class='ocrx_word' id='word_1_817' title='bbox 2211 4853 2421 4907; x_wconf 89' lang='lat' dir='ltr'>invisos</span> <span class='ocrx_word' id='word_1_818' title='bbox 2470 4869 2619 4919; x_wconf 93' lang='lat' dir='ltr'>esse;</span> <span class='ocrx_word' id='word_1_819' title='bbox 2653 4853 2900 4923; x_wconf 89' lang='lat' dir='ltr'>denique</span> <span class='ocrx_word' id='word_1_820' title='bbox 2929 4852 3204 4906; x_wconf 89' lang='lat' dir='ltr'>familiam</span> <span class='ocrx_word' id='word_1_821' title='bbox 3231 4868 3392 4906; x_wconf 86' lang='lat' dir='ltr'>suam</span> <span class='ocrx_word' id='word_1_822' title='bbox 3431 4868 3659 4906; x_wconf 90' lang='lat' dir='ltr'>omnem</span> 
     </span>
    </p>
   </div>
   <div class='ocr_carea' id='block_1_114' title="bbox 1972 4939 3656 5012">
    <p class='ocr_par' dir='ltr' id='par_1_114' title="bbox 1972 4939 3656 5012">
     <span class='ocr_line' id='line_1_114' title="bbox 1972 4939 3656 5012; baseline -0.001 -17"><span class='ocrx_word' id='word_1_823' title='bbox 1972 4957 2198 5012; x_wconf 91' lang='lat' dir='ltr'>semper</span> <span class='ocrx_word' id='word_1_824' title='bbox 2224 4957 2405 5012; x_wconf 89' lang='lat' dir='ltr'>usque</span> <span class='ocrx_word' id='word_1_825' title='bbox 2435 4942 2576 4996; x_wconf 90' lang='lat' dir='ltr'>adeo</span> <span class='ocrx_word' id='word_1_826' title='bbox 2606 4941 2776 4995; x_wconf 86' lang='lat' dir='ltr'>fuisse</span> <span class='ocrx_word' id='word_1_827' title='bbox 2808 4941 3150 4995; x_wconf 90' lang='lat' dir='ltr'>retinentem</span> <span class='ocrx_word' id='word_1_828' title='bbox 3180 4941 3472 4995; x_wconf 87' lang='lat' dir='ltr'>catholica</span> <span class='ocrx_word' id='word_1_829' title='bbox 3502 4939 3656 5003; x_wconf 86' lang='lat' dir='ltr'>ﬁdei,</span> 
     </span>
    </p>
   </div>
   <div class='ocr_carea' id='block_1_115' title="bbox 1972 5027 3658 5101">
    <p class='ocr_par' dir='ltr' id='par_1_115' title="bbox 1972 5027 3658 5101">
     <span class='ocr_line' id='line_1_115' title="bbox 1972 5027 3658 5101; baseline -0.002 -17"><span class='ocrx_word' id='word_1_830' title='bbox 1972 5035 2034 5084; x_wconf 93' lang='lat' dir='ltr'>ut</span> <span class='ocrx_word' id='word_1_831' title='bbox 2063 5031 2122 5084; x_wconf 92' lang='lat' dir='ltr'>in</span> <span class='ocrx_word' id='word_1_832' title='bbox 2149 5048 2215 5085; x_wconf 88' lang='lat' dir='ltr'>ea</span> <span class='ocrx_word' id='word_1_833' title='bbox 2243 5031 2435 5084; x_wconf 90' lang='lat' dir='ltr'>nullus</span> <span class='ocrx_word' id='word_1_834' title='bbox 2464 5046 2719 5101; x_wconf 89' lang='lat' dir='ltr'>unquam</span> <span class='ocrx_word' id='word_1_835' title='bbox 2740 5030 2942 5085; x_wconf 87' lang='lat' dir='ltr'>haresi</span> <span class='ocrx_word' id='word_1_836' title='bbox 2972 5031 3096 5100; x_wconf 91' lang='lat' dir='ltr'>ulli,</span> <span class='ocrx_word' id='word_1_837' title='bbox 3118 5046 3189 5085; x_wconf 92' lang='lat' dir='ltr'>ne</span> <span class='ocrx_word' id='word_1_838' title='bbox 3215 5029 3512 5084; x_wconf 85' lang='lat' dir='ltr'>levissima</span> <span class='ocrx_word' id='word_1_839' title='bbox 3532 5027 3658 5098; x_wconf 91' lang='lat' dir='ltr'>qui-</span> 
     </span>
    </p>
   </div>
   <div class='ocr_carea' id='block_1_116' title="bbox 1970 5115 3658 5189">
    <p class='ocr_par' dir='ltr' id='par_1_116' title="bbox 1970 5115 3658 5189">
     <span class='ocr_line' id='line_1_116' title="bbox 1970 5115 3658 5189; baseline -0.003 -15"><span class='ocrx_word' id='word_1_840' title='bbox 1970 5120 2122 5186; x_wconf 90' lang='lat' dir='ltr'>dem,</span> <span class='ocrx_word' id='word_1_841' title='bbox 2156 5119 2474 5174; x_wconf 88' lang='lat' dir='ltr'>adhaserit.</span> <span class='ocrx_word' id='word_1_842' title='bbox 2511 5119 2882 5174; x_wconf 89' lang='lat' dir='ltr'>Commodum</span> <span class='ocrx_word' id='word_1_843' title='bbox 2914 5119 3136 5186; x_wconf 88' lang='lat' dir='ltr'>accidit,</span> <span class='ocrx_word' id='word_1_844' title='bbox 3169 5123 3233 5174; x_wconf 93' lang='lat' dir='ltr'>ut</span> <span class='ocrx_word' id='word_1_845' title='bbox 3258 5118 3492 5189; x_wconf 81' lang='lat' dir='ltr'>Alypius</span> <span class='ocrx_word' id='word_1_846' title='bbox 3521 5115 3658 5185; x_wconf 81' lang='lat' dir='ltr'>Hip-</span> 
     </span>
    </p>
   </div>
   <div class='ocr_carea' id='block_1_117' title="bbox 1971 5205 3656 5279">
    <p class='ocr_par' dir='ltr' id='par_1_117' title="bbox 1971 5205 3656 5279">
     <span class='ocr_line' id='line_1_117' title="bbox 1971 5205 3656 5279; baseline -0.004 -17"><span class='ocrx_word' id='word_1_847' title='bbox 1971 5223 2120 5278; x_wconf 90' lang='lat' dir='ltr'>pone</span> <span class='ocrx_word' id='word_1_848' title='bbox 2153 5212 2319 5276; x_wconf 90' lang='lat' dir='ltr'>esset,</span> <span class='ocrx_word' id='word_1_849' title='bbox 2364 5224 2478 5278; x_wconf 95' lang='lat' dir='ltr'>quo</span> <span class='ocrx_word' id='word_1_850' title='bbox 2521 5213 2780 5278; x_wconf 88' lang='lat' dir='ltr'>tempore</span> <span class='ocrx_word' id='word_1_851' title='bbox 2809 5207 3102 5279; x_wconf 90' lang='lat' dir='ltr'>responsio</span> <span class='ocrx_word' id='word_1_852' title='bbox 3147 5208 3244 5262; x_wconf 90' lang='lat' dir='ltr'>illa</span> <span class='ocrx_word' id='word_1_853' title='bbox 3275 5206 3512 5261; x_wconf 81' lang='lat' dir='ltr'>Iuliana</span> <span class='ocrx_word' id='word_1_854' title='bbox 3540 5205 3656 5256; x_wconf 90' lang='lat' dir='ltr'>Au-</span> 
     </span>
    </p>
   </div>
   <div class='ocr_carea' id='block_1_118' title="bbox 1971 5291 3656 5368">
    <p class='ocr_par' dir='ltr' id='par_1_118' title="bbox 1971 5291 3656 5368">
     <span class='ocr_line' id='line_1_118' title="bbox 1971 5291 3656 5368; baseline -0.002 -20"><span class='ocrx_word' id='word_1_855' title='bbox 1971 5296 2199 5366; x_wconf 89' lang='lat' dir='ltr'>gustino</span> <span class='ocrx_word' id='word_1_856' title='bbox 2230 5296 2450 5350; x_wconf 89' lang='lat' dir='ltr'>reddita</span> <span class='ocrx_word' id='word_1_857' title='bbox 2483 5301 2582 5351; x_wconf 90' lang='lat' dir='ltr'>est.</span> <span class='ocrx_word' id='word_1_858' title='bbox 2634 5296 2992 5368; x_wconf 87' lang='lat' dir='ltr'>Quapropter</span> <span class='ocrx_word' id='word_1_859' title='bbox 3030 5297 3084 5351; x_wconf 90' lang='lat' dir='ltr'>ei</span> <span class='ocrx_word' id='word_1_860' title='bbox 3113 5294 3383 5365; x_wconf 88' lang='lat' dir='ltr'>rescripta</span> <span class='ocrx_word' id='word_1_861' title='bbox 3419 5291 3656 5361; x_wconf 89' lang='lat' dir='ltr'>conjun-</span> 
     </span>
    </p>
   </div>
   <div class='ocr_carea' id='block_1_119' title="bbox 1971 5378 3658 5456">
    <p class='ocr_par' dir='ltr' id='par_1_119' title="bbox 1971 5378 3658 5456">
     <span class='ocr_line' id='line_1_119' title="bbox 1971 5378 3658 5456; baseline -0.002 -18"><span class='ocrx_word' id='word_1_862' title='bbox 1971 5384 2103 5439; x_wconf 89' lang='lat' dir='ltr'>ctim</span> <span class='ocrx_word' id='word_1_863' title='bbox 2141 5399 2241 5438; x_wconf 92' lang='lat' dir='ltr'>suo</span> <span class='ocrx_word' id='word_1_864' title='bbox 2279 5385 2514 5439; x_wconf 90' lang='lat' dir='ltr'>nomine</span> <span class='ocrx_word' id='word_1_865' title='bbox 2545 5384 2822 5440; x_wconf 88' lang='lat' dir='ltr'>miserunt</span> <span class='ocrx_word' id='word_1_866' title='bbox 2866 5385 3048 5456; x_wconf 71' lang='lat' dir='ltr'>(Ibid,</span> <span class='ocrx_word' id='word_1_867' title='bbox 3075 5401 3129 5438; x_wconf 82' lang='grc' dir='ltr'><strong>η.</strong></span> <span class='ocrx_word' id='word_1_868' title='bbox 3181 5383 3250 5452; x_wconf 94' lang='grc'>1).</span> <span class='ocrx_word' id='word_1_869' title='bbox 3284 5383 3361 5434; x_wconf 92' lang='lat' dir='ltr'>Ac</span> <span class='ocrx_word' id='word_1_870' title='bbox 3403 5378 3658 5449; x_wconf 90' lang='lat' dir='ltr'>primum</span> 
     </span>
    </p>
   </div>
   <div class='ocr_carea' id='block_1_120' title="bbox 1971 5469 3658 5546">
    <p class='ocr_par' dir='ltr' id='par_1_120' title="bbox 1971 5469 3658 5546">
     <span class='ocr_line' id='line_1_120' title="bbox 1971 5469 3658 5546; baseline -0.002 -19"><span class='ocrx_word' id='word_1_871' title='bbox 1971 5473 2202 5544; x_wconf 92' lang='lat' dir='ltr'>quidem</span> <span class='ocrx_word' id='word_1_872' title='bbox 2220 5474 2524 5540; x_wconf 85' lang='lat' dir='ltr'>affirmant,</span> <span class='ocrx_word' id='word_1_873' title='bbox 2549 5491 2679 5529; x_wconf 91' lang='lat' dir='ltr'>cum</span> <span class='ocrx_word' id='word_1_874' title='bbox 2695 5490 2927 5546; x_wconf 90' lang='lat' dir='ltr'>operam</span> <span class='ocrx_word' id='word_1_875' title='bbox 2948 5471 3186 5527; x_wconf 88' lang='lat' dir='ltr'>suamad</span> <span class='ocrx_word' id='word_1_876' title='bbox 3209 5469 3658 5540; x_wconf 89' lang='lat' dir='ltr'>promovendam</span> 
     </span>
    </p>
   </div>
   <div class='ocr_carea' id='block_1_121' title="bbox 1975 5556 3659 5634">
    <p class='ocr_par' dir='ltr' id='par_1_121' title="bbox 1975 5556 3659 5634">
     <span class='ocr_line' id='line_1_121' title="bbox 1975 5556 3659 5634; baseline -0.001 -18"><span class='ocrx_word' id='word_1_877' title='bbox 1975 5562 2110 5618; x_wconf 86' lang='lat' dir='ltr'>ﬁlia</span> <span class='ocrx_word' id='word_1_878' title='bbox 2157 5562 2338 5634; x_wconf 88' lang='lat' dir='ltr'>ipsius</span> <span class='ocrx_word' id='word_1_879' title='bbox 2375 5563 2719 5619; x_wconf 82' lang='lat' dir='ltr'>Demetriadi</span> <span class='ocrx_word' id='word_1_880' title='bbox 2767 5562 3106 5618; x_wconf 87' lang='lat' dir='ltr'>velationem</span> <span class='ocrx_word' id='word_1_881' title='bbox 3154 5556 3539 5625; x_wconf 87' lang='lat' dir='ltr'>adhibuerint,</span> <span class='ocrx_word' id='word_1_882' title='bbox 3576 5557 3659 5614; x_wconf 89' lang='lat' dir='ltr'>in-</span> 
     </span>
    </p>
   </div>
  </div>
