4062 6348
384 310 479 360 471
1595 294 1766 349 VITA
1805 292 1866 347 S.
1914 288 2299 346 AUGUSTINI
2338 284 2673 340 EPISCOPI.

2188 402 2504 481 generatim
2539 406 2823 478 quoslibet
2861 403 3200 471 Donatistas,
3230 401 3493 470 infames,
3522 416 3592 454 ex
3620 397 3897 454 omnium

2187 514 2488 569 congressu
2519 500 2577 550 et
2612 494 2878 549 societate
2911 490 3277 563 proscriptos,
3317 488 3693 554 intestabiles,
3725 486 3902 542 deni-

2188 604 2299 659 que
2347 586 2596 658 privatos
2651 581 2808 637 omni
2860 577 3234 635 contrahendi
3280 577 3435 648 jure,
3491 574 3899 631 declarandos.

382 428 588 498 iquum
614 425 800 478 visum
834 423 908 477 iri
935 422 1173 488 nemini,
1218 420 1263 473 si
1293 418 1347 473 id
1390 418 1497 472 sibi
1520 417 1666 487 juris
1709 428 1933 470 sumere
1962 427 2078 467 non

385 514 667 579 dubitent,
691 516 756 567 ut
776 511 927 581 ipsas
957 511 1026 564 de
1052 526 1154 563 sua
1182 508 1383 573 salute,
1414 522 1476 559 ac
1502 505 1570 558 de
1598 505 1795 575 gratiae
1823 502 2080 556 adversa-

384 603 483 657 riis
512 599 1045 657 commonefaciam.
1089 598 1231 651 Tum
1262 611 1388 649 eam
1418 598 1621 663 rogant
1660 593 1729 646 de
1762 592 1906 645 libro
1935 605 2078 660 quo-

384 692 516 748 dam
568 687 914 744 Demetriadi
958 685 1253 754 inscripto,
1304 697 1529 735 necnon
1576 679 1867 734 erroribus
1914 678 2081 745 longe

383 775 879 850 periculosissimis
924 774 1151 838 referto,
1191 770 1300 825 sibi
1344 769 1589 835 nuntiet,
1633 784 1706 821 an
1755 767 1918 821 illum
1959 765 2083 835 ipsa

3789 276 3853 327 3F.
3869 276 3899 324 fl

2190 679 2471 731 Prmterea
2509 672 2680 727 tertio
2722 670 2994 724 kalendas
3050 666 3389 738 septembris
3442 664 3704 735 ejusdem
3757 662 3904 717 anni

2191 759 2741 835 quadringentesimi
2784 756 2992 811 decimi
3032 754 3221 826 quarti
3270 752 3609 807 auctoritate
3645 766 3776 817 sua,
3811 750 3899 804 uti

386 839 683 931 evolverit;
726 864 953 934 cujusve
992 861 1269 915 habeatur
1310 857 1578 924 auctoris,
1614 859 1713 909 aut
1752 871 1867 925 qua
1895 854 2083 907 fronte
2183 852 2305 923 jam
2334 850 2548 906 dictum
2576 852 2682 916 est,
2725 843 3056 901 Collationis
3100 848 3225 897 acta
3270 839 3665 912 comprobavit
3696 839 3900 910 (Ibid,

386 958 552 1012 illum
582 952 893 1009 Demetrias
925 948 1209 1020 exceperit
1249 963 1315 1001 ea
1359 946 1678 1009 docentem,
1708 943 1863 997 unde
1893 942 2087 995 credat

386 1044 727 1115 virginalem
772 1055 932 1094 suam
978 1038 1355 1101 sanctitatem,
1402 1049 1713 1104 omnesque
1762 1029 2084 1101 spirituales

389 1133 633 1199 divitias,
662 1129 887 1184 nonnisi
917 1144 981 1181 ex
1012 1144 1069 1180 se
1108 1126 1229 1197 ipsa
1265 1124 1374 1178 sibi
1412 1139 1564 1188 esse;
1596 1127 1765 1191 atque
1810 1120 1889 1173 ita
1927 1118 2084 1188 prius

390 1237 563 1292 quam
593 1219 666 1272 sit
694 1216 1022 1288 plenissime
1058 1215 1240 1275 beata,
1276 1212 1451 1266 discat
1480 1213 1594 1265 Deo
1626 1226 1766 1277 esse,
1795 1208 1949 1279 quod
1979 1206 2079 1259 ab-

392 1310 481 1375 sit,
523 1309 766 1378 ingrata.
802 1308 865 1360 Et
903 1303 1012 1376 ipsi
1061 1302 1295 1373 quidem
1334 1301 1479 1354 hanc
1518 1298 1813 1370 epistolam
1857 1294 2085 1363 Pelagio

390 1397 718 1468 adjudicare
742 1410 799 1448 se
820 1409 935 1447 non
961 1390 1341 1455 dissimulant,
1367 1388 1464 1442 sed
1485 1386 1801 1457 pleniorem
1826 1383 1981 1438 illius
2003 1381 2086 1435 rei

392 1486 727 1557 qumrebaut
746 1480 1239 1537 conﬁrmationem
1258 1478 1459 1547 (Epist.
1492 1478 1683 1541 188,n.
1706 1475 1779 1541 4).
1803 1473 1914 1527 Sua
1932 1472 2085 1542 ipsos

392 1573 632 1627 minime
648 1568 847 1626 fefellit
863 1568 1055 1638 opinio
1076 1583 1088 1621 :
1113 1565 1325 1620 etenim
1344 1565 1402 1619 in
1416 1564 1563 1618 libro
1586 1563 1655 1618 de
1677 1562 1866 1618 Gratia
1883 1558 2087 1615 Christi

391 1678 539 1716 anno
561 1656 1124 1731 quadringentesimo
1148 1654 1370 1709 decimo
1398 1658 1591 1707 octavo
1615 1652 1673 1705 in
1694 1652 1880 1705 lucem
1910 1648 2083 1715 edito,

388 1750 737 1820 Augustinus
765 1746 922 1801 haud
961 1744 1135 1798 semel
1169 1743 1429 1797 eamdem
1460 1742 1622 1795 illam
1659 1737 2089 1794 commentatio-

390 1855 525 1893 nem
555 1842 829 1908 tanquam
853 1834 1068 1904 Pelagii
1096 1833 1269 1886 citare
1298 1830 1445 1885 nihil
1472 1829 1713 1885 dubitat.
1736 1831 1922 1898 Atque
1953 1825 2089 1881 hinc

392 1926 674 1996 intelligas
701 1924 851 1991 licet,
880 1920 1184 1992 Augustini
1212 1926 1266 1974 et
1285 1918 1474 1990 Alypii
1498 1920 1567 1973 ad
1586 1917 1873 1972 Juliauam
1896 1913 2091 1969 rescri-

390 2020 488 2087 pta
516 2031 583 2068 eo
613 2013 844 2084 quidem
893 2027 1066 2080 opere
1099 2009 1429 2079 antiquiora
1475 2023 1617 2076 esse,
1648 2021 1846 2061 verum
1894 2003 2089 2075 paucis

393 2102 702 2158 admodum
745 2099 965 2165 diebus,
1012 2096 1480 2168 quandoquidem
1526 2094 1589 2148 in
1632 2092 1721 2148 his
1767 2090 1981 2162 Pelagii
2019 2089 2091 2143 ad

394 2186 787 2244 Innocentium
828 2185 1066 2250 litteras,
1095 2200 1246 2237 anno
1274 2179 1835 2252 quadringentesimo
1866 2176 2089 2232 decimo

392 2276 635 2348 septimo
666 2273 891 2328 circiter
921 2287 1175 2326 mensem
1219 2270 1600 2341 septembrem
1640 2267 1860 2322 Zosimo
1899 2265 2089 2321 reddi-

392 2366 500 2432 tas,
523 2365 848 2417 memorant
874 2361 1056 2431 (Ibid,
1088 2376 1143 2413 η.
1181 2361 1291 2427 14).

1051 2448 1276 2502 CAPUT
1318 2446 1434 2499 VII.

402 2542 420 2593 l
458 2538 687 2592 Honorii
724 2537 811 2590 tea:
852 2536 1085 2590 severior
1117 2537 1173 2588 in
1217 2535 1531 2588 Donatistas
1566 2533 1890 2601 pertinaces.
1923 2533 1957 2584 2
1998 2532 2094 2583 Do-

467 2629 629 2679 natus
656 2625 1092 2692 Mutugennensis
1118 2626 1167 2677 et
1195 2623 1335 2676 alius
1357 2624 1569 2690 pariter
1588 2636 1705 2674 cum
1732 2635 1788 2673 eo
1811 2618 2094 2688 presbyter

468 2713 535 2767 de
566 2717 724 2782 parte
760 2715 960 2767 Donati
994 2714 1053 2765 in
1092 2711 1395 2767 custodiam
1429 2710 1650 2764 dantur.
1683 2712 1712 2764 3
1750 2709 2092 2775 Augustinus

468 2801 778 2856 Macedonio
835 2801 1024 2855 scribit
1085 2800 1150 2854 de
1202 2798 1669 2854 intercessionibus
1727 2799 2095 2865 episcoporum

463 2904 567 2959 pro
594 2891 721 2943 reis.
754 2889 789 2943 4
816 2890 881 2942 In
907 2890 978 2942 iis
1012 2888 1479 2942 intercessionibus
1511 2901 1674 2954 quam
1701 2884 2000 2954 prudenter
2030 2897 2095 2936 ac

467 2975 759 3030 verecunde
794 2990 905 3031 sese
936 2979 1140 3043 gereret
1179 2976 1540 3042 Augustinus,
1594 2976 1723 3027 teste
1757 2971 2091 3034 Macedonio,

468 3067 558 3119 cui
584 3066 676 3120 ille
705 3064 770 3118 de
793 3066 1083 3119 christiani
1108 3066 1463 3130 magistratus
1484 3064 1679 3131 ofﬁciis
1706 3063 1952 3128 verisque
1978 3060 2094 3112 eir-

468 3154 672 3208 tutibus
701 3153 1004 3207 doctrinam
1037 3152 1225 3205 tradit.
1258 3155 1287 3205 ὅ
1318 3153 1516 3207 Contra
1544 3151 1858 3217 Pelagianos
1887 3148 1961 3203 ad
1989 3151 2096 3203 [Ii-

470 3242 604 3295 tarii
628 3242 943 3309 quaestiones
971 3256 1004 3293 a
1028 3241 1220 3295 Sicilia
1238 3242 1432 3293 missas
1460 3238 1763 3308 respondet.

475 3333 522 3382 1.
555 3327 670 3382 Sibi
696 3327 860 3381 facile
888 3327 1308 3397 persuadebant
1333 3326 1661 3392 Donatistis,
1686 3340 1806 3379 sese
1836 3324 2097 3379 Ecclesiae.

397 3431 503 3486 per
550 3414 857 3470 Marcellini
886 3414 1098 3468 caedem
1139 3429 1257 3468 non
1307 3412 1498 3467 minus
1537 3413 1889 3481 detrimenti,
1922 3428 2097 3483 quam

401 3502 684 3558 cruciatus
708 3502 961 3556 attulisse
996 3517 1009 3558 :
1042 3517 1239 3556 verum
1268 3502 1421 3556 haud
1452 3503 1631 3556 multo
1662 3506 1790 3572 post
1820 3503 1971 3556 Deus
2000 3517 2097 3554 eos

403 3591 615 3659 docuit,
645 3591 804 3646 illam
832 3596 1060 3646 mortuo
1083 3590 1406 3645 Marcellino
1428 3607 1547 3645 non
1568 3596 1822 3661 ereptam
1845 3589 1952 3644 sibi
1977 3605 2097 3643 esse

401 3683 760 3751 potestatem,
793 3696 906 3751 qua
950 3680 1252 3735 Ecclesiam
1298 3683 1429 3734 ante
1468 3683 1665 3733 natum
1707 3678 2097 3734 Marcellinum

400 3772 620 3823 tutatus
649 3769 852 3823 fuerat.
888 3768 1112 3823 Etenim
1148 3768 1368 3823 decimo
1415 3768 1686 3822 kalendas
1723 3767 1897 3839 julias
1926 3766 2098 3836 hujus

399 3856 578 3928 ipsius
599 3857 736 3912 anni
766 3856 1316 3928 quadringentesimi
1340 3855 1548 3911 decimi
1568 3855 1759 3928 quarti
1778 3856 1962 3926 legem
1986 3856 2096 3909 Ho-

402 3945 601 4001 norius
629 3950 829 4001 contra
868 3962 968 4000 eos
1009 3946 1163 4011 tulit,
1198 3962 1326 4016 quae
1358 3945 1591 4015 quidem
1639 3944 1777 4015 legis
1806 3943 1971 3998 tertio
2003 3943 2099 3997 ka-

402 4035 600 4089 lendas
645 4034 961 4089 februarias
1000 4033 1137 4088 anni
1175 4032 1731 4104 quadringentesimi
1774 4030 2098 4087 duodecimi

398 4124 779 4193 promulgatae
806 4122 1045 4192 singulis
1074 4138 1220 4192 pene
1247 4121 1527 4191 capitibus
1555 4120 1871 4186 insistebat,
1896 4120 1996 4174 sed
2027 4119 2098 4173 ad

403 4226 607 4265 eorum
631 4210 991 4264 severitatem
1017 4209 1265 4263 multum
1286 4208 1527 4263 addebat
1549 4209 1752 4279 (Codice
1785 4209 2005 4275 Theod.,
2034 4209 2099 4262 de

402 4302 701 4363 Hzreticis,
737 4302 848 4367 lege
886 4298 992 4367 44).
1046 4298 1344 4352 Enimvero
1374 4315 1505 4352 cum
1544 4299 1631 4352 lex
1663 4297 1801 4352 anni
1830 4297 2099 4369 quadrin-

401 4386 706 4459 gentesimi
735 4385 1059 4441 duodecimi
1084 4386 1172 4439 vel
1197 4385 1550 4440 nobilissimo
1581 4384 1787 4456 cuique
1817 4384 2100 4456 quinqua-

403 4476 565 4548 ginta
593 4478 819 4528 tantum
870 4472 996 4528 auri
1026 4473 1215 4544 pondo
1261 4474 1489 4528 mulctae
1518 4472 1753 4528 nomine
1797 4473 2094 4544 irrogaret,

401 4565 525 4619 haec
554 4562 783 4619 eosdem
827 4562 1084 4617 ducentis
1129 4562 1350 4633 argenti
1391 4562 1554 4617 libris
1581 4563 1853 4630 mulctat;
1883 4563 2094 4629 addito,

402 4653 716 4723 irrogatam
760 4667 1045 4706 summam
1092 4667 1213 4706 esse
1261 4650 1427 4706 toties
1481 4651 1553 4706 ab
1610 4667 1958 4723 unoquoque
2007 4668 2099 4705 ex-

403 4740 690 4813 igendam,
724 4741 946 4811 quoties
980 4741 1053 4795 ad
1096 4741 1562 4795 communionem
1605 4740 2098 4795 schismaticorum

404 4828 674 4895 redierit;
706 4829 806 4899 qui
848 4830 894 4883 si
931 4830 1061 4900 plus
1103 4829 1412 4901 quinquies
1454 4830 1710 4901 relapsus
1748 4830 1940 4897 fuerit,
1974 4835 2096 4885 tum

405 4917 528 4988 ejus
556 4932 768 4971 nomen
797 4918 866 4972 ad
908 4919 1337 4988 Imperatorem,
1371 4924 1435 4974 ut
1465 4919 1548 4989 illi
1591 4934 1819 4991 poenam
1844 4918 2098 4990 aliquam

403 5005 588 5059 adhuc
618 5005 959 5059 severiorem
991 5012 1230 5077 quaerat,
1270 5008 1643 5062 deferendum
1681 5024 1802 5063 esse
1831 5024 1844 5062 :
1877 5009 2017 5080 quin
2042 5011 2098 5062 et

404 5091 686 5163 superiori
716 5091 931 5162 adjicit,
976 5093 1256 5161 dominos,
1299 5095 1400 5165 qui
1439 5100 1840 5164 procuratores
1878 5112 2029 5159 suos,
2064 5112 2100 5149 a

404 5181 610 5253 quibus
636 5186 814 5236 castus
841 5180 903 5235 in
937 5196 1138 5235 eorum
1179 5182 1407 5253 praediis
1445 5183 1596 5236 coire
1636 5184 1941 5238 Donatistae
1982 5200 2097 5237 non

402 5269 519 5325 sint
544 5269 842 5341 prohibiti,
876 5269 1188 5341 impunitos
1218 5271 1578 5342 reliquerint,
1607 5272 1885 5328 fructibus
1916 5271 2098 5326 omni-

401 5358 527 5426 bus,
557 5358 657 5430 qui
686 5376 801 5413 uno
832 5375 983 5413 anno
1003 5358 1065 5413 in
1092 5358 1296 5413 iisdem
1315 5360 1542 5431 praediis
1562 5362 1928 5433 colliguntur,
1953 5360 2098 5414 mul-

404 5448 669 5515 ctandos;
704 5447 938 5503 clericos
982 5451 1288 5518 antequam
1337 5449 1415 5503 eis
1464 5466 1612 5522 aqua
1655 5455 1713 5505 et
1755 5449 1877 5521 igni
1917 5449 2094 5504 inter-

404 5535 646 5605 dicatur,
700 5537 979 5592 universis
1032 5536 1150 5591 suis
1203 5536 1568 5593 facultatibus
1620 5538 1980 5610 spoliandus;
2041 5542 2097 5592 et

2191 943 2302 1009 lege
2332 940 2442 1010 55).

2260 1031 2313 1083 2.
2349 1026 2463 1082 Etsi
2491 1023 2845 1095 Augustinus
2872 1021 3024 1093 apud
3052 1020 3271 1092 iudices
3295 1034 3507 1090 magno
3538 1018 3731 1073 studio
3756 1034 3900 1089 age-

2191 1119 2297 1182 ret,
2330 1119 2393 1168 ut
2436 1112 2823 1183 imperialium
2849 1111 3045 1180 legum
3072 1108 3134 1162 in
3174 1108 3496 1163 Donatistas
3525 1105 3897 1160 severitatem

2191 1202 2499 1258 christiana
2527 1199 2964 1254 mansuetudine
2996 1197 3359 1268 mitigarent;
3392 1199 3643 1250 attamen
3678 1194 3902 1253 facien-

2192 1293 2328 1347 dum
2359 1291 2465 1345 sibi
2493 1290 2750 1361 putabat,
2772 1292 2834 1342 ut
2863 1288 3092 1342 illarum
3112 1285 3451 1340 auctoritate
3472 1284 3687 1339 sensim
3703 1285 3903 1339 tradu-

2193 1383 2458 1435 cerentur
2485 1378 2553 1432 ad
2587 1376 2887 1432 Ecelesiam
2919 1373 3279 1442 catholicam,
3308 1372 3351 1427 ii
3388 1372 3697 1443 praecipue.
3741 1388 3899 1443 quo-

2193 1485 2323 1523 rum
2372 1468 2432 1521 in
2473 1482 2577 1520 sua
2634 1464 2988 1535 Hipponensi
3033 1461 3262 1517 dioecesi
3300 1461 3678 1516 residentium
3720 1461 3898 1515 saluti

2193 1555 2517 1627 prospicere
2546 1552 2847 1608 tenebatur
2876 1551 3074 1621 (Epist.
3112 1554 3232 1617 l33,
3265 1554 3314 1604 et
3342 1552 3520 1619 Epist.
3559 1549 3703 1620 134).
3735 1550 3803 1604 In
3827 1566 3897 1603 ea

2193 1645 2392 1718 procul
2422 1643 2595 1698 dubio
2624 1645 2788 1695 erant
2815 1640 2929 1695 duo
2960 1639 3045 1693 illi
3081 1638 3401 1709 presbyteri
3442 1639 3619 1710 partis
3667 1639 3897 1702 Donati,

2196 1735 2295 1806 qui
2323 1736 2517 1787 sancto
2550 1730 2825 1800 Episcopo
2846 1729 2934 1782 vel
2957 1732 3269 1797 satagente,
3293 1727 3383 1781 vel
3404 1728 3603 1781 saltem
3625 1722 3903 1798 cupiente

2196 1818 2590 1893 comprehensi
2620 1823 2773 1887 sunt,
2798 1822 2969 1888 atque
3000 1816 3319 1887 Hipponem
3347 1816 3637 1886 perducti,
3658 1820 3725 1870 ut
3742 1816 3905 1883 judi-

2197 1912 2355 1967 cibus
2383 1910 2553 1977 forte,
2580 1908 2787 1978 quibus
2812 1907 3006 1977 legum
3033 1905 3313 1976 imperata
3342 1904 3574 1976 exsequi
3602 1903 3905 1959 incumbe-

2196 2002 2315 2069 bat,
2346 1999 2702 2064 sisterentur,
2734 1999 2909 2067 utque
2957 1995 3019 2048 in
3064 1993 3337 2059 custodia,
3372 2009 3445 2048 ne
3481 1992 3760 2047 violentas
3790 1993 3907 2047 sibi

2197 2104 2401 2144 manus
2433 2086 2731 2152 inferrent,
2780 2084 3158 2138 servarentur.
3190 2083 3346 2137 Alter
3392 2072 3613 2149 eorum,
3646 2082 3739 2136 cui
3786 2082 3906 2136 Do-

2196 2181 2331 2233 nato
2356 2190 2593 2241 nomen,
2616 2174 2871 2228 oblatum
2892 2187 3107 2243 equum
3124 2187 3243 2225 non
3274 2170 3442 2225 modo
3471 2170 3774 2235 recusavit,
3799 2170 3905 2225 sed

2200 2266 2372 2321 etiam
2415 2279 2536 2318 sese
2574 2262 2648 2317 ad
2689 2266 2900 2316 terram
2947 2260 3222 2315 collidens
3268 2259 3517 2330 graviter
3561 2258 3839 2314 sauciavit
3887 2275 3905 2314 :

2200 2357 2397 2424 postea
2416 2353 2536 2423 jam
2563 2351 2842 2406 adductus
2873 2349 3218 2420 Hipponem,
3249 2348 3606 2419 praecipitem
3626 2348 3769 2401 sein
3793 2363 3904 2418 pu-

2199 2446 2357 2496 teum
2370 2440 2548 2506 dedit,
2564 2440 2714 2494 unde
2729 2439 2893 2493 illum
2912 2436 3159 2492 invitum
3179 2452 3241 2491 ac
3261 2437 3635 2491 reluctantem
3654 2435 3906 2490 eduxere

2202 2528 2493 2585 Catholici.
2537 2530 2715 2583 Tanta
2746 2526 2919 2596 hujus
2966 2530 3088 2579 erat
3123 2524 3458 2596 pervicacia,
3485 2528 3550 2579 ut
3578 2524 3907 2579 clamitaret

2200 2620 2500 2689 perpetuo,
2531 2616 2675 2669 velle
2722 2630 2782 2669 se
2814 2614 2878 2668 in
2918 2628 3107 2668 errore
3146 2628 3530 2683 perseverare,
3563 2612 3708 2666 velle
3737 2611 3801 2665 in
3834 2628 3906 2667 eo

2202 2706 2389 2778 perire
2424 2722 2436 2760 :
2470 2704 2795 2775 cogendum
2828 2703 2899 2757 ad
2945 2703 3185 2771 bonum,
3230 2700 3634 2773 quodcumque
3665 2701 3909 2755 demum

2201 2795 2344 2850 illud
2370 2794 2461 2861 sit,
2484 2792 2797 2858 neminem,
2820 2791 3050 2863 quando
3068 2792 3217 2845 Deus
3238 2800 3345 2844 n’os
3364 2789 3545 2844 nostri
3561 2789 3712 2860 juris
3731 2793 3910 2860 atque

2203 2883 2426 2938 arbitrii
2455 2897 2575 2937 esse
2603 2881 2873 2936 voluisset
2900 2896 2914 2934 :
2947 2878 3235 2934 Christum
3259 2877 3565 2949 discipulos
3595 2893 3751 2946 suos,
3774 2894 3909 2932 cum

2204 2989 2299 3026 eos
2328 2970 2569 3026 deﬁcere
2599 2970 2670 3024 ab
2707 2968 2806 3022 illo
2846 2967 3123 3033 libuisset,
3152 2982 3269 3021 non
3293 2966 3626 3033 retinuisse;
3661 2966 3912 3037 Aposto-

2203 3062 2388 3131 lisque
2417 3059 2533 3115 suis
2562 3058 2857 3130 optionem
2903 3073 2967 3111 ac
2993 3056 3225 3127 plenam
3252 3055 3581 3110 facultatem
3610 3071 3713 3109 seu
3742 3071 3909 3110 rece-

2205 3149 2374 3205 dendi
2413 3165 2510 3203 seu
2540 3145 2876 3201 remanendi
2912 3144 3275 3216 permisisse;
3307 3143 3380 3198 ad
3419 3148 3762 3213 extremum,
3793 3160 3917 3201 non

2206 3238 2412 3294 debere
2431 3235 2539 3292 sibi
2559 3235 2695 3290 vitio
2715 3234 2879 3301 verti,
2901 3233 3059 3305 quod
3087 3232 3203 3287 vim
3225 3231 3334 3286 sibi
3355 3231 3555 3287 afferre
3575 3231 3873 3287 statuisset
3895 3250 3912 3300 ;

2203 3326 2540 3397 Apostolum
2587 3324 2742 3379 enim
2785 3322 2949 3378 bonis
2997 3325 3054 3376 et
3091 3322 3257 3376 laude
3302 3320 3488 3392 dignis
3534 3321 3910 3392 adscripsisse

2206 3414 2544 3478 actionibus,
2577 3412 2624 3467 si
2652 3411 2779 3484 quis
2808 3426 3013 3482 corpus
3043 3409 3293 3465 ﬂammis
3330 3408 3751 3464 absumeudum
3781 3414 3909 3464 tra-

2206 3503 2383 3558 deret.
2430 3504 2571 3557 Cum
2600 3500 2672 3567 ei,
2707 3516 2837 3571 qua:
2867 3499 3169 3553 constituta
3197 3497 3260 3552 in
3302 3498 3615 3553 Collatione
3652 3497 3909 3564 fuerant,

2206 3590 2654 3663 objectabantur,
2678 3588 2925 3660 partium
2946 3602 3180 3642 suarum
3201 3602 3429 3641 causam
3443 3586 3712 3657 jactabat,
3728 3586 3911 3642 etiam

2206 3684 2403 3734 contra
2425 3677 2832 3748 Augustinum,
2876 3676 3180 3730 defendere
3210 3691 3269 3729 se
3317 3691 3505 3746 posse,
3534 3674 3706 3729 modo
3738 3691 3910 3729 revo-

2206 3773 2431 3823 caretur
2474 3768 2534 3823 id
2578 3767 2732 3838 quod
2779 3766 3088 3820 Donatista;
3130 3768 3546 3833 concesserant,
3595 3780 3911 3835 personam

2211 3874 2329 3912 non
2358 3855 2735 3927 praajudicare
2757 3871 3038 3926 personae.
3068 3853 3327 3923 Angebat
3343 3868 3695 3924 magnopere
3715 3855 3912 3924 Augu-

2209 3946 2423 4001 stinum
2444 3944 2636 3999 miseri
2658 3943 2821 3997 istius
2842 3941 3159 4014 presbyteri
3178 3942 3431 4012 lugenda
3447 3940 3718 4008 conditio,
3743 3957 3908 3995 eum-

2208 4051 2318 4106 que
2359 4034 2605 4089 maxime
2645 4032 2953 4087 sollicitum
2990 4031 3241 4086 habebat
3280 4030 3479 4084 salutis
3525 4029 3703 4100 ipsius
3742 4047 3902 4086 cura.

2208 4126 2321 4180 Hac
2351 4139 2487 4194 ergo
2518 4121 2843 4175 stimulatus
2872 4119 3171 4191 epistolam
3214 4119 3288 4174 ad
3334 4135 3467 4173 eum
3513 4119 3668 4174 misit
3696 4118 3905 4188 (Epist.

2212 4214 2351 4282 173),
2384 4210 2594 4265 amoris
2621 4209 2793 4264 simul
2824 4213 2881 4264 et
2905 4206 3281 4263 vehementia
3312 4208 3565 4278 plenam,
3590 4223 3704 4278 qua
3731 4224 3912 4262 vanas

2208 4303 2333 4356 illas
2366 4299 2617 4354 rationes
2656 4298 3165 4369 argutationesque
3201 4296 3507 4363 evertebat,
3551 4296 3760 4367 quibus
3796 4297 3915 4351 sibi

2207 4391 2303 4446 ille
2315 4390 2509 4444 fucum
2526 4386 2588 4441 in
2605 4402 2707 4441 sua
2727 4386 3042 4457 pertinacia
3062 4391 3233 4456 atque
3254 4386 3505 4440 caecitate
3524 4384 3787 4440 faciebat.
3804 4385 3915 4439 De-

2206 4480 2385 4534 clarat
2410 4477 2507 4539 ibi,
2536 4475 2674 4546 quid
2693 4475 2926 4529 inducat
2948 4474 3275 4544 Ecclesiam,
3298 4478 3362 4528 ut
3381 4473 3496 4528 vim
3525 4473 3780 4545 aliquam
3799 4473 3909 4528 ad-

2206 4564 2421 4618 hibeat.
2456 4563 2617 4627 Quod
2655 4567 2847 4617 autem
2876 4561 3119 4617 confessi
3152 4561 3457 4617 Donatistae
3494 4561 3740 4627 fuerant,
3769 4576 3910 4631 per-

2206 4668 2406 4707 sonam
2437 4668 2554 4706 non
2589 4651 2962 4723 praejudicare
2989 4666 3269 4722 persona,
3302 4650 3674 4717 demonstrat,
3705 4649 3754 4704 si
3783 4666 3911 4705 non

2206 4741 2389 4811 possit
2427 4741 2502 4808 ei,
2548 4740 2768 4813 privato
2811 4740 3021 4795 scilicet
3064 4740 3419 4812 presbytero,
3468 4737 3716 4808 ofﬁcere,
3749 4739 3910 4810 quod

2206 4830 2291 4884 illi
2318 4834 2435 4884 tam
2461 4830 2791 4885 solemniter
2819 4833 3253 4896 concesserant;
3282 4827 3463 4882 multo
3495 4826 3686 4882 minus
3715 4827 3908 4882 Eccle-

2207 4920 2302 4974 siae
2326 4918 2606 4974 universa:
2632 4918 2818 4974 fraudi
2840 4919 3118 4983 futurum,
3143 4917 3297 4989 quod
3325 4914 3612 4971 commisit
3637 4915 3910 4970 commit-

2206 5013 2396 5063 tereve
2425 5009 2612 5078 potuit
2639 5007 2987 5064 Caecilianus.
3039 5008 3180 5062 Eum
3218 5005 3468 5077 denique
3515 5009 3808 5075 provocat,
3846 5009 3915 5059 ut

2206 5102 2567 5167 argumento,
2592 5097 2746 5167 quod
2778 5112 2841 5149 ex
2873 5094 3110 5149 historia
3138 5094 3683 5150 Maximianistarum
3711 5092 3915 5148 Catho-

2208 5186 2299 5239 lici
2315 5185 2620 5257 petierant,
2633 5184 2985 5238 commodius
3005 5184 3053 5237 si
3072 5200 3186 5256 qua
3205 5183 3387 5253 possit
3405 5182 3527 5253 ipse
3544 5182 3909 5253 respondeat.

2278 5277 2330 5328 3.
2370 5273 2724 5345 Augustinus
2776 5273 3071 5342 superiore
3118 5288 3290 5335 anno,
3336 5276 3402 5327 ut
3441 5271 3707 5336 vidimus,
3759 5287 3912 5342 opus

2207 5378 2374 5417 suum
2403 5364 2472 5418 de
2504 5361 2737 5418 Civitate
2786 5360 2889 5415 Dei
2935 5361 3172 5415 adorsus
3220 5364 3325 5429 est,
3374 5359 3537 5430 cujus
3586 5364 3644 5413 et
3692 5359 3915 5415 librum

2205 5454 2474 5519 quartum
2501 5465 2564 5503 ac
2591 5448 2861 5520 quintum
2881 5449 3141 5521 proxime
3164 5448 3426 5519 sequenti
3453 5446 3716 5503 absolvit.
3739 5447 3914 5512 Quod

2206 5553 2334 5591 cum
2365 5538 2443 5592 ita
2473 5538 2564 5605 sit,
2601 5553 2970 5609 nequaquam
2999 5537 3101 5591 abs
3138 5552 3203 5591 re
3232 5536 3539 5603 videbitur,
3571 5535 3711 5590 huic
3753 5552 3914 5592 anno
