4062 6346
182 308 286 360 473

178 423 303 494 ejus
332 422 404 476 ad
433 420 823 476 Macedonium
865 421 1064 476 Africae
1093 426 1225 476 tunc
1256 421 1550 489 vicarium,
1580 421 1865 493 epistolas,

175 527 320 582 quas
348 510 557 582 partim
595 514 721 582 post
751 509 947 564 missos
976 511 1044 564 ad
1067 511 1334 564 eumdem
1363 511 1580 581 primos
1610 516 1723 565 tres
1754 511 1866 565 hu-

169 601 330 671 jusce
380 599 572 670 operis
605 600 777 654 libros
820 599 992 663 dedit,
1040 599 1326 670 assignare
1361 600 1621 670 (Possid.,
1654 603 1711 654 in
1745 603 1868 655 Vita

172 690 416 756 August.
436 730 451 756 ,
472 705 516 742 c.
539 687 650 758 20).
679 691 862 758 Atque
884 687 1062 758 ipsius
1087 688 1318 758 quidem
1341 689 1647 743 Macedonii
1665 689 1871 759 episto-

173 777 258 829 las
289 777 359 830 ad
390 775 774 846 Augustinum
819 777 1097 830 habemus
1135 777 1319 841 binas,
1360 778 1494 832 scite
1523 779 1777 848 profecto
1808 794 1870 831 ac

171 866 463 934 eleganter
483 863 717 934 scriptas
739 865 922 933 (Apud
944 865 1214 931 August.,
1247 869 1423 934 Epist.
1453 870 1572 932 152,
1610 868 1725 935 154)
1757 871 1873 920 :to-

171 952 353 1006 tidem
399 967 628 1022 quoque
657 951 962 1020 Augustini
993 953 1063 1005 ad
1095 952 1282 1023 ipsum
1314 954 1713 1024 responsiones
1743 969 1871 1024 per-

171 1056 347 1110 quam
391 1040 649 1109 egregias
697 1041 900 1110 (Epist.
957 1044 1077 1107 153,
1124 1042 1264 1109 155).
1309 1043 1470 1095 Iluuc
1497 1041 1869 1111 Augustinus,

171 1145 304 1182 cum
351 1133 586 1199 propter
623 1129 926 1197 praeclaras
956 1129 1080 1198 ejus
1111 1130 1270 1184 dotes
1308 1135 1479 1200 atque
1509 1130 1570 1184 in
1609 1129 1873 1200 gerendis

174 1217 422 1288 publicis
469 1217 638 1270 rebus
686 1217 1050 1285 prudentiam
1097 1222 1154 1272 et
1198 1218 1607 1288 integritatem,
1647 1223 1770 1272 tum
1801 1217 1874 1271 ob

179 1308 288 1361 hoc
312 1305 675 1376 potissimum
698 1306 892 1375 magni
913 1306 1173 1372 faciebat,
1207 1308 1360 1378 quod
1389 1307 1643 1361 animum
1672 1307 1870 1377 ipsius,

114 1375 126 1388 ⁸
174 1401 238 1449 ut
263 1375 421 1461 dicit,
454 1393 730 1448 charitate
761 1395 1091 1449 aeternitatis
1118 1400 1172 1449 et
1201 1375 1473 1462 veritatis,
1497 1402 1667 1466 atque
1694 1375 1876 1465 ipsius

184 1483 478 1536 charitatis
530 1483 733 1536 atl‘ectu
787 1483 994 1537 divinae
1033 1484 1116 1538 illi
1159 1485 1482 1556 caelestique
1520 1485 1871 1556 reipublicae,

174 1571 337 1640 cujus
389 1576 658 1641 regnator
700 1575 785 1626 est
832 1573 1102 1637 Christus,
1154 1578 1489 1644 agnosceret
1534 1574 1872 1640 inhiantem,

173 1659 390 1713 videret
419 1657 924 1730 propinquantem,
971 1661 1208 1731 ejusque
1237 1662 1529 1732 potiundae
1559 1663 1873 1732 amplecte-

173 1753 328 1801 retur
375 1747 674 1800 ardentem
723 1747 920 1816 (Epist.
975 1751 1092 1807 155,
1140 1766 1195 1802 η.
1248 1754 1316 1819 1).
1349 1751 1706 1822 Quapropter
1743 1767 1872 1804 cum

170 1835 298 1889 talis
344 1851 410 1888 ac
449 1838 640 1888 tantus
692 1835 778 1888 vir
807 1835 1114 1890 amicitiam
1155 1837 1300 1892 inire
1331 1855 1460 1892 cum
1496 1844 1689 1893 sancto
1723 1841 1871 1894 PI‘EB-

170 1925 311 1990 sule,
366 1939 589 1977 necnon
619 1939 722 1993 per
760 1924 976 1978 litteras
1005 1941 1136 1979 cum
1165 1941 1232 1980 eo
1278 1928 1547 1998 colloqui,
1595 1928 1872 1998 scriptave

171 2012 290 2081 ejus
322 2010 517 2081 aliqua
565 2009 753 2064 videre
800 2016 1138 2082 percuperet
1185 2013 1364 2081 (Ibid,
1399 2029 1460 2068 η.
1506 2015 1612 2084 11),
1645 2019 1873 2084 gratum

171 2101 264 2154 ille
293 2103 706 2169 acceptumque
736 2097 964 2165 habuit;
996 2101 1259 2170 promisit
1287 2101 1508 2171 aliquot
1536 2119 1566 2155 e
1595 2103 1710 2156 suis
1735 2119 1875 2172 opu-

169 2188 341 2242 sculis
368 2187 419 2241 ei
451 2203 508 2240 se
539 2187 850 2240 missurum
878 2190 1076 2258 (Epist.
1117 2193 1237 2254 152,
1260 2205 1314 2242 n.
1351 2191 1425 2259 3),
1462 2206 1524 2243 ac
1553 2191 1738 2244 eidem
1768 2207 1874 2260 per

176 2276 535 2331 Bonifacium
573 2275 926 2346 episcopum,
975 2277 1120 2331 forte
1170 2269 1606 2349 Cataquensem,
1661 2280 1874 2334 litteras

173 2365 384 2437 quibus
441 2365 509 2418 ab
557 2364 680 2435 ipso
727 2364 951 2418 veniam
995 2381 1092 2419 reo
1147 2366 1370 2420 cuidam
1419 2369 1666 2437 petebat,
1719 2369 1876 2422 misit

175 2454 358 2523 (ωειλ,
407 2469 462 2507 n.
517 2455 590 2522 1).
650 2453 1010 2507 Macedonius
1055 2459 1206 2508 certe
1257 2456 1704 2527 haudquaquam
1753 2463 1876 2512 erat

173 2542 606 2610 commissurus,
656 2547 717 2596 ut
765 2543 1054 2613 repulsam
1100 2543 1171 2598 ab
1216 2560 1275 2597 se
1319 2545 1496 2599 ullam
1550 2546 1717 2601 ferret
1765 2548 1876 2600 An-

173 2631 353 2701 tistes,
401 2647 572 2702 quem
620 2631 785 2684 unice
827 2631 1134 2685 colendum
1162 2647 1408 2702 vereque
1447 2633 1873 2703 suspiciendum

173 2721 416 2790 putabat
456 2721 653 2790 (Epist.
693 2724 813 2784 152,
850 2722 970 2786 154,
1010 2721 1115 2791 tit).
1151 2723 1537 2792 Praeterquam
1569 2722 1724 2792 quod
1754 2725 1874 2776 erat

175 2810 289 2880 ipse
339 2813 500 2863 tanta
543 2809 927 2880 propensione
974 2808 1036 2863 in
1082 2809 1466 2877 clementiam,
1514 2815 1576 2864 ut
1613 2827 1743 2863 cum
1773 2827 1875 2864 sua

172 2903 377 2968 sponte
439 2913 588 2964 reos,
645 2914 718 2952 ne
775 2897 1110 2952 criminibus
1161 2898 1508 2968 patrocinari
1563 2898 1872 2968 videretur,

172 2988 470 3042 absolvere
494 3003 610 3041 non
637 2987 897 3051 auderet;
931 3002 1027 3041 eos
1057 2986 1126 3040 de
1159 3001 1216 3040 se
1250 2986 1462 3056 optime
1492 2986 1727 3040 meritos
1754 2986 1870 3040 exi-

171 3075 448 3143 stimaret,
517 3093 550 3129 a
607 3075 812 3146 quibus
855 3075 924 3128 de
985 3091 1155 3145 pazna
1201 3074 1460 3128 sontibus
1499 3074 1875 3129 condonanda

172 3171 406 3236 rogatus
451 3169 598 3218 esset
645 3165 843 3234 (Epist.
882 3166 999 3229 152,
1047 3179 1102 3218 n.
1138 3163 1216 3234 3).
1252 3164 1484 3232 Verum,
1526 3179 1655 3217 cum
1704 3164 1875 3218 vellet

174 3259 236 3308 ut
273 3253 597 3325 inquiebat,
644 3252 751 3306 sibi
797 3268 902 3323 pro
951 3268 1215 3307 concessa
1245 3253 1427 3323 gratia
1456 3253 1776 3306 mercedem
1801 3252 1873 3306 ab

174 3342 492 3414 Augustino
529 3341 785 3412 rependi,
817 3357 949 3396 eum
978 3357 1083 3412 per
1123 3342 1339 3396 litteras
1381 3341 1717 3396 urbanitatis
1745 3342 1873 3413 ple-

177 3431 440 3485 nissimas
496 3430 737 3500 rogavit,
787 3430 894 3484 sibi
923 3430 1020 3484 ille
1051 3430 1277 3484 consilii
1305 3430 1393 3484 sui
1429 3431 1711 3485 rationem
1740 3446 1875 3502 ape-

179 3519 333 3587 riret,
361 3536 506 3574 anve
536 3519 829 3589 religionis
859 3517 1182 3573 christiana:
1205 3519 1405 3582 ofﬁciis
1427 3523 1875 3574 consentaneum

177 3614 342 3674 esset,
387 3625 489 3680 pro
519 3607 632 3661 reis
670 3607 967 3677 episcopos
1009 3607 1362 3662 intercedere
1411 3607 1602 3675 simul,
1654 3612 1720 3662 ut
1748 3623 1876 3678 pro-

176 3697 347 3751 missa
375 3696 482 3750 sibi
512 3696 581 3750 ab
611 3712 678 3750 eo
709 3696 917 3765 scripta
947 3696 1328 3762 mitterentur,
1364 3696 1556 3765 petiit;
1585 3711 1698 3766 quo
1729 3695 1879 3749 scili-

177 3790 282 3854 cet,
314 3783 785 3856 quandoquidem
827 3785 950 3854 ejus
1001 3783 1304 3854 prmsentia
1342 3783 1456 3837 frui
1487 3783 1717 3837 interim
1759 3799 1877 3837 non

176 3873 392 3943 liceret,
435 3873 640 3927 saltem
684 3872 864 3942 ipsius
913 3871 1172 3926 doctrina
1199 3873 1447 3926 aleretur
1479 3872 1666 3942 (Ibid.,
1698 3887 1757 3924 η.
1804 3871 1872 3941 1).

178 3963 375 4034 Itaque
403 3960 754 4031 Augustinus
793 3959 1007 4029 primos
1037 3965 1152 4014 tres
1195 3960 1370 4014 libros
1415 3961 1483 4014 de
1515 3959 1749 4013 Civitatc
1777 3959 1877 4012 Dei

173 4049 396 4103 curavit
423 4049 496 4102 ad
525 4063 657 4101 eum
688 4047 1046 4103 deferendos.
1073 4049 1233 4112 Quod
1263 4065 1396 4102 vero
1426 4048 1497 4102 ad
1525 4047 1877 4118 propositam

174 4138 284 4192 sibi
330 4137 400 4191 ab
444 4153 510 4190 eo
559 4136 956 4204 quaastionem,
1005 4138 1176 4191 verbo
1223 4137 1307 4191 illi
1340 4136 1655 4207 respondit,
1702 4136 1878 4190 vitam

175 4227 389 4281 scilicet
427 4243 489 4280 ac
514 4226 756 4280 salutem
787 4225 898 4279 reis
927 4241 994 4280 eo
1025 4225 1219 4280 animo
1247 4230 1442 4296 petere
1469 4225 1783 4297 episcopos,
1814 4229 1878 4280 ut

177 4315 286 4369 illis
317 4316 464 4369 facta
494 4314 800 4368 emendare
818 4331 882 4368 ac
904 4331 1006 4385 per
1027 4315 1422 4385 paenitentiam
1457 4316 1649 4370 eluere
1672 4314 1836 4368 liceat
1859 4329 1873 4368 :

179 4405 254 4459 Ne
285 4407 446 4458 istam
475 4406 664 4470 vitam,
700 4404 798 4472 ait,
847 4406 924 4458 sic
973 4404 1176 4474 ﬁniant
1201 4421 1302 4474 per
1339 4405 1690 4474 supplicium,
1728 4409 1878 4458 utea

176 4495 336 4559 ﬁnita
374 4508 477 4547 non
501 4494 713 4562 possint
739 4495 898 4562 ﬁnire
925 4494 1250 4563 supplicium
1281 4495 1486 4562 (Epist.
1530 4496 1647 4561 153,
1682 4509 1744 4547 n.
1785 4494 1868 4562 3).

180 4583 292 4635 Hac
320 4585 512 4636 tamen
541 4581 609 4636 de
639 4597 700 4635 re
728 4582 901 4652 paulo
950 4581 1130 4635 fusius
1159 4598 1355 4636 eorum
1387 4582 1573 4653 gratia
1600 4581 1873 4652 disputat,

179 4669 279 4739 qui
305 4669 452 4724 forte
478 4686 596 4724 non
626 4670 848 4737 eadem,
882 4687 994 4742 qua
1021 4670 1274 4741 pollebat
1301 4671 1679 4738 Macedonius,
1710 4686 1874 4741 saga-

179 4757 344 4812 citate
385 4758 633 4829 praediti,
682 4758 984 4830 epistolam
1027 4760 1174 4814 hanc
1223 4775 1384 4813 suam
1427 4759 1628 4813 lecturi
1666 4763 1870 4814 essent.

182 4846 420 4917 Exponit
458 4848 650 4914 etiam,
694 4864 807 4919 qua
853 4847 1072 4902 ratione
1114 4863 1218 4919 pro
1262 4847 1374 4901 reis
1403 4847 1765 4918 interpellare
1792 4847 1874 4901 fas

181 4933 253 4988 sit
286 4951 298 4989 :
340 4951 562 4990 necnon
601 4937 671 4990 de
710 4936 932 5006 legibus
974 4937 1034 4990 in
1065 4935 1420 4990 restituenda
1449 4952 1510 4989 re
1540 4935 1726 4990 aliena
1757 4952 1874 4990 ser-

180 5023 375 5078 vandis
420 5025 603 5079 multa
645 5025 928 5096 praacipit.
960 5025 1110 5090 Quin
1151 5025 1292 5080 illud
1321 5024 1519 5080 itidem
1551 5029 1729 5093 notat,
1760 5026 1872 5080 Ma-

181 5112 481 5167 cedonium
511 5113 710 5167 innata
739 5115 988 5184 quadam
1021 5114 1379 5169 humanitate
1407 5114 1738 5184 impulsum,
1768 5130 1872 5184 pro

182 5199 380 5254 clerico
425 5201 526 5272 qui
578 5200 848 5256 delictum
877 5203 1109 5274 aliquod
1147 5203 1456 5258 admiserat
1494 5203 1872 5274 supplicasse;

183 5289 342 5357 cujus
384 5289 621 5362 quidem
671 5289 935 5360 precibus
972 5291 1299 5364 mitigatum
1341 5292 1638 5347 Aurelium
1678 5309 1873 5363 painas

182 5373 364 5430 eidem
411 5377 616 5432 clerico
655 5377 874 5432 debitas
915 5383 1261 5450 temperasse
1302 5386 1539 5453 apparet
1585 5399 1598 5436 :
1650 5381 1719 5436 de
1760 5396 1874 5453 qua

182 5463 396 5520 actione
435 5467 516 5521 ita
561 5467 818 5538 loquitur
848 5469 1220 5539 Augustinus,
1268 5475 1334 5525 ut
1377 5471 1562 5526 eidem
1611 5487 1669 5525 se
1699 5469 1870 5526 fuisse

182 5559 519 5620 praesentem
548 5555 829 5627 signiticet
859 5557 1042 5626 (Ibid,
1073 5573 1174 5614 nn.
1219 5561 1302 5628 16,
1340 5559 1442 5628 10).

1651 303 1850 356 LIBER
1892 303 2242 356 SEPTIMUS.

3578 304 3683 357 474

2047 423 2106 476 4.
2158 421 2530 493 Augustinus,
2564 423 2666 494 qui
2703 422 3106 494 episcoporum
3152 424 3584 478 intercessiones
3617 425 3677 480 in

1978 511 2176 565 eadem
2225 510 2466 581 epistola
2517 511 2945 581 approbaverat,
2997 528 3060 564 ac
3118 510 3424 565 Macedonii
3477 512 3672 578 ﬁdem,

1979 615 2092 670 qua
2121 600 2174 654 ei
2203 617 2262 654 se
2293 600 2702 670 postulationes
2732 599 3010 670 ejusmodi
3031 616 3144 653 non
3166 604 3508 670 negaturum
3537 617 3675 671 quo-

1978 688 2284 742 dammodo
2327 693 2636 758 receperat,
2685 688 2928 742 habebat
2971 687 3321 754 obstrictum,
3373 689 3524 743 haud
3575 704 3674 742 ne-

1979 777 2264 847 gligenter
2297 777 2429 846 jure
2461 794 2561 830 suo
2593 780 2777 842 utens,
2809 793 2936 830 reos
2967 776 3037 830 ad
3067 793 3124 830 se
3152 776 3544 848 confugientes
3575 794 3670 847 pa-

1981 865 2218 920 trocinio
2249 882 2350 919 suo
2381 865 2610 919 destitui
2645 881 2760 918 non
2793 868 2876 918 est
2905 881 3103 934 passus
3135 866 3330 934 (Epist.
3367 868 3489 931 152,
3520 881 3577 918 n.
3612 869 3673 930 3;

1979 956 2156 1023 Epist.
2209 956 2326 1020 154,
2359 970 2414 1007 n.
2449 955 2498 1023 1)
2533 969 2545 1007 :
2581 969 2777 1006 verum
2821 968 2949 1006 eam
2979 954 3238 1007 exhibuit
3265 955 3372 1007 hac
3415 953 3475 1007 in
3503 969 3562 1006 re
3595 970 3681 1006 sa-

1979 1043 2254 1111 pientiam
2286 1046 2343 1096 et
2372 1041 2793 1100 verecundiam.
2829 1046 2890 1095 ut
2918 1059 3035 1095 non
3068 1043 3236 1096 modo
3259 1044 3380 1112 ejus
3409 1058 3678 1112 respuere

1980 1130 2265 1200 postulata
2308 1145 2420 1183 non
2465 1128 2716 1199 potuerit
2763 1128 3143 1193 Macedonius,
3177 1129 3275 1182 sed
3310 1128 3500 1194 etiam,
3536 1129 3679 1198 quin

1983 1220 2322 1273 modestiam
2347 1218 2524 1288 ipsius
2543 1217 2803 1271 laudibus
2823 1218 3162 1283 cumularet,
3187 1232 3550 1288 nequaquam
3571 1216 3682 1270 sibi

1983 1307 2406 1378 temperaverit.
2437 1308 2621 1376 Atque
2652 1306 2709 1358 in
2757 1306 2939 1358 Vitam
2974 1305 3152 1359 sancti
3181 1305 3298 1358 Viri
3326 1305 3682 1375 transcripsit

1983 1397 2269 1451 Possidius
2289 1397 2385 1449 illa
2416 1395 2586 1449 verba
2615 1411 2627 1448 :
2661 1396 2802 1449 Miro
2829 1395 2984 1448 modo
3014 1396 3231 1464 afﬁcior
3256 1397 3528 1464 sapientia
3558 1398 3672 1459 tua,

1983 1489 2116 1539 etin
2145 1486 2257 1539 illis
2293 1501 2411 1554 quae
2447 1484 2691 1549 edidisti,
2722 1487 2770 1536 et
2803 1485 2861 1536 in
2907 1485 2990 1537 his
3022 1500 3139 1552 quae
3185 1485 3540 1538 interveniens
3581 1499 3681 1552 pro

1981 1576 2251 1629 sceleratis
2279 1575 2489 1627 mittere
2517 1588 2622 1627 non
2651 1573 2922 1639 gravaris.
2961 1575 3100 1627 Nam
3126 1577 3176 1626 et
3206 1574 3304 1626 illa
3335 1577 3546 1627 tantum
3576 1574 3682 1626 ha-

1983 1665 2102 1719 bent
2131 1665 2418 1729 acuminis,
2449 1664 2702 1725 scientiae,
2735 1664 3063 1727 sanctitatis,
3114 1665 3174 1713 ut
3210 1661 3353 1713 nihil
3381 1675 3551 1729 supra
3580 1663 3680 1730 sit;

1982 1758 2032 1805 et
2058 1753 2167 1806 haec
2199 1756 2408 1804 tantum
2433 1749 2786 1814 verecundia,
2812 1754 2871 1801 ut
2891 1752 3002 1802 nisi
3021 1751 3228 1814 faciam
3258 1749 3402 1816 quod
3429 1749 3680 1814 mandas,

1982 1842 2195 1909 culpam
2223 1855 2382 1908 penes
2411 1855 2492 1892 me
2518 1853 2812 1902 remanere,
2836 1852 2941 1890 non
2971 1839 3028 1890 in
3055 1838 3262 1902 negotio
3299 1851 3431 1904 esse,
3461 1837 3682 1904 dijudi-

1982 1945 2109 1993 cem,
2152 1928 2365 1982 domine
2389 1929 2577 1980 merito
2606 1926 2954 1987 venerabilis,
2991 1929 3040 1978 et
3069 1940 3190 1978 vere
3214 1925 3553 1994 suspiciende
3577 1941 3680 1994 pa-

1982 2021 2082 2072 ter.
2113 2018 2228 2072 Non
2258 2017 2400 2069 enim
2426 2017 2597 2069 instas
2625 2014 2788 2084 (quod
2829 2015 3076 2082 plerique
3115 2013 3351 2067 homines
3381 2015 3538 2067 istius
3581 2014 3682 2068 loci

1980 2106 2215 2173 faciunt)
2248 2108 2306 2157 ut
2345 2103 2714 2173 quodcumque
2740 2103 3002 2156 sollicitus
3042 2103 3295 2163 volueris,
3323 2107 3682 2170 extorqueas;

1982 2195 2075 2250 sed
2104 2193 2248 2262 quod
2279 2193 2380 2247 tibi
2408 2209 2441 2245 a
2459 2192 2650 2261 judice
2695 2196 2770 2245 tot
2807 2189 2951 2245 curis
2977 2191 3230 2246 obstricto
3258 2191 3478 2260 petibite
3505 2192 3683 2244 visum
3701 2176 3724 2190 ’

1979 2285 2172 2350 fuerit,
2221 2283 2471 2336 admones
2521 2281 2881 2336 subserviente
2918 2280 3262 2346 verecundia,
3295 2294 3413 2348 quas
3438 2281 3683 2333 mamima

1982 2372 2296 2439 difﬁcilium
2344 2373 2486 2424 inter
2542 2371 2699 2423 bonos
2751 2369 3001 2439 efﬁcacia
3061 2373 3138 2423 est
3197 2367 3392 2438 (Ibid.,
3445 2372 3496 2422 et
3544 2371 3678 2422 Pos-

1982 2462 2116 2528 sid.,
2165 2463 2222 2513 in
2269 2461 2465 2527 Indic.,
2517 2474 2572 2512 η.
2624 2461 2729 2525 25).
2777 2457 2958 2512 Simul
3008 2457 3387 2520 Macedonius,
3437 2472 3566 2527 qua:
3615 2473 3681 2510 ex

1983 2549 2138 2602 illius
2164 2547 2433 2618 operibus
2463 2548 2697 2617 legerat,
2733 2545 3036 2616 magniﬁca
3065 2545 3470 2616 praedicatione
3501 2546 3678 2600 extol-

1982 2637 2048 2690 lit
2079 2639 2290 2710 (Epist,
2319 2637 2438 2701 154,
2469 2652 2525 2689 η.
2559 2639 2615 2705 2)
2647 2652 2660 2688 :
2706 2651 2886 2706 eaque
2921 2651 3038 2689 non
3077 2635 3190 2689 alia
3217 2635 3389 2689 fuisse
3419 2649 3452 2687 a
3482 2633 3683 2705 primis

1982 2726 2143 2780 libris
2196 2725 2265 2779 de
2314 2725 2548 2779 Civitate
2608 2724 2732 2788 Dei,
2791 2739 2907 2777 non
2946 2723 3182 2778 obscure
3228 2723 3505 2790 indicant,
3545 2738 3675 2776 cum

1979 2813 2161 2883 ipsius
2192 2813 2404 2881 (Ibid),
2438 2817 2560 2865 tum
2585 2811 2895 2880 Augustini
2922 2811 3093 2865 verba
3125 2813 3324 2880 (Epist.
3359 2815 3482 2878 155,
3509 2827 3564 2864 η.
3594 2810 3672 2877 2).

1984 2901 2375 2955 Macedonium
2407 2899 2468 2953 in
2514 2899 2811 2970 procinctu
2863 2899 3036 2953 fuisse
3068 2903 3305 2969 apparet
3333 2899 3405 2952 ad
3432 2899 3678 2952 redeun-

1981 2989 2117 3042 dum
2167 2988 2227 3042 in
2276 2987 2520 3054 Italiam,
2557 2987 2708 3041 unde
2742 2987 3086 3057 scripturum
3117 2986 3457 3056 Augustino,
3491 2985 3540 3039 si
3568 3002 3681 3056 qua

1982 3078 2035 3132 id
2069 3077 2193 3132 ﬁeri
2223 3076 2419 3147 possit,
2470 3075 2756 3147 promittit
2787 3093 2800 3130 :
2830 3082 2889 3129 ut
2932 3081 3094 3130 tantae
3123 3077 3379 3129 doctrina:
3407 3090 3559 3144 Opus,
3594 3074 3680 3128 in-

1984 3165 2109 3236 quit
2136 3165 2252 3230 ille,
2284 3165 2499 3231 debitis,
2531 3165 2631 3219 etsi
2660 3179 2765 3218 non
2798 3164 3281 3230 satisfacientibus,
3314 3166 3682 3217 remuneretur

1984 3256 2250 3324 obsequiis
2283 3254 2482 3323 (Epist.
2533 3255 2650 3319 154,
2701 3269 2755 3306 n.
2793 3253 2866 3323 3).
2900 3253 3069 3307 Illum
3105 3257 3236 3306 ante
3265 3252 3678 3320 profectionem

1983 3359 2238 3409 munere,
2286 3343 2443 3414 quod
2481 3358 2539 3396 se
2589 3341 2830 3412 dignum
2860 3346 3026 3408 esset,
3056 3341 3330 3395 donatum
3359 3339 3536 3394 voluit
3575 3343 3682 3394 Au-

1983 3433 2244 3505 gustinus
2277 3448 2290 3486 :
2325 3431 2536 3486 etenim
2566 3431 2677 3502 ipsi
2695 3430 3163 3494 praestantissima
3184 3430 3424 3501 epistola
3447 3444 3684 3498 respon-

1983 3522 2067 3576 dit
2085 3522 2289 3592 (Epist.
2328 3522 2473 3589 155),
2507 3535 2620 3590 qua
2645 3519 2934 3590 praecipua
2965 3535 3208 3590 quaeque
3236 3518 3338 3572 viri
3372 3516 3682 3581 christiani,

1984 3625 2048 3664 ac
2075 3607 2398 3679 praesertim
2424 3611 2768 3677 potestatem
2799 3607 3047 3677 gerentis
3077 3605 3263 3661 ofﬁcia
3291 3606 3480 3660 eidem
3505 3621 3682 3676 pone-

1982 3697 2079 3750 bat
2130 3696 2202 3750 ob
2249 3696 2468 3760 oculos;
2519 3695 2665 3748 illud
2704 3694 2764 3747 in
2811 3693 3013 3763 primis
3057 3709 3188 3747 eum
3235 3694 3571 3758 admonens,
3621 3695 3686 3746 ut

1985 3800 2184 3838 omnes
2213 3798 2342 3836 suas
2373 3781 2610 3835 virtutes
2639 3780 2842 3835 divina:
2875 3780 3113 3834 bonitati
3142 3784 3397 3850 acceptas
3427 3779 3683 3846 referret,

1985 3875 2155 3942 atque
2197 3870 2370 3923 istum
2409 3868 2585 3921 ﬁnem
2631 3867 2692 3920 in
2721 3867 2986 3921 omnibus
3027 3865 3390 3936 magistratus
3439 3865 3526 3919 sui
3555 3866 3682 3919 ofli-

1985 3958 2084 4012 ciis
2114 3957 2220 4012 sibi
2251 3956 2611 4028 propositum
2648 3953 2901 4021 haberet,
2935 3955 3191 4009 subditos
3219 3955 3292 4008 ad
3323 3956 3501 4009 Deum
3523 3959 3683 4008 aeter-

1986 4062 2235 4117 namque
2286 4045 2460 4099 vitam
2507 4043 2807 4110 adducere,
2865 4046 3018 4099 Hanc
3069 4043 3374 4110 Possidius,
3428 4047 3502 4098 De
3541 4045 3684 4097 veris

1992 4137 2334 4203 Virtutibus;
2373 4136 2611 4190 alteram
2645 4151 2772 4189 vero
2816 4136 2889 4189 ad
2922 4135 3313 4190 Macedonium
3357 4135 3682 4205 epistolam,

1987 4231 2059 4282 De
2101 4224 2573 4282 Intercessionibus
2611 4227 2981 4294 episcoporum
3033 4225 3284 4296 appellat
3328 4223 3590 4294 (Possid.,
3626 4225 3684 4278 in

1985 4317 2183 4378 Indic.,
2217 4331 2336 4384 cap.
2374 4317 2438 4383 1).

2145 4406 2260 4458 Hoc
2287 4404 2433 4458 forte
2458 4419 2610 4457 anno
2641 4402 3208 4474 quadringentesimo
3235 4403 3456 4458 decimo
3478 4408 3682 4474 quarto

1984 4493 2196 4548 librum
2225 4509 2324 4547 seu
2372 4492 2676 4562 epistolam
2705 4492 2774 4546 ad
2807 4492 3082 4546 Hilarium
3115 4493 3184 4546 de
3214 4491 3624 4562 quaestionibus
3653 4507 3684 4545 e

1984 4581 2174 4637 Sicilia
2221 4579 2409 4634 missis
2437 4579 2662 4650 scripsit
2703 4580 3056 4649 Augustinus
3089 4580 3286 4649 (Epist.
3341 4581 3481 4650 157).
3533 4581 3687 4634 Hanc

1983 4669 2267 4741 siquidem
2297 4684 2448 4722 anno
2479 4667 3046 4738 quadringentesimo
3069 4668 3289 4722 decimo
3321 4669 3521 4740 quinto
3554 4669 3684 4724 Hie-

1984 4775 2255 4829 ronymus
2285 4763 2342 4813 et
2366 4757 2596 4812 Orosius
2625 4763 2968 4825 memorant,
2989 4773 3052 4812 ac
3066 4773 3240 4827 nuper
3269 4758 3539 4828 scriptam
3557 4775 3679 4812 esse
3739 4827 3743 4830 ,

1981 4851 2280 4904 testantur.
2333 4846 2632 4901 Neminem
2678 4862 2742 4900 ex
2785 4850 2906 4900 toto
2943 4846 3252 4902 christiano
3281 4848 3416 4902 orbe
3444 4848 3681 4915 latebat,

1983 4953 2156 5008 quam
2201 4937 2368 5006 longe
2416 4935 2568 4989 inter
2623 4934 2882 4989 Ecclesiae
2939 4935 3198 4990 doctores
3247 4936 3564 4991 eruditione
3616 4951 3682 4989 ac

1984 5025 2220 5080 scientia
2264 5028 2563 5095 praestaret
2609 5024 2990 5095 Hipponensis
3024 5024 3357 5096 episcopus;
3390 5041 3560 5096 quem
3590 5026 3679 5078 vel

1983 5115 2104 5186 ipse
2135 5113 2471 5167 Volusianus
2498 5113 2748 5168 nondum
2773 5113 3127 5182 fidelis,nihil
3156 5115 3311 5187 quod
3340 5115 3409 5168 ad
3435 5129 3674 5181 sacram,

1983 5202 2297 5258 doctrinam
2325 5202 2658 5273 pertineret,
2690 5202 2957 5274 ignorare
2987 5203 3264 5259 audierat.
3300 5204 3428 5259 Cum
3453 5201 3526 5254 ad
3555 5201 3680 5256 Au-

1981 5294 2259 5360 gustinum
2299 5293 2535 5354 venitur,
2575 5291 2873 5363 inquiebat
2910 5292 3030 5361 ille,
3069 5294 3174 5360 legi
3212 5292 3371 5352 deest,
3407 5289 3681 5359 quidquid

1979 5382 2262 5448 contigerit
2291 5383 2538 5449 ignorari
2571 5382 2770 5451 (Epist.
2813 5385 2931 5448 135,
2962 5397 3016 5436 η.
3054 5383 3104 5448 2)
3139 5397 3150 5434 :
3185 5384 3354 5448 atque
3386 5377 3528 5432 adeo
3559 5381 3677 5432 Au-

1981 5469 2191 5541 gustini
2220 5469 2387 5524 fama:
2416 5469 2688 5524 interesse
2718 5470 3020 5534 asserebat,
3052 5473 3118 5523 ut
3146 5482 3248 5520 sua
3276 5465 3384 5519 sibi
3431 5466 3678 5537 quasita

1981 5575 2084 5629 per
2113 5575 2245 5614 eum
2274 5559 2707 5630 explicarentur.
2741 5561 2880 5612 Cum
2909 5573 3045 5628 ergo
3072 5553 3552 5610 animadverteret
3580 5555 3676 5628 Hi-
