4062 6360
348 312 453 363 475

336 426 536 499 larius,
576 430 728 485 tradi
764 446 799 484 a
844 428 1192 501 quibusdam
1230 428 1380 500 apud
1420 427 1721 499 Syracusas
1747 441 1893 482 nova
1922 425 2046 481 haec

341 522 631 592 dogmata,
682 521 840 574 Posse
889 533 1000 573 esse
1056 519 1317 572 hominem
1360 518 1477 571 sine
1519 521 1758 587 peccato,
1807 520 1857 570 et
1895 531 2046 569 man-

343 611 481 665 data
508 611 606 664 Dei
632 608 795 675 facile
833 607 1122 675 custodire,
1155 609 1205 661 si
1232 607 1395 669 velit;
1428 606 1695 673 infantem
1722 620 1829 659 non
1859 605 2046 674 bapti-

345 704 526 753 zatum
556 701 728 751 morte
766 700 1098 759 praeventum
1137 710 1243 749 non
1270 708 1426 764 posse
1462 696 1639 762 perire
1665 696 1878 762 merito,
1909 708 2045 763 quo-

343 790 494 842 niam
542 789 658 840 sine
697 789 916 855 peccato
957 785 1223 837 nascitur.
1268 784 1503 836 Divitem
1536 786 1836 835 manentem
1863 783 1922 835 in
1952 781 2048 834 di-

346 878 500 930 vitiis
547 876 683 937 suis,
724 888 947 941 regnum
998 873 1091 925 Dei
1134 886 1240 924 non
1266 886 1419 939 posse
1459 869 1693 937 ingredi,
1724 871 1837 924 nisi
1866 872 2046 924 omnia

348 980 452 1019 sua
506 963 846 1028 vendiderit;
920 976 1013 1015 nec
1073 959 1327 1029 prodesse
1374 959 1543 1013 eidem
1582 974 1759 1028 posse,
1806 959 1858 1012 si
1905 960 2049 1026 forte

345 1069 413 1107 em
467 1053 605 1121 ipsis
667 1051 881 1103 divitiis
935 1048 1201 1102 mandata
1245 1049 1458 1116 fecerit,
1503 1051 1637 1114 etc.,
1685 1047 1753 1101 de
1797 1046 1885 1100 his
1931 1048 2048 1102 Au-

350 1139 645 1212 gustinum
693 1137 1009 1204 consuluit;
1055 1152 1359 1208 persuasus
1396 1135 1576 1206 ipsius
1621 1134 1821 1207 gratia,
1854 1135 1911 1189 id
1943 1140 2045 1203 est,

356 1245 623 1284 concessa
671 1227 722 1281 ei
770 1225 1045 1281 divinitus
1092 1225 1160 1279 ad
1210 1224 1527 1279 docendum
1566 1224 1851 1290 facultate,
1909 1240 2047 1294 qua,

348 1318 449 1384 ait,
482 1316 726 1371 omnibus
765 1320 892 1369 nota
922 1319 1019 1369 est.
1053 1314 1192 1368 Hinc
1228 1313 1384 1367 enim
1415 1329 1641 1367 summa
1670 1329 1803 1369 eum
1832 1314 2048 1384 pollere

346 1405 702 1471 auctoritate,
754 1403 1076 1475 signiﬁcare
1116 1403 1341 1457 videtur
1386 1402 1509 1457 istis
1551 1402 1738 1456 verbis
1787 1419 1801 1457 :
1852 1405 1926 1457 De
1964 1404 2048 1458 his

347 1495 596 1551 omnibus
619 1508 767 1562 rogo,
790 1494 1011 1563 quantis
1029 1494 1178 1547 raleo
1199 1492 1473 1561 precibus,
1502 1492 1854 1546 Sanctitatem
1876 1496 2046 1560 tuam,

349 1589 411 1640 ut
431 1584 631 1653 jubeas
670 1597 767 1637 nos
798 1584 1043 1651 apertius
1074 1583 1298 1649 instrui,
1333 1596 1436 1651 quo
1458 1583 1761 1636 noverimus
1788 1585 2050 1650 quatenus

346 1674 547 1726 sentire
590 1670 877 1724 debeamus
929 1670 1132 1738 (Epist.
1186 1668 1324 1739 156).
1371 1669 1749 1733 Quamobrem
1780 1669 2049 1740 Augusti-

351 1776 481 1828 nus,
526 1762 902 1828 posteaquam
951 1757 1168 1812 aﬂ‘atim
1198 1757 1487 1829 explicuit,
1521 1758 1656 1829 quid
1687 1758 1756 1812 de
1798 1757 1911 1812 illis
1939 1759 2049 1812 Pe—

349 1847 595 1919 lagianis
607 1845 1020 1918 questionibus
1042 1851 1324 1900 censeret:
1339 1851 1378 1902 A
1389 1849 1627 1917 ccepisti,
1649 1846 1747 1915 ait,
1762 1847 1907 1916 quod
1914 1848 2053 1901 mihi

351 1937 572 1993 videtur
605 1955 617 1992 :
645 1937 834 1991 melius
856 1940 1131 2006 exponant
1150 1938 1261 1991 ista
1277 1938 1552 1999 meliores;
1575 1953 1681 1991 non
1702 1939 1798 1991 isti
1824 1953 2052 2006 quorum

347 2028 470 2097 jam
497 2026 627 2080 novi
650 2027 971 2080 sententiam
993 2024 1415 2095 reprobandum,
1436 2025 1532 2079 sed
1551 2026 1652 2079 alii
1669 2027 1765 2094 qui
1790 2028 2053 2081 veraciter

323 2117 595 2194 .possunt.
644 2115 785 2169 Nam
827 2117 879 2167 et
915 2128 1009 2181 ego
1043 2115 1299 2183 paratior
1346 2128 1463 2168 sum
1504 2113 1728 2179 discere,
1761 2129 1925 2182 quam
1950 2114 2053 2170 do-

353 2217 495 2267 cere;
533 2204 585 2255 et
628 2204 687 2255 tu
715 2216 972 2267 magnum
1000 2204 1237 2269 conferes
1267 2202 1594 2271 beneﬁcium,
1631 2205 1680 2257 si
1706 2218 1768 2257 ea
1795 2218 1913 2272 quae
1940 2204 2055 2257 illic

356 2306 392 2343 a
426 2291 631 2344 sanctis
672 2290 948 2357 fratribus
985 2290 1245 2345 adversus
1275 2293 1502 2346 istorum
1530 2291 1851 2361 vaniloquia
1890 2292 2055 2347 disse-

358 2382 574 2445 runtur,
598 2393 707 2433 non
733 2393 816 2432 me
841 2380 1021 2446 facias
1050 2382 1300 2446 ignorare
1321 2379 1520 2449 (Epist.
1557 2383 1677 2446 157,
1706 2394 1762 2434 n.
1796 2381 1910 2451 41).

1002 2467 1229 2523 CAPUT
1268 2469 1413 2523 VIII.

368 2562 390 2613 1
447 2557 651 2612 Psalmi
689 2557 876 2627 plures
928 2561 1042 2612 tum
1092 2572 1233 2612 anno
1280 2558 1486 2614 Christi
1527 2556 2058 2625 quadringentesimo

435 2646 638 2701 decimo
691 2647 899 2715 quinto,
942 2649 1055 2700 tum
1091 2650 1216 2700 ante
1242 2647 1496 2715 expositi.
1527 2649 1561 2699 2
1593 2647 1814 2706 Orosius
1837 2646 2060 2717 presby-

432 2738 513 2789 ter
541 2734 609 2788 ab
639 2739 879 2789 extrema
904 2736 1178 2805 Hispania
1204 2736 1351 2788 venit
1374 2734 1449 2788 ad
1475 2735 1863 2802 Augustinum.
1898 2738 1928 2791 3
1958 2737 2059 2790 Hic

430 2825 580 2879 illius
624 2825 1010 2879 consultationi
1032 2825 1283 2890 facturus
1310 2825 1445 2878 satis
1474 2823 1676 2879 librum
1721 2827 1908 2879 contra
1935 2826 2057 2879 Pri-

432 2913 788 2967 scillianistas
826 2916 876 2965 et
906 2912 1239 2980 Origenistas
1268 2913 1574 2968 conscribit.
1601 2915 1636 2968 4
1666 2914 1912 2968 Orosium
1940 2928 2059 2968 cum

433 3003 547 3056 suis
593 3002 806 3070 aliquot
850 3000 1236 3069 scriptionibus
1278 3004 1452 3056 mittit
1482 3002 1557 3056 ad
1583 3004 1987 3071 Hieronymum,
2025 3017 2061 3055 a

431 3105 537 3160 quo
583 3090 792 3145 edoceri
827 3089 893 3143 de
917 3090 1113 3144 anima?
1136 3091 1437 3160 praesertim
1466 3092 1674 3158 origine
1702 3092 1866 3159 cupit.
1900 3093 1930 3144 5
1979 3091 2060 3143 Ti-

430 3180 665 3234 masium
694 3182 745 3233 et
780 3178 1036 3233 Jacobum
1071 3183 1286 3233 revocat
1312 3179 1384 3232 ab
1412 3194 1590 3233 errore
1613 3180 1843 3247 Pelagii,
1874 3182 2061 3233 contra

382 3294 387 3299 ~
437 3282 593 3336 quem
638 3267 953 3335 opusculum
996 3266 1111 3320 edit
1153 3267 1220 3320 de
1266 3268 1481 3322 Natura
1533 3271 1583 3321 et
1631 3267 1844 3324 Gratia.
1896 3270 1927 3322 6
1970 3268 2062 3322 Ad

439 3356 668 3424 quaesita
709 3354 957 3423 quaedam
998 3356 1217 3417 Evodii,
1260 3370 1427 3425 eaque
1448 3358 1747 3426 przdpua,
1780 3356 2063 3426 respondet

432 3458 533 3513 per
562 3443 772 3511 aliquot
798 3443 1070 3512 epistolas.
1119 3447 1150 3498 7
1184 3444 1407 3498 Libram
1444 3445 1510 3499 de
1542 3447 1871 3512 Perfectione
1890 3445 2058 3515 justi-

435 3533 524 3586 tiaa
543 3532 777 3585 homines
807 3533 1093 3601 componit.

443 3622 487 3673 1.
540 3618 605 3672 In
644 3618 880 3690 epistola
910 3620 979 3674 ad
1011 3619 1287 3675 Evodium
1316 3620 1424 3675 hoc
1455 3624 1703 3675 vertente
1733 3636 1885 3675 anno
1928 3636 2064 3692 qua-

369 3707 822 3780 dringentesimo
870 3708 1091 3763 decimo
1120 3709 1320 3780 quinto
1359 3709 1491 3764 data
1520 3710 1691 3765 variae
1712 3714 2061 3765 commenta-

366 3797 550 3853 tiones
577 3801 870 3865 notantur,
899 3813 1041 3869 quas
1068 3798 1443 3870 Augustinus,
1467 3802 1533 3853 ut
1557 3799 1680 3870 ipse
1709 3799 1902 3866 tradit,
1932 3802 2061 3853 ante

371 3886 603 3953 Pascha,
651 3902 715 3941 ac
755 3886 877 3958 jam
921 3885 1259 3942 imminente
1289 3886 1737 3959 Quadragesima
1765 3887 2061 3959 incoeptas,

370 3980 506 4030 tunc
551 3976 827 4047 temporis
869 3975 942 4030 ad
976 3975 1312 4031 umbilicum
1355 3976 1668 4031 adduxerat
1697 3977 1891 4047 (Epist.
1940 3979 2060 4043 169,

367 4081 421 4120 n.
477 4067 531 4135 1)
575 4066 639 4119 In
681 4065 772 4119 bis
815 4069 1005 4120 autem
1038 4064 1212 4119 libros
1252 4066 1413 4130 duos,
1458 4069 1729 4137 quartum
1769 4065 1983 4119 scilicet
2009 4069 2067 4119 et

369 4153 633 4225 quintum
663 4152 733 4207 de
753 4152 991 4208 Civitate
1012 4152 1134 4220 Dei,
1163 4156 1449 4207 memorat
1478 4169 1492 4207 :
1526 4153 1733 4225 quibus
1762 4154 1916 4209 addit
1942 4170 2058 4225 per-

372 4242 590 4316 amplas
632 4256 664 4295 a
708 4257 766 4295 se
807 4241 1041 4296 dictatas
1083 4242 1438 4296 Psalmorum
1482 4242 1818 4312 sexagesimi
1867 4242 2062 4313 primi,

367 4328 776 4401 septuagesimi
802 4328 977 4401 primi
998 4333 1053 4383 et
1074 4329 1479 4401 septuagesimi
1501 4330 1728 4402 septimi
1758 4331 2064 4403 expositio-

370 4435 487 4473 nes.
518 4418 777 4473 Psalmos
806 4418 948 4472 alios
979 4434 1079 4472 seu
1109 4418 1327 4473 calamo
1358 4434 1460 4474 seu
1489 4434 1749 4474 sermone
1772 4420 1891 4492 jam
1920 4421 2065 4476 bene

368 4506 578 4562 multos
607 4505 955 4578 explicuerat
987 4522 1001 4561 :
1034 4522 1167 4561 nam
1193 4506 1439 4561 vidimus
1458 4507 1815 4578 trigesimum
1844 4515 2066 4565 sextum

369 4593 711 4665 Carthagine
756 4593 827 4648 ab
871 4609 938 4648 eo
985 4594 1136 4649 inter
1180 4594 1631 4651 concionandum
1676 4596 1797 4667 jam
1826 4597 1959 4653 inde
1998 4599 2067 4654 ab

369 4698 522 4738 anno
597 4682 1162 4755 quadringentesimo
1222 4683 1390 4739 tertio
1464 4685 1830 4757 erplanatum
1894 4688 2068 4744 fuisse

372 4772 595 4843 (Supra,
621 4771 714 4825 lib.
746 4774 799 4841 5,
820 4787 943 4843 cap.
967 4775 1020 4839 8,
1042 4788 1099 4837 n,
1116 4774 1205 4844 6);
1231 4789 1295 4827 ac
1314 4772 1373 4827 in
1393 4782 1708 4830 memorata
1728 4776 2071 4848 epistolado-

371 4864 465 4916 cet
491 4861 862 4917 vehementer
908 4863 1218 4935 exspectari
1254 4863 1617 4937 ﬂagitarique
1665 4866 1734 4921 ab
1780 4866 1903 4939 ipso
1942 4866 2072 4922 reli-

374 4965 519 5022 quos
547 4951 822 5019 Psalmos,
875 4968 1121 5023 quorum
1167 4953 1409 5008 necdum
1441 4955 1854 5026 expositionem
1881 4972 2069 5027 neque

373 5038 655 5111 scriptura
700 5055 889 5111 neque
917 5040 1113 5096 habito
1152 5042 1221 5096 ad
1251 5043 1477 5113 plebem
1521 5060 1785 5100 sermone
1815 5044 2072 5099 ediderat

377 5131 571 5201 (Epist.
607 5133 729 5200 169,
758 5146 815 5185 n.
849 5134 919 5199 1).
953 5131 1146 5187 Innuit
1174 5132 1344 5187 etiam
1371 5132 1430 5188 id
1458 5133 1567 5188 sibi
1595 5138 1751 5201 tunc,
1793 5133 2070 5188 nimirum

372 5219 480 5274 sub
523 5218 659 5274 anni
708 5235 741 5273 a
770 5219 1332 5292 quadringentesimo
1385 5222 1573 5293 quinti
1601 5221 1808 5278 decimi
1833 5222 2068 5286 exitum,

371 5306 436 5362 in
465 5308 656 5364 animo
688 5308 883 5378 fuisse,
932 5310 1168 5366 omnino
1212 5311 1345 5367 huic
1381 5312 1563 5383 operi,
1595 5310 1879 5381 simulque
1908 5310 2072 5366 alteri

377 5395 447 5450 de
493 5396 730 5452 Civitate
770 5398 893 5465 Dei,
938 5398 1282 5455 absolvendo
1328 5399 1678 5465 incumbere,
1730 5413 1969 5471 eamque
1998 5399 2070 5454 ob

377 5498 503 5538 rem
532 5486 710 5541 libros
728 5486 800 5542 de
828 5487 1104 5542 Trinitate
1136 5489 1319 5543 adhuc
1347 5488 1603 5553 differre;
1636 5502 1765 5542 cum
1793 5492 2072 5559 praeterea

380 5574 438 5624 et
466 5572 701 5642 majoris
730 5578 918 5630 essent
944 5574 1313 5643 difﬁcultatis,
1344 5578 1401 5629 et
1429 5574 1689 5646 minoris,
1720 5577 1919 5631 saltem
1957 5577 2074 5649 ple-

1600 303 1758 356 VI’I‘A
1795 300 1851 356 S.
1891 300 2272 357 AUGUSTINI
2314 302 2644 357 EPISCOPI.

3761 302 3875 355 476

2152 426 2344 499 risque
2393 425 2722 493 hominum,
2770 424 3051 480 utilitatis.
3100 423 3164 479 Et
3210 437 3410 494 reapse
3448 423 3700 478 maximo
3731 423 3875 479 huic

2154 516 2316 587 operi
2342 520 2658 570 extremam
2689 513 2971 586 imposuit
2993 528 3251 579 manum,
3283 527 3348 566 ac
3377 513 3632 567 Psalmos
3662 528 3874 567 omnes

2155 604 2366 677 partim
2411 604 2698 673 dictando,
2743 602 2951 673 partim
2997 600 3386 656 concionando
3416 601 3743 669 edisseruit;
3787 605 3874 657 at-

2156 709 2269 766 que
2298 693 2470 749 etiam
2501 698 2559 747 et
2587 694 2694 747 hoc
2725 695 2783 747 et
2814 692 2914 746 illo
2946 691 3115 746 modo
3145 690 3469 744 nonnullos.

2226 786 2280 838 2.
2313 784 2448 837 Post
2475 785 2825 837 memoratas
2864 780 2923 834 in
2954 784 3068 834 tres
3098 778 3229 833 illos
3266 780 3523 833 Psalmos
3571 794 3873 833 commen-

2157 872 2427 941 tationes,
2476 869 2774 942 subjungit
2813 868 3168 940 Augustinus
3211 867 3390 922 libros
3421 884 3451 922 a
3491 883 3550 922 se
3587 884 3692 940 per
3723 868 3872 923 Oro-

2158 961 2307 1015 sium
2358 960 2707 1031 Hieronymo
2757 958 2981 1024 missos,
3031 962 3152 1013 tum
3199 956 3378 1011 alium
3422 973 3649 1029 quoque
3679 957 3873 1013 eidem

2160 1048 2377 1115 Orosio,
2432 1051 2631 1105 Contra
2662 1049 3112 1103 Priscillianislas
3155 1051 3205 1100 et
3254 1048 3613 1116 Origenistas,
3662 1044 3868 1101 inscri-

2158 1144 2322 1210 ptum
2344 1139 2508 1207 (Ibid.
2526 1180 2539 1207 ,
2558 1154 2616 1192 n.
2637 1138 2739 1204 t3).
2767 1136 3000 1193 Orosius
3019 1140 3211 1191 autem
3236 1136 3516 1207 Hispanus
3537 1136 3865 1208 presbyter,

2159 1227 2259 1299 qui
2288 1230 2343 1281 et
2371 1227 2578 1281 Paulus
2608 1226 2667 1281 in
2695 1225 2788 1295 iis,
2818 1242 2947 1298 quae
2993 1241 3061 1280 ex
3091 1225 3214 1296 ejus
3255 1224 3527 1296 operibus
3559 1225 3745 1280 adhuc
3773 1242 3868 1279 su-

2160 1320 2417 1388 persunt,
2448 1315 2742 1378 vocitatur,
2764 1316 2824 1370 in
2852 1319 3104 1369 extrema
3126 1314 3635 1386 Hispania,scilicet
3650 1313 3869 1369 Oceani

2160 1405 2555 1475 littore,natus
2567 1409 2689 1458 erat
2711 1404 2895 1474 (Ibid.,
2911 1408 2960 1457 et
2981 1405 3158 1473 Epist.
3186 1406 3307 1467 166,
3326 1419 3386 1457 n.
3408 1402 3495 1474 2).
3525 1403 3578 1457 Is
3595 1418 3727 1457 cum
3744 1418 3864 1457 non

2160 1493 2562 1549 communione
2592 1498 2814 1549 tantum
2844 1492 3173 1554 catholicus,
3213 1507 3411 1547 verum
3443 1491 3618 1546 etiam
3646 1492 3866 1563 pietate

2160 1599 2225 1639 ac
2268 1583 2402 1638 ﬁdei
2447 1582 2775 1638 christiana:
2815 1582 3003 1637 studio
3047 1596 3351 1636 succensus
3393 1586 3559 1648 esset,
3616 1580 3867 1652 patriam

2161 1689 2323 1728 suam
2346 1676 2483 1727 tunc
2512 1688 2544 1726 a
2573 1670 2835 1727 Barbarie
2856 1670 3029 1741 diripi
3050 1670 3373 1742 vastarique
3395 1670 3587 1724 minus
3619 1669 3870 1740 gemuit,

2162 1777 2337 1833 quam
2356 1761 2529 1816 ﬁdem
2550 1776 2655 1832 per
2684 1759 2981 1830 Hispanias
3009 1758 3181 1813 variis
3209 1758 3496 1814 erroribus
3516 1758 3866 1830 oppugnari.

2160 1849 2369 1905 Audita
2386 1850 2563 1921 igitur
2578 1849 2883 1921 Augustini
2905 1849 3075 1915 fama,
3108 1864 3175 1903 eo
3203 1848 3433 1904 doctore
3460 1847 3531 1902 de
3558 1846 3865 1919 capitibus,

2162 1936 2373 2009 quibus
2415 1937 2752 2007 angebatur,
2802 1935 3083 2007 quidquid
3125 1935 3312 2001 vellet,
3343 1935 3558 1989 discere
3587 1950 3646 1989 se
3676 1950 3867 2007 posse,

2164 2040 2388 2079 necnon
2432 2040 2534 2079 suo
2580 2039 2715 2095 erga
2760 2039 2947 2078 sacras
2987 2023 3203 2078 litteras
3244 2022 3427 2077 amori
3464 2022 3534 2077 ab
3564 2022 3662 2077 illo
3693 2023 3871 2093 plene

2164 2114 2565 2185 cumulateque
2597 2113 2948 2168 satisfactum
2978 2112 3051 2167 iri
3081 2110 3443 2167 existimavit.
3466 2112 3581 2167 Hoc
3603 2128 3720 2167 uno
3737 2127 3871 2166 con-

2164 2203 2292 2257 silio
2324 2218 2478 2268 eum,
2511 2206 2576 2256 ut
2606 2201 2665 2255 in
2694 2201 2941 2256 Africam
2972 2217 3038 2257 ex
3067 2201 3285 2256 ultimis
3323 2200 3609 2273 Hispaniis
3639 2201 3868 2271 trajice-

2164 2296 2270 2359 ret,
2305 2292 2615 2347 adductum
2641 2290 2813 2345 fuisse
2843 2290 2998 2345 testis
3028 2294 3112 2345 est
3139 2290 3299 2346 omni
3329 2289 3653 2361 exceptione
3681 2289 3872 2360 major

2165 2380 2520 2452 Augustinus
2554 2380 2756 2449 (Epist.
2784 2382 2903 2447 169,
2925 2396 2980 2434 n.
3010 2380 3118 2451 13).
3144 2379 3382 2434 Videtur
3398 2377 3775 2434 nihilominus
3795 2377 3868 2432 ad

2164 2469 2527 2542 prOpositum
2570 2469 2998 2540 exsequendum
3042 2468 3207 2523 citius
3257 2484 3429 2539 quam
3461 2467 3867 2532 destinaverat,

2168 2558 2550 2613 Barbarorum
2579 2556 2916 2612 crudelitate
2946 2562 3189 2613 coactus.
3224 2557 3525 2613 Enimvero
3556 2557 3626 2612 de
3655 2572 3715 2610 se
3744 2555 3872 2626 ipse

2168 2647 2389 2716 asserit,
2421 2662 2480 2702 se
2511 2646 2570 2701 in
2604 2647 2858 2701 tumultu
2894 2646 3167 2718 quodam,
3217 2645 3522 2701 infortunii
3564 2644 3873 2700 formidine

2167 2736 2491 2809 perculsum
2512 2735 2802 2807 aufugisse
2832 2736 3029 2806 (0ros.,
3046 2738 3186 2791 Hist.
3211 2736 3304 2790 lib.
3332 2738 3383 2804 5,
3406 2750 3527 2805 cap.
3552 2734 3637 2802 2);
3660 2733 3874 2788 Barba-

2168 2840 2369 2880 rorum
2410 2824 2503 2878 vix
2551 2824 2787 2879 evitasse
2831 2823 3094 2890 insidias;
3137 2828 3306 2896 atque
3350 2824 3522 2878 etiam
3566 2826 3873 2894 postquam

2162 2914 2284 2983 jam
2315 2928 2473 2967 mare
2499 2912 2939 2980 conscendisset,
2972 2912 3120 2967 saxis
3139 2929 3205 2967 ac
3222 2912 3349 2967 telis
3364 2911 3875 2983 petitum,demum

2168 3002 2485 3074 repentinas
2531 3001 2759 3057 nebulae
2801 3001 3098 3068 beneficio,
3139 3017 3266 3056 cum
3291 3000 3529 3072 jamjam
3560 2999 3876 3070 capiendus

2170 3092 2479 3160 videretur,
2526 3091 2770 3145 evasisse
2803 3107 2817 3145 :
2852 3107 2981 3163 quae
3008 3090 3262 3161 pericula
3289 3093 3448 3144 tanta
3476 3088 3648 3144 fuisse
3689 3088 3874 3155 addit,

2168 3184 2234 3236 ut
2258 3196 2321 3235 ea
2341 3180 2463 3234 sine
2486 3179 2751 3251 lacrymis
2770 3195 2940 3234 nemo
2960 3178 3068 3234 nisi
3089 3179 3265 3234 durus
3278 3178 3476 3233 audire
3492 3180 3665 3249 queat
3685 3177 3873 3245 (lbid.,

2171 3270 2268 3325 lib.
2301 3271 2352 3333 3,
2386 3280 2506 3338 cap.
2529 3269 2640 3340 20).
2663 3268 2807 3323 Dicit
2824 3272 3123 3340 praeterea,
3147 3284 3276 3323 cum
3299 3283 3330 3323 e
3349 3266 3535 3338 patria
3549 3265 3601 3320 vi
3622 3265 3875 3337 quadam

2171 3359 2391 3414 occulta
2436 3358 2671 3428 ejectus,
2720 3373 2785 3412 ac
2835 3357 2958 3413 sine
2998 3358 3313 3423 voluntate,
3359 3356 3481 3410 sine
3512 3354 3873 3417 necessitate,

2171 3447 2293 3502 sine
2339 3461 2618 3501 consensu
2660 3449 2807 3500 esset
2847 3461 3125 3517 egressus,
3171 3444 3231 3499 in
3273 3443 3523 3499 Africam
3559 3443 3877 3514 trajecisse,

2172 3550 2361 3607 neque
2401 3551 2459 3589 se
2507 3533 2932 3604 navigationem
2963 3550 3124 3589 suam
3158 3550 3225 3588 eo
3257 3533 3489 3588 tendere
3531 3532 3690 3605 prius
3719 3547 3880 3587 com-

2172 3624 2410 3696 perisse,
2438 3638 2611 3694 quam
2633 3622 2703 3677 ad
2724 3622 2848 3692 ejus
2863 3620 3173 3693 provincias
3194 3621 3355 3676 littus
3374 3621 3717 3692 appelleret;
3747 3623 3881 3674 tum

2174 3713 2406 3768 demum
2458 3710 2827 3774 considerato,
2879 3726 2993 3782 qua
3040 3709 3264 3765 ratione
3312 3709 3644 3780 deportatus
3671 3708 3881 3763 eodem

2175 3801 2397 3870 fuisset,
2421 3816 2619 3855 cursus
2649 3799 2735 3854 sui
2764 3799 2939 3854 ﬁnem
2969 3803 3025 3854 et
3054 3797 3359 3853 consilium
3403 3795 3880 3868 deprehendisse;

2176 3907 2239 3945 ac
2274 3893 2539 3945 revocato
2586 3888 2936 3960 collectoque
2982 3887 3179 3942 animo
3225 3886 3573 3958 cognovisse,
3605 3900 3673 3940 eo
3701 3900 3761 3939 se
3793 3884 3882 3939 di-

2175 3977 2387 4034 vinitus
2400 3978 2471 4033 ad
2484 3977 2869 4048 Augustinum
2888 3976 3081 4048 dirigi,
3096 3979 3158 4030 ut
3169 3974 3485 4046 Hispanicis
3506 3974 3673 4029 malis
3692 3989 3881 4029 reme-

2176 4068 2337 4124 dium
2354 4067 2415 4122 in
2443 4067 2567 4138 ipso
2599 4066 2879 4137 reperiret
2904 4065 3097 4136 (Apud
3123 4066 3383 4134 August.,
3416 4065 3596 4121 Orosii
3614 4064 3883 4129 Consult.,

2176 4173 2231 4212 n.
2271 4159 2347 4228 1).
2382 4156 2586 4228 Sicque
2616 4173 2647 4210 a
2679 4154 2973 4210 verisimili
2995 4171 3109 4209 non
3132 4155 3423 4226 abhorret,
3444 4169 3725 4223 eum,qua
3754 4168 3885 4207 sese

2177 4245 2461 4318 praecipiti
2489 4244 2857 4300 festinatione
2886 4244 2952 4299 ad
2977 4260 3179 4298 navem
3203 4243 3481 4314 rapiebat,
3506 4243 3565 4297 in
3588 4240 3883 4314 quoddam

2177 4334 2493 4406 navigium,
2526 4334 2679 4406 quod
2706 4333 2818 4388 alio
2847 4334 2972 4389 vela
3000 4332 3229 4399 faceret,
3260 4331 3581 4404 ingressum
3616 4345 3757 4397 esse,
3792 4334 3883 4384 at-

2177 4426 2374 4477 tamen
2416 4424 2532 4478 Deo
2569 4438 2799 4477 cursum
2829 4421 2984 4476 illius
3011 4421 3368 4487 moderante,
3402 4420 3472 4475 ad
3501 4434 3659 4475 oram
3685 4418 3881 4490 appli-

2177 4512 2358 4567 cuisse
2385 4510 2737 4566 Africanam.

2250 4604 2302 4656 3.
2353 4602 2494 4656 Cum
2541 4599 2847 4672 Augustini
2882 4599 3232 4672 colloquium
3261 4598 3630 4653 vehementer
3656 4600 3884 4668 optaret

2181 4689 2434 4758 Orosius,
2467 4693 2936 4761 exspectaretque
2966 4687 3478 4761 opportunitatem,
3510 4690 3572 4741 ut
3599 4685 3800 4757 capita,
3813 4688 3886 4741 de

2181 4778 2388 4851 quibus
2434 4778 2649 4835 erudiri
2693 4795 2750 4834 se
2800 4777 3086 4851 cupiebat,
3112 4777 3302 4833 eidem
3332 4775 3393 4831 in
3418 4775 3676 4830 libellum
3703 4774 3887 4829 relata

2178 4870 2453 4936 traderet;
2486 4867 2726 4939 contigit
2753 4871 2819 4923 ut
2846 4867 3070 4936 eodem,
3113 4882 3227 4939 quo
3258 4864 3401 4937 ipse,
3431 4861 3712 4919 desiderio
3739 4880 3887 4935 pro-

2178 4957 2446 5012 curanda:
2476 4958 2737 5013 omnium
2767 4957 2967 5012 salutis
2986 4954 3234 5027 permoti
3255 4955 3466 5009 Paulus
3488 4958 3659 5025 atque
3681 4953 3887 5007 Eutro-

2179 5045 2312 5117 pius
2341 5045 2592 5116 episcopi
2633 5044 3139 5101 commonitorium
3170 5044 3239 5100 de
3269 5043 3612 5115 quibusdam
3641 5040 3888 5096 haeresi-

2182 5135 2299 5189 bus
2320 5138 2513 5188 sancto
2543 5133 2775 5189 Doctori
2804 5133 3094 5189 offerrent.
3128 5134 3306 5188 Porro
3335 5130 3611 5203 quoniam
3643 5129 3735 5183 isti
3766 5145 3889 5184 non

2181 5239 2401 5289 omnes,
2435 5223 2534 5278 sed
2580 5226 2762 5277 certas
2804 5223 3083 5294 quasdam
3120 5221 3368 5277 haereses
3393 5218 3787 5291 prodiderant,
3820 5233 3892 5272 ea

2179 5315 2417 5382 propter
2438 5309 2546 5365 sibi
2567 5310 2949 5366 necessarium
2963 5310 3123 5366 duxit
3141 5308 3395 5377 Orosius,
3420 5323 3620 5363 omnes
3642 5306 3888 5361 omnino

2181 5400 2516 5470 dogmatum
2567 5399 2966 5454 haereticorum
3007 5399 3237 5454 arbores
3276 5413 3408 5453 cum
3436 5396 3573 5468 ipsis
3599 5394 3890 5449 radicibus

2181 5503 2246 5543 ac
2282 5486 2457 5541 ramis
2498 5487 2783 5560 colligere.
2827 5490 2981 5543 Hanc
3028 5487 3089 5542 in
3131 5502 3253 5541 rem
3290 5486 3386 5541 ille
3437 5486 3604 5540 beato
3644 5484 3891 5539 Prmsuli

2181 5575 2666 5632 consultationem
2717 5593 2815 5633 seu
2842 5574 3347 5633 commonitorium
3378 5572 3673 5646 epistolari
3699 5573 3894 5629 forma
