4062 6364
145 316 241 369 477
266 354 269 357 ‹

1562 315 1772 371 LIBER
1814 314 2185 372 SEPTIMUS.

3535 314 3640 368 478

146 434 371 501 obtulit,
403 435 501 489 ubi
542 451 673 507 quae
711 434 1066 503 Priscilliani,
1100 451 1297 508 quaeve
1328 437 1590 509 Origenis
1614 453 1836 492 venena
1940 441 2120 507 factus
2164 439 2242 493 est
2287 438 2524 492 omnium
2570 451 2694 491 reus
2736 436 2953 507 (Jacobi
3001 453 3059 503 II,
3114 436 3218 507 10).
3268 438 3441 491 Hosce
3470 437 3644 492 libros

145 523 473 596 Hispaniam
494 540 561 578 eo
591 520 849 596 tempore
867 524 1221 591 infestarent,
1256 530 1596 597 exposuerat
1623 526 1830 597 (Ibid.).

145 612 407 667 Discendi
429 612 712 684 cupiditas
740 613 855 679 illa,
897 630 1010 684 qua
1030 614 1308 684 ﬂagrabat
1328 615 1581 685 Orosius,
1603 631 1719 669 non
1739 632 1835 686 po-

143 705 292 755 terat
322 717 437 755 non
473 717 592 755 esse
622 701 1009 772 acceptissima
1039 703 1357 773 Augustino
1391 720 1404 757 :
1437 704 1485 757 is
1523 720 1658 775 ergo
1684 703 1836 757 illius

145 788 356 859 optatis
392 793 455 842 ut
494 789 853 855 satisfaceret,
889 790 1120 859 librum,
1152 791 1244 845 cui
1272 791 1471 846 titulus
1502 797 1607 858 est,
1640 793 1836 849 Contra

145 878 591 932 Priscillianistas
615 881 666 931 et
695 877 1051 945 Origenistas,
1078 879 1325 949 scripsit,
1352 886 1522 951 atque
1551 879 1662 951 ipsi
1683 896 1835 934 nun-

146 965 369 1035 cupavit
390 965 600 1019 Orosio.
632 966 695 1019 In
727 982 792 1020 eo
815 972 1026 1038 quanta
1048 968 1235 1038 potuit
1250 972 1371 1022 tum
1394 968 1689 1033 brevitate,
1713 974 1837 1022 tum

145 1053 545 1124 perspicuitate
580 1071 735 1122 usus,
769 1055 909 1109 nihil
941 1056 1059 1109 fere
1089 1057 1355 1110 adversus
1384 1056 1838 1111 Priscillianista-

149 1159 275 1197 rum
320 1158 538 1197 errores
585 1144 757 1210 dixit;
800 1161 865 1198 eo
913 1146 1066 1216 quod
1108 1145 1225 1199 suis
1272 1150 1469 1199 contra
1501 1145 1839 1201 Manichmos

150 1231 646 1302 disputationibus,
687 1250 828 1304 quas
868 1234 1100 1289 Orosius
1128 1235 1215 1288 vel
1236 1234 1357 1305 jam
1384 1235 1610 1305 legerit,
1639 1235 1727 1289 vel
1757 1236 1839 1290 le-

151 1335 282 1390 gere
302 1320 599 1375 commode
630 1322 825 1391 possit,
842 1322 1089 1377 stabilita
1109 1323 1390 1394 principia
1410 1327 1617 1390 essent,
1635 1322 1840 1394 quibus

150 1412 204 1462 et
224 1407 330 1479 ipsi
364 1408 805 1464 Priscillianistae
839 1411 1218 1483 profligantur
1253 1410 1483 1483 (Contra
1521 1413 1757 1468 Priscill.
1791 1416 1843 1465 et

151 1497 387 1563 Origen.,
410 1513 463 1550 η.
494 1497 563 1567 1).
589 1499 655 1551 In
679 1498 813 1566 ﬁne,
830 1500 966 1553 dum
981 1500 1049 1552 de
1070 1499 1383 1553 caelestium
1403 1500 1706 1569 spirituum
1731 1500 1844 1554 dis-

150 1583 420 1638 tinctione
468 1585 742 1656 loquitur,
792 1588 1027 1656 pulchre
1058 1587 1368 1642 admodum
1407 1588 1477 1642 de
1509 1587 1841 1660 hujusmodi

150 1672 563 1744 quaestionibus
593 1675 866 1743 obscuris,
905 1675 1100 1747 eisque
1138 1692 1256 1731 non
1277 1677 1631 1746 necessariis,
1665 1677 1841 1731 disse-

150 1760 223 1814 rit
254 1775 266 1816 :
299 1776 364 1814 ac
390 1761 640 1832 ingenue
670 1763 879 1817 fatetur
901 1764 1121 1831 Orosio,
1151 1765 1221 1819 ad
1242 1765 1386 1819 illud
1417 1766 1760 1836 respondere
1785 1781 1841 1818 se

153 1849 487 1920 neutiquam
535 1867 718 1922 posse.
759 1853 889 1919 Quo,
939 1852 1149 1924 inquit,
1192 1868 1276 1906 me
1315 1858 1637 1920 contemnas,
1688 1868 1844 1922 quem

150 1953 404 2005 magnum
428 1945 590 2009 putas
617 1956 728 1995 esse
747 1941 1030 2000 doctorem,
1054 1957 1301 2010 quamam
1325 1944 1435 1996 ista
1463 1944 1596 2008 sint,
1628 1945 1679 1995 et
1709 1941 1845 2011 quid

151 2029 290 2081 inter
326 2042 385 2081 se
431 2028 719 2097 differant,
766 2031 942 2083 nescio
995 2029 1180 2099 (Ibid.,
1227 2045 1285 2084 η.
1346 2030 1451 2100 14).
1511 2029 1665 2083 Alibi
1709 2045 1847 2100 quo-

152 2131 258 2187 que
281 2115 534 2193 fructum
572 2115 724 2171 hunc
750 2116 997 2172 afﬁrmat
1024 2134 1089 2171 ex
1121 2134 1223 2172 sua
1252 2116 1716 2189 peregrinatione
1745 2133 1841 2170 ca-

151 2208 384 2275 pturum
417 2203 586 2258 fuisse
633 2204 917 2273 Orosium,
967 2207 1121 2277 quod
1146 2206 1281 2273 illis,
1327 2222 1457 2277 quae
1487 2206 1557 2260 de
1598 2222 1656 2260 se
1696 2206 1846 2259 fama

154 2292 423 2364 vulgabit,
442 2295 674 2364 posthac
693 2310 811 2349 non
833 2299 1056 2349 tantum
1075 2294 1207 2349 ﬁdei
1236 2293 1309 2348 sit
1326 2294 1624 2349 habiturus
1649 2296 1840 2365 (Epist.

162 2384 274 2449 166,
320 2398 379 2437 n.
428 2384 501 2451 2).
563 2382 703 2437 Huic
745 2383 1008 2437 tractatui
1053 2382 1407 2454 Augustinus
1458 2384 1647 2438 locum
1705 2382 1847 2437 assi-

157 2475 288 2541 gnat
324 2470 479 2525 inter
507 2486 625 2537 eos,
671 2488 815 2542 quos
854 2488 1004 2526 anno
1033 2472 1596 2543 quadringentesimo
1628 2470 1849 2526 decimo

157 2560 351 2630 quinto
373 2559 695 2630 composuit
726 2577 739 2614 :
772 2576 1018 2632 cumque
1048 2560 1265 2615 editum
1287 2576 1421 2615 eum
1451 2564 1713 2632 oporteat
1732 2575 1849 2614 non

157 2649 333 2702 multo
363 2651 498 2719 post
535 2647 718 2703 Orosii
753 2648 1059 2702 adventum
1106 2648 1168 2703 in
1214 2647 1483 2711 Africam,
1530 2664 1631 2702 cur
1676 2648 1768 2702 hic
1790 2647 1850 2702 in

158 2752 279 2791 eam
303 2735 660 2807 provinciam
689 2735 850 2807 prius
870 2736 1071 2790 eodem
1100 2753 1251 2791 anno
1284 2736 1849 2808 quadringentesimo

159 2826 377 2880 decimo
409 2825 609 2896 quinto
639 2824 859 2879 venisse
899 2825 1171 2881 dicendus
1211 2826 1301 2893 sit,
1331 2842 1445 2880 non
1475 2827 1753 2881 videmus.

226 2915 280 2967 4.
314 2913 431 2967 Etsi
460 2929 633 2985 quem
662 2930 725 2968 ex
758 2913 1121 2984 navigatione
1164 2929 1267 2967 sua
1302 2914 1553 2968 fructum
1581 2914 1689 2969 sibi
1725 2930 1854 2986 pro-

160 3002 388 3058 miserat
418 3002 670 3065 Orosius,
721 3018 851 3057 eum
900 3003 1128 3058 abunde
1166 3003 1287 3057 viso
1326 3003 1638 3074 auditoque
1663 3005 1856 3076 Augu-

162 3092 308 3147 stino
350 3091 671 3164 perciperet
700 3109 712 3145 :
762 3092 1111 3163 Augustinus
1142 3096 1352 3157 tamen,
1386 3091 1487 3163 qui
1525 3108 1657 3146 eum
1688 3093 1857 3147 vellet

163 3181 327 3252 pleno
356 3182 555 3235 fenore
583 3181 939 3253 locupletari,
972 3198 1089 3236 non
1119 3185 1417 3235 contentus
1443 3182 1528 3236 illi
1557 3182 1854 3237 tradidisse

164 3286 290 3342 quae
318 3274 572 3337 noverat,
603 3270 713 3341 ipsi
739 3270 953 3325 fontem
974 3270 1351 3338 uberrimum,
1392 3271 1543 3325 unde
1574 3270 1853 3343 quidquid

165 3360 261 3414 abs
286 3376 344 3414 se
370 3359 560 3414 doceri
588 3376 752 3431 posse
778 3375 895 3414 non
922 3360 1182 3430 putabat,
1214 3359 1365 3414 facili
1393 3360 1625 3432 negotio
1655 3360 1857 3415 hauri-

165 3452 269 3515 ret,
300 3447 600 3514 indicavit;
629 3454 800 3519 atquo
840 3452 902 3502 ut
944 3448 1355 3520 Hieronymum
1388 3448 1732 3509 conveniret,
1775 3452 1860 3503 est

167 3538 512 3591 adhortatus.
563 3537 625 3591 Id
678 3536 980 3608 Augustini
1028 3537 1143 3592 sive
1192 3536 1513 3599 consilium,
1567 3536 1683 3591 sive
1710 3553 1860 3609 prae-

168 3631 414 3697 ceptum,
449 3642 623 3698 quam
654 3625 897 3680 libenter
917 3626 1134 3697 accepit
1166 3626 1417 3692 Orosius,
1445 3626 1614 3697 eique
1637 3642 1859 3681 morem

167 3730 363 3785 gerere
392 3714 557 3769 latus
601 3715 865 3769 decrevit.
917 3715 1086 3768 Illum
1132 3718 1357 3768 sanctus
1404 3714 1674 3779 Antistes,
1705 3718 1771 3768 ut
1797 3713 1859 3767 in

168 3803 355 3857 reditu
386 3803 543 3874 prius
573 3803 643 3857 ad
674 3819 732 3856 se
757 3803 1276 3873 diverteret,quam
1299 3803 1355 3856 in
1377 3801 1622 3872 patriam
1653 3817 1864 3854 remea-

169 3896 273 3954 ret,
312 3892 567 3962 rogavit;
606 3891 759 3961 quod
807 3907 865 3944 se
912 3891 1308 3961 praestiturum
1350 3889 1566 3961 recepit
1608 3889 1859 3943 Orosius.

167 3981 484 4051 Augustino
508 3983 841 4049 pergratum
871 3978 997 4046 fuit,
1022 3979 1175 4050 quod
1193 3994 1318 4032 eam
1349 3977 1703 4032 occasionem
1732 3977 1864 4032 Hie-

166 4080 411 4135 ronymo
442 4065 825 4133 dubitationes
854 4081 984 4119 suas
1010 4066 1371 4137 proponendi
1394 4066 1815 4120 nancisceretur
1846 4083 1859 4120 :

166 4154 382 4211 etenim
412 4171 516 4225 pro
544 4169 768 4208 summo
798 4170 897 4207 suo
928 4154 988 4207 in
1029 4153 1327 4207 veritatem
1360 4153 1571 4220 studio,
1618 4154 1864 4209 multum

169 4244 528 4300 desiderabat
562 4258 691 4297 cum
721 4258 789 4297 eo
820 4241 1070 4314 colloqui
1099 4257 1204 4314 per
1230 4241 1487 4309 litteras;
1519 4241 1733 4313 quippe
1763 4259 1864 4297 cu-

165 4334 260 4405 jus
289 4332 586 4404 ingenium
612 4335 783 4404 atque
815 4331 1201 4386 eruditionem
1232 4328 1470 4402 plurimi
1488 4330 1747 4385 faciebat.
1774 4332 1869 4386 At-

173 4422 272 4493 qui
310 4437 455 4490 opus
483 4420 551 4474 ad
593 4420 742 4474 istud
773 4424 894 4473 erat
932 4419 1168 4474 homine
1205 4419 1273 4473 ad
1305 4419 1588 4490 agendum
1632 4418 1767 4486 ﬁdo,
1797 4421 1868 4473 ad

173 4509 488 4581 parendum
517 4513 807 4579 prompto,
838 4507 905 4561 ad
931 4507 1193 4562 ferendos
1223 4506 1443 4561 itineris
1469 4507 1689 4562 labores
1720 4523 1871 4561 exer-

175 4597 362 4651 citato.
388 4597 579 4653 Talem
598 4601 789 4651 autem
814 4596 1037 4668 jamdiu
1060 4597 1352 4668 quaerebat
1373 4600 1599 4651 sanctus
1620 4597 1866 4663 Praasul;

175 4702 278 4741 nec
297 4687 405 4759 ipsi
425 4686 587 4741 facile
618 4685 965 4740 occurrebat.
990 4685 1263 4750 Quocirca
1286 4701 1379 4740 eas
1399 4701 1595 4739 omnes
1617 4685 1868 4756 aliasque

178 4775 335 4830 dotes
375 4775 437 4830 in
480 4774 675 4831 Orosio
705 4775 889 4829 adhuc
909 4774 1118 4845 juvene
1152 4777 1373 4836 nactus,
1404 4773 1568 4827 illum
1599 4774 1669 4828 ad
1696 4789 1755 4827 se
1784 4774 1869 4828 di-

179 4863 310 4919 vino
341 4864 576 4919 consilio
618 4864 854 4936 hujusce
891 4863 975 4918 rei
1014 4862 1196 4936 gratia
1234 4862 1473 4917 missum
1506 4862 1866 4917 existimavit.

181 4953 436 5025 Arripuit
453 4954 631 5025 igitur
659 4954 1035 5018 occasionem,
1087 4968 1149 5007 ac
1190 4952 1532 5023 Hieronymo
1569 4952 1874 5006 deferenda

182 5042 397 5096 curavit
413 5041 622 5112 scripta
642 5041 756 5095 duo
777 5042 1154 5113 longiuscule,
1177 5057 1306 5113 quae
1326 5040 1501 5096 libros
1526 5041 1768 5112 ipsemet
1781 5057 1873 5094 vo-

185 5129 317 5184 citat
347 5131 542 5201 (Epist.
569 5132 763 5191 169,η.
796 5133 856 5185 l3
878 5150 893 5197 ;
914 5132 1093 5200 Epist.
1131 5132 1253 5197 190,
1274 5145 1328 5183 n.
1362 5131 1473 5198 20),
1506 5145 1688 5201 eoque
1707 5128 1872 5183 titulo

183 5216 241 5272 in
272 5217 784 5274 Retractationibus
814 5218 933 5272 suis
962 5223 1240 5285 recenset,
1274 5218 1533 5291 quamvis
1561 5219 1667 5273 hac
1686 5221 1877 5273 nostra

185 5312 345 5364 etate
388 5309 538 5363 inter
578 5306 731 5361 illius
776 5307 1043 5379 epistolas
1088 5312 1465 5363 numerentur
1508 5308 1704 5377 (Epist.
1752 5309 1876 5375 166,

188 5397 324 5465 167).
348 5397 759 5468 Hieronymum
780 5395 838 5450 in
864 5395 1049 5468 primo
1069 5396 1315 5452 consulit
1335 5396 1404 5451 de
1428 5397 1648 5467 origine
1671 5394 1876 5450 animae

183 5482 462 5553 hominis;
492 5485 551 5539 in
582 5486 760 5539 altero
785 5488 974 5539 autem
1002 5484 1070 5538 de
1092 5483 1373 5538 sententia
1397 5483 1497 5538 illa
1515 5482 1725 5550 Jacobi,
1749 5483 1879 5549 Qui-

187 5586 401 5643 mque
434 5577 599 5629 totam
628 5574 792 5643 legem
831 5573 1147 5640 servaverit,
1185 5572 1425 5641 oﬂ’cndat
1459 5577 1637 5628 autem
1660 5574 1717 5627 in
1744 5586 1874 5639 uno,

1945 527 2321 598 Hieronymus
2343 541 2457 579 non
2478 524 2597 579 sine
2628 524 2858 579 honoris
2888 523 3287 579 testificatione
3318 529 3600 579 memorat
3626 541 3638 578 :

1943 616 2042 671 sed
2085 616 2200 670 illis
2246 614 2586 684 respondere
2641 630 2706 668 eo
2754 613 3052 677 recusavit,
3103 613 3255 684 quod
3304 628 3493 684 neque
3534 612 3641 667 sibi

1944 702 2126 758 otium
2158 704 2227 756 ad
2258 702 2312 756 id
2350 702 2728 756 necessarium
2764 707 3117 773 suppeteret,
3158 717 3346 772 neque
3378 700 3640 756 utilitati-

1944 793 2051 846 bus
2098 791 2356 846 Ecclesiaa
2398 791 2755 854 conduceret,
2807 791 3191 861 Augustinum
3240 806 3305 843 ac
3363 789 3641 859 Hierony-

1945 896 2126 946 mum,
2157 881 2245 934 vel
2270 880 2331 933 in
2361 879 2634 941 minimis,
2679 878 2951 950 opinione
2982 879 3192 933 divisos
3212 878 3410 932 videri.
3435 879 3499 932 Et
3535 877 3643 930 hoc

1946 969 2093 1023 forte
2122 969 2463 1039 Augustino,
2495 972 2881 1039 praeterquam
2912 968 3068 1039 quod
3105 967 3267 1021 illum
3313 965 3423 1020 sibi
3451 966 3521 1020 de
3551 964 3640 1018 his

1945 1057 2248 1128 aliquando
2270 1072 2674 1127 responsurum
2697 1057 2979 1125 sperabat,
3005 1044 3366 1125 potissimum
3388 1054 3449 1107 in
3472 1070 3638 1107 causa

1947 1144 2075 1214 fuit,
2105 1161 2206 1199 cur
2234 1146 2465 1200 eosdem
2485 1145 2612 1199 illos
2643 1145 2838 1212 libros,
2862 1144 3052 1215 quoad
3074 1144 3211 1197 vixit
3242 1144 3641 1213 Hieronymus,

1948 1233 2160 1305 publici
2171 1234 2316 1305 juris
2337 1234 2518 1288 facere
2538 1233 2786 1287 noluerit
2814 1233 3000 1302 (Apud
3022 1232 3282 1301 August.,
3306 1233 3484 1301 Epist.
3519 1233 3642 1296 172,

1948 1340 2003 1378 η.
2036 1327 2056 1377 1
2081 1340 2092 1389 ;
2119 1327 2352 1380 Retract.
2371 1324 2535 1391 lib.2,
2552 1338 2671 1392 cap.
2687 1322 2796 1389 45).
2815 1321 3026 1376 Exinde
3047 1321 3200 1376 enim
3225 1325 3289 1374 ut
3303 1335 3503 1373 eorum
3515 1333 3649 1388 apo-

1950 1413 2236 1484 graphum
2256 1412 2504 1483 cuipiam
2525 1412 2703 1478 daret,
2720 1426 2835 1464 non
2854 1410 3026 1463 modo
3048 1408 3239 1464 induci
3261 1424 3376 1462 non
3400 1410 3646 1479 poterat,

1950 1502 2050 1555 sed
2096 1517 2278 1573 neque
2325 1500 2521 1555 amicis
2563 1500 2825 1554 credebat
2871 1500 3105 1553 domum
3152 1496 3491 1553 deferendos
3531 1514 3547 1550 :
3589 1495 3647 1550 id

1950 1590 2148 1661 gratim
2174 1594 2394 1644 tantum
2426 1590 2761 1657 concedens,
2793 1592 2854 1642 ut
2880 1588 3113 1642 eosdem
3141 1588 3353 1641 lectum
3375 1585 3447 1639 ad
3472 1600 3529 1638 se
3556 1600 3647 1638 ve-

1949 1678 2159 1734 nirent.
2194 1680 2356 1734 Certe
2377 1679 2436 1733 in
2466 1679 2572 1733 hac
2599 1682 2781 1748 parte,
2815 1682 3120 1747 antequam
3145 1672 3476 1744 Hieronymi
3497 1671 3643 1726 litte-

1951 1784 2041 1821 ras
2071 1768 2265 1837 (Apud
2288 1770 2548 1835 August,
2584 1769 2757 1835 Epist.
2790 1765 2915 1834 172)
2944 1763 3397 1833 accepisset,sese
3411 1761 3648 1831 gerebat

1950 1855 2184 1909 liberius
2217 1871 2387 1909 :nam
2418 1853 2720 1908 interalios
2750 1852 3072 1921 complures
3099 1850 3293 1915 libros,
3327 1864 3470 1920 quos
3500 1848 3644 1902 Evo-

1952 1944 2047 1998 dio
2072 1943 2471 1997 describendos
2493 1942 2675 2009 offert,
2699 1941 2803 1994 hos
2826 1954 3057 2011 quoque
3082 1940 3423 1992 annumerat
3440 1936 3645 2007 (Epist.

1957 2035 2077 2099 169,
2122 2048 2177 2086 n.
2223 2031 2326 2103 13).
2379 2031 2609 2085 Videtur
2649 2029 2801 2083 idem
2851 2028 2920 2082 ab
2970 2028 3313 2098 Hieronymo
3344 2023 3651 2079 traductio-

1953 2135 2089 2175 nem
2133 2119 2505 2191 Septuaginta
2551 2117 2954 2190 interpretum,
3005 2115 3074 2170 ab
3115 2131 3182 2170 eo
3212 2115 3440 2181 factam,
3474 2117 3649 2183 atque

1958 2208 2238 2263 asteriscis
2262 2207 2623 2278 verubusque
2649 2205 2995 2270 distinctam,
3014 2220 3117 2276 per
3136 2203 3402 2259 Orosium
3423 2194 3653 2273 petiisse

1958 2299 2151 2367 (Epist.
2192 2301 2310 2364 172,
2341 2313 2395 2351 η.
2417 2297 2474 2366 2)
2508 2312 2521 2350 :
2547 2311 2768 2349 necnon
2791 2294 3055 2365 epistolas
3075 2293 3297 2365 aliquot
3314 2296 3437 2346 tum
3457 2290 3525 2345 ad
3546 2288 3654 2343 vir-

1957 2386 2148 2457 ginem
2183 2384 2571 2450 Eustochiam,
2604 2389 2729 2437 tum
2751 2384 2818 2437 ad
2842 2383 3011 2454 hujus
3036 2386 3276 2436 matrem
3307 2377 3653 2449 Paulamju—

1957 2473 2177 2527 niorem
2219 2472 2527 2543 scripsisse,
2577 2470 2784 2543 quibus
2834 2469 2978 2533 illas,
3005 2473 3067 2523 ut
3094 2468 3401 2540 procedere
3430 2482 3502 2539 ac
3529 2480 3657 2537 pro.

1958 2561 2117 2633 gredi
2148 2561 2208 2615 in
2237 2561 2443 2615 virtute
2481 2563 2808 2632 pergerent,
2841 2558 3260 2613 adhortaretur.

2031 2652 2080 2704 5.
2109 2650 2199 2704 Ad
2246 2649 2607 2703 scribendum
2637 2648 2849 2703 librum
2879 2647 2947 2702 de
2982 2648 3196 2701 Natura
3225 2649 3283 2700 et
3309 2643 3501 2700 Gratia
3533 2644 3655 2715 jam

1959 2739 2102 2794 forte
2119 2738 2471 2809 Augustinus
2493 2752 2790 2808 aggressus
2810 2738 2951 2803 erat,
2983 2751 3113 2789 cum
3143 2750 3210 2788 ex
3239 2733 3429 2788 Africa
3456 2732 3657 2788 disces-

1961 2827 2034 2881 sit
2061 2826 2311 2881 Orosius.
2351 2825 2448 2879 Hic
2478 2825 2631 2879 enim
2658 2841 2777 2879 non
2806 2824 2884 2878 ita
2915 2824 3092 2877 multo
3113 2826 3259 2893 post,
3280 2837 3452 2893 quam
3470 2820 3531 2874 in
3559 2822 3658 2874 Pa-

1960 2915 2242 2971 laestinam
2296 2913 2677 2985 pervenisset,
2740 2912 2988 2982 ipsomet
3038 2908 3267 2978 Pelagio
3334 2911 3652 2980 praesente,

1963 3006 2221 3058 sanctum
2244 3002 2573 3057 Antistitem
2585 3002 2819 3072 hujusce
2846 2998 3274 3064 haereticilibro,
3298 2997 3487 3051 sibiab
3505 2996 3657 3051 illius

1965 3091 2255 3163 discipulis
2303 3090 2533 3155 tradito,
2584 3089 2916 3144 eorumdem
2968 3091 3167 3159 rogatu
3211 3085 3540 3156 plenissime
3569 3101 3659 3139 re-

1964 3182 2246 3253 spondere
2305 3179 2608 3235 afﬁrmavit
2658 3178 2930 3251 (Orosius,
2990 3179 3050 3231 in
3095 3177 3411 3245 Apologia.)
3449 3174 3556 3227 Per
3602 3172 3659 3227 id

1966 3285 2196 3341 quoque
2216 3268 2486 3340 temporis
2504 3268 2571 3322 de
2586 3266 2795 3337 scripto
2818 3265 3064 3337 quodam
3081 3261 3389 3334 Augustini
3409 3261 3663 3332 loquitur

1966 3358 2368 3429 Hieronymus,
2401 3356 2556 3428 quod
2598 3356 2859 3410 nondum
2906 3353 3014 3408 sibi
3063 3352 3123 3407 in
3153 3367 3359 3407 manus
3407 3354 3659 3419 venerat,

1967 3447 2234 3519 quodque
2258 3445 2553 3516 Pelagium
2586 3449 2733 3499 recta
2760 3444 3101 3514 impugnare
3125 3440 3409 3495 ferebatur
3444 3438 3663 3509 (Contra

1966 3536 2174 3603 Pelag,
2203 3531 2339 3589 dial.
2370 3537 2421 3600 3,
2453 3549 2574 3603 cap.
2608 3532 2683 3604 6).
2706 3531 3058 3603 Augustinus
3083 3528 3344 3583 similiter
3372 3527 3560 3583 eidem
3594 3526 3663 3581 li-

1961 3624 2071 3679 bro
2100 3625 2286 3678 locum
2313 3638 2409 3676 eos
2440 3621 2604 3688 inter,
2658 3636 2906 3692 quorum
2937 3618 3176 3690 epistola
3206 3634 3356 3672 anno
3389 3615 3664 3688 quadrin-

1969 3712 2287 3783 gentesimo
2318 3709 2538 3764 decimo
2567 3709 2768 3779 quinto
2796 3711 3051 3762 vertente
3084 3707 3214 3761 data
3245 3704 3524 3770 meminit,
3558 3720 3666 3774 po-

1970 3804 2244 3853 stremum
2277 3796 2547 3868 assignat.
2581 3796 2796 3865 Pelagii
2817 3795 3031 3848 librum
3050 3793 3371 3865 Augustino
3394 3792 3667 3846 miserant

1969 3885 2249 3942 Timasius
2275 3889 2331 3939 et
2362 3884 2601 3939 Iacobus
2642 3883 2736 3953 (De
2764 3885 2979 3940 Natura
3009 3886 3059 3936 et
3085 3882 3263 3944 Grat.,
3294 3896 3350 3933 n.
3389 3880 3440 3948 1)
3470 3879 3667 3933 adole-

1972 3977 2190 4029 scentes
2217 3970 2610 4026 honestissime
2631 3970 2770 4038 nati,
2801 3973 2856 4023 et
2883 3968 3155 4023 institutis
3187 3966 3515 4023 liberalibus
3543 3982 3668 4020 eru-

1973 4061 2077 4117 diti
2102 4062 2301 4132 (Epist.
2347 4062 2462 4127 179,
2507 4076 2563 4115 n.
2605 4058 2680 4129 2),
2712 4057 2810 4130 qui
2842 4056 3142 4129 ipsiusmet
3168 4054 3383 4126 Pelagii
3410 4055 3664 4120 hortatu,

1974 4150 2134 4206 omni
2155 4165 2253 4221 spe
2283 4146 2538 4203 sazculari
2566 4148 2802 4219 abjecta,
2835 4162 2955 4200 sese
2994 4146 3063 4200 ad
3086 4145 3185 4200 Dei
3218 4143 3511 4198 servitium
3532 4158 3667 4197 con-

1972 4241 2223 4296 tulerant
2236 4240 2433 4309 (Epist.
2458 4240 2645 4305 177,η.
2663 4240 2726 4302 6;
2752 4237 2926 4306 Epist.
2947 4238 3068 4301 179,
3085 4249 3140 4288 n.
3169 4233 3252 4304 2).
3284 4231 3391 4286 Sed
3405 4230 3492 4285 vix
3508 4230 3593 4285 illi
3609 4247 3668 4284 se

1975 4328 2189 4400 Pelagii
2216 4342 2392 4399 opera
2438 4324 2808 4380 saecularibus
2834 4322 3076 4379 vinculis
3097 4321 3516 4393 expediverant,
3540 4335 3670 4375 cum

1975 4434 2035 4473 se
2063 4416 2285 4489 laqueis
2313 4415 2494 4470 multo
2525 4412 2955 4476 funestioribus,
2988 4411 3262 4465 nimirum
3293 4409 3539 4464 inducta:
3567 4424 3672 4478 per

1976 4507 2143 4562 illum
2167 4502 2848 4573 haereseos,implicarunt
2866 4518 2925 4567 ;a
2952 4501 3160 4572 quibus
3182 4504 3374 4553 tamen
3406 4514 3502 4553 eos
3523 4498 3671 4552 Deus

1977 4595 2192 4666 eripuit
2219 4592 2467 4648 subsidio
2494 4607 2557 4645 ac
2586 4590 2816 4645 monitis
2838 4587 3162 4660 Augustini.
3197 4587 3297 4642 Hic
3316 4586 3469 4641 enim
3501 4585 3675 4640 inter-

1974 4682 2162 4738 missis
2192 4680 2487 4736 confestim
2534 4695 2664 4751 quas
2692 4677 2754 4731 in
2784 4675 3049 4731 manibus
3085 4678 3266 4741 erant,
3315 4674 3528 4729 librum
3556 4690 3674 4729 non
3756 4740 3763 4743 Α

1976 4770 2252 4825 mediocri
2282 4768 2600 4823 intentione
2628 4764 2872 4837 perlegit
2898 4764 3000 4835 (De
3028 4766 3158 4820 Nat.
3200 4768 3252 4818 et
3282 4764 3463 4833 Grat.,
3490 4780 3547 4817 n.
3585 4762 3669 4834 l);
3713 4831 3718 4834 _

1977 4857 2303 4930 reperitque
2320 4856 2613 4926 Pelagium
2638 4858 2903 4908 naturam
2929 4851 3180 4907 hominis
3205 4856 3401 4906 contra
3425 4852 3523 4907 Dei
3544 4867 3673 4923 gra-

1978 4948 2116 5002 tiam
2129 4949 2342 5018 quanta
2356 4947 2582 5016 poterat
2593 4940 3085 5013 argumentatione
3100 4940 3403 4996 defendere
3418 4943 3670 5011 (Retract.

1981 5037 2076 5091 lib.
2094 5039 2148 5103 2,
2169 5049 2289 5104 cap.
2306 5033 2418 5104 42).
2444 5033 2496 5086 ls
2527 5036 2718 5086 autem
2741 5030 2887 5085 liber
2899 5034 3020 5084 erat
3039 5029 3248 5100 dialogi
3268 5029 3676 5100 forma,quem—

1982 5124 2290 5179 admodum
2336 5138 2404 5175 ex
2453 5119 2589 5174 locis
2628 5119 2700 5173 ab
2745 5118 3063 5189 Augustino
3101 5117 3285 5172 citatis
3315 5114 3672 5186 intelligitur,

1983 5212 2372 5268 concinnatus.
2425 5211 2490 5264 In
2520 5225 2587 5263 eo
2617 5207 2726 5263 sibi
2764 5207 2887 5278 ipse
2915 5205 3291 5279 quaestionem
3318 5204 3476 5258 illam
3502 5218 3676 5273 oppo-

1983 5302 2155 5356 nebat
2197 5317 2211 5355 :
2262 5298 2554 5371 Numquid
2586 5296 2831 5369 gratiam
2861 5312 2979 5351 non
3008 5294 3350 5359 excluderet,
3385 5306 3515 5346 cum
3553 5290 3674 5345 sine

1984 5392 2214 5462 peccato
2242 5388 2427 5445 vivere
2464 5387 2760 5442 hominem
2801 5400 2970 5456 posse
3010 5377 3420 5438 contenderet?
3466 5377 3570 5433 Cui
3594 5377 3678 5433 rei

1983 5478 2169 5535 verbis
2181 5478 2405 5533 disertis
2419 5476 2617 5548 gratiae
2632 5490 2801 5546 opem
2828 5473 3075 5533 divinam
3083 5483 3192 5540 que
3224 5465 3555 5522 misericord
3563 5466 3677 5522 iam

1988 5568 2366 5624 necessariam
2414 5560 2540 5620 esse
2577 5563 2968 5635 profitebatur.
3019 5555 3401 5628 Augustinum
3440 5555 3675 5627 quidem
