4062 6382
373 309 475 360 479

370 447 490 495 eos,
523 428 624 502 qui
649 429 864 484 seclusa
880 427 1062 500 gratia
1079 427 1147 482 de
1160 426 1570 498 justiﬁcatione
1599 425 1847 480 hominis
1872 425 2068 496 loque-

367 524 587 585 rentur,
619 535 749 573 cum
778 519 1018 572 horrore
1049 517 1444 582 detestantem,
1475 515 1673 570 lmtitia
1690 518 1926 586 repente
1943 530 2069 584 per-

369 607 515 663 fudit
537 606 813 661 confessio
837 605 1037 677 gratia:
1060 610 1176 658 tam
1205 610 1418 675 aperta.
1443 606 1650 659 Verum
1677 604 1935 676 pergenti
1958 604 2066 674 ipsi

375 698 567 768 legere
597 700 822 761 caetera,
863 693 1229 764 perspicuum
1259 693 1489 747 tandem
1515 692 1642 760 fuit,
1669 693 1772 746 sub
1797 693 1902 746 hac
1931 708 2067 746 voce

370 783 881 856 aequivocationem
913 784 1089 836 latere
1121 782 1213 850 (De
1243 784 1370 836 Nat.
1405 786 1454 836 et
1486 783 1665 850 Grat.,
1687 797 1782 835 nn.
1819 785 1902 842 11,
1939 781 2018 846 12)
2050 798 2062 834 :

373 889 502 928 cum
547 873 663 926 illic
701 870 962 941 Pelagius
1006 886 1198 923 veram
1237 870 1442 924 Christi
1471 869 1712 940 gratiam
1750 885 1863 922 non
1894 869 2064 922 modo

369 979 485 1016 non
515 966 865 1032 agnosceret,
902 960 996 1013 sed
1025 959 1197 1013 etiam
1226 959 1510 1012 contraria
1535 958 1585 1012 ei
1611 958 1791 1012 multa
1810 958 2066 1028 loquere-

369 1060 464 1105 tur
498 1050 690 1118 (Epist.
728 1052 845 1114 169,
871 1064 926 1102 η.
955 1047 1024 1115 3),
1058 1063 1236 1118 eaque
1258 1046 1492 1101 omnino
1514 1045 1814 1100 moliretur
1833 1061 2064 1116 persua-

375 1138 522 1198 dere,
546 1153 674 1208 quae
695 1136 850 1189 illam
874 1136 944 1189 de
971 1135 1225 1189 ﬁdelium
1258 1134 1524 1188 cordibus
1546 1134 1820 1188 creditam
1839 1134 2066 1188 deleant

373 1227 574 1295 (Epist.
613 1229 731 1292 186,
752 1242 807 1279 η.
838 1225 899 1292 1).
928 1224 1025 1279 Isti
1045 1239 1182 1294 ergo
1213 1224 1379 1289 libro,
1411 1222 1545 1293 quia
1571 1222 1625 1277 id
1656 1222 1781 1277 ﬁeri
1802 1226 2064 1294 oportere

368 1315 616 1384 videbat,
652 1314 804 1368 edita
841 1313 901 1367 in
947 1313 1151 1383 vulgus
1197 1312 1580 1382 disputatione
1627 1312 1921 1383 respondit
1948 1313 2064 1366 Au-

368 1402 658 1472 gustinus,
705 1401 803 1472 qui
831 1402 941 1454 hoc
971 1417 1137 1454 suum
1168 1416 1311 1470 opus
1343 1416 1408 1453 eo
1438 1399 1728 1471 inscripsit
1750 1404 1825 1454 De
1855 1402 2066 1456 Natura

367 1495 417 1545 et
465 1492 692 1558 Gratia;
738 1490 893 1562 quod
940 1489 1020 1543 ibi
1071 1488 1314 1559 gratiam
1360 1488 1644 1554 defendat,
1690 1505 1805 1543 non
1829 1489 2064 1561 quidem

366 1583 562 1634 contra
599 1582 885 1644 naturam,
936 1577 1034 1631 sed
1087 1593 1189 1648 per
1231 1593 1404 1648 quam
1443 1578 1717 1631 liberatur
1747 1582 1804 1632 et
1847 1578 2066 1649 regitur

369 1671 573 1721 natura
603 1671 856 1738 (Retract.
884 1668 976 1720 lib.
1001 1670 1190 1734 λείῳ.
1216 1666 1326 1736 42).
1348 1665 1433 1720 lbi
1453 1666 1663 1719 dictum
1690 1665 1827 1719 illud
1852 1665 2064 1735 Pelagii

371 1756 634 1809 hominem
659 1770 816 1825 posse
847 1770 956 1809 esse
996 1757 1112 1808 sine
1143 1759 1382 1823 peccato,
1411 1759 1460 1808 et
1490 1754 1752 1807 mandata
1782 1756 1877 1807 Dei
1899 1755 2065 1819 facile

369 1844 656 1908 custodire,
683 1846 734 1898 si
758 1845 906 1909 velit,
947 1844 1018 1896 ab
1047 1842 1364 1912 Augustino
1393 1842 1782 1904 condemnari,
1817 1842 2064 1896 afﬁrmat

369 1932 600 1988 Orosius
647 1934 727 2002 (In
769 1932 1080 2002 Apologia).
1133 1932 1298 1986 Nulla
1348 1936 1542 1985 autem
1584 1930 1715 1985 libri
1757 1948 1790 1984 a
1831 1930 2061 2000 Pelagio

365 2020 562 2091 scripti
593 2021 763 2075 verba
773 2037 890 2074 non
906 2020 1135 2075 discutit
1154 2024 1210 2074 et
1229 2020 1496 2086 confutet,
1513 2019 1776 2089 aperiens
1787 2019 2061 2074 nimirum

367 2115 423 2164 et
451 2115 806 2182 quantopere
833 2109 1082 2164 aliorum
1110 2109 1414 2164 verborum
1447 2126 1606 2164 error
1648 2110 1953 2180 fugiendus
1991 2109 2064 2164 sit

367 2215 430 2253 ac
460 2199 847 2267 detestandus,
869 2202 927 2252 et
947 2197 1115 2252 simul
1145 2201 1427 2269 quantum
1455 2198 1515 2251 in
1545 2197 1657 2252 illis
1687 2198 1825 2268 ipsis
1852 2198 2059 2264 verbis,

367 2304 497 2358 quae
528 2286 766 2341 minime
813 2287 966 2340 mala
992 2286 1311 2352 videantur,
1359 2291 1552 2340 tamen
1579 2291 1812 2358 propter
1837 2286 2060 2340 affecta-

366 2380 490 2430 tum
520 2391 670 2429 verae
700 2375 898 2446 gratiae
941 2375 1177 2446 ejusque
1212 2374 1408 2430 auxilii
1439 2374 1750 2441 silentium,
1783 2374 2063 2429 inhaereat

366 2463 708 2533 suspicionis
724 2463 914 2534 (Apud
932 2465 1193 2531 August.,
1214 2465 1390 2532 Epist.
1412 2463 1554 2533 168).
1572 2464 1710 2517 Cum
1733 2479 1858 2518 eam
1875 2465 2063 2532 Augu-

365 2551 503 2604 stini
531 2550 988 2605 lucubrationem
1022 2549 1370 2620 accepissent
1401 2550 1679 2605 Timasius
1709 2556 1766 2605 et
1801 2552 2058 2618 Jacobus,

363 2638 586 2709 scriptis
617 2637 821 2692 litteris
847 2640 1056 2711 gratias
1090 2644 1351 2710 egerunt,
1384 2645 1442 2695 et
1467 2641 1813 2712 singularem
1844 2656 1909 2694 ex
1939 2641 2062 2711 ejus

361 2727 606 2781 lectione
632 2744 690 2782 se
706 2729 1057 2798 voluptatem
1083 2728 1297 2800 cepisse
1317 2729 1599 2784 testiﬁcati
1617 2734 1776 2796 sunt;
1805 2729 2061 2784 afﬁrma-

364 2821 635 2887 runtque,
654 2817 879 2871 tametsi
897 2818 1019 2888 jam
1041 2823 1172 2872 ante
1193 2818 1548 2873 abdicassent
1566 2835 1842 2887 errorem,
1868 2822 2059 2873 tamen

361 2905 415 2959 ei
447 2921 504 2958 se
536 2905 742 2960 debere
771 2906 1107 2977 plurimum,
1141 2907 1293 2978 quod
1317 2916 1482 2961 'arma
1511 2907 1638 2973 sibi,
1673 2907 2057 2978 quibusillum

359 2993 419 3048 in
446 2995 572 3049 aliis
603 3001 1028 3067 oppugnarent,
1073 2996 1508 3067 suppeditasset.
1555 2999 1618 3051 In
1647 2997 1751 3051 hac
1793 2997 2054 3068 epistola,

364 3099 536 3154 quam
575 3084 882 3155 Augustini
909 3085 1188 3140 beneﬁcio
1216 3086 1386 3140 etiam
1418 3102 1570 3140 nunc
1598 3086 1874 3140 habemus
1902 3086 2056 3140 inte-

360 3188 546 3242 gram,
578 3173 857 3226 Timasius
889 3178 946 3228 et
966 3175 1232 3242 Jacobus,
1255 3176 1405 3244 quod
1437 3175 1543 3229 hoc
1569 3178 1686 3228 tam
1715 3175 2055 3244 praeclarum

358 3260 560 3331 gratia:
592 3261 694 3314 Dei
722 3277 955 3327 munus,
980 3263 1058 3316 sic
1079 3262 1235 3316 enim
1257 3263 1522 3317 eumdem
1545 3263 1756 3317 librum
1785 3264 2052 3330 vocitant,

359 3365 474 3404 non
502 3349 663 3420 prius
692 3350 1032 3421 acceperint,
1075 3351 1265 3405 dolere
1307 3368 1364 3405 se
1394 3357 1710 3420 testantur;
1751 3352 2052 3423 contigisse

356 3438 666 3509 siquidem,
699 3442 762 3492 ut
800 3439 1084 3507 nonnulli,
1116 3456 1363 3511 quorum
1400 3441 1622 3496 caecitas
1651 3441 1755 3496 hac
1784 3447 1901 3496 tam
1930 3457 2054 3512 per-

356 3526 571 3597 spicum
617 3527 871 3582 veritatis
920 3527 1302 3583 illustratione
1347 3529 1647 3601 indigeret,
1693 3530 1753 3584 id
1781 3531 2054 3602 temporis

356 3616 618 3671 absentes
648 3621 869 3685 essent;
902 3634 1044 3689 quos
1072 3622 1267 3673 tamen
1295 3620 1448 3674 idem
1491 3620 1686 3691 gratia:
1717 3620 1952 3687 donum,
1986 3621 2051 3674 li-

357 3709 445 3759 cet
488 3706 688 3773 serius,
741 3711 1038 3777 sperarent
1083 3713 1429 3779 accepturos.
1475 3709 1692 3774 Quibus
1739 3709 1928 3763 verbis
1955 3727 2051 3764 eos

359 3795 654 3866 Pelagium
683 3795 1048 3867 potissimum
1077 3797 1443 3868 signiﬁcasse,
1478 3799 1794 3871 suspicatus
1824 3801 1909 3853 est
1934 3801 2048 3853 Au-

352 3884 616 3954 gustinus
645 3885 737 3955 (De
775 3885 948 3940 Gestis
971 3887 1200 3955 Pelagii,
1230 3902 1285 3941 n.
1311 3889 1419 3955 49).

419 3975 470 4027 6.
501 3974 624 4027 Jam
660 3972 897 4043 quidem
928 3974 1192 4029 absoluta
1221 3979 1342 4029 erat
1365 3975 1462 4030 illa
1492 3976 1561 4030 de
1592 3976 1803 4031 Natura
1828 3981 1886 4030 et
1911 3977 2047 4031 Gra-

349 4060 428 4115 tia
457 4061 787 4132 disputatio,
810 4078 1011 4116 verum
1038 4063 1131 4117 hic
1161 4079 1346 4118 anuus
1375 4064 1616 4118 necdum
1635 4065 2048 4131 evolutus,cum

347 4151 703 4220 Augustinus
732 4151 1162 4221 responsionem
1191 4152 1262 4206 ad
1292 4153 1530 4222 quaesita
1553 4153 1746 4207 Evodii
1774 4154 1842 4208 de
1869 4153 2049 4207 Trini-

347 4240 462 4291 tate
501 4241 557 4292 et
594 4238 858 4291 columba
889 4238 1114 4308 scripsit
1143 4239 1340 4309 (Epist.
1373 4240 1513 4310 169).
1549 4241 1783 4295 Sanctus
1799 4241 1893 4295 ille
1916 4243 2048 4296 Uza-

349 4324 526 4378 lensis
554 4325 809 4391 antistes,
825 4341 1071 4396 quocum
1101 4326 1148 4380 is
1174 4331 1326 4381 arcta
1355 4329 1603 4398 quadam
1633 4329 2047 4384 necessitudine

345 4414 468 4484 jam
499 4414 631 4469 inde
660 4430 693 4468 a
728 4414 1015 4486 Baptismo
1060 4415 1394 4486 conjunctus
1419 4421 1556 4484 erat,
1589 4417 1770 4471 varias
1800 4418 1851 4471 ei
1890 4435 2046 4490 quae-

353 4502 568 4557 stiones
601 4503 670 4557 de
696 4503 865 4558 rebus
887 4504 1136 4558 maxime
1165 4504 1375 4573 arduis,
1401 4507 2045 4579 quemadmodum,quae

347 4595 579 4656 restant,
614 4593 910 4665 utriusque
934 4594 1187 4664 epistolae
1207 4595 1444 4665 planum
1469 4596 1701 4662 faciunt,
1723 4612 2045 4668 proponere

352 4685 740 4736 consueverat.
775 4681 915 4737 Huic
944 4687 1169 4737 sanctus
1199 4684 1408 4738 Doctor
1435 4684 1559 4755 ejus
1578 4685 1856 4740 momenti
1877 4687 2046 4742 rebus

353 4767 668 4841 studiisque
698 4775 834 4825 tunc
861 4773 1126 4843 occupari
1155 4788 1214 4826 se
1247 4771 1533 4841 innuerat,
1575 4790 1609 4828 a
1633 4774 1842 4846 quibus
1866 4777 2047 4831 nollet

352 4858 592 4912 avocari.
627 4858 1009 4920 Nihilominus
1039 4865 1232 4917 tamen
1260 4862 1312 4916 ei
1336 4862 1486 4918 circa
1511 4864 1832 4935 praecipuas
1861 4865 2047 4938 inqui-

351 4945 586 5001 sitiones
635 4947 923 5016 satisfecit,
963 4950 1173 5020 partim
1205 4967 1352 5006 anno
1392 4953 1681 5024 praesenti,
1723 4953 1932 5024 partim
1963 4971 2047 5009 su-

353 5035 580 5107 periore
593 5052 609 5103 ;
641 5035 828 5091 missis
850 5037 1084 5092 interim
1107 5039 1254 5107 aliis,
1277 5056 1346 5094 ex
1375 5057 1619 5112 quarum
1645 5043 2046 5113 explanatione

348 5125 546 5181 minus
576 5125 818 5180 existere
839 5132 1032 5197 posset
1053 5129 1456 5183 emolumenti:
1479 5130 1693 5201 quippe
1713 5133 1874 5203 cuius
1895 5137 2047 5187 certa

349 5219 498 5269 esset
531 5215 836 5282 sententia,
869 5230 983 5269 non
1031 5217 1153 5286 pati
1181 5233 1238 5271 se
1265 5233 1296 5270 a
1334 5217 1619 5272 laboribus
1649 5220 1830 5291 magis
1861 5237 2046 5275 neces-

350 5304 535 5370 sariis,
571 5305 789 5377 quique
820 5305 1081 5376 pluribus
1106 5306 1508 5374 conducerent,
1541 5307 1766 5378 abduci,
1802 5313 1868 5364 ut
1895 5310 2047 5364 difﬁ-

351 5393 616 5464 cultates,
649 5411 777 5466 quae
799 5395 948 5449 solos
977 5395 1229 5450 eruditos
1248 5389 1570 5468 spectarent
1591 5397 1931 5454 enuclearet.
1941 5399 2047 5454 Ubi

361 5485 550 5536 autem
582 5483 958 5553 quaestionem
988 5485 1057 5540 de
1083 5483 1215 5539 visis
1243 5485 1584 5558 prodigiosis
1618 5486 1955 5557 quibusdam
1975 5488 2046 5542 ab

359 5569 569 5625 Evodio
595 5573 831 5641 prolatis
857 5577 1180 5645 pertractat,
1208 5591 1412 5647 cupere
1443 5593 1502 5631 se
1525 5576 1846 5647 proﬁtetur,
1871 5577 2044 5630 ratio-

1591 303 1760 358 VITA
1803 303 1854 358 S.
1902 299 2288 358 AUGUSTINI
2341 301 2675 358 EPISCOPI.

3787 304 3902 357 480

2176 440 2309 479 nem
2342 425 2594 496 aliquam
2634 425 2701 480 ad
2731 441 2967 481 manum
2990 425 3223 494 habere,
3263 441 3375 497 qua
3398 427 3630 496 piorum
3660 443 3726 480 ac
3759 443 3899 481 san-

2175 517 2395 569 ctorum
2425 514 2564 578 visa,
2597 514 2667 568 ab
2695 514 3204 584 imaginationibus
3224 515 3393 585 plane
3424 530 3627 570 eorum
3660 515 3897 570 similli-

2176 602 2304 669 mis,
2345 619 2486 674 quas
2515 619 2770 674 persaepe
2802 605 2886 657 vel
2919 620 3080 657 error
3113 604 3198 657 vel
3232 603 3497 673 impietas
3523 603 3584 658 in
3621 605 3894 660 fraudem

2173 690 2414 760 inducit,
2444 691 2778 763 dignoscere
2807 693 3049 746 valeret:
3084 692 3356 763 additque
3379 693 3543 746 citius
3570 693 3715 758 fore,
3740 697 3812 748 ut
3832 710 3894 748 se

2174 779 2242 833 de
2278 778 2570 833 fallacibus
2619 779 2930 832 visionibus
2979 783 3310 834 narrantem
3363 769 3588 850 tempus
3632 781 3887 836 deﬁciat.

2174 884 2347 938 quam
2377 867 3013 937 ejusmodiillusionum
3043 869 3303 938 exempla
3335 872 3534 939 (Epist.
3566 873 3688 935 159,
3716 886 3776 924 η.
3813 872 3886 937 5).

2175 957 2240 1010 Et
2269 956 2404 1010 hinc
2431 957 2718 1027 intelligas
2744 957 2916 1011 fuisse
2947 957 3004 1012 id
3032 957 3306 1028 temporis
3335 963 3392 1012 et
3433 975 3596 1012 veras
3625 964 3684 1012 et
3713 959 3891 1014 falsas

2173 1043 2440 1108 visiones,
2485 1049 2657 1116 atque
2711 1047 3099 1118 Augustinum
3147 1046 3493 1112 cautionem,
3544 1063 3616 1100 ne
3663 1051 3890 1101 temere

2173 1149 2370 1186 omnes
2398 1134 2485 1187 vel
2542 1140 2858 1205 respueret,
2894 1136 2977 1189 vel
3021 1134 3372 1202 admitteret,
3405 1150 3695 1190 summam
3724 1136 3888 1190 adhi-

2173 1221 2361 1276 buisse
2395 1223 2618 1292 (Supra,
2653 1223 2749 1279 lib.
2779 1227 2830 1290 5,
2863 1239 2986 1293 cap.
3015 1227 3067 1292 8,
3099 1240 3155 1278 n.
3191 1224 3269 1294 3).

2242 1315 2297 1366 7.
2327 1310 2498 1365 Nobis
2531 1328 2650 1364 non
2680 1311 2842 1366 licuit
2867 1316 2996 1366 ante
3026 1313 3135 1366 hoc
3163 1315 3388 1383 tempus
3416 1312 3626 1367 librum
3655 1314 3726 1368 de
3750 1315 3888 1368 Per-

2170 1399 2416 1453 fectione
2460 1399 2696 1470 justitiae
2718 1399 2970 1453 hominis
2994 1401 3295 1462 collocare,
3329 1417 3502 1472 quem
3531 1401 3594 1455 in
3622 1402 3884 1456 lndiculo

2172 1489 2327 1556 (Cap.
2373 1488 2423 1555 4)
2476 1503 2594 1541 non
2640 1491 2856 1542 temere
2899 1493 3032 1559 post
3069 1505 3215 1558 opus
3247 1489 3317 1543 de
3365 1490 3577 1543 Natura
3605 1493 3662 1543 et
3691 1489 3887 1544 Gratia

2170 1574 2340 1645 ponit
2387 1575 2708 1630 Possidius:
2750 1576 3218 1647 quandoquidem
3266 1577 3617 1648 Augustinus
3652 1577 3717 1631 in
3756 1593 3884 1632 me-

2173 1668 2394 1717 morata
2451 1664 2521 1718 ad
2562 1665 2835 1719 Evodium
2875 1665 3112 1735 epistola
3155 1668 3352 1735 (Epist.
3409 1666 3527 1737 169)
3568 1666 3722 1721 illius
3761 1684 3884 1722 non

2173 1753 2456 1806 meminit.
2478 1755 2691 1807 Verum
2707 1758 2898 1808 tamen
2920 1755 3244 1824 proximum
3264 1755 3560 1825 postillam
3580 1755 3881 1826 epistolam

2173 1843 2360 1896 locum
2394 1843 2582 1897 eidem
2605 1844 2881 1910 tribuere,
2908 1845 3117 1898 rationi
3150 1844 3285 1897 satis
3314 1861 3629 1916 congruum
3659 1847 3746 1899 vel
3770 1847 3886 1900 hoc

2169 1947 2289 1985 uno
2315 1932 2596 1995 videatur,
2644 1934 2798 2003 quod
2831 1933 3006 1988 Paulo
3043 1937 3100 1988 et
3126 1935 3396 2004 Eutropio
3425 1934 3706 2006 episcopis
3749 1936 3888 1989 scri~

2170 2025 2303 2091 ptus
2335 2020 2424 2086 sit,
2467 2021 2580 2074 illis
2609 2021 2892 2091 videlicet,
2923 2023 3022 2094 qui
3042 2023 3363 2093 Augustino
3393 2023 3653 2078 libellum
3682 2023 3887 2078 adver-

2173 2126 2267 2162 sus
2305 2109 2526 2181 aliquas
2552 2111 2798 2165 haereses
2827 2113 2998 2182 paulo
3019 2117 3152 2166 ante
3173 2111 3521 2175 obtulerant,
3539 2127 3712 2184 quam
3744 2113 3883 2167 Oro-

2171 2197 2285 2252 sius
2313 2198 2374 2252 in
2425 2199 2673 2253 Africam
2720 2201 2992 2270 appulsus
3033 2200 3317 2256 deiisdem
3353 2201 3420 2255 ad
3456 2200 3644 2271 ipsum
3677 2201 3885 2255 scribe-

2169 2291 2276 2340 ret.
2310 2289 2452 2342 Tum
2482 2289 2628 2342 forte
2677 2289 2739 2342 in
2770 2289 3172 2360 episcoporum
3212 2291 3442 2344 illorum
3474 2306 3678 2344 manus
3722 2292 3885 2346 venit

2170 2375 2447 2442 chartula,
2482 2392 2511 2429 e
2543 2377 2736 2431 Sicilia
2764 2394 2866 2448 per
2893 2379 3098 2432 fratres
3124 2395 3224 2433 seu
3253 2380 3532 2450 quosdam
3558 2380 3881 2435 Catholicos

2172 2463 2361 2529 allata,
2384 2480 2628 2536 quaeque
2655 2465 2715 2519 in
2735 2466 2923 2522 fronte
2945 2467 3023 2522 sic
3039 2469 3468 2539 praenotabatur
3490 2485 3502 2522 :
3527 2470 3896 2538 Deﬁnitiones-

2169 2555 2230 2605 ut
2255 2551 2458 2606 dicitur
2489 2555 2742 2610 Cazlestii.
2762 2557 2915 2609 Hanc
2934 2556 3018 2610 illi
3035 2557 3226 2612 statim
3248 2557 3531 2612 dederunt
3557 2559 3881 2614 clarissimo

2169 2639 2303 2694 ﬁdei
2333 2643 2599 2696 assertori
2642 2659 2705 2697 ac
2725 2643 2958 2711 vindici,
2989 2649 3159 2717 atque
3179 2651 3245 2701 ut
3289 2647 3342 2701 ei
3365 2648 3761 2718 responderet,
3784 2665 3882 2719 pe-

2168 2728 2407 2784 tierunt.
2455 2731 2507 2784 Is
2554 2730 2988 2803 inscriptionem
3039 2734 3276 2806 quidem
3315 2736 3561 2792 Coelestii
3606 2753 3726 2791 non
3756 2752 3881 2793 esse

2162 2817 2464 2888 judicavit,
2503 2818 2601 2873 sed
2620 2819 2818 2874 breves
2851 2821 2988 2876 istas
3017 2822 3377 2876 deﬁnitiones
3402 2825 3490 2878 vel
3536 2824 3733 2895 potius
3778 2841 3878 2878 ra-

2166 2904 2564 2960 tiocinationes
2594 2924 2714 2963 non
2745 2910 3050 2965 abhorrere
3093 2912 3164 2966 ab
3198 2911 3352 2966 illius
3381 2912 3610 2983 ingenio
3640 2914 3878 2979 detexit,

2169 2993 2424 3065 inspecto
2456 2996 2566 3050 alio
2587 2998 2714 3067 ejus
2744 3015 2938 3069 opere,
2957 3001 3120 3071 cujus
3141 3005 3429 3055 auctorem
3451 3017 3584 3057 eum
3601 3019 3723 3057 esse
3744 3020 3882 3057 con-

2165 3085 2367 3138 stabat.
2400 3085 2680 3155 Adjuncta
2719 3087 3129 3143 deﬁnitionbus
3169 3094 3331 3144 erant
3368 3091 3676 3162 Scriptura:
3714 3092 3880 3147 testi-

2165 3171 2380 3239 monia,
2411 3189 2592 3244 eoque
2631 3178 2816 3230 totum
2859 3177 2916 3231 id
2961 3178 3270 3248 spectabat,
3311 3183 3376 3232 ut
3418 3181 3686 3234 humanae
3721 3182 3883 3235 vires

2165 3264 2574 3329 astruerentur,
2621 3264 3067 3336 suadereturque
3097 3283 3261 3336 posse
3297 3269 3592 3323 hominem
3619 3269 3712 3324 hic
3746 3270 3878 3324 sine

2163 3354 2396 3420 peccato
2437 3367 2558 3404 esse
2581 3352 2670 3423 (De
2693 3355 2917 3421 Perfect.
2947 3355 3197 3424 justitiw,
3228 3373 3285 3411 η.
3323 3357 3394 3427 1).
3429 3358 3760 3412 Chartulam
3807 3375 3878 3413 eo

2161 3442 2327 3509 pacto
2359 3440 2566 3495 refellit
2613 3443 2989 3513 Augustinus,
3018 3448 3086 3498 ut
3113 3446 3373 3501 nondum
3402 3446 3531 3500 illos
3559 3447 3878 3518 reprehen-

2163 3527 2298 3581 dere
2333 3528 2554 3595 audeat,
2606 3531 2704 3601 qui
2743 3531 3015 3595 dicerent,
3048 3533 3220 3588 fuisse
3263 3536 3352 3589 vel
3381 3551 3500 3590 esse
3530 3535 3589 3590 in
3619 3537 3726 3590 hac
3755 3538 3879 3590 vita

2163 3616 2383 3687 aliquos
2405 3618 2668 3673 homines
2693 3619 2876 3690 justos
2906 3621 3028 3676 sine
3054 3627 3286 3692 peccato
3307 3624 3489 3694 (Ibid,
3507 3641 3562 3680 n.
3585 3627 3671 3694 44)
3693 3641 3705 3679 :
3733 3641 3880 3695 quo-

2161 3721 2292 3759 rum
2321 3706 2700 3762 nihilominus
2722 3709 3077 3781 opinionem,
3095 3713 3436 3768 auctoritate
3463 3713 3877 3785 Carthaginen-

2162 3792 2238 3847 sis
2261 3794 2490 3849 concilii
2521 3812 2670 3850 anno
2703 3798 3270 3869 quadringentesimo
3311 3801 3528 3856 decimo
3559 3806 3756 3856 octavo
3779 3804 3878 3858 da-

2157 3887 2434 3950 mnatam,
2449 3888 2648 3955 postea
2660 3890 2888 3940 sanctus
2906 3888 3111 3942 Doctor
3131 3893 3194 3944 ut
3204 3890 3593 3960 perniciosum
3611 3907 3873 3946 errorem

2159 3972 2362 4042 carpit,
2420 3977 2476 4027 et
2529 3989 2728 4028 cavere
2765 3975 2932 4045 jubet
2978 3974 3203 4047 (Contra
3245 3982 3393 4034 Duas
3435 3982 3611 4048 Epist.
3657 3981 3872 4048 Pelag.,

2160 4062 2256 4116 lib.
2287 4063 2342 4128 4,
2371 4079 2423 4116 n.
2457 4063 2570 4132 28).
2597 4062 2833 4118 Interim
2864 4080 2997 4119 vero
3036 4065 3096 4119 in
3125 4066 3234 4121 isto
3269 4067 3414 4122 libro
3444 4068 3551 4122 hoc
3590 4068 3755 4124 docet
3788 4074 3872 4123 at-

2158 4167 2268 4222 que
2305 4150 2416 4204 huc
2459 4151 2737 4206 incumbit
2775 4156 2839 4207 ut
2879 4159 3078 4208 nostra
3125 4156 3309 4210 omnis
3339 4157 3400 4212 in
3429 4157 3574 4227 ipsa,
3609 4174 3723 4228 qua
3766 4175 3876 4228 per

2162 4239 2334 4294 ﬁdem
2365 4239 2750 4307 ambulamus,
2784 4241 3248 4312 peregrinatione
3263 4243 3488 4314 justitia
3511 4244 3876 4317 intelligatur

2156 4327 2280 4381 haec
2307 4343 2449 4392 esse,
2504 4332 2569 4382 ut
2597 4330 2668 4383 ad
2698 4329 2857 4384 illam
2886 4331 3293 4401 perfectionem
3333 4333 3873 4405 plenitudinemque

2151 4414 2415 4484 justitia,
2448 4415 2548 4469 ubi
2578 4416 2638 4469 in
2678 4417 2862 4488 specie
2896 4419 3018 4489 jam
3057 4420 3230 4489 plena
3255 4424 3312 4474 et
3334 4420 3586 4491 perfecta
3625 4421 3875 4477 charitas

2157 4502 2286 4569 erit,
2307 4519 2461 4557 nunc
2482 4503 2664 4574 ipsius
2684 4522 2881 4560 cursus
2923 4507 3265 4563 rectitudine
3311 4513 3367 4564 et
3379 4510 3725 4580 perfectione
3745 4514 3874 4566 ten-

2155 4590 2356 4645 damus
2389 4592 2481 4662 (De
2512 4594 2738 4660 Perfect.
2765 4595 3019 4664 justitiae,
3042 4613 3098 4650 η.
3134 4598 3240 4666 18).
3516 4638 3519 4639 ν
3740 4604 3745 4610 ’

2829 4685 3052 4739 CAPUT
3090 4685 3178 4740 IX.

2163 4771 2180 4822 1
2223 4769 2439 4836 Pelagii
2484 4768 2704 4826 heresis
2751 4773 2810 4826 in
2860 4773 3152 4827 Palestina
3183 4774 3539 4842 impugnatur
3581 4775 3650 4828 ab
3676 4776 3872 4829 Hiero-

2227 4872 2410 4926 nymo,
2441 4859 2733 4930 eademque
2778 4861 2836 4915 in
2864 4863 3314 4931 Jerosolymitano
3343 4867 3603 4917 conventu
3633 4862 3874 4918 discuti-

2234 4951 2342 5000 tur.
2375 4949 2409 4999 2
2439 4949 2693 5016 Pelagius
2717 4949 2786 5003 ab
2817 4952 3008 5004 Herote
3035 4955 3085 5005 et
3111 4952 3323 5005 Lazaro
3348 4956 3631 5006 accusatus
3654 4953 3874 5022 perdu-

2231 5037 2378 5090 citur
2428 5036 2504 5090 ad
2545 5039 2845 5106 episcopale
2867 5039 3142 5108 judicium
3190 5039 3440 5094 habitum
3477 5043 3740 5110 Diospoli,
3775 5043 3877 5097 ubi

2227 5126 2446 5178 haeresis
2504 5127 2715 5194 Pelagii
2727 5125 2856 5197 (ipso
2907 5128 3148 5182 absoluto
3196 5130 3414 5196 Pelagio
3457 5130 3871 5185 condemnatur.

2233 5215 2262 5268 3
2310 5215 2729 5282 Pelagianorum
2758 5218 2817 5270 in
2863 5218 3252 5285 Hieronymum
3281 5223 3332 5272 et
3367 5220 3638 5286 uirginem
3665 5221 3878 5274 Eusto—

2232 5302 2415 5356 chiam
2461 5307 2583 5372 post
2620 5304 2771 5358 illius
2821 5305 3016 5372 synodi
3065 5306 3336 5375 judicium
3389 5309 3649 5362 violenter
3691 5309 3875 5374 facta.

2227 5391 2261 5445 4
2307 5393 2435 5445 Post
2463 5390 2703 5445 eamdem
2731 5394 3162 5462 Diospolitanam
3201 5395 3470 5464 synodum
3512 5398 3702 5450 varias
3731 5400 3876 5452 scri-

2226 5481 2444 5548 ptiones
2472 5481 2662 5546 vulgat
2685 5482 2954 5549 Pelagius.

2235 5583 2281 5633 1.
2316 5578 2546 5635 Orosius
2594 5579 2652 5634 in
2702 5582 3061 5638 Palaestinam
3109 5584 3362 5651 veniens,
3402 5585 3473 5640 ab
3515 5584 3877 5659 Hieronymo
