4062 6344
159 286 257 339 481

158 426 265 479 pro
297 425 399 463 suo
432 408 659 476 merito,
693 413 748 464 et
777 426 879 480 pro
912 426 998 478 ea,
1026 425 1199 481 quam
1230 410 1301 464 ab
1336 410 1652 481 Augustino
1685 410 1860 467 habe-

155 497 277 562 bat,
341 498 833 553 commendatione
891 503 1155 568 exceptus
1206 503 1292 553 est
1338 499 1527 570 (Apud
1587 502 1860 568 August.,

153 589 346 655 Epist.
407 591 527 653 l72,
566 604 624 641 η.
675 587 748 658 1).
799 588 938 640 Illuc
978 587 1239 657 Pelagius
1271 592 1402 642 ante
1437 589 1579 643 duos
1615 591 1704 644 vel
1749 594 1864 644 tres

150 675 306 728 forte
355 691 534 728 annos
563 675 883 741 advenerat,
926 691 989 728 ac
1021 675 1207 746 primo
1247 677 1726 732 necessitudinem
1754 677 1862 731 ali-

152 777 335 831 quam
361 779 491 816 cum
523 762 887 832 Hieronymo,
908 779 1037 816 cum
1059 762 1111 816 ei
1141 767 1309 818 notus
1336 764 1519 819 adhuc
1548 781 1663 819 non
1693 769 1859 832 esset,

149 851 548 920 conjunxerat.
584 850 644 904 Id
681 865 816 904 sane
847 849 937 904 his
974 851 1181 918 verbis,
1214 869 1279 906 ne
1305 858 1531 908 veterem
1560 853 1750 908 laedere
1775 855 1860 906 vi-

149 936 385 991 deamur
431 939 872 993 necessitudinem
915 941 999 1006 (In
1033 943 1224 995 Jerem.
1256 940 1352 995 lib.
1376 943 1432 1010 4,
1460 942 1751 1011 prae/at);
1786 941 1861 994 si-

155 1025 395 1095 gnificat
423 1030 647 1081 sanctus
678 1027 1009 1097 Presbyter:
1043 1029 1144 1100 qui
1172 1035 1543 1101 posteaquam
1576 1030 1864 1100 pernicio-

155 1114 466 1184 sissimam,
508 1119 570 1169 nt
595 1120 773 1185 vocat,
807 1117 1072 1172 haeresim
1101 1120 1247 1174 clam
1274 1119 1342 1174 ab
1379 1120 1477 1173 illo
1504 1119 1863 1175 disseminari

156 1219 220 1256 ac
252 1203 464 1258 sensim
485 1204 768 1274 pullulare
793 1205 1093 1274 intellexit,
1117 1223 1352 1278 operam
1382 1209 1518 1263 dare
1548 1209 1861 1275 constituit,

157 1296 221 1345 ut
241 1307 310 1345 ea
326 1291 395 1346 de
415 1293 671 1347 Ecclesiis
687 1294 1006 1350 auferretur
1028 1297 1233 1367 (Apud.
1259 1299 1520 1368 August.,
1538 1301 1716 1368 Epist.
1740 1302 1859 1365 172,

153 1397 208 1434 n.
239 1381 314 1452 1.)
332 1381 574 1451 Scriptio
601 1383 782 1454 ipsius
811 1384 872 1438 in
897 1385 1056 1439 illam
1077 1386 1342 1441 haeresim
1367 1388 1556 1458 prima
1583 1388 1711 1455 fuit,
1734 1403 1864 1459 quae

152 1474 236 1523 est
283 1470 356 1524 ad
398 1471 829 1542 Ctesiphontem
864 1474 1126 1544 epistola,
1157 1475 1217 1529 in
1267 1492 1382 1546 qua
1415 1475 1862 1547 disputationem

150 1557 256 1612 hac
288 1559 362 1614 de
399 1576 460 1614 re
485 1561 860 1632 promittebat
887 1563 1234 1620 uberiorem.
1269 1564 1402 1619 Tria
1427 1564 1634 1620 deinde
1663 1570 1862 1620 contra

151 1648 492 1718 Pelagianos
553 1651 846 1706 volumina
887 1653 1071 1706 forma
1109 1653 1467 1725 dialogorum
1516 1656 1856 1726 composuit,

147 1737 364 1807 quibus
395 1755 630 1794 manum
670 1741 790 1811 jam
821 1740 952 1795 inde
983 1742 1053 1796 ab
1097 1746 1346 1797 extremo
1377 1742 1525 1813 julio
1562 1745 1858 1814 praesentis

148 1826 286 1880 anni
321 1827 673 1884 admoverat.
707 1829 940 1897 Eodem,
979 1847 1092 1902 quo
1125 1831 1524 1903 Hieronymus,
1566 1832 1859 1904 Pelagiani

147 1917 368 1969 erroris
396 1917 634 1972 horrore
681 1920 926 1989 perculsi
965 1921 1426 1992 Jerosolymitani
1461 1919 1858 1993 quoque'pre-

146 2004 390 2074 sbyteri,
416 2011 614 2060 contra
636 2009 854 2062 hostem
869 2008 1120 2080 antiquae
1143 2009 1275 2063 ﬁdei
1296 2009 1548 2064 veniunt.
1571 2013 1709 2065 Cum
1723 2009 1856 2078 illis,

148 2107 210 2145 ac
235 2093 476 2148 illorum
506 2097 652 2149 forte
681 2095 936 2162 inductu,
969 2101 1313 2151 conventum
1341 2097 1706 2168 Jerosolymis
1749 2097 1858 2151 hoc

145 2181 269 2251 ipso
292 2198 452 2237 anno
475 2183 1035 2255 quadringentesimo
1057 2185 1278 2240 decimo
1298 2186 1518 2256 quinto,
1543 2186 1634 2240 die
1655 2191 1856 2257 quarto

145 2270 230 2324 vel
261 2271 438 2324 tertio
471 2273 742 2327 kalendas
789 2273 1038 2343 augusti,
1071 2275 1239 2327 habet
1266 2275 1510 2328 Joannes
1535 2275 1854 2346 episcopus.

145 2359 219 2412 Eo
252 2364 491 2414 vocatus
521 2360 752 2414 Orosius
791 2362 1116 2416 Coelestium
1135 2363 1257 2434 jam
1291 2380 1323 2417 a
1347 2363 1586 2418 concilio
1614 2366 1854 2420 Cartha-

144 2447 380 2516 ginensi
409 2449 743 2503 damnatum
794 2449 964 2504 fuisse
999 2451 1281 2506 declarat:
1322 2451 1538 2522 Pelagii
1562 2456 1752 2506 autem
1781 2453 1854 2506 li-

143 2535 312 2590 brum
362 2536 432 2590 ab
471 2536 652 2607 ipsius
683 2537 974 2608 discipulis
1005 2539 1298 2609 proditum
1329 2540 1512 2594 refelli
1539 2540 1610 2594 ab
1659 2543 1854 2611 Augu-

145 2623 292 2678 stino
324 2637 342 2679 :
367 2626 530 2695 cujus
551 2626 730 2680 sancti
754 2627 1006 2681 Doctoris
1024 2627 1083 2681 in
1105 2629 1436 2698 Pelagianas
1465 2629 1681 2700 aliquot
1704 2646 1856 2700 quae-

145 2712 367 2766 stiones
388 2712 714 2783 epistolam,
739 2714 972 2770 missam
993 2732 1179 2787 nuper
1203 2717 1272 2771 ad
1289 2717 1559 2780 Siciliam,
1577 2718 1638 2771 in
1651 2718 1855 2772 eodem

144 2805 435 2855 conventu
464 2801 620 2872 legit.
655 2803 1020 2858 Introductus
1058 2810 1257 2875 postea
1286 2805 1568 2874 Pelagius,
1610 2806 1852 2860 interro-

145 2895 311 2960 gatur
351 2891 419 2946 ab
452 2891 740 2955 omnibus,
763 2908 837 2946 an
867 2909 933 2947 ea
959 2909 1086 2964 quae
1119 2894 1190 2947 ab
1215 2893 1747 2963 Augustino'essent
1771 2910 1854 2948 re-

146 2979 354 3044 futata,
410 2979 715 3035 docuisset.
775 2980 988 3045 Quibus
1041 2981 1137 3035 ille
1179 2997 1308 3036 cum
1340 2981 1750 3051 respondisset:
1783 2985 1854 3036 Et

146 3070 265 3135 quis
295 3071 378 3122 est
407 3069 546 3122 mihi
587 3070 976 3135 Augustinus?
1004 3069 1108 3123 hac
1142 3069 1512 3140 responsione
1545 3069 1605 3123 in
1637 3069 1851 3140 episco-

146 3172 304 3226 pum,
341 3157 504 3228 cujus
535 3173 630 3212 ore
663 3158 937 3213 Dominus
969 3159 1246 3213 universa
1277 3158 1478 3213 Africae
1508 3158 1742 3213 unitatis
1773 3176 1855 3213 sa-

149 3245 390 3299 nitatem
429 3246 703 3301 exstincto
735 3247 1159 3302 Donatistarum
1189 3248 1487 3302 schismate
1514 3247 1850 3316 indulserat,

151 3333 426 3404 injuriosa
456 3335 658 3390 offensi
699 3341 832 3392 sunt
862 3342 1143 3409 quotquot
1186 3337 1441 3404 aderant,
1475 3348 1530 3391 et
1559 3337 1851 3408 Pelagium

152 3438 268 3476 non
298 3440 328 3478 e
358 3428 640 3478 conventu
687 3426 893 3495 solum,
943 3427 1041 3481 sed
1069 3426 1242 3481 etiam
1290 3443 1359 3480 ex
1393 3426 1634 3480 Ecclesia
1667 3427 1854 3496 expel-

152 3510 386 3566 lendum
434 3514 881 3570 conclamarunt.
913 3517 1056 3570 Tum
1087 3533 1218 3570 vero
1265 3517 1530 3585 Joannes,
1560 3531 1674 3587 quo
1711 3516 1852 3570 libe-

150 3597 268 3653 rius
317 3600 591 3669 injuriam
630 3603 952 3674 Augustino
994 3604 1210 3658 illatam
1242 3605 1473 3675 Pelagio
1505 3605 1851 3674 ignosceret,

151 3689 412 3743 eamdem
445 3690 504 3744 in
534 3707 590 3744 se
628 3692 882 3762 recipere
913 3694 1202 3763 professus
1250 3699 1352 3747 est.
1384 3695 1726 3761 Augustinus
1760 3708 1853 3759 ego

148 3791 287 3846 sum,
314 3778 519 3849 inquit.
550 3780 653 3834 Cui
683 3781 754 3835 ab
787 3781 1008 3849 Orosio,
1043 3781 1159 3835 sive
1180 3782 1354 3836 etiam
1385 3782 1454 3835 ab
1485 3782 1631 3847 aliis,
1665 3781 1853 3835 statim

145 3865 466 3935 repositum
494 3869 584 3922 :Si
603 3870 906 3935 Augustini
929 3885 1216 3938 personam
1245 3871 1435 3937 sumis,
1457 3870 1758 3936 Augustini
1776 3883 1852 3922 se-

147 3969 310 4022 quere
319 3958 657 4009 sententiam.
683 3957 872 4026 Pergit
889 3958 1122 4012 Orosius
1135 3974 1340 4027 urgere
1358 3957 1671 4027 Pelagium.
1691 3958 1855 4011 Joan-

144 4057 246 4095 nes
280 4046 472 4095 autem
501 4047 632 4111 post
669 4044 907 4098 multam
937 4045 1428 4114 disceptationem,
1456 4045 1516 4097 in
1543 4061 1658 4115 qua
1695 4044 1854 4097 Pela-

145 4129 240 4199 gio
275 4129 388 4198 ipsi
409 4129 596 4183 studio
627 4135 683 4184 et
699 4147 870 4201 opera
902 4133 1095 4186 adesse
1124 4132 1364 4198 videtur,
1397 4132 1856 4202 obstrepentibus

146 4216 412 4288 plurimis
442 4235 504 4272 ac
531 4219 869 4286 dicentibus,
889 4238 1002 4275 non
1029 4237 1192 4291 posse
1219 4221 1484 4276 eumdem
1516 4221 1853 4276 advocatum

146 4311 200 4360 et
222 4307 476 4378 judicem
495 4326 636 4377 esse,
661 4311 998 4380 pronuntiat
1023 4313 1224 4366 fratres
1255 4312 1561 4366 mittendos
1579 4328 1708 4366 cum
1731 4314 1854 4382 epi-

147 4397 306 4450 stolis
335 4398 404 4451 ad
437 4399 834 4453 Innocentium
869 4417 1098 4471 papam,
1129 4400 1409 4454 universis
1437 4401 1586 4472 quod
1621 4401 1716 4455 ille
1756 4401 1851 4455 de-

147 4491 405 4540 cerneret
428 4488 735 4543 secuturis:
771 4505 835 4543 ac
864 4491 944 4544 sic
972 4490 1202 4561 utrique
1238 4489 1390 4561 parti
1422 4489 1650 4544 interim
1681 4490 1852 4543 silen-

148 4575 292 4629 tium
323 4575 920 4648 imperatur(0rosius,
952 4583 1006 4633 i-n
1027 4580 1341 4651 Apologia).
1375 4581 1439 4634 In
1469 4596 1536 4634 eo
1569 4585 1854 4634 conventu

148 4668 399 4719 mentem
438 4666 652 4736 Pelagii
704 4668 952 4722 Joannes
992 4668 1107 4721 sive
1139 4684 1327 4722 errore
1363 4668 1477 4722 sive
1515 4669 1738 4722 fallacia
1764 4669 1847 4722 in-

149 4751 412 4820 terpretis
439 4752 583 4806 adeo
616 4769 729 4807 non
769 4759 855 4809 est
888 4759 1195 4819 assecutus,
1235 4760 1296 4808 ut
1325 4755 1546 4825 aliquot
1573 4759 1706 4824 post
1734 4755 1850 4808 die-

146 4837 252 4893 bus
294 4841 482 4910 ipsum
509 4843 771 4898 Orosium
810 4843 1180 4915 blasphemiae
1221 4843 1510 4914 arguerit:
1544 4860 1716 4914 quam
1757 4844 1852 4897 ille

147 4927 602 4985 criminationem
625 4932 854 5002 vulgata
881 4950 1013 4988 mox
1035 4933 1300 5004 apologia
1329 4931 1397 4986 ab
1430 4947 1486 4986 se
1518 4932 1851 5002 propulsare

147 5018 474 5087 compulsus
507 5024 611 5074 est.

214 5106 266 5157 2.
299 5106 585 5180 biensibus
647 5107 717 5161 ab
780 5110 1254 5180 Jerosolymitano
1305 5114 1609 5175 conventu,
1681 5124 1852 5180 quem

147 5167 592 5264 presbfyteralem
626 5210 822 5250 vocare
854 5197 1004 5264 licet,
1037 5199 1293 5270 quinque
1326 5199 1588 5253 nondum
1619 5197 1848 5264 exactis,

147 5287 374 5335 vocatur
403 5284 662 5353 Pelagius
693 5285 762 5337 ad
791 5285 944 5340 aliud
976 5287 1037 5339 in
1076 5287 1378 5342 Palaestina
1409 5287 1732 5358 episcopale
1752 5287 1850 5356 ju-

150 5367 359 5425 dicium
416 5376 510 5438 (De
545 5376 685 5428 Gest.
741 5375 966 5443 Pelagii,
1026 5393 1090 5432 η.
1154 5378 1264 5447 53).
1310 5378 1443 5448 Ejus
1497 5380 1854 5430 accusatores

149 5455 304 5511 fuere
325 5461 467 5515 Galli
487 5463 618 5529 duo,
643 5464 820 5517 Heros
840 5464 1258 5520 Arelatensium
1283 5469 1339 5520 et
1361 5467 1600 5520 Lazarus
1622 5467 1852 5535 Aquen-

152 5543 296 5600 sium
327 5549 600 5620 episcopi,
633 5552 732 5622 qui
763 5553 1127 5623 perversitate
1157 5553 1608 5625 disputationum
1633 5554 1753 5624 ejus
1771 5552 1854 5606 of-

1604 287 1815 343 ΜΒΕῆ
1865 287 2235 346 SEPTIMUS.

3569 299 3674 352 482

1972 413 2137 479 fensi,
2167 412 2427 467 libellum
2483 412 2718 484 Eulogio
2765 415 3108 469 Caesareensi
3136 415 3402 486 episcopo
3451 417 3670 472 obtule-

1973 506 2128 568 runt,
2150 501 2458 569 erroribus,
2487 518 2630 573 quos
2661 519 2726 556 ex
2757 502 2970 574 Pelagii
3002 504 3361 575 Coelestiique
3391 505 3550 559 libris
3580 523 3671 560 ex-

1972 590 2328 661 scripserant,
2372 592 2664 658 refertum,
2714 607 2844 646 cum
2871 592 3135 662 capitulis
3176 593 3361 646 eidem
3407 594 3666 648 Caslestio

1973 679 2205 748 objectis
2234 679 2629 750 damnatisque
2668 679 2728 734 in
2759 681 3191 751 Carthaginensi
3218 681 3475 748 concilio,
3508 698 3668 736 cum-

1972 784 2084 839 que
2116 767 2203 835 iis,
2239 783 2368 838 quas
2398 768 2465 821 ad
2496 769 2878 838 Augustinum
2902 785 2932 824 e
2957 769 3145 824 Sicilia
3174 769 3503 824 transmissa
3545 771 3668 824 fue-

1973 861 2122 912 rant.
2151 856 2468 911 Concilium
2487 857 2633 910 hanc
2650 857 2720 912 ob
2742 874 2971 912 causam
2995 859 3149 928 apud
3182 858 3512 930 Diospolim,
3538 875 3666 930 quae

1972 945 2108 999 urbs
2140 945 2199 999 in
2230 945 2533 1016 Scripturis
2568 947 2753 1018 Lydda
2782 949 3099 1018 appellatur
3126 949 3272 1018 (Act.
3332 963 3413 1016 1x,
3442 951 3530 1014 32,
3580 951 3666 1014 35,

1975 1037 2087 1103 38),
2135 1034 2392 1089 habitum
2425 1040 2510 1090 est
2555 1036 2661 1089 hoc
2699 1036 2899 1090 eodem
2930 1051 3080 1090 anno
3110 1035 3670 1106 quadringentesimo

1973 1121 2195 1176 decimo
2226 1123 2446 1193 quinto,
2469 1124 2692 1178 circiter
2715 1125 2866 1178 diem
2898 1124 3182 1179 decimum
3211 1126 3444 1179 tertium
3477 1125 3670 1179 kalen-

1972 1211 2071 1264 das
2116 1212 2429 1282 januarias,
2483 1212 2576 1266 cui
2632 1212 2882 1284 episcopi
2926 1229 3166 1268 numero
3215 1213 3668 1284 quatuordecim,

1973 1314 2117 1369 quos
2138 1299 2286 1353 inter
2303 1300 2628 1370 primoloco
2655 1302 2802 1356 sedit
2822 1302 3111 1373 Eulogius,
3139 1303 3462 1358 adfuerunt.
3491 1305 3669 1357 Heros

1971 1389 2164 1440 autem
2189 1391 2244 1441 et
2275 1388 2512 1442 Lazarus
2542 1395 2776 1460 propter
2804 1407 3033 1460 gravem
3065 1392 3234 1446 unius
3265 1408 3462 1446 eorum
3493 1392 3666 1462 (egri-

1971 1475 2248 1540 tudinem,
2283 1483 2593 1547 praesentes
2618 1495 2737 1534 esse
2777 1479 3016 1534 minime
3055 1485 3362 1551 potuerunt
3392 1482 3484 1552 (De
3511 1485 3658 1536 Gest.

1969 1565 2200 1634 Pelagii,
2225 1581 2280 1619 n.
2328 1566 2393 1635 l).
2441 1567 2694 1622 Recitato
2725 1585 2927 1623 eorum
2977 1569 3188 1639 libello,
3222 1569 3484 1640 Pelagius
3509 1568 3664 1638 capi-

1969 1653 2089 1706 tula
2126 1653 2233 1707 sibi
2261 1654 2331 1708 ab
2357 1654 2427 1708 iis
2456 1656 2676 1726 objecta
2699 1657 2909 1726 partim
2947 1659 3214 1728 agnovit;
3248 1658 3347 1712 sed
3375 1657 3543 1711 simul
3573 1672 3660 1722 eo,

1970 1755 2086 1811 quo
2123 1741 2390 1796 volebant
2419 1743 2748 1811 adversarii,
2777 1761 2948 1799 sensu
2986 1745 3234 1815 negabat
3269 1745 3340 1797 ab
3387 1761 3445 1796 se
3490 1742 3658 1807 dicta,

1969 1845 2165 1882 verum
2195 1829 2306 1884 alio
2345 1831 2534 1901 plane,
2564 1832 2777 1902 quique
2825 1849 2860 1885 a
2897 1848 3029 1886 vera
3072 1831 3184 1885 lide
3215 1831 3357 1884 nihil
3399 1831 3667 1885 abhorre-

1967 1920 2080 1971 ret:
2113 1917 2325 1987 partim
2341 1918 2624 1973 inﬁciatus
2649 1924 2752 1986 est,
2774 1919 2873 1973 illa
2891 1925 3187 1991 tamquam
3214 1935 3398 1974 meras
3416 1919 3662 1990 ineptias

1969 2006 2306 2076 explodens;
2337 2007 2454 2061 imo
2502 2008 2675 2062 etiam
2718 2010 3022 2063 anathema
3051 2009 3242 2064 dicens
3272 2009 3361 2075 iis,
3393 2026 3426 2063 a
3455 2009 3664 2080 quibus

1966 2099 2467 2165 propugnarentur
2522 2097 2778 2164 (Photius,
2843 2098 3099 2158 Biblioth.
3169 2097 3284 2153 cod.
3340 2100 3447 2167 ΞΜ).
3501 2097 3662 2161 Quod

1966 2199 2100 2236 vero
2131 2183 2201 2238 ad
2232 2185 2477 2238 Cwlestii
2516 2185 2857 2251 doctrinam,
2891 2202 3064 2257 quam
3095 2203 3126 2241 a
3156 2186 3398 2241 concilio
3430 2186 3663 2241 Cartha-

1968 2270 2193 2342 ginensi
2214 2278 2270 2328 et
2298 2274 2367 2328 ab
2400 2275 2719 2346 Augustino
2739 2275 3067 2330 damnatam
3096 2275 3510 2344 asseverabant,
3540 2290 3666 2328 eam

1966 2361 2036 2416 ad
2070 2377 2129 2414 se
2181 2363 2471 2417 contendit
2519 2365 2856 2435 neutiquam
2884 2364 3173 2434 pertinere
3205 2364 3302 2435 (De
3333 2365 3475 2420 Gest.
3508 2365 3664 2418 Pela-

1965 2451 2063 2516 gii,
2104 2466 2197 2504 nn.
2232 2455 2321 2521 57,
2348 2453 2430 2521 58)
2455 2472 2468 2518 ;
2496 2452 2871 2507 nihilominus
2900 2458 3092 2508 tamen
3118 2454 3177 2507 in
3201 2469 3317 2520 eos,
3351 2453 3451 2523 qui
3478 2451 3663 2522 ipsam

1965 2544 2227 2594 tenerent
2263 2545 2654 2608 tenuerantve,
2696 2544 3001 2597 anathema
3029 2541 3427 2612 pronuntiavit
3465 2541 3662 2612 (lbid.,

1921 2701 1924 2708 Ι
1963 2643 2020 2682 n.
2056 2629 2163 2694 4‘7).
2200 2630 2438 2698 Objecta,
2471 2634 2535 2684 ut
2571 2630 2826 2702 loquitur
2857 2630 3218 2685 Innocentius
3247 2646 3414 2700 papa,
3457 2632 3666 2698 partim

1963 2717 2055 2770 ille
2081 2719 2306 2771 vitando
2335 2721 2664 2786 suppressit;
2688 2721 2897 2786 partim
2927 2720 3100 2772 multa
3129 2722 3187 2772 in
3225 2734 3279 2772 se
3304 2718 3468 2771 verba
3496 2723 3665 2772 retor-

1965 2803 2173 2872 quendo
2201 2809 2311 2858 tota
2327 2805 2651 2859 obscuritate
2665 2805 2914 2871 confudit
2937 2821 2949 2871 ;
2977 2806 3166 2873 aliqua
3194 2806 3369 2870 magis
3387 2804 3550 2869 falsis
3569 2819 3663 2857 ar-

1963 2895 2250 2960 gumentis,
2281 2909 2443 2960 quam
2472 2908 2600 2948 vera
2641 2896 2870 2959 ratione,
2914 2898 2971 2946 ut
3007 2893 3080 2945 ad
3106 2898 3310 2960 tempus
3337 2897 3551 2960 poterat
3577 2895 3661 2946 vi-

1963 2979 2106 3042 deri,
2134 2983 2417 3050 purgavit,
2458 2981 2704 3049 negando
2735 2983 2868 3046 alia,
2903 2982 3014 3034 alia
3043 2981 3192 3046 falsa
3222 2981 3663 3048 interpretatione

1963 3069 2212 3123 vertendo
2245 3069 2431 3139 (Apud
2456 3071 2845 3136 Augustinum,
2873 3071 3049 3138 Epist.
3093 3071 3207 3136 [83,
3239 3084 3293 3122 η.
3329 3070 3404 3138 3).
3453 3069 3657 3122 Verum

1958 3162 2158 3226 praeter
2183 3159 2282 3213 illa
2311 3174 2448 3227 quae,
2489 3174 2592 3228 quo
2628 3159 2782 3212 modo
2809 3160 3005 3227 potuit,
3037 3172 3201 3211 ausus
3247 3161 3325 3211 est
3359 3157 3658 3226 qualicum-

1965 3262 2066 3314 que
2090 3248 2298 3301 ratione
2334 3247 2637 3313 defendere,
2671 3247 2877 3316 objecta
2924 3247 3171 3316 quaedam
3213 3250 3358 3312 sunt,
3393 3261 3513 3313 qua
3544 3248 3664 3310 nisi

1963 3341 2168 3390 remota
2195 3339 2340 3390 omni
2364 3338 2801 3405 tergiversatione
2828 3337 3362 3402 anathematizasset,
3389 3336 3503 3404 ipse
3531 3351 3664 3388 ana-

1966 3425 2347 3480 thematizatus
2369 3429 2565 3480 exisset
2593 3428 2786 3496 (Epist.
2827 3427 2946 3492 l86,
2977 3441 3028 3478 η.
3059 3426 3170 3493 32).
3207 3424 3269 3478 Id
3299 3423 3533 3494 quidem
3562 3423 3658 3477 fu-

1966 3514 2082 3568 sius
2110 3515 2300 3585 legere
2324 3520 2409 3569 est
2435 3515 2586 3586 apud
2621 3514 3019 3586 Augustinum,
3064 3517 3260 3583 utpote
3289 3513 3388 3583 qui
3419 3517 3474 3566 et
3501 3511 3661 3567 Anti-

1966 3603 2162 3656 stitum
2191 3609 2244 3657 et
2266 3603 2481 3673 Pelagii
2510 3603 2680 3657 verba
2701 3620 2769 3656 ex
2799 3602 3309 3673 autographorum,
3341 3617 3470 3671 qua:
3498 3601 3569 3654 ad
3600 3616 3661 3654 se

1965 3691 2137 3744 missa
2186 3691 2430 3760 fuerant,
2463 3692 2573 3745 ﬁde
2625 3692 2853 3756 referat,
2913 3689 3142 3760 adjectis
3195 3689 3390 3753 etiam,
3425 3689 3521 3742 ubi
3572 3705 3664 3742 res

1965 3780 2252 3850 postulare
2274 3779 2592 3848 videbatur,
2613 3778 3106 3832 observationibus
3138 3793 3200 3830 ac
3225 3777 3662 3830 refutationibus

1965 3867 2080 3920 suis
2111 3867 2269 3937 (Ibid.
2303 3872 2352 3920 et
2377 3870 2448 3920 De
2487 3867 2629 3922 Gest.
2662 3868 2886 3932 Pelagii,
2927 3882 3019 3919 nn.
3054 3869 3143 3929 23,
3174 3866 3262 3930 24,
3293 3868 3388 3929 65;
3417 3867 3491 3918 De
3513 3867 3658 3920 Pecc.

1964 3955 2182 4020 origin.,
2217 3971 2275 4007 η.
2303 3956 2409 4024 12).
2446 3955 2586 4008 Cum
2616 3958 2806 4007 autem
2829 3953 2890 4006 in
2911 3951 3148 4006 concilio
3174 3967 3342 4005 nemo
3373 3955 3534 4016 esset,
3561 3953 3660 4022 qui

1963 4042 2270 4095 intentatas
2288 4042 2515 4112 Pelagio
2536 4041 2919 4096 accusationes
2940 4039 3286 4104 defenderet,
3311 4055 3374 4092 ac
3395 4038 3663 4107 tergiver-

1965 4131 2212 4184 sationes
2241 4131 2364 4201 ejus
2394 4135 2566 4201 atque
2605 4129 2898 4184 mendacia
2928 4130 3236 4197 detegeret,
3270 4142 3456 4196 neque
3486 4126 3664 4180 Graeci

1963 4219 2238 4289 praesules
2257 4220 2511 4290 ejusdem
2537 4219 2730 4279 libros,
2750 4217 2922 4272 latine
2946 4216 3203 4271 videlicet
3228 4215 3430 4280 editos,
3455 4213 3665 4267 exami-

1965 4325 2102 4364 nare
2133 4325 2236 4380 per
2263 4326 2321 4363 se
2346 4311 2628 4376 valerent;
2653 4308 2710 4362 id
2734 4323 2934 4373 unum,
2969 4307 3118 4377 quod
3148 4307 3542 4376 sequerentur,
3575 4319 3665 4356 su-

1963 4402 2211 4468 pererat,
2235 4414 2440 4469 nempe
2455 4397 2752 4469 opiniones
2774 4395 2990 4466 Pelagii
3011 4411 3079 4448 ex
3097 4393 3274 4464 ipsius
3291 4391 3476 4446 verbis
3497 4408 3561 4445 ac
3581 4396 3660 4445 te-

1965 4486 2232 4540 stimonio
2248 4486 2508 4557 judicare
2534 4502 2547 4540 :
2570 4491 2739 4556 atque
2766 4485 2844 4539 ita
2863 4483 3104 4554 decepti,
3135 4498 3289 4548 eum,
3311 4486 3376 4536 ut
3394 4480 3668 4535 homines

1965 4579 2146 4644 erant,
2179 4576 2338 4629 nullo
2377 4591 2444 4630 ex
2476 4576 2650 4629 altera
2692 4578 2853 4644 parte
2884 4576 3123 4642 urgente
3173 4570 3528 4636 adversaria,
3561 4586 3668 4640 pu-

1964 4668 2148 4718 tantes
2172 4664 2535 4731 catholicum,
2555 4667 2829 4733 tanquam
2855 4661 3197 4716 catholicum
3218 4660 3666 4729 pronuntiarunt

1966 4753 2454 4822 (Cont.Julianum,
2478 4752 2572 4804 lib.
2614 4755 2656 4815 1,
2689 4766 2744 4804 η.
2778 4753 2884 4819 19).
2925 4749 3012 4803 Sic
3041 4749 3110 4802 de
3135 4747 3349 4819 judicio
3378 4748 3664 4820 Diospoli-

1963 4845 2099 4893 tauo
2133 4840 2391 4910 Pelagius
2421 4839 2654 4910 quidem
2681 4843 2962 4909 quantum
2998 4837 3065 4892 ad
3099 4837 3402 4892 hominum
3431 4853 3666 4908 conspe-
3714 4827 3718 4830 ’

1964 4934 2117 4984 ctum
2152 4929 2369 4990 attinet,
2430 4929 2583 4982 velut
2615 4928 2929 4993 absolutus,
2962 4943 3064 4982 suo
3119 4932 3312 4981 tamen
3343 4927 3531 4997 palam
3562 4927 3661 4981 da-

1963 5022 2156 5071 mnato
2187 5017 2473 5087 dogmate,
2517 5033 2776 5087 egressus
2805 5021 2889 5069 est
2921 5016 3101 5085 (lbid.,
3133 5017 3228 5070 lib.
3263 5019 3314 5083 2,
3347 5033 3402 5069 n.
3433 5018 3544 5083 3i).

2037 5111 2086 5160 3.
2115 5109 2238 5161 Post
2269 5108 2362 5160 hoc
2403 5106 2696 5175 judicium,
2745 5105 2830 5159 uti
2877 5110 3070 5158 narrat
3097 5104 3468 5174 Augustinus,
3501 5103 3582 5155 ibi
3625 5118 3658 5156 a

1963 5198 2135 5250 nescio
2181 5212 2284 5264 quo
2331 5211 2493 5249 cuneo
2528 5195 2888 5264 perdito-rum,
2945 5198 3041 5263 qui
3065 5194 3222 5248 valde
3249 5197 3305 5246 in
3345 5207 3657 5260 perversum

1957 5286 2311 5354 perhibentur
2334 5285 2547 5351 Pelagio
2575 5285 2898 5353 su/fragari,
2931 5284 3238 5338 incredibili
3256 5282 3490 5346 audacia
3525 5296 3660 5348 per-

1960 5378 2178 5444 petrata
2207 5373 2463 5427 dicuntur
2492 5378 2647 5427 tanta
2674 5373 2843 5438 mala,
2878 5376 2937 5426 ut
2969 5375 3065 5426 Dei
3100 5371 3242 5424 servi
3267 5373 3316 5422 ct
3344 5368 3557 5422 ancillae
3585 5368 3661 5421 ad

1963 5477 2150 5518 curam
2173 5465 2348 5517 sancti
2367 5464 2680 5530 Hieronymi
2697 5462 2998 5531 presbyteri
3015 5461 3339 5528 pertinentes
3360 5457 3660 5511 sceleratis-

1965 5553 2105 5606 sima
2155 5551 2294 5607 caede
2335 5553 2688 5619 afﬁcerentur,
2743 5550 3000 5604 diaconus
3045 5544 3388 5612 occideretur,
3427 5544 3660 5614 aediﬁcia
