4062 6372
420 280 523 334 483

418 403 867 456 monasteriorum
900 398 1330 465 incenderentur,
1360 402 1458 453 uia:
1501 401 1680 468 ipsum
1711 398 2121 470 Hieronymum

419 490 488 543 ab
518 490 613 543 hoc
636 491 840 558 impetu
867 493 1029 557 atque
1057 490 1277 541 incursu
1301 488 1598 555 impiorum
1622 488 1681 540 in
1705 489 1801 541 Dei
1817 488 2120 541 misericor-

419 578 512 631 dia
554 580 724 641 turris
754 579 1016 630 munitior
1060 581 1334 629 tueretur:
1389 590 1617 643 quorum
1655 576 1911 629 scelerum
1964 577 2121 641 fama

416 681 802 735 usquequaque
828 665 1086 718 volitante
1115 665 1287 716 animi
1307 665 1549 731 graviter
1575 663 1846 716 vulnerati
1872 668 1998 716 sunt
2027 664 2122 731 (De

420 755 564 811 Gest.
595 755 821 819 Pelagii,
852 768 915 806 η.
955 752 1064 822 66).
1100 752 1176 805 De
1207 750 1295 804 his
1326 750 1556 821 quando
1588 751 1796 805 certior
1823 750 2000 805 factus
2015 751 2122 805 fuit

416 841 780 896 Innocentius
826 856 996 910 papa,
1037 838 1265 909 scripsit
1293 839 1440 892 hanc
1469 838 1531 892 in
1562 855 1684 893 rem
1714 838 1877 892 binas
1908 838 2119 908 episto-

417 930 523 996 las,
564 945 738 984 unam
768 928 837 982 ad
879 929 1157 982 Joannem
1186 927 1732 997 Jerosolymitanum
1762 926 2116 997 episcopum,

418 1020 656 1074 alteram
694 1017 768 1072 ad
798 1016 1207 1086 Hieronymum
1237 1017 1654 1087 presbyterum.

487 1109 541 1162 4.
577 1109 710 1162 Post
766 1105 1026 1161 eamdem
1061 1104 1511 1175 Diospolitanam
1558 1104 1845 1175 synodum
1883 1103 2123 1158 editioni

412 1197 718 1251 Gestorum
756 1210 920 1248 mora
945 1193 1138 1249 dolose
1168 1193 1336 1247 allata
1368 1192 1554 1261 (Ibid.,
1591 1208 1650 1246 n.
1681 1195 1790 1259 55),
1821 1190 2122 1246 confestim

418 1285 659 1356 epistola
696 1282 937 1336 carnalis
962 1281 1315 1336 ventositatis
1343 1286 1401 1335 et
1431 1279 1711 1346 elationis,
1747 1296 1876 1351 quas
1908 1280 2122 1352 Pelagii

418 1373 492 1428 ad
530 1372 777 1426 amicum
826 1386 992 1425 suum
1026 1369 1335 1441 quemdam
1382 1368 1778 1439 presbyterum
1823 1368 2122 1422 scribentis

420 1477 541 1516 esse
573 1460 868 1515 dicebatur
906 1458 1090 1528 (lbid.,
1131 1474 1186 1511 η.
1220 1457 1330 1526 54),
1371 1456 1660 1511 celeritate
1699 1456 2027 1526 praecedens
2060 1455 2122 1510 in

419 1565 624 1604 manus
660 1547 963 1603 hominum
1003 1545 1358 1617 praevolavit;
1386 1545 1447 1598 in
1486 1561 1601 1615 qua
1637 1544 1717 1599 sic
1754 1560 1843 1598 res
1871 1549 1990 1598 acta
2031 1560 2124 1599 exs

417 1636 761 1707 ponebatur,
793 1640 859 1690 ut
901 1635 1073 1689 tacita
1122 1634 1313 1688 divina
1342 1637 1544 1702 gratia,
1582 1634 1701 1686 sola
1732 1633 1809 1687 ibi
1838 1633 2124 1702 legeretur

416 1724 615 1779 infelix
652 1729 709 1778 et
747 1740 805 1777 se
843 1723 1028 1792 ipsam
1067 1721 1377 1791 decipiens,
1418 1722 1574 1775 velut
1610 1720 1829 1787 victrix,
1870 1721 2123 1774 humana

418 1814 703 1885 superbia.
738 1815 1020 1867 Praeterea
1051 1813 1349 1866 Gestorum
1388 1810 1818 1864 Palestinorum
1845 1814 2122 1880 tanquam

416 1900 763 1955 breviarium
812 1899 1072 1969 Pelagius
1118 1900 1178 1952 in
1220 1899 1479 1953 chartula
1505 1899 1658 1965 fecit,
1695 1914 1823 1970 quas
1855 1898 2019 1953 facile
2057 1913 2121 1952 ac

416 1989 527 2044 cito
581 2003 995 2059 usquequaque
1028 1987 1374 2055 discurrens,
1408 1988 1462 2041 ei
1506 1987 1625 2041 vice
1665 1988 1943 2058 apologiai
1974 1990 2121 2041 esset

413 2078 591 2149 (Ibid.
629 2094 685 2131 n.
745 2078 875 2145 57):
940 2092 1114 2147 quam
1152 2076 1223 2130 ob
1279 2076 1337 2129 id
1393 2076 1541 2130 forte
1597 2076 1973 2146 Augustinus,
2026 2075 2122 2130 cui

416 2166 677 2221 eamdem
708 2164 804 2218 ille
836 2165 958 2218 sine
987 2163 1190 2217 litteris
1219 2163 1331 2234 ipsi
1361 2164 1700 2218 nominatim
1717 2164 1942 2235 scriptis
1966 2163 2121 2218 misit

416 2254 603 2320 (Ibid.,
641 2269 698 2308 n.
749 2253 822 2322 1),
858 2252 1173 2306 chartulam
1203 2251 1550 2305 defensionis
1588 2251 1710 2322 ejus
1740 2255 1902 2305 vocat
1926 2251 2116 2320 (Ibid.,

413 2358 469 2396 n.
517 2342 627 2411 57),
673 2345 730 2395 et
758 2340 1136 2409 conscriptam
1170 2340 1240 2393 ab
1270 2355 1336 2393 eo
1370 2339 1758 2393 defensionem
1792 2355 1975 2406 suam,
2006 2355 2120 2409 qua

413 2446 476 2485 se
516 2429 740 2485 dicebat
763 2427 999 2499 objectis
1043 2427 1402 2498 respondisse
1432 2427 1723 2482 Gallorum
1755 2426 1957 2496 (Epist.
1994 2430 2114 2494 169,

414 2534 472 2572 η.
512 2519 592 2587 7).
625 2516 800 2588 Atqui
828 2516 889 2570 in
919 2516 1121 2570 eadem
1148 2516 1427 2581 chartula,
1458 2514 1827 2569 breviationis
1857 2515 2116 2575 obtentu,

413 2607 579 2660 Gesta
624 2604 764 2659 locis
814 2603 1158 2675 quibusdam
1198 2603 1569 2665 adulterabat,
1624 2607 1723 2657 aut
1782 2603 2120 2658 obscurabat

412 2693 510 2764 (De
536 2695 680 2750 Gest.
710 2693 939 2760 Pelagii,
978 2708 1073 2746 nn.
1105 2695 1194 2758 57,
1219 2692 1329 2762 58).
1363 2692 1716 2762 Opusculum
1754 2691 2023 2762 denique,
2056 2691 2116 2745 in

413 2799 528 2854 quo
566 2782 637 2837 de
663 2781 842 2837 Gestis
870 2780 1190 2835 Palaestina
1220 2780 1426 2851 synodi
1455 2780 1812 2851 gloriabatur
1852 2780 1942 2850 (De
1963 2782 2107 2835 Pecc.

408 2873 634 2938 origin,
665 2886 720 2924 n.
761 2870 865 2939 15),
897 2869 1001 2924 sub
1028 2868 1181 2923 idem
1202 2873 1428 2940 tempus
1456 2868 1679 2938 scripsit
1704 2884 1804 2938 pro
1823 2867 2002 2923 libero
2033 2885 2117 2922 ar-

408 2959 579 3015 bitrio
610 2960 798 3031 (Ibid.,
847 2974 908 3014 n.
965 2958 1071 3028 14),
1101 2962 1350 3029 qualuor
1378 2958 1439 3011 in
1468 2957 1645 3012 libros
1675 2957 1954 3028 digestum
1982 2974 1995 3024 ;
2024 2973 2117 3011 cu-

412 3050 502 3119 jus
532 3048 721 3120 operis
750 3047 838 3102 sui
867 3047 929 3100 in
985 3046 1187 3101 litteris
1239 3048 1484 3101 Romam
1514 3046 1720 3110 missis,
1779 3046 2113 3118 scriptisque

407 3136 635 3191 circiter
645 3136 944 3190 ineuntem
957 3151 1171 3189 annum
1187 3134 1813 3205 quadringentesimum
1828 3134 2115 3188 decimum

411 3225 723 3294 septimum
744 3224 815 3278 ad
837 3222 1238 3277 Innocentium
1258 3238 1490 3292 papam,
1504 3222 2113 3276 commemorationem

407 3312 608 3367 fecisse
637 3311 925 3382 reperitur
954 3313 1045 3380 (De
1072 3311 1224 3366 Grat.
1283 3311 1507 3375 Christi,
1537 3324 1595 3363 n.
1628 3309 1735 3375 32).
1765 3310 1832 3363 In
1860 3308 1949 3364 his
1978 3327 2114 3380 qua-

411 3405 545 3455 tuor
590 3399 753 3454 libris
790 3414 1167 3469 qusecumque
1197 3413 1302 3467 pro
1333 3397 1517 3468 gratia
1563 3396 1863 3451 videbatur
1902 3396 2110 3465 dicere,

410 3504 525 3560 qua
547 3489 838 3559 juvamur,
869 3492 935 3541 ut
958 3486 1307 3541 declinemus
1327 3486 1553 3554 amalo,
1582 3485 1912 3557 bonumque
1941 3485 2112 3540 facia-

406 3592 556 3642 mus,
589 3592 657 3630 eo
687 3575 881 3642 modo,
911 3589 1091 3645 eaque
1129 3574 1435 3627 verborum
1465 3572 1836 3641 ambiguitate
1867 3573 2111 3642 dicebat,

410 3667 475 3719 ut
503 3681 537 3719 a
564 3681 667 3720 suo
687 3665 954 3735 dogmate
980 3679 1094 3717 non
1124 3662 1412 3716 recederet
1436 3660 1673 3716 omnino
1707 3661 1887 3729 (Ibid,
1919 3679 1972 3717 η.
2000 3662 2108 3733 45).

1100 3752 1328 3807 CAPUT
1365 3752 1426 3805 Χ.

415 3846 434 3898 1
467 3845 690 3899 Litterae
728 3843 1048 3910 Hieronymi
1090 3841 1359 3910 simulque
1399 3841 1522 3894 alia
1558 3841 1771 3894 Herotis
1812 3844 1863 3894 et
1911 3841 2114 3894 Lazari

472 3948 569 4003 per
598 3932 845 3988 Orosium
873 3931 1180 4000 afferuntur
1205 3932 1264 3984 in
1293 3930 1565 3996 Africam.
1593 3931 1626 3983 2
1656 3930 1951 3985 Concilium
1972 3929 2109 3985 Car-

473 4023 809 4088 thaginense,
841 4020 1111 4089 hujusque
1148 4018 1390 4087 exemplo
1433 4019 1830 4085 Milevitanum,
1860 4019 2113 4071 Innocen-

474 4111 547 4164 tio
568 4124 731 4178 papae
759 4108 1004 4162 scribunt
1048 4110 1237 4160 contra
1265 4106 1565 4173 Pelagium.
1613 4107 1642 4158 3
1671 4104 1819 4159 Idem
1844 4109 2111 4174 praestant

474 4198 714 4264 quinque
743 4195 1068 4263 conjunctim
1088 4195 1327 4262 episcopi
1354 4194 1633 4259 Africani.
1661 4193 1694 4246 4
1720 4192 1995 4258 Africana
2024 4192 2109 4245 de-

474 4287 621 4338 creta
649 4278 839 4337 contra
867 4283 1189 4349 Pelagianos
1220 4295 1424 4334 errores
1448 4284 1578 4334 nota
1600 4281 1739 4345 facit
1765 4281 2109 4347 Augustinus

475 4372 691 4426 Hilario
728 4369 1089 4427 Narbonensi.
1121 4373 1151 4422 5
1182 4372 1256 4423 Dc
1284 4369 1477 4423 iisdem
1510 4368 1780 4422 erroribus
1806 4370 1864 4422 in
1892 4370 2108 4435 Pelagio

475 4459 819 4529 deprehensis
896 4457 970 4512 ad
1022 4460 1279 4512 Joannem
1343 4457 1844 4524 Jerosolymitanum
1900 4458 2104 4512 scribit.

468 4550 499 4602 6
552 4547 803 4617 Epistola
849 4546 923 4600 ad
966 4546 1234 4601 Oceanum
1283 4545 1350 4600 ab
1381 4561 1436 4600 eo
1488 4548 1678 4600 missa.
1730 4550 1761 4599 7
1794 4548 2107 4600 Doctrinam

467 4637 714 4691 Ecclesiae
740 4638 799 4689 in
825 4635 1124 4705 Scripturis
1150 4637 1396 4705 penitius
1425 4636 1668 4690 rimandi
1689 4636 1977 4705 provincia
2004 4635 2103 4689 da-

471 4729 562 4778 tur
580 4725 888 4792 Augustino
918 4740 953 4778 a
983 4724 1191 4779 duobus
1221 4725 1480 4779 conciliis.

473 4816 523 4867 1.
574 4814 717 4868 Cum
772 4813 1022 4879 Orosius,
1087 4829 1260 4884 quem
1315 4812 1672 4884 Augustinus
1707 4812 1779 4866 ad
1834 4812 2105 4882 Hierony-

396 4915 576 4963 mum,
633 4905 700 4954 ut
728 4900 798 4954 ab
827 4916 892 4954 eo
946 4899 1220 4971 quidnam
1274 4900 1344 4954 de
1397 4899 1590 4955 anima
1617 4899 1962 4954 credendum
2012 4898 2103 4968 sit,

400 4988 737 5057 addisceret,
761 5004 910 5042 anno
931 4989 1227 5058 superiore
1257 4988 1506 5055 miserat,
1534 4989 1640 5042 hoc
1660 5004 1811 5043 anno
1840 4987 2107 5059 quadrin-

389 5076 710 5149 gentesimo
749 5075 967 5130 decimo
999 5081 1154 5129 sexto
1192 5081 1574 5131 reverteretur
1605 5076 1668 5130 in
1709 5076 2098 5144 Occidentem;

397 5167 779 5237 Hieronymus
807 5164 1235 5235 opportunitate
1277 5181 1437 5232 usus,
1467 5164 1685 5218 litteras
1715 5165 1949 5220 abeunti
1984 5169 2103 5219 tra-

390 5256 553 5319 didit,
582 5255 793 5327 quibus
823 5253 978 5324 apud
1002 5253 1407 5323 Augustinum,
1442 5252 1597 5324 quod
1618 5254 1741 5323 ejus
1769 5254 1993 5309 duobus
2023 5254 2099 5308 1i-

391 5345 531 5413 bris,
564 5345 842 5400 nimirum
871 5342 942 5398 de
978 5342 1191 5405 anima,
1223 5342 1407 5413 deque
1437 5342 1721 5415 sententia
1754 5342 1946 5398 Jacobi
1974 5359 2093 5397 non

360 5433 769 5505 .responderit,
816 5430 1094 5504 temporis
1156 5429 1546 5485 difﬁcultatem
1601 5430 1885 5485 excusavit
1913 5430 2093 5501 (quod

386 5521 621 5592 quidem
664 5521 728 5577 in
771 5518 1146 5577 absolutionis
1190 5517 1409 5589 Pelagii
1437 5521 1666 5590 tempus
1704 5518 1907 5576 cadere
1953 5516 2092 5574 satis

1617 275 1791 333 VITA
1846 274 1902 332 s.
1942 273 2331 333 AUGUSTINI
2388 272 2733 330 EPISCOPI.

3833 277 3950 333 484

2230 413 2515 469 superque
2559 394 3031 466 intelligebatur),
3079 398 3314 450 testatus
3352 395 3461 450 sibi
3490 396 3789 452 decretum
3820 415 3950 453 esse
4012 382 4017 387 δ

2231 487 2420 558 ipsum
2454 500 2667 552 amare,
2702 484 3010 555 suscipere,
3039 484 3248 551 colere,
3282 484 3499 553 mirari,
3534 502 3599 541 ac
3635 486 3825 558 ipsius
3855 488 3947 543 di-

2228 580 2338 642 cta,
2370 575 2533 646 quasi
2579 590 2683 628 sua
2720 573 3060 628 defendere:
3108 590 3329 627 necnon
3354 574 3475 644 jam
3516 591 3575 628 se
3608 575 3669 630 in
3708 576 3948 646 dialogo

2229 669 2427 720 contra
2457 663 2791 733 Pelagianos
2840 662 3016 725 edito,
3045 661 3244 733 ipsius,
3286 666 3351 716 ut
3378 662 3620 732 dignum
3648 670 3795 732 erat,
3852 681 3948 720 re-

2229 753 2522 808 cordatum
2549 752 2724 805 fuisse
2762 750 2951 821 (Apud
2991 752 3383 819 Augustinum,
3415 754 3593 821 Epist.
3628 756 3754 820 172,
3786 771 3845 809 η.
3874 756 3947 823 1).

2233 844 2345 897 Hoc
2383 846 2572 896 autem
2603 839 2664 894 in
2694 841 2817 895 haec
2847 839 3018 895 verba
3054 843 3280 894 sanctus
3335 841 3637 911 Presbyter
3665 843 3948 908 praestite-

2228 935 2352 986 rat:
2398 931 2631 999 Scripsit
2658 928 2865 983 dudum
2909 928 2999 983 vir
3049 933 3267 984 sanctus
3304 934 3355 982 et
3382 929 3628 998 eloquens
3658 932 3950 999 episcopus

2231 1021 2572 1087 Augustinus
2616 1018 2691 1071 ad
2714 1018 3107 1085 Marcellinum,
3161 1018 3261 1086 qui
3280 1020 3469 1086 postea
3496 1018 3594 1071 sub
3620 1019 3842 1072 invidia
3864 1023 3946 1087 ty-

2229 1106 2486 1161 rannidis
2525 1107 2859 1160 Heracliam;
2898 1105 2967 1159 ab
3016 1106 3281 1162 haereticis
3318 1108 3568 1160 innocens
3623 1122 3793 1161 casus
3840 1112 3943 1171 est,

2231 1196 2364 1249 duos
2404 1194 2569 1249 libros
2597 1194 2663 1247 de
2717 1193 3029 1261 Infantibus
3070 1193 3422 1263 baptizandis
3459 1199 3647 1248 contra
3693 1196 3947 1250 haeresim

2228 1288 2483 1349 vestram,
2525 1286 2633 1336 etc.
2687 1282 2834 1337 Unde
2871 1282 3328 1351 supersedendum
3374 1283 3500 1339 huic
3531 1282 3707 1337 labori
3730 1300 3941 1351 censeo,

2228 1387 2293 1426 ne
2321 1372 2540 1425 dicatur
2565 1372 2703 1425 mihi
2731 1370 2872 1424 illud
2907 1371 3144 1437 Horatii,
3180 1372 3244 1424 In
3268 1371 3484 1444 sylvam
3510 1386 3576 1426 ne
3608 1371 3761 1439 ligna
3783 1374 3943 1438 feras

2234 1459 2505 1530 (Satyrar.
2537 1459 2629 1513 lib.
2666 1462 2716 1524 1,
2747 1463 2853 1513 sat.
2893 1460 2978 1524 10,
3008 1473 3148 1513 vers.
3182 1458 3293 1526 34).
3333 1459 3609 1515 Autenim
3636 1459 3825 1514 eadem
3844 1460 3943 1515 di-

2231 1562 2464 1603 ceremus
2495 1563 2563 1602 ea:
2606 1550 2903 1616 superﬂuo;
2938 1551 3035 1601 aut
3062 1549 3113 1601 si
3152 1561 3293 1600 nova
3320 1547 3646 1602 voluerimus
3674 1548 3876 1617 dicere,
3906 1565 3943 1603 a

2232 1638 2531 1691 clarissimo
2559 1638 2773 1702 ingenio
2819 1639 3079 1704 occupata
3110 1639 3237 1690 sunt
3286 1636 3509 1690 meliora
3536 1636 3716 1705 (Cont.
3778 1639 3942 1694 Pela-

2231 1727 2405 1791 gian.,
2438 1724 2572 1779 dial.
2607 1724 2681 1791 3).
2739 1725 3019 1778 Ρτωὶετεᾶ
3056 1723 3286 1778 Orosius
3317 1723 3535 1778 litteras
3576 1724 3639 1778 in
3683 1725 3941 1781 Africam

2231 1812 2419 1867 attulit
2448 1812 2518 1866 ab
2575 1813 2781 1866 Herote
2811 1827 2875 1864 ac
2915 1813 3144 1875 Lazaro,
3186 1811 3395 1881 quibus
3419 1812 3680 1883 Pelagius
3733 1819 3794 1868 et
3819 1814 3943 1869 Cce—

2232 1900 2427 1955 lesttus
2464 1899 2670 1954 nefarii
2729 1899 3253 1970 anathemandique
3300 1900 3510 1954 erroris
3540 1905 3802 1956 auctores
3847 1919 3940 1957 ar-

2230 1987 2554 2059 guebantur
2611 1987 2804 2057 (Epist.
2844 1990 2964 2055 175,
2994 2003 3050 2041 n.
3084 1987 3178 2057 l):
3231 1990 3400 2057 atque
3440 1987 3643 2041 horum
3678 2004 3850 2052 unus,
3881 1989 3938 2044 id

2230 2081 2314 2130 est
2342 2075 2656 2141 Caelestius,
2689 2075 2861 2128 etiam
2909 2076 2979 2129 ad
3023 2075 3446 2145 presbyterium
3478 2075 3539 2130 in
3566 2076 3699 2131 Asia
3727 2094 3935 2147 perve-

2230 2165 2405 2229 nisse;
2441 2165 2584 2218 alter
2628 2167 2841 2231 autem,
2888 2162 3098 2218 scilicet
3125 2163 3409 2234 Pelagius,
3457 2180 3626 2234 agere
3652 2166 3938 2239 Jerosoly-

2229 2253 2338 2307 mis
2377 2252 2689 2318 dicebatur,
2749 2251 2943 2322 ibique
2975 2251 3285 2305 nonnullos
3339 2251 3623 2322 decipere,
3672 2256 3935 2325 quamvis

2229 2342 2394 2410 longe
2428 2340 2619 2410 plures
2643 2338 2743 2409 qui
2774 2339 2897 2409 ejus
2928 2355 3127 2393 sensus
3157 2339 3490 2411 diligentius
3518 2342 3796 2413 indagare
3827 2361 3932 2415 po-

2229 2432 2478 2494 luerunt,
2509 2444 2572 2480 ac
2599 2427 2885 2498 praecipue
2926 2429 3322 2497 Hieronymus,
3352 2429 3621 2484 adversus
3655 2447 3789 2486 eum
3830 2448 3932 2503 pro

2228 2516 2411 2586 gratia
2439 2515 2646 2569 Christi
2674 2516 3052 2586 conﬂigerent
3083 2518 3276 2586 (Epist.
3316 2520 3434 2583 176,
3465 2534 3521 2573 n.
3544 2520 3616 2587 4).

2300 2606 2352 2658 2.
2387 2605 2497 2658 Has
2534 2603 2753 2657 litteras
2800 2604 3231 2658 Proconsularis
3272 2605 3582 2661 Provinciae
3625 2606 3931 2680 episcopis,

2227 2692 2327 2761 qui
2358 2697 2694 2747 consuetum
2742 2695 3068 2763 statumque
3107 2694 3412 2763 quotannis
3459 2695 3768 2750 concilium
3797 2703 3935 2752 tunc

2226 2780 2501 2851 temporis
2551 2780 2897 2851 Carthagine
2958 2781 3341 2848 celebrabant,
3395 2782 3627 2838 Orosius
3656 2785 3931 2842 reddidit.

2227 2869 2406 2924 Lectis
2434 2870 2493 2923 in
2525 2870 2740 2940 synodo
2761 2870 2965 2924 litteris
2992 2869 3453 2925 animadvertunt
3473 2874 3769 2942 praesules.
3806 2890 3935 2944 gra-

2228 2957 2521 3012 vissimum
2551 2959 2622 3012 ab
2681 2958 3006 3013 detestandi
3055 2959 3264 3013 erroris
3294 2960 3579 3031 magistris
3625 2977 3749 3016 esse
3800 2962 3935 3017 fidei

2162 3061 2167 3065 ’
2201 3046 2513 3101 catholica:
2541 3045 2881 3116 periculum.
2932 3046 3288 3117 QuaprOpter
3332 3047 3534 3118 judicii
3569 3049 3935 3121 episcopalis,

2225 3150 2338 3205 quo
2362 3138 2492 3189 ante
2525 3151 2702 3189 annos
2733 3134 2987 3205 quinque
3021 3134 3315 3189 leestius
3343 3135 3497 3206 apud
3526 3137 3936 3208 Carthaginem

2225 3222 2528 3277 damnatus
2558 3223 2764 3291 fuerat,
2794 3227 2915 3277 acta
2944 3222 3169 3279 recitari
3192 3223 3412 3294 jubent.
3456 3224 3523 3278 Et
3552 3225 3818 3295 quamvis
3868 3243 3936 3280 eo

2220 3310 2438 3380 judicio
2466 3316 2692 3365 tantum
2736 3310 2878 3364 illud
2907 3311 3113 3365 vulnus
3142 3316 3275 3366 tunc
3304 3310 3555 3366 excisum
3585 3312 3657 3367 ab
3690 3314 3938 3369 Ecclesia

2227 3397 2540 3466 videretur;
2571 3398 2948 3452 nihilominus
2968 3401 3162 3453 tamen
3191 3400 3486 3453 communi
3515 3399 3936 3457 deliberatione

2223 3493 2477 3555 censent,
2507 3487 2841 3558 hujusmodi
2871 3486 3081 3541 erroris
3107 3492 3391 3555 auctores,
3434 3487 3545 3541 nisi
3568 3488 3725 3543 hunc
3769 3505 3937 3560 aper-

2223 3575 2442 3630 tissime
2472 3575 2913 3642 anathemarint,
2960 3575 3114 3646 ipsos
3146 3575 3503 3630 anathemari
3531 3581 3801 3648 oportere
3828 3595 3842 3633 :
3874 3582 3938 3632 ut

2223 3664 2271 3717 si
2300 3664 2557 3734 ipsorum
2587 3681 2700 3719 non
2728 3663 3000 3735 potuerit,
3044 3665 3241 3719 saltem
3274 3680 3468 3718 eorum
3502 3664 3601 3736 qui
3630 3665 3701 3719 ab
3727 3665 3813 3719 eis
3832 3667 3933 3721 de-

2223 3754 2373 3824 cepti
2403 3759 2538 3808 sunt
2564 3754 2654 3808 vel
2707 3754 2892 3825 decipi
2921 3758 3187 3824 possunt,
3218 3753 3559 3824 cognitaque
3591 3753 3651 3807 in
3683 3770 3782 3807 eos
3821 3757 3934 3810 lata

2223 3846 2308 3896 est
2363 3841 2661 3909 sententia,
2717 3841 2928 3896 sanitas
2965 3846 3324 3912 procuretur.
3385 3842 3499 3896 Hoc
3552 3846 3748 3897 autem
3808 3861 3931 3898 ase

2222 3934 2445 4001 gestum
2492 3934 2692 3985 curant
2716 3929 3050 3985 Innocentio
3079 3946 3243 4001 papae
3271 3929 3681 4001 intimandum,
3719 3937 3787 3985 ut
3812 3933 3931 3987 suis

2221 4017 2480 4088 ipsorum
2497 4018 2721 4073 statutis
2742 4017 2916 4072 etiam
2936 4018 3262 4089 apostolica:
3284 4019 3441 4073 Sedis
3460 4019 3806 4074 adhibeatur
3827 4038 3930 4075 au-

2220 4107 2467 4162 ctoritas.
2507 4108 2647 4162 Nam
2670 4108 3010 4179 complures,
3044 4107 3141 4178 qui
3162 4124 3384 4174 eorum,
3428 4112 3488 4163 ut
3517 4109 3695 4174 aiunt,
3729 4110 3929 4179 perhi-

2217 4194 2428 4249 bentur
2473 4211 2595 4250 esse
2650 4196 2739 4249 vel
2790 4195 2962 4250 fuisse
3011 4195 3295 4266 discipuli,
3354 4195 3477 4250 haec
3506 4195 3678 4261 mala,
3711 4195 3931 4266 quibus

2216 4283 2593 4338 fundamenta
2636 4283 2960 4338 christiana:
2996 4283 3130 4339 ﬁdei
3158 4288 3437 4338 conantur
3466 4288 3738 4345 evertere,
3780 4300 3928 4354 qua-

2219 4387 2466 4442 cumque
2518 4374 2779 4442 possunt,
2820 4371 3107 4425 afﬁrmare
3148 4388 3265 4426 non
3307 4376 3528 4425 cessant
3553 4371 3750 4441 (Epist.
3804 4374 3925 4437 175,

2216 4473 2313 4512 nn.
2350 4461 2400 4524 1,
2439 4458 2515 4527 2).
2571 4457 2679 4522 Qui
2710 4474 2775 4511 eo
2829 4462 3089 4530 tempore
3140 4458 3344 4515 Sedem
3377 4458 3744 4529 apostolicam
3804 4474 3927 4512 non

2217 4544 2339 4599 sine
2369 4544 2644 4615 singulari
2692 4545 2792 4600 Dei
2822 4546 3182 4616 providentia
3205 4546 3502 4602 obtinebat
3530 4546 3925 4611 Innocentius,

2214 4633 2264 4687 is
2294 4636 2453 4687 tanta
2484 4632 2782 4704 diligentia
2816 4635 3080 4689 studebat
3102 4635 3271 4690 rebus
3302 4634 3583 4701 Ecclesiae,
3617 4638 3682 4689 ut
3713 4634 3761 4688 si
3790 4651 3927 4706 qum

2213 4736 2320 4791 pro
2368 4720 2467 4775 illa
2496 4726 2633 4777 tunc
2677 4722 3038 4793 suggerenda
3085 4727 3266 4789 erant,
3322 4723 3476 4793 apud
3506 4738 3639 4776 eum
3665 4726 3930 4777 tacerent

2214 4809 2463 4865 Africani
2488 4810 2781 4881 praesules,
2806 4811 2912 4865 hoc
2936 4810 3127 4882 potius
3147 4827 3213 4866 ex
3236 4811 3455 4866 incuria
3473 4810 3711 4877 veniret,
3744 4828 3929 4882 quam

2215 4915 2282 4952 ex
2306 4898 2502 4953 timori
2531 4901 2667 4968 ullo,
2715 4915 2787 4954 ne
2815 4900 2903 4955 vel
2932 4916 2999 4954 ea
3027 4900 3346 4972 negligeret
3370 4901 3514 4971 ipse,
3563 4901 3650 4955 vel
3681 4902 3928 4956 moleste

2215 4992 2561 5059 gravateque
2628 4989 2909 5059 acciperet
2962 4989 3161 5058 (Epist.
3217 4993 3336 5057 176,
3396 5005 3453 5044 η.
3514 4990 3587 5059 1).
3647 4989 3933 5055 Quocirca

2214 5077 2520 5147 provincias
2568 5078 2852 5132 Numidia:
2910 5079 3161 5149 synodus
3188 5078 3251 5132 in
3282 5078 3421 5132 urbe
3453 5077 3649 5133 Milevo
3686 5096 3931 5150 congre-

2212 5170 2363 5236 gato,
2398 5183 2530 5221 eum
2554 5184 2658 5238 per
2678 5167 2894 5222 litteras
2922 5169 3183 5239 exemplo
3209 5167 3671 5238 Carthaginensis
3692 5169 3928 5225 concilii
3966 5162 3971 5171 ’

2211 5259 2395 5325 rogat,
2431 5255 2700 5326 dignetur
2716 5256 2940 5326 magnis
2959 5256 3230 5327 periculis
3245 5256 3611 5310 inﬁrmorum
3633 5258 3931 5313 membro-

2209 5359 2340 5397 rum
2392 5344 2601 5398 Christi
2646 5344 2995 5415 pastoralem
3024 5361 3218 5400 curam
3250 5345 3551 5413 adhibere;
3596 5350 3769 5417 atque
3801 5364 3926 5415 eos,

2210 5447 2282 5485 ne
2302 5431 2536 5487 haeresis
2565 5448 2729 5487 nova:
2757 5448 2822 5487 ac
2840 5432 3082 5489 nimium
3103 5433 3463 5504 perniciosae,
3487 5450 3619 5505 quae
3641 5435 3928 5492 orationis

2208 5535 2244 5575 a
2266 5519 2602 5594 majoribus,
2634 5520 2921 5595 simulque
2946 5521 3223 5595 Baptismi
3258 5538 3292 5579 a
3319 5520 3576 5594 parvulis
3608 5525 3924 5581 necessita-
