4062 6346
183 272 288 325 485

179 396 298 447 tem
329 391 535 460 aufert,
560 391 777 464 laqueis
814 390 1200 463 implicentur,
1232 391 1509 446 instanter
1543 395 1600 447 et
1629 394 1888 450 celeriter

181 481 506 551 providere.

256 571 307 624 3.
351 569 674 624 Christiana
702 570 842 625 fides
872 570 930 624 in
959 568 1262 624 discrimen
1288 572 1404 623 tam
1438 572 1720 639 apertum,
1744 573 1888 623 tam-

178 673 296 728 que
320 659 709 730 propinquum
722 659 962 713 adducta
981 659 1099 712 visa
1112 663 1194 712 est
1211 658 1417 712 sanctis
1442 657 1552 712 illis
1579 658 1886 728 episcopis,

183 750 248 798 ut
280 763 343 800 ex
371 747 458 800 his
475 747 630 816 ipsis,
655 747 752 818 qui
775 748 843 801 de
863 747 1084 801 duobus
1098 747 1404 816 provincize
1427 746 1888 816 Carthaginensis

175 849 246 887 ac
295 835 578 888 Numidiae
617 835 868 888 conciliis
902 835 1118 888 litteras
1155 841 1354 889 contra
1395 835 1654 889 inimicos
1685 837 1886 905 gratim

179 922 391 977 Christi
426 924 746 993 (Epist.l77)
786 924 1060 978 miserant
1099 924 1170 978 ad
1216 924 1612 978 Innocentium
1651 940 1887 994 papam,

187 1011 448 1082 quinque
490 1011 839 1082 conjunctim
887 1028 990 1065 suo
1028 1012 1281 1074 nomine,
1326 1012 1588 1066 Aurelius
1609 1013 1887 1079 videlicet,

185 1098 448 1169 Alypius,
481 1099 850 1170 Augustinus,
874 1100 1136 1162 Evodius,
1169 1117 1233 1154 ac
1254 1100 1561 1166 Possidius,
1584 1099 1892 1154 familiares

186 1189 261 1244 ad
290 1187 558 1242 eumdem
601 1187 838 1254 litteras,
873 1188 970 1242 ubi
1001 1190 1071 1243 de
1097 1189 1219 1260 ipsa
1249 1205 1416 1244 causa
1447 1189 1738 1260 aliquanto
1773 1195 1890 1244 stu-

189 1275 407 1330 diosius
454 1281 740 1346 ageretur,
790 1277 1119 1348 scripserint
1163 1279 1363 1347 (Epist,
1428 1280 1546 1344 l86,
1591 1294 1646 1332 n.
1693 1280 1765 1345 2).
1818 1279 1892 1332 Ex

187 1365 347 1419 hisce
369 1365 570 1419 litteris
600 1365 1010 1435 intelligimus;
1043 1366 1339 1436 epistolam
1372 1367 1440 1421 ab
1470 1367 1790 1438 Augustino
1820 1367 1892 1421 ad

186 1454 506 1525 Pelagium,
544 1470 656 1525 qua
685 1454 756 1508 ad
802 1454 1150 1508 defensionis
1181 1454 1361 1526 ipsius
1392 1471 1493 1508 seu
1533 1455 1892 1526 purgationis

186 1542 248 1595 in
282 1543 667 1613 Diospolitana
697 1543 913 1613 synodo
945 1544 1262 1598 chartulam
1293 1545 1690 1613 respondebat,
1720 1544 1892 1599 fuisse

186 1631 498 1701 scriptam:
545 1631 689 1684 hanc
733 1631 888 1686 enim
919 1632 986 1686 ad
1019 1633 1420 1687 Innocentium
1469 1634 1746 1704 dirigunt,
1797 1650 1894 1704 pe-

186 1724 374 1774 tentes
421 1723 483 1774 ut
513 1735 638 1773 eam
669 1720 858 1774 mittat
892 1720 1008 1791 ipse
1039 1721 1288 1792 Pelagio,
1323 1738 1494 1792 quem
1528 1722 1706 1792 ipsius
1730 1723 1894 1777 indu-

185 1811 345 1861 ctum
361 1809 690 1862 auctoritate
714 1809 1000 1863 lubentius
1022 1826 1147 1863 eam
1169 1811 1450 1865 lecturum
1470 1816 1670 1882 putant
1692 1812 1888 1881 (Epist.

191 1901 318 1963 l77,
347 1913 401 1950 η.
440 1898 548 1965 15).
589 1897 674 1952 Ad
705 1897 900 1952 omnia
927 1899 1288 1953 Innocentius
1309 1900 1586 1970 episcopis
1619 1900 1893 1954 Africanis

188 1986 485 2056 rescripsit
523 1987 803 2052 comodo,
837 2003 952 2058 quo
984 1987 1065 2041 fas
1095 1993 1217 2041 erat
1239 1992 1408 2058 atque
1438 1988 1735 2058 oportebat
1763 2006 1895 2059 apo-

187 2075 408 2128 stolica:
438 2074 598 2128 Sedis
630 2074 940 2128 antistitem
971 2075 1179 2145 (Epist.
1226 2079 1342 2142 l86,
1372 2093 1425 2130 η.
1459 2079 1538 2146 2).

263 2165 320 2218 4.
363 2165 493 2217 Post
533 2163 733 2217 missas
773 2180 806 2216 a
852 2163 1076 2218 duobus
1128 2181 1301 2236 supra
1359 2165 1600 2220 laudatis
1641 2165 1894 2219 conciliis

187 2251 464 2322 epistolas
501 2252 567 2306 ad
605 2252 1020 2316 Innocentium,
1054 2269 1116 2306 ac
1149 2253 1305 2324 prius
1332 2253 1471 2307 forte
1499 2269 1673 2324 quam
1703 2253 1892 2307 eidem

189 2341 551 2412 scripsissent
592 2340 846 2412 quinque
895 2341 1166 2412 episcopi,
1219 2341 1457 2412 contigit
1498 2345 1556 2396 ut
1608 2341 1894 2396 Palladius

188 2430 433 2502 quidam
485 2445 640 2484 mare
687 2431 1042 2500 trajecturus,
1107 2431 1176 2485 ab
1231 2431 1551 2500 Augustino
1596 2446 1891 2485 commen-

191 2517 422 2573 datitias
461 2517 676 2572 litteras
725 2519 794 2572 ad
854 2518 1130 2572 Hilarium
1178 2518 1529 2590 episcopum,
1575 2518 1718 2574 forte
1756 2522 1892 2574 Nar-

188 2607 528 2673 bonensem,
589 2611 809 2678 peteret
864 2607 1061 2677 (Epist.
1129 2611 1246 2675 l78,
1307 2624 1371 2663 η.
1426 2610 1514 2677 1);
1579 2609 1684 2662 hac
1740 2625 1895 2663 occa-

189 2695 352 2750 sione
386 2695 638 2766 gaudens
658 2712 794 2750 usus
814 2700 900 2750 est
920 2696 1292 2766 Augustinus,
1317 2701 1381 2750 ut
1406 2697 1540 2750 huic
1569 2697 1806 2751 antistiti
1829 2714 1895 2751 ea

189 2789 329 2838 nota
354 2784 581 2852 faceret,
615 2801 744 2854 quae
765 2800 962 2838 recens
987 2784 1046 2837 in
1074 2784 1261 2837 Africa
1291 2785 1518 2838 decreta
1548 2783 1776 2838 fuerant
1805 2784 1895 2837 ad-

189 2889 387 2927 versus
404 2873 668 2928 haeresim
698 2872 1081 2943 Pelagianam.
1118 2873 1295 2942 Hujus
1325 2889 1483 2926 novre
1505 2878 1638 2926 tunc
1661 2872 1894 2926 haeresis

189 2961 484 3032 praecipua
513 2961 694 3031 capita
726 2960 918 3031 paucis
949 2960 1056 3030 ipsi
1087 2959 1272 3014 verbis
1301 2960 1521 3030 aperit:
1557 2964 1617 3014 ut
1636 2976 1769 3014 cura
1807 2977 1896 3031 pa-

190 3051 388 3104 storali
411 3055 602 3104 caveat
623 3050 904 3116 homines,
929 3048 1025 3119 qui
1049 3049 1314 3118 pestifera
1335 3048 1430 3102 illa
1452 3048 1744 3120 impietate
1765 3065 1896 3102 con-

191 3139 483 3194 tradicunt
533 3138 886 3194 orationibus
925 3137 1136 3192 nostris
1187 3137 1370 3206 (Ibid,
1402 3153 1456 3191 η.
1494 3139 1572 3204 3),
1617 3138 1754 3192 dum
1800 3154 1892 3192 as-

193 3235 394 3284 serunt
416 3229 710 3282 hominem
732 3243 897 3298 posse
923 3226 1037 3280 suis
1057 3225 1270 3281 viribus
1283 3226 1353 3280 ad
1377 3230 1592 3280 tantam
1606 3225 1894 3297 justitiam

194 3317 518 3389 pervenire,
565 3321 630 3370 ut
665 3332 851 3387 neque
896 3317 1000 3370 hoc
1047 3315 1130 3369 illi
1169 3315 1242 3369 sit
1271 3315 1457 3370 dicere
1488 3315 1892 3381 necessarium,

197 3410 418 3462 Dimitte
449 3407 600 3460 nobis
627 3405 808 3459 debita
837 3409 1059 3470 nostra;
1095 3408 1151 3458 et
1175 3403 1336 3472 illud,
1368 3406 1447 3460 Ne
1477 3419 1570 3458 nos
1601 3405 1812 3470 inferas
1839 3405 1896 3456 in

195 3498 541 3550 tentationem
595 3493 808 3563 (Matth.
868 3510 941 3559 v1,
1002 3496 1086 3558 l2,
1150 3492 1256 3560 13),
1303 3492 1381 3546 sic
1423 3491 1727 3562 accipiunt,
1769 3496 1895 3545 tan-

192 3599 369 3652 quam
399 3582 647 3636 orandus
667 3581 739 3635 sit
768 3583 934 3648 Deus,
969 3597 1041 3635 ne
1067 3581 1353 3652 quispiam
1383 3579 1606 3634 irruens
1635 3595 1897 3650 corpora-

185 3672 322 3725 liter
363 3688 464 3725 nos
502 3671 786 3724 humanus
814 3686 973 3724 casus
1003 3669 1238 3739 aflligat,
1271 3685 1386 3722 non
1417 3685 1530 3739 quo
1563 3685 1664 3722 nos
1695 3668 1766 3721 ad
1799 3684 1894 3720 su-

192 3761 474 3832 perandas
517 3765 877 3830 peccatorum
917 3757 1259 3812 tentationes
1297 3758 1564 3827 adjuvet;
1617 3755 1893 3826 quoniam

192 3867 292 3904 eas
329 3849 553 3903 vincere
604 3849 683 3901 ita
728 3847 797 3900 sit
851 3847 912 3900 in
950 3851 1143 3900 nostra
1177 3849 1478 3916 potestate,
1519 3843 1897 3915 possibilitate

191 3943 417 3996 natura;
444 3941 505 3990 ut
525 3937 629 3989 hoc
650 3935 899 3988 inaniter
920 3933 1345 4004 impetrandum
1379 3931 1734 3986 orationibus
1753 3930 1898 3985 arbi-

185 4033 412 4082 tremur
444 4027 772 4093 (Sermonum
795 4024 1106 4089 Fragm.,n.
1135 4025 1165 4074 3
1193 4023 1364 4089 primi
1382 4023 1634 4088 fragm).

269 4118 321 4167 5.
359 4113 596 4167 Litteras
623 4111 690 4164 ad
721 4111 998 4164 Joannem
1033 4109 1515 4179 Jerosolymorum
1541 4107 1892 4178 episcopum,

191 4205 297 4278 qui
317 4217 465 4258 anno
487 4199 777 4271 superiore
798 4203 1142 4253 conventum
1163 4213 1291 4251 cum
1314 4197 1659 4268 presbyteris
1677 4197 1898 4268 aliquot

195 4296 258 4349 in
288 4309 456 4347 causa
486 4289 699 4361 Pelagii
742 4287 962 4353 habuit,
1010 4287 1246 4341 dederat
1291 4285 1661 4356 Augustinus,
1695 4301 1798 4339 nec
1826 4286 1896 4339 ab

196 4384 298 4438 illo
327 4380 600 4450 rescripta
620 4379 738 4433 ulla
765 4380 1118 4447 sumpserat:
1149 4374 1207 4428 id
1226 4379 1418 4428 tamen
1431 4379 1657 4427 sanctus
1685 4373 1897 4426 Prmsul

195 4473 350 4527 haud
376 4471 433 4524 in
467 4470 672 4524 malam
700 4472 919 4540 partem
941 4465 1244 4535 accipiens,
1263 4463 1465 4518 iterato
1486 4464 1555 4517 ad
1583 4463 1745 4517 illum
1767 4461 1898 4514 scri-

194 4562 330 4633 psit.
357 4562 497 4615 Nam
520 4558 654 4630 quia
668 4556 957 4612 auditione
988 4557 1297 4624 acceperat.
1332 4551 1629 4622 Pelagium
1652 4551 1897 4604 multum

197 4648 362 4720 diligi
401 4665 432 4702 a
457 4649 693 4713 Joanne,
720 4647 872 4700 hunc
901 4646 1095 4696 monet
1123 4658 1248 4696 eam
1270 4641 1352 4694 illi
1381 4640 1757 4694 exhibendam
1779 4655 1897 4692 esse

195 4739 269 4793 ab
301 4739 424 4808 ipso
455 4736 841 4800 dilectionem,
873 4738 938 4786 ut
965 4732 1086 4802 ipse
1116 4729 1235 4784 falli
1264 4729 1541 4799 aPelagio
1573 4745 1687 4782 non
1711 4727 1898 4782 existi-

197 4834 410 4884 metur.
445 4825 715 4880 Haeresim
747 4839 881 4893 ergo
908 4820 1125 4891 Pelagii
1164 4819 1371 4889 retegit
1398 4822 1718 4871 contentam
1753 4817 1897 4870 libro

194 4935 301 4990 per
327 4931 459 4971 eum
486 4915 555 4968 ad
574 4912 923 4968 extollendas
952 4915 1171 4965 natura:
1193 4908 1339 4962 vires
1359 4905 1692 4976 composito,
1724 4920 1897 4974 quem

194 5005 280 5060 illi
311 5003 665 5068 transmittit,
698 5019 810 5055 una
834 5017 963 5055 cum
981 4999 1256 5071 opusculo
1289 4999 1356 5052 de
1389 4998 1599 5051 Natura
1625 4999 1681 5048 et
1710 4994 1898 5048 Gratia

198 5113 232 5150 a
261 5111 321 5148 se
345 5097 542 5147 contra
565 5091 739 5144 istum
761 5089 968 5142 librum
999 5089 1289 5143 elaborato
1315 5104 1327 5141 :
1352 5086 1604 5157 petitque
1627 5083 1896 5147 vicissim,

195 5189 264 5240 ut
292 5185 402 5239 sibi
461 5183 650 5238 mittat
692 5182 855 5234 Gesta
888 5177 1267 5232 ecclesiastica
1308 5175 1627 5230 Palaestinae
1675 5173 1894 5244 synodi,

198 5275 407 5347 quibus
422 5271 687 5342 Pelagius
711 5267 1047 5340 perhibetur
1072 5282 1192 5320 esse
1223 5269 1497 5336 purgatus
1529 5263 1726 5333 (Epist.
1756 5265 1896 5332 l79).

271 5368 322 5417 6.
360 5365 472 5417 Hoc
489 5362 659 5416 etiam
683 5373 852 5423 anno,
875 5373 1060 5426 neque
1082 5356 1261 5409 multo
1282 5359 1408 5425 post
1423 5352 1608 5408 Orosii
1628 5351 1898 5420 reditum,

196 5450 550 5523 Augustinus
586 5445 1015 5519 responsionem
1058 5444 1129 5498 ad
1175 5441 1430 5512 geminas
1473 5445 1731 5496 ternasve
1778 5440 1897 5510 epi-

197 5542 373 5597 stolas
421 5538 627 5592 Oceani
671 5535 868 5600 dedit;
903 5549 1078 5606 quem
1115 5532 1400 5588 celebrem
1441 5531 1690 5587 amicum
1727 5527 1894 5584 illum

1639 271 1850 328 LIBER
1889 271 2255 329 SEPTIMUS.

3593 282 3696 336 486

2003 394 2333 465 Hieronymi
2360 393 2530 448 fuisse
2546 394 2738 464 (Apud
2751 395 3142 465 Augustinum,
3166 400 3345 467 Epist.
3384 400 3502 462 165,
3532 416 3586 454 η.
3619 401 3694 471 3),

1998 484 2211 555 quippe
2242 483 2341 555 qui
2363 485 2483 554 ejus
2515 501 2627 538 non
2653 485 2821 539 modo
2849 484 3175 538 evolvendis
3215 485 3439 556 scriptis
3461 505 3694 558 operam

1999 573 2176 638 daret,
2210 572 2308 626 sed
2360 573 2674 626 doctrinam
2704 590 2772 627 ex
2799 589 2895 627 ore
2943 590 3171 644 quoque
3213 575 3496 644 loquentis
3545 577 3693 630 exci-

1995 665 2154 732 peret
2191 663 2398 732 (Epist.
2460 665 2580 729 l80,
2629 679 2681 715 n.
2723 664 2802 730 2),
2849 662 3296 732 haudquaquam
3327 663 3690 734 ambigimus.

1998 751 2061 802 In
2091 748 2207 802 suis
2229 750 2321 802 ille
2344 749 2598 818 epistolis
2628 749 2696 802 de
2723 750 2942 820 origine
2975 751 3182 804 animae
3213 751 3466 820 primum
3496 770 3693 822 agens,

1995 837 2354 907 proponebat
2403 853 2467 890 ex
2502 837 2830 908 Hieronymi
2867 839 3168 904 sententia,
3218 841 3506 910 quomodo
3552 844 3696 894 Deus

1998 925 2332 979 adulterinis
2377 926 2548 980 etiam
2583 927 3111 997 conceptibusjuste
3143 928 3360 982 animas
3396 929 3696 998 largiatur.

2001 1015 2208 1068 Verum
2238 1031 2350 1068 non
2380 1014 2588 1068 hancce
2619 1015 3012 1085 quaestionem,
3047 1016 3144 1069 sed
3166 1016 3320 1069 illam
3350 1017 3542 1086 potius
3573 1033 3697 1071 mo-

1998 1103 2199 1157 lestam
2230 1120 2349 1156 esse
2397 1104 2703 1174 respondet
2730 1104 3106 1174 Augustinus,
3136 1121 3251 1174 qua
3297 1105 3610 1176 qumritur:
3645 1106 3702 1161 Si

2001 1207 2159 1245 novae
2207 1208 2274 1245 ex
2321 1191 2500 1245 nihilo
2549 1192 2757 1246 animae
2789 1193 3028 1262 singula:
3058 1193 3298 1262 singulis
3329 1195 3697 1249 nascentibus

2000 1280 2163 1345 ﬁunt,
2213 1281 2501 1346 quomodo
2543 1281 2694 1350 juste
2740 1280 2801 1334 in
2840 1281 3270 1335 damnationem
3301 1281 3527 1348 dantur,
3568 1297 3697 1352 quas

2001 1367 2122 1422 sine
2172 1369 2460 1438 Baptismo
2500 1369 2569 1423 de
2599 1369 2937 1439 corporibus
2964 1372 3218 1424 exeunt?
3256 1371 3450 1440 Neque
3492 1371 3699 1440 probat

2001 1461 2222 1509 sanctus
2272 1458 2493 1525 Doctor,
2547 1457 2831 1512 solvendae.
2872 1457 3000 1512 alias
3048 1458 3117 1512 de
3159 1458 3409 1513 ofﬁcioso
3455 1458 3701 1528 utilique

2001 1544 2296 1598 mendacio
2335 1545 2657 1616 quaestioni,
2710 1546 2966 1600 adhiberi
3005 1547 3075 1600 ab
3111 1548 3331 1602 Oceano
3371 1548 3700 1617 exemplum
3751 1539 3753 1541 ’

2003 1632 2247 1699 Domini,
2295 1633 2363 1688 de
2415 1634 2504 1688 die
2562 1639 2616 1688 et
2673 1635 2817 1689 hora
2864 1635 3104 1690 finiendi
3136 1635 3329 1689 saeculi
3358 1651 3460 1688 nec
3491 1636 3700 1689 Filium

2001 1720 2144 1774 scire
2175 1721 2434 1777 dicentis.
2493 1723 2634 1776 Nam
2673 1722 2958 1776 existimat
3001 1723 3278 1792 tropicam
3329 1723 3697 1790 locutionem,

2001 1810 2186 1880 qualis
2201 1810 2306 1862 ista
2317 1811 2443 1872 fuit,
2461 1812 2617 1864 nullo
2640 1811 2808 1864 modo
2830 1817 2978 1864 recte
2999 1811 3110 1863 dici
3135 1826 3296 1879 posse
3314 1810 3698 1864 mendacium.

2002 1899 2149 1952 Petit
2182 1900 2450 1969 denique,
2484 1904 2546 1953 ut
2571 1915 2781 1953 novum
2811 1900 3116 1969 quemdam
3141 1899 3467 1970 Hieronymi
3489 1899 3698 1954 librum

2001 1987 2069 2042 de
2099 1987 2509 2041 resurrectione
2541 1987 2725 2041 carnis
2757 1988 2980 2041 mittere
3007 1988 3113 2041 sibi
3135 2003 3253 2042 non
3279 1987 3523 2042 dilferat.

2071 2080 2123 2130 7.
2161 2076 2435 2130 Baronius
2457 2080 2512 2130 et
2542 2091 2675 2129 eum
2706 2075 2882 2130 secuti
2914 2076 3214 2146 scriptores
3244 2076 3529 2143 nonnulli,
3562 2092 3703 2130 con-

2001 2164 2144 2218 ciliis
2192 2165 2346 2234 apud
2395 2163 2798 2234 Carthaginem
2826 2180 2890 2218 ac
2928 2163 3198 2219 Milevum
3236 2181 3387 2219 anno
3433 2164 3704 2234 praesenti

2002 2253 2298 2308 celebratis
2328 2254 2592 2308 tribuunt
2613 2253 2687 2316 id,
2713 2254 2866 2324 quod
2889 2253 3239 2324 Augustinus
3261 2270 3410 2307 anno
3431 2253 3704 2324 quadrin-

2003 2341 2321 2411 gentesimo
2365 2341 2636 2411 vigesimo
2685 2346 2840 2394 sexto
2871 2341 3103 2395 tradidit
3139 2341 3348 2410 (Epist.
3387 2343 3511 2408 2l3,
3543 2357 3596 2395 n.
3632 2343 3704 2410 5),

2002 2430 2419 2500 Scripturarum
2462 2429 2673 2484 scilicet
2719 2429 3179 2483 meditandarum
3211 2447 3305 2483 seu
3341 2429 3706 2500 exponenda-

2002 2535 2132 2574 rum
2179 2534 2374 2572 curam
2425 2519 2533 2573 sibi
2581 2536 2613 2572 a
2657 2518 2927 2573 fratribus
2975 2523 3031 2572 et
3069 2519 3323 2589 patribus
3365 2518 3479 2572 suis
3517 2517 3708 2589 coepi-

2003 2606 2188 2678 scopis
2209 2606 2268 2660 in
2295 2606 2520 2660 duobus
2559 2606 2815 2662 conciliis
2831 2606 3110 2660 Numidia?
3134 2611 3192 2660 et
3209 2606 3564 2677 Carthaginis
3577 2610 3707 2660 ante

2002 2711 2215 2764 paucos
2255 2711 2431 2748 annos
2485 2694 2812 2765 impositam
2855 2695 3026 2750 fuisse
3056 2698 3362 2765 (Baronius,
3405 2697 3479 2750 ad
3506 2711 3708 2751 annum

2002 2784 2146 2852 416).
2199 2784 2604 2836 Verumtamen
2638 2783 2762 2853 jam
2804 2783 2936 2836 inde
2968 2783 3037 2837 ab
3083 2788 3328 2838 exeunte
3376 2800 3527 2837 anno
3571 2799 3706 2854 qua-

2003 2869 2450 2940 dringentesimo
2483 2869 2702 2924 decimo
2735 2870 2903 2924 tertio
2936 2870 2991 2924 id
3024 2871 3129 2923 sibi
3155 2871 3513 2940 propositum
3540 2875 3710 2925 testa-

2001 2958 2188 3025 batur,
2225 2957 2504 3028 quidquid
2536 2957 2810 3026 temporis
2855 2973 2890 3011 a
2918 2958 3248 3011 necessariis
3283 2958 3543 3012 Ecclesiae
3587 2975 3704 3012 suae

2004 3046 2205 3100 ofﬁciis
2236 3047 2477 3100 liberum
2514 3046 2813 3099 habiturus
2859 3049 3027 3112 esset,
3073 3046 3181 3099 hoc
3223 3051 3407 3100 totum
3441 3046 3706 3100 ecclesia-

2005 3133 2159 3187 sticas
2189 3133 2461 3188 doctrinae
2514 3133 2738 3199 studiis,
2791 3137 2856 3186 ut
2891 3133 2960 3186 ad
3006 3137 3265 3202 posteros
3306 3149 3534 3205 quoque
3566 3133 3708 3188 utile

2005 3222 2222 3293 aliquid
2269 3221 2679 3276 transmitteret
2710 3223 2904 3290 (Epist.
2942 3225 3061 3284 151,
3096 3238 3150 3275 n.
3199 3223 3301 3289 l3),
3352 3221 3706 3291 impendere.

2007 3312 2140 3365 Post
2170 3316 2488 3380 susceptam
2518 3328 2551 3364 a
2581 3310 2812 3380 synodis
2838 3310 3048 3364 hancce
3081 3309 3450 3380 provinciam,
3484 3316 3711 3364 sanctus

2006 3399 2276 3468 Antistes,
2309 3405 2370 3454 ut
2393 3400 2446 3453 ei
2475 3399 2841 3465 satisfaceret,
2881 3399 3001 3453 dies
3030 3399 3285 3470 quinque
3313 3415 3542 3467 vacuos,
3572 3403 3714 3468 puta

2008 3505 2112 3560 per
2169 3489 2556 3543 hebdomadas
2601 3488 2876 3558 singulas,
2918 3505 2950 3541 a
2989 3488 3202 3558 populo
3247 3503 3350 3541 suo
3385 3487 3714 3558 impetravit

2009 3577 2205 3644 (Epist.
2245 3579 2370 3642 2l3,
2414 3591 2470 3630 η.
2513 3576 2586 3645 5).
2640 3577 2751 3629 Hac
2788 3576 2856 3629 de
2910 3593 2969 3628 re
3001 3576 3255 3629 confecto
3308 3577 3712 3648 instrumento,

2007 3665 2336 3719 acclamavit
2364 3665 2630 3733 populus,
2681 3667 2736 3717 et
2782 3663 3196 3732 aliquantisper
3232 3663 3406 3717 ﬁdem
3437 3664 3701 3719 servavit.

2007 3756 2082 3807 At
2109 3769 2226 3806 non
2262 3752 2442 3804 multo
2471 3755 2598 3820 post
2627 3767 2849 3813 eorum,
2883 3751 3128 3820 quicum
3161 3750 3437 3821 Episcopo
3464 3757 3708 3806 tractare

2009 3842 2080 3895 de
2113 3839 2227 3892 suis
2284 3837 2779 3906 rebus'cuperent,
2810 3837 3144 3907 improbitas
3182 3843 3411 3906 pactum
3456 3837 3706 3908 infregit,

2009 3942 2258 3998 eumque
2289 3925 2359 3980 ab
2389 3925 2504 3979 otio
2535 3941 2637 3979 suo
2667 3925 2939 3979 violenter
2976 3925 3227 3978 abduxit.
3263 3926 3386 3979 Non
3417 3927 3712 3996 permitte-

2008 4018 2178 4072 batur
2201 4032 2302 4070 nec
2332 4019 2464 4068 ante
2488 4013 2810 4080 meriidem,
2837 4031 3020 4085 neque
3043 4019 3190 4084 post,
3219 4014 3663 4084 interquiescere
3693 4031 3706 4068 :

2008 4107 2107 4161 sed
2138 4110 2199 4160 ut
2253 4105 2451 4159 alienis
2480 4103 2723 4174 negotiis
2755 4119 2989 4173 operam
3041 4104 3221 4170 daret,
3255 4121 3324 4158 ea
3351 4104 3422 4157 ob
3453 4121 3582 4175 quae
3611 4120 3707 4158 va-

2007 4213 2136 4251 care
2161 4196 2403 4260 volebat,
2439 4195 2699 4248 deserere
2729 4199 2901 4264 atque
2931 4192 3176 4262 abjicere
3203 4193 3530 4263 cogebatur.
3560 4193 3712 4247 Inter

2008 4287 2182 4357 hujus
2211 4284 2313 4338 otii
2352 4284 2569 4338 fructus
2600 4299 2718 4336 non
2747 4287 3035 4353 postremo
3068 4282 3186 4336 loco
3218 4282 3590 4336 numeranda;
3632 4282 3710 4335 vi-

2007 4377 2217 4431 dentur
2245 4372 2633 4444 expositiones
2675 4373 2736 4426 in
2784 4373 3100 4426 Joannem:
3163 4387 3304 4441 quas
3346 4371 3578 4441 quidem
3609 4371 3712 4425 etsi

2009 4465 2155 4518 forte
2185 4463 2477 4533 aliquanto
2507 4465 2638 4516 ante
2678 4461 2785 4515 hoc
2812 4466 3038 4531 tempus
3063 4476 3366 4530 aggressus
3391 4466 3476 4514 est
3515 4463 3708 4530 Augu-

2010 4553 2218 4620 stinus,
2247 4569 2364 4606 non
2388 4551 2628 4604 absolvit
2657 4554 2870 4614 tamen,
2895 4549 3004 4603 nisi
3027 4550 3417 4621 postcorporis
3437 4549 3713 4620 Stephani

2009 4643 2297 4714 martyris,
2333 4658 2460 4712 quae
2491 4657 2640 4694 anno
2668 4638 3237 4710 quadringentesimo
3260 4640 3480 4693 decimo
3509 4639 3711 4709 quinto

2010 4749 2188 4802 prope
2220 4732 2411 4799 elapso
2461 4729 2719 4798 contigit,
2761 4727 3165 4781 revelationem
3197 4728 3320 4797 jam
3351 4728 3563 4799 ubique
3594 4728 3712 4782 fere

2012 4820 2266 4890 gentium
2301 4817 2588 4886 cognitam
2620 4821 2675 4869 et
2702 4817 3114 4886 pervulgatam.
3166 4817 3283 4870 Huc
3315 4816 3466 4870 enim
3496 4821 3713 4887 spectat
3750 4821 3752 4823 ’

2012 4908 2155 4961 illud
2182 4906 2241 4960 in
2273 4907 2533 4959 Tractatu
2565 4904 2873 4958 centesimo
2906 4904 3212 4974 vigesimo:
3244 4905 3395 4970 Quod
3422 4910 3580 4973 certe,
3611 4904 3710 4970 ait,

2011 4995 2168 5049 modo
2211 4998 2266 5048 in
2317 4995 2637 5048 reuelatione
2680 4996 2918 5061 corporis
2957 4993 3258 5046 beatissimi
3302 4994 3565 5062 Stephani
3601 4995 3716 5058 fere

2011 5085 2255 5139 omnibus
2301 5083 2546 5149 gentibus
2590 5081 2904 5135 declaratur
2949 5083 3028 5152 (In
3075 5083 3313 5137 Joannis
3357 5080 3711 5148 Evangetium

2015 5177 2174 5228 tract.
2213 5174 2330 5240 l20,
2354 5187 2405 5225 η.
2436 5173 2508 5240 li),

2690 5260 2914 5315 CAPUT
2951 5261 3037 5313 ΧΙ.

2017 5354 2038 5404 1
2084 5351 2387 5417 Augustini
2428 5349 2667 5417 impulsu
2713 5350 2996 5402 historiam
3033 5362 3188 5400 suam
3228 5344 3416 5400 scribit
3468 5345 3707 5401 Orosius.

2081 5439 2116 5490 ‘2.
2153 5438 2491 5492 Innocentius
2502 5452 2651 5506 papa
2663 5435 2737 5490 ad
2756 5436 3050 5501 Africanos
3081 5433 3394 5497 rescribens,
3428 5431 3710 5498 Pelagium

2086 5530 2136 5580 ct
2181 5527 2498 5591 Caelestium,
2541 5525 2803 5580 damnata
2844 5525 3127 5589 utriusque
3165 5520 3432 5586 doctrina,
3484 5522 3710 5576 anathe-
