4062 6358
387 270 487 323 487

459 398 601 448 male
631 392 875 446 mulctat.
909 393 940 444 3
997 393 1070 444 De
1109 389 1280 445 Gestis
1318 389 1619 442 Palaestinae
1662 387 1858 456 synodi
1895 387 2093 441 librum

461 485 519 536 in
538 482 730 548 vulgus
765 480 877 534 edit
910 479 1270 547 Augustinus.
1305 481 1334 530 4
1379 478 1652 543 Boni/acii
1692 478 1899 531 comitis
1951 491 2092 545 prae-

463 573 622 625 clara:
651 570 797 624 dotes
829 573 990 636 atque
1017 569 1091 621 ad
1117 582 1172 620 se
1200 569 1297 620 uni
1320 569 1444 636 Deo,
1474 567 1632 620 rebus
1662 565 1905 620 omnibus
1937 565 2094 618 abdi-

469 663 625 727 catis,
667 657 1086 726 mancipandum
1124 671 1419 724 propensus
1459 657 1692 710 animus.
1746 658 1776 708 5
1826 653 1985 710 Liber
2023 653 2096 707 ad

470 750 652 816 ipsum
683 747 748 800 de
790 747 1117 802 Correctione
1158 747 1568 798 Donatistarum
1604 746 1840 813 scriptus
1880 742 1948 795 ab
1978 743 2094 795 Au-

467 839 754 904 gustino.6
778 835 939 889 Liber
962 834 1200 903 ejusdem
1231 835 1305 888 ad
1335 835 1654 889 Dardanum
1704 833 1769 886 de
1804 834 2097 887 Praesentia

468 928 583 980 Dei.
624 930 654 978 7
682 923 984 992 Epistolam
1011 922 1085 976 ad
1110 924 1400 977 Paulinum
1422 924 1765 991 Augustinus
1781 937 1874 976 suo
1890 922 1946 976 'et
1963 921 2098 990 Aly-

462 1017 550 1084 pii
573 1013 780 1067 nomine
804 1010 996 1064 scribit
1035 1015 1221 1063 contra
1259 1012 1596 1078 Pelagianos.

470 1107 518 1158 1.
558 1103 721 1155 Anno
747 1103 875 1167 post
906 1098 1540 1170 quadringentesimum
1566 1099 1652 1153 vel
1686 1101 1842 1151 sexto
1873 1095 2094 1150 decimo

391 1192 552 1261 juxta
591 1186 899 1244 Marcellini
939 1187 1268 1256 chronicon,
1315 1188 1404 1242 vel
1451 1187 1694 1257 septimo
1741 1185 1962 1240 decimo
2003 1201 2096 1238 se-

395 1278 646 1333 cundum
677 1275 984 1329 nonnullos
1013 1275 1172 1341 alios,
1205 1275 1434 1329 Orosius
1460 1274 1765 1329 Historiam
1791 1289 1952 1328 suam
1983 1275 2097 1327 elu-

395 1367 670 1423 cubravit.
707 1365 855 1419 Fieri
905 1364 1058 1418 enim
1090 1367 1297 1435 potuit,
1329 1370 1394 1420 ut
1437 1381 1562 1419 eam
1594 1381 1744 1419 anno
1780 1363 1877 1418 illo
1907 1364 2096 1434 priore

392 1457 691 1527 inciperet,
712 1470 815 1508 nec
834 1458 1028 1508 tamen
1049 1457 1178 1508 ante
1192 1453 1567 1524 posteriorem
1584 1454 1736 1507 hunc
1757 1453 2092 1508 absolveret.

397 1547 539 1600 Eum
561 1547 710 1597 certe
741 1546 963 1596 constat
991 1541 1149 1596 illam
1177 1558 1294 1596 non
1325 1541 1634 1613 scripsisse,
1657 1541 1766 1595 nisi
1795 1545 2097 1612 postquam

392 1650 450 1687 se
481 1631 813 1687 contulisset
867 1629 1216 1696 Bethlehem,
1259 1630 1454 1700 ibique
1486 1629 1815 1700 Hieronymi
1854 1645 2094 1699 conspe-

392 1726 485 1776 ctu
527 1721 742 1792 potitus
781 1723 932 1773 esset
971 1719 1231 1790 (Orosius,
1272 1721 1522 1774 Historiae
1562 1719 1698 1772 libro
1727 1723 1781 1784 7,
1826 1733 1948 1787 cap.
1979 1719 2094 1788 43).

395 1813 638 1866 Innuere
667 1808 916 1875 videtur,
956 1807 1104 1861 hanc
1139 1824 1172 1861 a
1219 1824 1276 1862 se
1308 1807 1366 1861 in
1396 1807 1583 1861 Africa
1628 1806 1799 1860 fuisse
1829 1805 2096 1875 scriptam

393 1900 578 1970 (Ibid.,
629 1899 764 1952 libro
822 1901 874 1964 5,
920 1913 1041 1966 cap.
1091 1897 1162 1966 2):
1216 1897 1371 1966 quod
1411 1895 1646 1968 quidem
1681 1894 1896 1948 credita
1943 1893 2096 1947 haud

393 1987 699 2042 admodum
731 1985 961 2042 difﬁcile
993 1985 1065 2039 sit
1095 2002 1109 2052 ;
1143 1986 1359 2056 quippe
1397 2001 1528 2039 cum
1558 1983 1965 2055 Augustinum,
1998 1981 2096 2052 qui

392 2077 445 2130 ei
485 2075 675 2147 operis
703 2075 876 2145 hujus
898 2073 1244 2144 suscipiendi
1267 2078 1461 2128 auctor
1489 2073 1617 2140 fuit,
1639 2073 1703 2136 lin
1733 2070 2013 2143 principio
2040 2074 2097 2124 et

391 2164 450 2218 in
482 2163 596 2218 ﬁne
610 2162 932 2233 compellet.
960 2160 1260 2215 Enimvero
1292 2176 1423 2214 cum
1449 2158 1661 2230 Pagani
1686 2175 1872 2230 neque
1899 2159 2093 2211 futura

391 2253 754 2316 meditantes,
791 2266 978 2320 neque
1008 2250 1322 2304 recolentes
1354 2249 1664 2320 printer-ita,
1699 2264 1767 2302 ex
1806 2246 1969 2302 Urbis
1999 2263 2094 2299 ex-

390 2341 769 2412 pugnatione,
790 2355 895 2393 nec
908 2355 1023 2392 non
1039 2339 1162 2392 aliis
1183 2338 1516 2392 Romanilm
1524 2337 1666 2407 perii
1682 2335 2096 2390 calamitatibus

391 2445 590 2484 ansam
660 2428 982 2497 arriperent
1034 2426 1492 2497 blasphemandi,
1543 2426 1954 2479 contendentes
2004 2440 2096 2478 eas

391 2517 651 2571 conferre
671 2517 732 2570 in
748 2514 1084 2586 religionem
1114 2514 1500 2579 christianam,
1527 2513 1782 2567 exstincti
1807 2512 2096 2566 idolorum

392 2607 576 2660 cultus
601 2605 865 2658 effectum
895 2620 1016 2658 esse
1044 2605 1196 2658 hunc
1219 2603 1576 2673 jactitantes:
1606 2606 1960 2672 praeceptum
1987 2602 2096 2656 sibi

392 2695 463 2749 ab
488 2693 810 2765 Augustino
842 2692 999 2760 dicit,
1047 2698 1112 2748 ut
1161 2709 1191 2746 θ
1222 2691 1591 2763 scriptoribus
1622 2691 1890 2745 omnibus
1931 2690 2094 2744 fune-

393 2783 672 2838 stissimos
702 2798 961 2854 quosque
990 2781 1062 2836 ab
1092 2781 1394 2836 hominum
1429 2779 1711 2834 memoria
1741 2783 1972 2833 eventus
2003 2795 2096 2832 ex-

391 2876 665 2945 cerperet,
716 2872 883 2933 bella,
939 2874 1144 2942 pestes,
1204 2886 1449 2924 annonae
1495 2869 1779 2934 caritates,
1811 2873 2095 2923 terrarum

390 2961 807 3026 concussiones,
836 2958 1241 3014 inundationes
1268 2957 1591 3022 ﬂuviorum,
1626 2956 1849 3026 ignium
1880 2956 2097 3011 subter-

389 3066 695 3105 raneorum
721 3049 1072 3119 eruptiones,
1106 3048 1219 3101 vim
1245 3047 1544 3118 grandinis
1561 3046 2093 3113 extraordinariam,

390 3138 696 3192 criminum
728 3137 900 3192 etiam
924 3136 1172 3190 maxime
1194 3136 1462 3206 insignia,
1488 3140 1542 3189 et
1556 3136 1789 3189 demum
1817 3138 2099 3205 quotquot

388 3228 581 3297 legere
611 3231 696 3280 est
724 3227 783 3279 in
821 3225 1214 3280 monumentis
1263 3223 1655 3290 historiarum,
1683 3223 1896 3292 tragica
1928 3238 2096 3293 argu-

391 3318 588 3366 menta
611 3330 624 3368 :
647 3313 779 3367 dein
794 3329 863 3366 ex
874 3311 962 3366 his
984 3313 1250 3366 omnibus
1271 3312 1602 3366 historicam
1623 3312 1825 3365 seriem
1842 3316 1896 3366 et
1915 3328 2097 3365 unum

393 3401 558 3472 quasi
613 3417 820 3472 corpus
868 3417 935 3454 eo
995 3404 1341 3468 contexeret,
1383 3405 1447 3454 ut
1482 3401 1617 3454 hinc
1658 3399 2092 3469 intelligeretur,

391 3490 660 3559 pluresne
709 3505 741 3543 a
785 3488 1110 3543 christianis
1160 3489 1515 3559 temporibus
1555 3488 1882 3559 hujusmodi
1912 3489 2096 3542 clades

390 3577 714 3632 evenissent
766 3578 950 3649 (lbid.,
984 3578 1076 3633 lib.
1133 3581 1181 3645 l,
1218 3580 1486 3646 praefat).
1543 3578 1666 3631 Non
1707 3581 1934 3647 poterat
1975 3579 2094 3631 Au-

388 3666 650 3736 gustinus
690 3666 749 3720 id
796 3683 900 3737 per
951 3682 1009 3720 se
1039 3665 1294 3736 exsequi,
1325 3665 1613 3720 districtus
1649 3665 1924 3720 nimirum
1974 3667 2096 3720 aliis

390 3755 876 3825 occupationibus,
912 3760 967 3810 et
1005 3755 1371 3826 potissimum
1401 3755 1561 3808 libris
1604 3755 1672 3809 de
1703 3754 1940 3809 Civitate
1974 3754 2094 3814 Dei,

393 3859 639 3914 quorum
676 3848 812 3898 tunc
834 3844 1208 3898 undecimum
1238 3843 1300 3897 in
1341 3843 1608 3897 manibus
1637 3843 1905 3912 habebat,
1942 3845 2096 3897 lucu-

385 3932 618 3986 brandis
648 3947 878 4004 operam
913 3949 1126 3987 navans
1162 3931 1397 4003 (Ibid).
1451 3934 1604 3986 Hanc
1637 3932 1831 4003 itaque
1861 3932 2094 4003 provin—

385 4021 531 4076 ciam
559 4021 714 4076 dedit
742 4022 963 4088 Orosio,
991 4039 1162 4091 quem
1207 4021 1379 4074 etiam
1420 4037 1524 4090 per
1543 4021 1834 4075 lulianum
1867 4021 2097 4075 Cartha-

395 4110 714 4180 ginensem,
751 4125 975 4164 servum
1004 4109 1125 4175 Dei,
1158 4109 1295 4179 quia
1322 4112 1446 4162 tum
1476 4108 1728 4162 fortassis
1759 4109 2098 4178 Carthagine

399 4198 738 4252 morabatur
783 4197 1037 4262 Orosius,
1093 4197 1162 4250 ad
1215 4212 1339 4249 eam
1379 4196 1797 4266 suscipiendam
1848 4197 2096 4266 impulit.

392 4285 590 4339 Paruit
621 4285 716 4338 ille
745 4286 898 4338 ultro
931 4301 994 4338 ac
1033 4284 1256 4351 lubens,
1297 4285 1420 4354 ipso
1450 4285 1536 4338 vel
1566 4285 1845 4339 desiderio
1876 4301 2098 4340 morem

392 4373 626 4442 gerendi
655 4373 727 4435 ei,
762 4389 936 4442 quem
966 4375 1031 4427 ut
1057 4377 1281 4442 patrem
1317 4372 1670 4438 observabat,
1711 4373 1779 4426 de
1809 4389 2098 4428 successus

393 4460 650 4531 periculo
679 4476 942 4514 securus:
978 4459 1190 4531 quippe
1225 4475 1367 4529 opus
1398 4475 1565 4514 suum
1595 4461 1829 4515 omnino
1859 4462 2092 4532 permit-

391 4549 549 4604 tebat
587 4554 779 4602 sancto
819 4549 1070 4616 Doctori,
1099 4553 1161 4603 ut
1192 4549 1238 4602 si
1262 4547 1454 4602 minus
1474 4549 1715 4619 dignum
1743 4551 1896 4620 quod
1922 4551 1983 4604 in
2015 4551 2098 4605 lu-

394 4653 518 4692 cem
549 4637 967 4692 edereturillud
982 4637 1288 4707 judicarct,
1311 4637 1562 4691 tenebris
1591 4638 2094 4706 damnaret(lbid.,

395 4727 492 4782 lib.
530 4731 585 4793 ’7,
626 4743 747 4796 cap.
779 4727 888 4797 43).
929 4728 1262 4781 Generalem
1299 4725 1477 4797 igitur
1523 4727 1787 4782 omnium
1836 4727 2096 4799 gentium

400 4815 699 4870 historiam
734 4831 1054 4887 aggressus,
1084 4832 1210 4870 eam
1241 4815 1311 4869 ab
1341 4815 1464 4886 ipsa
1491 4831 1683 4870 rerum
1710 4817 1996 4871 creatione
2026 4817 2098 4872 ad

399 4920 614 4959 annum
629 4904 836 4959 Christi
850 4904 1456 4975 quadringentesinum
1482 4905 1766 4960 decimum
1788 4906 2096 4976 septimum

385 4993 708 5064 pertexuit:
744 4993 1088 5062 cupiditates
1124 4997 1179 5048 et
1211 4993 1544 5063 punitiones
1573 4993 1878 5049 hominum
1907 5011 2099 5065 pecca-

390 5089 601 5151 torum,
653 5082 1102 5136 conﬂictationes
1149 5082 1361 5148 saeculi,
1407 5087 1463 5136 et
1493 5082 1706 5152 judicia
1764 5083 1884 5150 Dei,
1923 5100 2096 5154 quam

382 5173 712 5227 brevissime
759 5176 815 5225 et
868 5187 1041 5242 quam
1078 5170 1496 5241 simplicissime
1534 5172 1743 5242 potuit,
1783 5172 2090 5242 explicans.

391 5262 655 5316 Aftirmat
701 5277 894 5332 porro,
938 5275 1004 5313 ex
1035 5259 1476 5329 investigatione
1523 5261 1738 5321 sedula,
1769 5261 2094 5331 praeteritos

388 5350 532 5417 dies,
566 5366 684 5404 non
714 5350 900 5404 solum
951 5364 1115 5419 aeque
1158 5353 1222 5402 ut
1260 5349 1365 5402 hos
1406 5365 1624 5420 graves,
1675 5365 1874 5403 verum
1923 5348 2096 5403 etiam

385 5441 545 5492 tanto
577 5437 825 5493 atrocius
854 5436 1116 5506 miseros,
1147 5441 1360 5507 quanto
1378 5437 1603 5509 longius
1621 5455 1654 5492 a
1673 5438 1928 5493 remedio
1945 5454 2095 5492 verae

379 5525 662 5597 eligionis
692 5526 938 5598 alienos,
963 5542 1022 5584 se
1053 5526 1400 5598 comperisse
1426 5527 1612 5598 (Ibid.,
1634 5527 1728 5581 lib.
1752 5530 1802 5594 l,
1821 5526 2091 5596 Praefat)
2128 5549 2132 5553 ·

1635 264 1786 318 Vl'l‘A
1833 262 1890 318 S.
1931 259 2304 316 AUGUSTINI
2346 260 2674 316 EPISCOPI.

3705 297 3730 309 ρ
3795 263 3909 317 488

2274 390 2326 440 2.
2368 385 2482 440 Sub
2524 383 2661 437 anni
2707 381 2882 452 hujus
2926 379 3160 435 initium
3198 381 3564 436 Innocentius
3590 397 3746 453 papa
3789 383 3914 454 epi-

2203 475 2361 529 stolis
2408 472 2631 527 concilii
2671 469 3156 540 Carthaginensis,
3199 470 3426 524 concilii
3474 471 3806 534 Milevitani,
3855 478 3915 528 et

2203 564 2457 634 quinque
2504 561 2924 632 episcoporum,
2976 575 3128 613 anno
3169 559 3460 630 superiore
3499 561 3569 614 ad
3601 578 3659 615 se
3691 562 3911 629 missis,

2204 651 2441 723 singulis
2472 651 2728 722 singulas
2765 648 3036 720 epistolas
3061 648 3374 719 rescripsit;
3418 649 3676 720 ipsorum
3705 651 3770 706 in
3800 653 3911 706 Pe-

2205 740 2459 810 lagianos
2536 743 2590 793 et
2655 738 2972 793 doctrinam
3039 737 3439 808 comprobans,
3497 742 3554 792 et
3616 741 3913 810 judicium

2205 829 2660 899 sententiamque
2720 828 3084 882 confirmans.
3151 827 3434 894 Pelagium
3502 829 3915 899 Calestiumque

2207 916 2530 988 (Apostolici
2577 917 2636 970 in
2697 931 2793 970 eos
2840 914 3052 969 decreti
3106 931 3239 984 pars
3289 916 3410 968 [Jth
3464 916 3756 987 praecipua
3798 919 3916 986 est)

2203 1006 2264 1059 id
2295 1011 2392 1071 est,
2439 1009 2737 1059 inventores
2780 1020 2968 1060 uocum
3013 1019 3296 1070 novarum,
3350 1005 3712 1060 ecclesiastica
3760 1022 3914 1061 com-

2202 1097 2452 1148 munione
2474 1095 2714 1162 privari,
2747 1093 3028 1161 apostolici
3053 1093 3258 1160 vigoris
3288 1095 3614 1148 auctoritate
3638 1109 3915 1149 censemus

2204 1184 2364 1237 donec
2384 1185 2724 1251 resipiscant.
2758 1184 2879 1235 Haec
2916 1183 3107 1248 igitur,
3134 1183 3339 1246 fratres
3364 1183 3697 1250 charissimi,
3729 1185 3790 1236 in
3819 1198 3916 1238 su-

2201 1273 2480 1342 pradictos
2514 1275 2728 1326 maneat
2756 1274 2872 1340 ﬁda
2910 1272 3209 1336 sententia;
3249 1270 3432 1324 absint
3478 1274 3640 1326 atriis
3671 1274 3915 1340 Domini,

2203 1365 2423 1415 careant
2447 1360 2694 1414 custodia
2719 1359 3008 1427 pastorali,
3048 1373 3114 1410 ne
3143 1357 3378 1411 duarnm
3417 1361 3596 1413 ovium
3625 1359 3756 1413 dira
3785 1374 3912 1413 con-

2205 1453 2358 1519 tagia
2368 1454 2589 1519 serpant
2603 1451 2837 1516 forsitan
2846 1464 2944 1518 per
2957 1448 3149 1515 vulgus
3165 1449 3442 1501 incautum
3458 1447 3645 1517 (Apud
3664 1449 3912 1516 August.

2204 1543 2385 1609 Epist.
2429 1542 2547 1604 l8‘2,
2582 1556 2636 1594 η.
2679 1539 2751 1606 6).
2788 1539 2900 1591 Hoc
2929 1535 3053 1606 ipso
3103 1552 3256 1590 anno
3288 1535 3643 1606 Augustinus
3674 1538 3917 1592 Cartha-

2205 1629 2337 1699 gine
2365 1628 2698 1682 concionem
2727 1626 2946 1692 habuit,
2984 1625 3073 1680 die
3105 1624 3411 1688 dominico,
3447 1641 3600 1679 nono
3635 1626 3920 1680 kalendas

2204 1717 2470 1784 octobris,
2501 1717 2562 1770 in
2593 1732 2706 1788 qua
2731 1715 2924 1785 palam
2962 1713 3267 1784 profitetur
3292 1730 3587 1784 nunquam
3618 1713 3802 1768 ferme
3845 1715 3918 1769 ad

2203 1807 2485 1878 populum
2510 1805 2684 1859 verba
2712 1804 2895 1858 facere
2937 1818 3018 1871 se,
3049 1802 3189 1874 quin
3232 1802 3429 1873 gratiae
3472 1803 3683 1857 divinae
3713 1819 3918 1858 neces-

2205 1895 2450 1961 sitatem,
2483 1897 2716 1965 propter
2737 1892 2995 1962 ingratos
3033 1891 3309 1962 quosdam
3335 1892 3618 1959 homines,
3647 1909 3681 1945 a
3701 1893 3920 1964 quibus

2205 2001 2271 2038 ea
2296 1999 2501 2055 parum
2532 1981 2967 2053 agnoscebatur,
3001 1984 3057 2034 at
3084 1985 3279 2034 contra
3315 1980 3531 2035 viribus
3559 1987 3784 2036 natura;
3819 1983 3917 2036 ni-

2205 2073 2386 2126 mium
2418 2071 2796 2138 tribuebatur,
2827 2070 3143 2124 declararet
3193 2069 3380 2140 (Serm.
3415 2072 3534 2137 l3l,
3574 2087 3628 2125 η.
3663 2072 3734 2134 6).
3771 2072 3918 2126 Hor-

2205 2165 2360 2216 tatur
2389 2161 2605 2226 tideles,
2639 2159 2762 2213 istis
2803 2158 3259 2229 compatiantur;
3290 2175 3393 2213 nec
3423 2163 3637 2227 tamen,
3663 2158 3712 2212 si
3736 2176 3917 2231 quem

2207 2249 2487 2320 ejusmodi
2526 2247 3028 2318 deprehenderint,
3059 2247 3198 2301 falsa
3240 2247 3488 2317 quadam
3517 2247 3920 2303 misericordia

2205 2338 2375 2408 capti,
2435 2338 2722 2391 occultum
2775 2337 2939 2390 illum
2998 2352 3120 2390 esse
3177 2335 3490 2406 patiantur.
3560 2336 3731 2390 Jubet
3784 2335 3917 2389 illos

2208 2427 2492 2497 redargui,
2547 2443 2610 2479 ac
2658 2426 2703 2478 si
2756 2425 2989 2496 quidem
3018 2424 3078 2478 in
3139 2441 3329 2478 errore
3371 2424 3742 2495 pertinaciter
3788 2425 3917 2478 ani-

2208 2533 2365 2570 mum
2424 2514 2748 2580 obﬁrment,
2799 2514 2866 2568 ad
2920 2531 2978 2567 se
3035 2513 3255 2568 adduci.
3313 2515 3436 2568 Jam
3481 2515 3642 2579 enim,
3698 2513 3916 2584 inquit,

2207 2606 2271 2658 de
2301 2606 2399 2658 hac
2447 2619 2611 2658 causa
2657 2603 2762 2656 duo
2796 2604 3023 2657 concilia
3065 2605 3232 2657 missa
3273 2608 3399 2657 sunt
3437 2603 3510 2656 ad
3547 2603 3737 2658 Sedem
3772 2619 3916 2672 apo-

2206 2695 2487 2748 stolicam:
2531 2692 2655 2746 inde
2697 2694 2860 2746 etiam
2905 2694 3171 2761 rescripta
3209 2697 3489 2746 venerunt.
3540 2693 3717 2748 Causa
3753 2695 3916 2761 ﬁnita

2206 2788 2316 2850 est;
2345 2785 2556 2836 utinam
2583 2782 2878 2851 aliquando
2897 2783 3125 2850 ﬁniatur
3153 2797 3320 2835 error.
3348 2780 3501 2846 (Ibid.
3535 2797 3615 2847 n.,
3643 2781 3753 2851 lO.)

2280 2873 2337 2925 3.
2378 2870 2459 2924 Ad
2492 2885 2626 2924 eum
2655 2868 2974 2923 ﬁniendum
3019 2868 3306 2938 pertinere
3349 2869 3408 2923 in
3439 2869 3641 2940 primis
3669 2870 3916 2940 putavit,

2208 2964 2272 3014 ut
2301 2958 2620 3013 Palaestinae
2651 2957 2870 3028 synodi,
2905 2957 3004 3012 ubi
3033 2973 3090 3011 se
3110 2958 3371 3028 Pelagius
3398 2962 3708 3029 purgatum
3743 2958 3919 3013 fuisse

2201 3048 2517 3119 jactitabat,
2573 3046 2858 3116 judicium
2914 3046 3258 3101 haberetur:
3314 3047 3572 3101 animum
3629 3047 3917 3118 siquidem

2207 3136 2529 3205 induxerat,
2584 3135 2642 3188 in
2716 3151 2781 3188 eo
2852 3135 3150 3205 Pelagium
3223 3135 3488 3191 haeresim
3544 3151 3708 3189 suam
3768 3141 3832 3190 ut
3888 3153 3921 3190 a

2207 3223 2499 3278 catholicis
2570 3223 2850 3293 episcopis
2916 3225 3322 3292 absolveretur,
3389 3225 3658 3295 ejurasse,
3740 3229 3921 3296 atque

2209 3312 2358 3383 apud
2390 3312 2542 3382 ipsos
2568 3312 2740 3366 ﬁdem
2766 3313 2998 3366 omnino
3021 3313 3343 3384 professum
3377 3330 3497 3368 esse
3519 3312 3916 3367 christianam.

2211 3401 2469 3471 Acceptis
2516 3399 2694 3470 igitur
2723 3401 2832 3455 hoc
2879 3402 3108 3456 tandem
3165 3406 3421 3473 tempore
3473 3401 3669 3472 synodi
3709 3402 3918 3469 Gestis,

2209 3506 2332 3544 rem
2363 3489 2440 3543 ita
2472 3505 2528 3543 se
2553 3489 2784 3556 habere,
2815 3505 2931 3544 non
2969 3490 3090 3544 sine
3121 3491 3370 3545 maxima
3401 3489 3580 3544 animi
3620 3491 3920 3560 voluptate

2209 3579 2533 3648 comperit:
2569 3582 2738 3649 atque
2795 3582 2858 3632 ut
2897 3579 3154 3634 haeretici
3204 3579 3465 3634 fraudem
3494 3583 3800 3649 retegeret,
3850 3580 3921 3633 li-

2209 3669 2378 3723 brum
2430 3670 2626 3720 contra
2681 3668 2848 3721 Gesta
2902 3667 2996 3721 illa
3034 3667 3305 3733 breviata,
3358 3684 3487 3738 quae
3532 3666 3800 3738 Pelagius
3857 3667 3918 3720 in

2208 3773 2326 3810 suae
2357 3754 2700 3810 defensionis
2729 3757 2985 3810 chartula
3019 3757 3364 3827 vulgaverat,
3416 3755 3662 3810 scribere
3710 3772 3920 3825 quam-

2208 3846 2461 3916 primum
2510 3861 2806 3914 aggressus
2854 3847 2938 3898 est
2985 3845 3004 3913 (
3017 3848 3083 3898 De
3124 3845 3296 3901 Gestis
3352 3843 3580 3912 Pelagii,
3616 3860 3675 3898 η.
3706 3845 3801 3914 ‘2):
3847 3861 3922 3898 ne

2208 3935 2335 4004 quis
2373 3934 2518 3987 forte
2552 3937 2720 3999 esset,
2773 3933 2873 4004 qui
2921 3949 2986 3986 eo
3035 3933 3186 3987 velut
3218 3933 3497 4000 absoluto,
3530 3931 3653 4002 ipsa
3683 3949 3921 4003 quoque

2210 4023 2332 4092 ejus
2359 4022 2625 4093 dogmata
2655 4025 2884 4092 putaret
2907 4021 3130 4091 judices
3170 4022 3532 4092 approbasse.
3583 4023 3786 4092 Itaque
3816 4023 3925 4076 hoc

2206 4111 2260 4164 in
2303 4111 2470 4178 libro,
2503 4115 2575 4165 De
2609 4113 2778 4168 Gestis
2819 4111 3028 4178 Pelagii
3053 4111 3351 4180 inscripto,
3397 4109 3750 4181 Augustinus
3797 4112 3925 4164 sin-

2207 4200 2342 4270 gula
2371 4215 2631 4254 errorum
2663 4199 2850 4270 capita
2887 4199 3117 4269 Pelagio
3157 4199 3308 4269 apud
3337 4199 3622 4269 synodum
3671 4199 3921 4270 objecta,

2207 4303 2336 4342 cum
2363 4287 2621 4358 ejusdem
2651 4288 2722 4342 ad
2767 4287 2867 4341 illa
2892 4286 3200 4356 responsis,
3229 4286 3666 4357 diligentissime
3682 4289 3923 4342 excutit.

2207 4376 2455 4431 Tametsi
2484 4392 2619 4430 vero
2649 4375 2746 4429 ille
2773 4376 3039 4447 dogmata
3060 4375 3182 4446 ipsa
3201 4375 3501 4442 damnans,
3527 4392 3655 4446 quae
3685 4376 3929 4429 inimica

2207 4465 2405 4536 gratia:
2437 4463 2642 4520 Christi
2673 4464 2941 4518 adversus
2971 4481 3103 4518 eum
3136 4465 3205 4518 de
3257 4465 3476 4518 Herotis
3503 4469 3560 4518 et
3610 4465 3814 4519 Lazari
3855 4467 3925 4519 li-

2208 4554 2357 4608 bello
2413 4553 2774 4623 legebantur,
2821 4554 3136 4607 catholicus
3183 4569 3217 4605 a
3265 4554 3485 4623 synodo
3516 4556 3928 4624 pronuntiatus

2208 4639 2316 4706 sit;
2349 4640 2457 4711 ipsi
2497 4644 2690 4695 tamen
2722 4641 3101 4711 suspicionem
3135 4641 3420 4695 hazreseos
3459 4641 3642 4695 adhuc
3695 4643 3926 4697 haarere

2209 4728 2496 4783 ostendit:
2538 4746 2603 4784 ac
2644 4729 2878 4784 demum
2936 4729 3014 4783 sic
3052 4745 3183 4783 eum
3237 4730 3440 4800 synodi
3471 4731 3759 4785 sententia
3800 4748 3928 4786 esse

2209 4817 2555 4888 absolutum,
2585 4823 2650 4872 ut
2678 4818 2800 4890 ipsa
2829 4818 3087 4883 haeresis,
3119 4823 3355 4890 propter
3397 4835 3572 4889 quam
3602 4821 3672 4873 ad
3705 4820 3927 4890 episco-

2209 4907 2337 4976 pale
2361 4907 2640 4977 judicium
2681 4912 2998 4979 pertractus
3050 4912 3152 4975 est,
3211 4908 3609 4962 incunctanter
3647 4908 3927 4964 damnata

2208 4996 2378 5050 fuerit
2408 4997 2900 5066 (Retractationum
2930 4998 3024 5051 lib.
3069 4999 3104 5050 2
3151 4984 3281 5067 cap.
3303 4998 3416 5068 47).

2281 5087 2334 5139 4.
2363 5086 2555 5140 Tradit
2609 5086 2984 5157 Augustinus,
3033 5102 3090 5140 se
3135 5103 3248 5158 quo
3297 5091 3558 5155 tempore
3616 5086 3685 5141 de
3737 5088 3927 5142 Gestis

2211 5173 2425 5243 Pelagii
2457 5173 2699 5245 scripsit,
2753 5176 2957 5230 eodem
2997 5175 3122 5245 ipso
3172 5177 3560 5246 composuisse
3605 5175 3823 5230 librum
3855 5177 3929 5232 de

2210 5262 2564 5316 Correctione
2630 5264 3056 5318 Donatistarum
3109 5266 3288 5334 (Ibid.,
3347 5281 3469 5334 cap.
3521 5268 3630 5334 48).
3692 5267 3928 5320 Bonifa-

2209 5351 2346 5417 cius,
2400 5351 2490 5405 cui
2537 5351 2682 5406 liber
2725 5352 3097 5421 inscribitur;
3147 5354 3302 5408 inter
3353 5353 3629 5408 maximos
3687 5355 3933 5424 imperii

2209 5439 2450 5493 Romani
2476 5439 2628 5495 viros
2657 5443 3072 5497 numerabatur
3100 5448 3187 5497 :et
3209 5442 3488 5513 scriptum
3514 5442 3756 5513 reliquit
3785 5444 3930 5496 Pro-

2207 5527 2423 5600 c0pius,
2481 5529 2650 5586 illum
2700 5533 2872 5604 atque
2924 5531 3153 5587 Aetium
3209 5535 3334 5587 tum
3391 5531 3464 5585 ob
3522 5530 3934 5587 fortitudinem
