4062 6346
109 290 216 342 489
1556 289 1768 345 LIBER
1807 245 2178 345 SEPTIMUS.

117 407 332 478 reique
373 406 638 461 militaris
679 407 964 478 peritiam,
996 413 1115 462 tum
1158 409 1229 463 ob
1268 409 1446 464 animi
1479 411 1824 480 magnitudi-

124 511 265 550 nem
316 502 659 567 craterasque
707 496 962 554 virtutes.
1009 497 1158 550 haud
1208 497 1496 551 immerito
1546 499 1828 554 Romano-

123 600 260 637 rum
294 584 525 637 ultimos
549 601 713 654 posse
735 585 1010 654 appellari
1037 587 1363 654 (Procopius,
1394 589 1650 641 Historia
1683 589 1827 642 Van-

121 671 244 726 dal.
302 677 350 740 1,
407 673 551 741 195).
605 672 826 735 Quanto
887 673 1037 742 apud
1087 690 1285 727 omnes
1332 680 1454 729 erat
1501 674 1561 728 in
1612 675 1828 729 honore

116 764 370 828 propter
415 759 727 813 humanam
767 760 1244 830 magnitudinem,
1278 766 1434 815 tanta
1483 779 1616 816 eum
1652 779 1827 817 vene-

123 845 358 909 ratione
397 851 629 916 propter
658 847 936 917 insignem
978 848 1250 916 pietatem
1284 849 1544 903 colebant
1586 850 1829 903 sanctis-

123 934 260 988 simi
291 934 505 1004 quippe
528 934 784 1002 ejusdem
811 936 993 989 astatis
1015 936 1284 1007 episcopi.
1309 938 1516 990 Verum
1539 937 1586 990 is
1606 941 1829 991 tantum

122 1020 302 1073 decus
337 1020 406 1074 ad
437 1025 755 1074 extremum
789 1037 969 1092 usque
995 1038 1106 1075 non
1138 1023 1373 1076 retinuit
1405 1039 1419 1076 :
1453 1039 1582 1077 cum
1612 1023 1764 1077 enim
1797 1041 1831 1078 a

126 1108 246 1160 Deo
281 1111 533 1160 mentem
564 1113 619 1160 et
657 1107 1058 1176 cogitationem
1099 1110 1410 1176 avertisset,
1453 1111 1511 1163 in
1557 1116 1640 1164 tot
1683 1115 1829 1164 tam-

125 1211 240 1265 que
273 1200 492 1249 atroces
522 1195 869 1250 calamitates
907 1196 1210 1251 immersus
1241 1198 1366 1264 fuit,
1401 1203 1465 1252 ut
1499 1199 1570 1252 ad
1599 1199 1832 1254 fulcien-

127 1283 263 1337 dain
287 1289 717 1353 temporaneam
743 1286 1068 1355 tluxamque
1092 1286 1376 1339 fortunam
1399 1303 1580 1352 suam,
1607 1292 1831 1340 coactus

127 1371 200 1424 sit
241 1371 501 1425 Ecclesia:
540 1376 710 1442 atque
751 1372 994 1443 imperio
1035 1373 1284 1428 immane
1317 1375 1520 1428 vulnus
1549 1375 1829 1445 infligere,

127 1460 220 1514 cui
250 1459 507 1514 sanando
540 1476 643 1514 nec
672 1459 815 1530 ipse,
861 1477 964 1514 nec
1000 1477 1198 1516 omnes
1237 1463 1504 1516 Romanae
1537 1463 1699 1530 vires,
1733 1478 1834 1532 per

127 1553 277 1602 totos
317 1553 548 1602 centum
589 1564 787 1614 annos,
834 1565 1002 1618 pares
1050 1550 1299 1604 fuerunt.
1349 1552 1492 1604 Eum
1531 1550 1590 1604 in
1629 1550 1834 1605 mediis

127 1637 416 1690 bellorum
447 1641 504 1691 et
535 1652 826 1690 armorum
856 1637 1006 1690 curis
1036 1637 1358 1692 vehementi
1389 1639 1594 1693 ardore
1620 1638 1834 1693 divina-

127 1741 260 1778 rum
291 1741 487 1778 rerum
512 1725 902 1795 cognitionem
929 1742 1186 1796 quaerere
1215 1726 1536 1781 mirabatur
1563 1727 1834 1798 Augusti-

131 1829 241 1866 nus
283 1815 487 1882 (Epist.
537 1817 651 1874 185,
692 1830 746 1868 η.
781 1813 832 1883 1)
867 1829 880 1867 :
924 1830 1110 1885 neque
1141 1819 1365 1885 poterat
1393 1816 1514 1885 ejus
1543 1831 1832 1869 commen—

129 1901 357 1955 dationi
409 1901 725 1973 quidquam
771 1901 840 1955 ad
875 1901 1014 1955 illud
1055 1902 1281 1970 addere,
1312 1903 1463 1973 quod
1505 1902 1736 1956 monitis
1765 1902 1836 1956 ad

126 1989 256 2043 vitae
303 1989 588 2044 rationem
635 1990 811 2058 probe
857 1989 1269 2044 instituendam
1319 1991 1391 2056 ei,
1441 1998 1615 2060 prout
1660 2007 1835 2061 expe-

129 2078 301 2131 tierat
356 2077 502 2132 datis
553 2077 812 2148 subjecit,
845 2077 1144 2148 epistolam
1196 2095 1355 2132 suam
1400 2079 1584 2149 magis
1613 2079 1664 2133 ei
1711 2095 1838 2149 spe-

128 2167 323 2219 culum
381 2182 519 2225 esse,
553 2164 652 2219 ubi
695 2165 880 2236 qualis
927 2166 998 2218 sit
1045 2165 1247 2232 videat,
1296 2181 1466 2235 quam
1518 2165 1615 2220 ubi
1660 2165 1839 2220 discat

128 2254 366 2324 qualem
397 2270 529 2308 eum
559 2269 678 2307 esse
722 2257 979 2324 oporteat
1013 2255 1214 2322 (Epist.
1251 2258 1372 2320 189,
1404 2270 1456 2306 η.
1495 2255 1567 2324 8).
1614 2255 1677 2307 In
1716 2252 1836 2324 pri—

129 2342 238 2396 mis
285 2342 484 2412 ipsum
524 2341 595 2395 ad
637 2341 929 2412 pudicitiae
967 2342 1282 2410 conjugalis
1325 2357 1519 2394 curam
1564 2341 1839 2395 adhorta-

131 2432 301 2484 batur
337 2431 522 2498 (Ibid.,
554 2446 611 2483 η.
642 2432 694 2497 7)
731 2446 743 2483 :
779 2446 977 2483 verum
1010 2429 1330 2483 Bonifacius
1359 2431 1509 2484 ultra
1540 2429 1634 2483 illa
1664 2429 1840 2483 consi-

133 2519 205 2572 lia
253 2517 536 2589 progredi
588 2517 945 2588 peroptahat;
989 2523 1046 2571 et
1091 2517 1349 2588 quamvis
1385 2518 1742 2588 conjugatus,
1774 2518 1841 2572 ﬁ-

130 2608 265 2662 liam
297 2609 506 2660 saltem
550 2623 748 2674 unam,
788 2623 962 2677 quam
1000 2607 1194 2660 comiti
1236 2606 1565 2661 Sebastiano
1604 2622 1839 2660 uxorem

131 2694 399 2762 dederat,
445 2693 764 2748 sustulisset
805 2694 1014 2763 (Victor
1069 2696 1324 2759 Vitensis,
1359 2697 1430 2748 De
1475 2695 1842 2748 Persecutione

137 2782 407 2847 Vandal.,
441 2782 535 2836 lib.
581 2785 630 2846 1,
670 2799 724 2835 η.
777 2785 860 2846 6);
892 2781 1266 2835 nihilominus
1305 2787 1497 2835 tamen
1535 2799 1568 2835 a
1599 2781 1842 2836 vanitate

132 2871 325 2924 seaculi
376 2870 734 2935 abhorrebat,
777 2870 1037 2940 nihilque
1075 2869 1319 2924 habebat
1359 2869 1628 2939 optatius,
1669 2886 1842 2940 quam

132 2958 468 3014 renuntiato
490 2957 797 3012 mundanis
827 2959 996 3012 rebus
1025 2958 1268 3012 divortio
1291 2957 1630 3011 monachum
1655 2957 1841 3010 vivere

135 3064 197 3101 ac
227 3048 331 3101 uni
375 3048 488 3101 Deo
517 3046 835 3116 mancipari
875 3047 1078 3116 (Epist.
1126 3047 1252 3111 220,
1291 3062 1345 3098 n.
1385 3049 1460 3113 3).
1494 3045 1574 3099 Re
1610 3043 1842 3110 quidem

136 3135 255 3206 ipsa
305 3140 542 3190 mortua
587 3135 850 3205 conjuge,
885 3149 1014 3188 cum
1063 3149 1180 3187 non
1219 3133 1397 3186 multo
1438 3137 1566 3202 post
1610 3132 1842 3186 Tubinis

138 3226 195 3280 in
230 3225 508 3280 Numidia
543 3225 929 3295 Augustinum
966 3229 1137 3293 atque
1167 3223 1436 3292 Alypium
1477 3223 1626 3276 solos
1665 3222 1846 3276 offen-

141 3314 334 3381 disset,
375 3329 542 3366 suum
575 3313 804 3384 utrique
834 3311 1132 3367 consilium
1163 3310 1427 3381 patefecit
1455 3327 1468 3364 :
1503 3309 1610 3364 sibi
1640 3327 1843 3381 propo-

141 3403 335 3465 situm,
373 3400 647 3455 abdicatis
675 3400 940 3454 omnibus
968 3399 1214 3470 publicis
1243 3405 1299 3452 et
1328 3398 1546 3453 bellicis
1571 3399 1760 3464 rebus,
1783 3399 1838 3452 in

146 3490 314 3545 beata
360 3489 552 3560 quiete
591 3488 871 3559 reliquam
914 3487 1082 3542 vitam
1123 3503 1312 3557 agere,
1356 3491 1422 3540 ut
1454 3487 1574 3557 jam
1617 3483 1843 3539 nonnisi

145 3584 342 3632 contra
388 3578 678 3632 daemones
723 3577 782 3630 in
829 3576 1152 3630 solitudinis
1195 3574 1419 3628 silentio
1464 3590 1591 3627 cum
1636 3571 1845 3627 sanctis

145 3663 366 3734 aliquot
384 3662 591 3718 Christi
613 3663 888 3717 militibus
912 3664 1227 3717 decertaret
1248 3663 1432 3732 (Ibid.,
1457 3677 1513 3716 η.
1547 3663 1650 3726 12).
1673 3659 1755 3713 Ab
1778 3675 1844 3712 eo

147 3752 386 3806 consilio
417 3752 580 3805 illum
607 3751 788 3806 sancti
818 3751 922 3804 viri
947 3751 1230 3805 dehortati
1267 3755 1429 3815 sunt;
1463 3749 1585 3818 ejus
1611 3762 1844 3818 Operam

145 3839 203 3893 in
235 3840 347 3894 hoc
374 3839 607 3893 honoris
639 3839 816 3908 gradu
846 3838 1047 3892 utilem
1082 3838 1390 3892 admodum
1415 3835 1668 3890 Ecclesiae
1689 3835 1848 3888 futu-

147 3944 269 3981 ram
301 3933 730 3980 commonentes
763 3941 776 3979 :
809 3942 967 3978 arma
993 3942 1093 3978 sua
1127 3929 1348 3977 tantum
1379 3941 1444 3976 eo
1474 3927 1843 3982 converteret,

148 4021 214 4068 ut
262 4015 352 4068 illi
397 4028 619 4082 pacem,
657 4011 932 4082 repressis
981 4012 1358 4064 Barbarorum
1402 4009 1844 4073 incursionibus,

144 4104 378 4156 firmam
426 4103 656 4170 pararet
697 4115 710 4153 :
753 4099 897 4152 nihil
940 4103 1149 4168 praeter
1191 4096 1508 4150 necessaria
1553 4095 1661 4149 sibi
1707 4095 1848 4148 suis-

146 4205 261 4261 que
292 4187 444 4241 inter
473 4185 731 4240 homines
775 4189 1064 4254 expeteret
1106 4183 1292 4254 (Ibid.,
1329 4199 1423 4236 nn.
1466 4186 1518 4248 3,
1562 4185 1648 4249 12)
1691 4196 1703 4236 :
1741 4187 1849 4235 ter-

148 4293 318 4331 renas
365 4291 499 4346 opes
542 4289 727 4344 neque
767 4273 981 4326 oblatas
1031 4276 1345 4342 respueret,
1378 4286 1566 4341 neque
1605 4269 1850 4324 ambiret

148 4369 410 4435 negatas,
443 4363 557 4416 imo
588 4378 690 4416 nec
721 4361 935 4415 ablatas
966 4360 1223 4432 quidem,
1255 4375 1326 4412 ne
1358 4359 1416 4412 in
1451 4359 1617 4412 istam
1648 4374 1848 4412 neces-

150 4451 464 4506 situdinem
507 4450 933 4520 perduceretur,
993 4449 1106 4512 ubi,
1167 4447 1246 4500 ait
1299 4446 1673 4517 Augustinus,
1731 4462 1849 4500 cum

153 4546 411 4594 amantur
433 4539 588 4604 bona,
608 4542 996 4607 perpetrantur
1014 4537 1161 4590 mala
1182 4535 1343 4603 (Ibid.
1359 4575 1374 4595 ,
1398 4552 1448 4589 η.
1468 4535 1541 4605 5).
1572 4535 1848 4606 Denique,

153 4631 216 4680 ut
245 4627 395 4680 inter
423 4643 581 4681 arma
601 4625 916 4696 corporalia
937 4624 1326 4695 spiritualibus
1348 4623 1523 4677 armis
1545 4623 1723 4677 tutius
1743 4625 1852 4677 for-

153 4714 384 4786 tiusque
433 4714 775 4780 muniretur,
825 4729 998 4784 quam
1047 4710 1399 4766 severissime
1441 4710 1852 4764 continentiam

155 4807 426 4858 servaret.
453 4803 537 4857 Ad
569 4819 700 4856 eum
732 4802 910 4873 igitur
929 4801 1183 4862 modum,
1207 4803 1263 4853 et
1283 4799 1340 4852 in
1372 4798 1674 4852 hominum
1698 4814 1851 4852 com-

157 4890 370 4944 mercio
403 4906 655 4958 manere,
687 4896 744 4943 et
771 4890 1034 4944 cmlibem
1065 4888 1238 4942 vitam
1271 4886 1646 4941 nihilominus
1670 4886 1854 4938 colere

157 4977 406 5032 decrevit
452 4978 771 5031 Bonifacius
829 4977 1026 5046 (Ibid.,
1081 4993 1138 5030 η.
1198 4978 1269 5043 4).
1326 4975 1485 5039 Quod
1538 4990 1652 5045 quo
1709 4978 1854 5027 tem-

157 5081 293 5134 pore
344 5067 556 5119 factum
606 5065 700 5130 sit,
751 5063 1063 5134 ignoratur.
1115 5063 1465 5134 Augustinus
1512 5068 1684 5132 atque
1731 5061 1856 5130 Aly-

162 5153 288 5222 pius
335 5153 395 5207 id
441 5151 663 5207 consilii
713 5168 826 5205 non
875 5152 985 5205 alia
1033 5156 1222 5205 mente
1282 5151 1568 5205 Bonifacio
1627 5149 1854 5214 dabant,

163 5256 337 5310 quam
379 5240 513 5312 quia
552 5241 674 5310 ejus
714 5239 882 5294 saluti
924 5239 1001 5293 ita
1039 5240 1339 5294 convenire
1379 5239 1800 5292 arbitrabantur
1841 5252 1855 5290 :

165 5334 222 5382 at
253 5330 352 5399 qui
379 5346 492 5384 non
519 5329 766 5393 fallatur,
790 5332 998 5398 praeter
1027 5328 1224 5392 Deum,
1250 5327 1500 5398 reperias
1526 5325 1812 5379 neminem
1842 5340 1854 5377 :

171 5416 316 5470 Deus
347 5423 538 5471 autem
566 5416 780 5486 judicio
808 5413 1074 5468 humanis
1101 5415 1544 5484 cogitationibus
1576 5413 1859 5467 inscruta-

170 5502 301 5569 bili,
340 5505 482 5560 duos
522 5521 551 5558 e
601 5501 966 5558 sanctissimis
995 5500 1130 5554 viris
1158 5501 1217 5554 in
1247 5517 1306 5556 re
1347 5506 1503 5556 tanta
1541 5517 1736 5571 passus
1777 5503 1860 5554 est

524 5608 798 5674 PATROL.
852 5604 1101 5672 XXXII.

3527 289 3634 341 490

1939 410 2231 476 cmcutire;
2265 413 2434 480 atque
2464 410 2604 464 adeo
2634 411 2969 464 innocenter
3000 409 3286 464 Bonifacio
3318 410 3543 464 ruinam
3570 426 3634 464 ac

1940 499 2250 568 perniciem
2296 505 2672 566 accersentes,
2720 498 2984 553 Vandalis
3027 499 3087 552 in
3127 498 3372 553 Africam
3419 497 3632 552 irrum-

1938 588 2110 658 pendi
2139 604 2366 641 causam
2399 588 2672 658 praebere.

2010 681 2060 730 5.
2095 677 2303 729 Verum
2335 681 2394 728 ut
2426 676 2720 729 redeamus
2759 675 2829 729 ad
2859 675 3092 741 librum,
3123 675 3285 744 cujus
3314 674 3632 742 occasione,

1939 762 2067 831 quis
2105 768 2250 818 esset
2286 763 2620 830 Bonifacius,
2654 763 3058 832 exponendum
3091 763 3216 827 fuit,
3248 762 3355 816 hoc
3393 761 3450 815 in
3482 762 3627 816 libro

1941 851 2265 919 disputatur
2305 853 2538 904 omnino
2579 851 2647 905 de
2692 851 3016 916 Donatistis,
3047 851 3147 921 qui
3190 851 3335 904 forte
3370 850 3521 903 haud
3552 849 3634 902 in-

1940 935 2268 1006 frequenter
2311 938 2576 991 molestos
2617 953 2674 990 se
2723 937 3004 991 Bonifacio
3037 936 3400 991 exhibebant.
3437 938 3634 1006 Itaque

1939 1041 2068 1078 cum
2096 1025 2304 1078 nobilis
2339 1025 2435 1078 ille
2475 1025 2560 1077 vir
2589 1041 2930 1094 cognoscere
2975 1025 3394 1078 Donatistarum
3425 1029 3635 1077 sectam

1941 1117 2193 1182 cuperet,
2239 1113 2460 1183 scripsit
2518 1114 2588 1166 ad
2647 1113 3048 1182 Augustinum,
3105 1113 3244 1183 quid
3303 1113 3432 1166 illos
3489 1111 3637 1165 inter

1941 1205 2112 1269 atque
2163 1200 2401 1254 Arianos
2459 1200 2801 1254 discriminis
2858 1205 3022 1262 esset,
3080 1199 3378 1270 inquirens
3432 1199 3630 1268 (Epist.

1946 1291 2152 1353 185,11.
2191 1289 2267 1360 1).
2312 1289 2373 1342 Ei
2419 1289 2770 1359 Augustinus
2817 1293 2992 1343 totam
3041 1289 3276 1358 hujusce
3324 1287 3639 1341 schismatis

1941 1374 2222 1428 rationem
2256 1375 2497 1444 aperuit,
2529 1376 2901 1430 fundamenta
2933 1375 3174 1443 subruit,
3207 1375 3632 1445 paralogismos,

1940 1463 2148 1534 quibus
2189 1463 2329 1517 illud
2360 1463 2588 1517 firmare
2638 1464 2984 1529 nitebantur,
3017 1464 3212 1534 reiecit
3256 1479 3268 1518 :
3313 1479 3376 1516 ac
3420 1461 3638 1532 potissi-

1941 1569 2102 1606 mum
2131 1553 2325 1622 legum
2356 1553 2416 1606 in
2444 1553 2573 1606 illos
2603 1553 2672 1606 ab
2705 1552 2955 1607 Honorio
2993 1551 3412 1624 propositarum
3453 1551 3638 1621 aequi-

1942 1644 2136 1702 tatem,
2201 1641 2522 1707 utilitatem,
2589 1641 3095 1710 necessitatemque
3155 1643 3488 1710 prosecutus
3553 1641 3637 1691 est

1946 1731 2421 1796 (Retractotionum
2469 1729 2563 1783 lib.
2608 1732 2660 1794 2,
2709 1745 2830 1797 cap.
2878 1730 2984 1796 48).
3019 1727 3134 1782 Sub
3173 1726 3428 1796 epistolae
3458 1726 3634 1778 tinem

1943 1815 2033 1870 his
2082 1816 2246 1870 illum
2284 1816 2468 1870 verbis
2511 1815 2824 1885 alloquitur
2872 1831 2884 1867 :
2937 1817 3050 1867 llos
3098 1813 3201 1866 tibi
3242 1814 3370 1881 ipsi,
3426 1811 3635 1882 inquit,

1947 1907 2207 1972 tanquam
2247 1904 2397 1971 ﬁdeli
2439 1905 2571 1970 ﬁlio,
2619 1907 2792 1954 mater
2831 1903 3088 1966 Ecclesia,
3138 1900 3234 1953 ubi
3275 1901 3540 1968 potueris,
3587 1903 3636 1952 et

1944 1991 2202 2058 quomodo
2241 1993 2499 2059 potueris,
2533 1992 2644 2043 sive
2695 1991 2810 2057 ipse
2847 1989 3106 2056 loquendo
3150 1993 3199 2040 et
3245 1986 3636 2056 respondendo,

1945 2082 2054 2134 sive
2081 2079 2155 2132 ad
2183 2079 2418 2134 doctores
2457 2079 2702 2132 Ecclesia?
2735 2075 3090 2145 perducendo,
3125 2078 3182 2128 in
3224 2075 3500 2143 adjutorio
3531 2077 3636 2128 Do-

1945 2169 2083 2220 mini
2112 2167 2453 2235 corrigendos
2487 2165 2864 2232 sanandosque
2902 2163 3234 2217 commendat
3268 2164 3469 2232 (Epist.
3515 2164 3636 2225 185,

1946 2270 1998 2308 η.
2025 2255 2135 2324 51).
2165 2255 2250 2309 Ab
2295 2254 2495 2308 eodem
2541 2252 2682 2322 petit
2720 2259 2842 2304 acta
2888 2249 3214 2306 Collationis
3260 2249 3318 2302 in
3370 2263 3642 2317 compen-

1947 2343 2106 2398 dium
2151 2344 2251 2398 abs
2298 2359 2356 2396 se
2399 2341 2623 2396 redacta
2671 2340 2960 2410 perlegat;
3008 2338 3129 2392 haac
3179 2337 3325 2407 apud
3370 2337 3641 2406 Optatum

1949 2432 2277 2502 episcopum
2299 2431 2443 2483 forte
2465 2428 2806 2482 invenienda
2826 2426 3012 2494 (Ibid.,
3031 2442 3087 2480 η.
3111 2429 3180 2494 6).
3205 2425 3384 2489 Quem
3408 2424 3639 2495 quidem

1949 2521 2278 2592 episcopum
2310 2518 2462 2573 haud
2491 2517 2734 2571 absurde
2758 2515 2886 2586 quis
2908 2513 3190 2584 putaverit
3217 2511 3642 2566 V'esceritanum

1951 2626 2092 2675 esse,
2142 2609 2201 2661 in
2247 2605 2541 2677 provincia
2587 2604 2838 2660 Sitifensi
2887 2603 3101 2671 (Collat.
3137 2603 3397 2669 Carthag.
3445 2604 3492 2665 1,
3519 2615 3638 2668 cap.

1955 2698 2077 2764 120)
2113 2712 2125 2750 :
2159 2692 2620 2766 quandoquidem
2653 2689 3005 2760 Augustinus
3035 2689 3132 2747 ait,
3167 2689 3319 2742 hunc
3357 2687 3545 2756 ipsum
3579 2686 3645 2739 li-

1951 2785 2138 2846 brum,
2171 2782 2454 2853 siquidem
2487 2779 2638 2849 apud
2679 2781 2948 2848 Optatum
2984 2792 3099 2829 non
3138 2775 3230 2839 sit,
3273 2775 3430 2827 nullo
3468 2787 3646 2841 nego-

1951 2873 2030 2926 tio
2059 2873 2127 2926 de
2163 2869 2403 2924 Ecclesia
2448 2865 2698 2922 Sitifensi
2737 2864 2886 2918 sumi
2934 2879 3115 2932 posse.
3153 2863 3229 2915 Ex
3258 2861 3464 2931 quibus
3509 2859 3646 2912 satis

1952 2959 2256 3030 intelligas,
2316 2954 2671 3011 Bonifacium
2717 2957 2852 3006 tunc
2897 2951 2956 3005 in
3014 2966 3081 3004 eo
3130 2955 3310 3004 tractu
3360 2952 3644 3002 versatum

1951 3048 2142 3102 fuisse.
2202 3046 2263 3099 Id
2315 3043 2504 3114 operis
2551 3041 2655 3096 etsi
2701 3040 2850 3094 inter
2899 3039 3072 3092 libros
3113 3053 3246 3090 suos
3286 3037 3492 3090 referat
3528 3039 3645 3088 Au-

1953 3134 2236 3206 gustinus,
2270 3133 2547 3186 habemus
2575 3145 2728 3182 nunc
2758 3127 2907 3180 inter
2934 3125 3112 3196 ipsius
3143 3123 3430 3194 epistolas.

2024 3226 2075 3277 6.
2111 3222 2274 3276 Liber
2302 3221 2371 3274 de
2404 3217 2708 3273 Prtesentia
2741 3215 2857 3282 Dei,
2884 3214 2983 3284 qui
3013 3230 3114 3284 pro
3145 3211 3382 3282 epistola
3415 3225 3644 3280 quoque

1955 3315 2306 3374 numeratur,
2356 3323 2460 3377 per
2493 3304 2630 3360 anni
2668 3304 2840 3374 hujus
2881 3306 3138 3355 aestatem
3176 3298 3522 3368 compositus
3561 3300 3647 3350 est

1955 3399 2154 3468 (Epist.
2181 3401 2369 3464 187,11.
2398 3397 2472 3461 1),
2489 3399 2656 3464 atque
2677 3392 2748 3446 ob
2768 3407 2893 3445 eam
2915 3405 3037 3443 rem
3054 3386 3308 3458 proxime
3326 3390 3453 3456 post
3472 3384 3648 3438 libros

1954 3487 2023 3540 de
2054 3485 2233 3540 Gestis
2269 3482 2481 3552 Pelagii
2521 3486 2578 3535 et
2616 3481 2685 3534 de
2721 3477 3081 3534 Correctione
3123 3473 3544 3529 Donatistarum
3573 3472 3643 3525 ab

1953 3572 2270 3642 Augustino
2298 3569 2606 3624 reCcnsitus
2652 3569 2910 3636 (Retract.
2949 3565 3044 3619 lib.
3082 3567 3136 3629 2,
3173 3579 3292 3631 cap.
3327 3563 3437 3626 ⁴19).
3473 3562 3648 3630 Egre-

1954 3660 2114 3730 gium
2145 3659 2292 3712 istud
2323 3675 2468 3727 opus
2504 3655 2866 3710 referendum
2906 3657 2991 3706 est
3030 3655 3324 3720 acceptum
3367 3648 3646 3712 Dardano,

1955 3747 2074 3800 viro
2085 3747 2256 3816 hujus
2276 3743 2468 3797 saeculi
2490 3742 2767 3812 dignitate
2788 3754 3065 3810 perquam
3085 3736 3292 3789 illustri
3307 3737 3502 3803 (Epist.
3526 3736 3647 3798 187,

1954 3850 2016 3888 τι.
2059 3833 2100 3899 1)
2127 3849 2139 3886 :
2173 3831 2271 3901 qui
2301 3829 2567 3899 religioso
2591 3827 2839 3897 quodam
2863 3840 3057 3878 amore
3089 3823 3388 3891 impulsus,
3422 3821 3562 3875 duas
3591 3820 3650 3873 il-

1955 3921 2037 3974 las
2063 3917 2424 3989 quazstiones,
2448 3915 2649 3984 grandi
2669 3911 2984 3966 intentione
3006 3915 3061 3962 et
3081 3909 3346 3962 aviditate
3371 3907 3646 3970 discendi,

1957 4004 2225 4076 explicari
2265 4003 2368 4056 sibi
2400 3999 2702 4073 postulavit
2734 4015 2746 4054 :
2783 3999 3041 4065 alteram,
3071 3995 3356 4066 quomodo
3396 3993 3650 4048 Christus

1959 4111 2110 4148 nunc
2151 4092 2208 4146 in
2239 4093 2378 4145 coslo
2418 4090 2510 4154 sit,
2551 4087 2650 4159 qui
2693 4085 2902 4141 latroni
2941 4085 2999 4138 in
3042 4099 3206 4138 cruce
3247 4082 3473 4146 dixerit,
3513 4097 3646 4134 eum

1957 4197 2146 4235 secum
2186 4181 2284 4233 illo
2316 4178 2405 4232 die
2443 4178 2701 4232 futurum
2731 4176 2788 4229 in
2814 4173 3077 4245 paradiso
3106 4188 3119 4238 ;
3153 4187 3290 4225 num
3330 4170 3472 4224 forte
3513 4168 3649 4239 quia

1960 4269 2218 4324 Christus
2250 4267 2462 4338 ubique
2499 4265 2695 4326 existit,
2727 4280 2799 4317 an
2827 4261 2963 4333 quia
2987 4259 3282 4332 paradisus
3314 4258 3374 4311 in
3403 4257 3544 4311 ccelo
3574 4254 3647 4308 si-

1958 4363 2048 4412 tus
2074 4363 2186 4425 est;
2216 4357 2472 4420 alteram,
2503 4360 2698 4408 utrum
2735 4351 3001 4413 infantes,
3032 4348 3205 4402 etiam
3245 4347 3304 4400 in
3336 4349 3497 4399 utero
3527 4343 3652 4398 exi—

1961 4449 2191 4509 stentes,
2243 4459 2358 4496 non
2410 4443 2587 4494 Deum
2635 4438 2919 4501 noverint,
2967 4435 3249 4506 siquidem
3299 4434 3546 4487 Joannes
3593 4432 3653 4485 in

1962 4539 2122 4586 utero
2153 4529 2452 4584 exsultavit
2478 4529 2548 4582 ad
2587 4525 2951 4598 praesentiam
2982 4522 3178 4577 matris
3210 4520 3433 4575 Domini
3467 4521 3652 4588 (Ibid.,

1960 4637 2018 4675 η.
2061 4624 2132 4673 3i.
2169 4619 2254 4672 Ad
2299 4617 2550 4688 priorem
2589 4614 2967 4686 qutestionem
3005 4609 3354 4680 Augustinus
3395 4613 3654 4661 accurate

1962 4706 2328 4775 studioseque
2358 4702 2730 4774 respondens,
2763 4700 3014 4769 disputat
3050 4713 3162 4768 quo
3193 4701 3356 4767 pacto
3387 4696 3554 4749 rebus
3593 4695 3654 4748 in

1963 4793 2250 4858 omnibus,
2283 4807 2346 4844 ac
2383 4789 2666 4860 praecipue
2709 4787 2770 4840 in
2808 4785 3020 4856 templo
3050 4800 3172 4849 suo,
3204 4783 3313 4837 hoc
3352 4787 3435 4836 est
3465 4782 3522 4836 in
3556 4782 3658 4836 lio-
3732 4818 3736 4820 -

1964 4882 2116 4935 mine
2137 4879 2310 4944 fideli,
2334 4877 2638 4932 dicendum
2661 4875 2732 4929 sit
2752 4875 2935 4928 inesse
2952 4877 3216 4926 naturam
3237 4870 3520 4935 divinam;
3542 4887 3656 4940 qua

1965 4970 2035 5024 de
2065 4985 2232 5022 causa
2270 4971 2574 5021 tractatum
2613 4964 2776 5016 illum
2809 4959 3085 5026 inscribit,
3118 4963 3192 5013 De
3227 4960 3521 5014 Praesentia
3560 4959 3657 5012 Dei

1969 5059 2220 5124 (Retract.
2253 5055 2344 5110 lib.
2373 5058 2426 5120 2,
2460 5069 2578 5122 cap.
2610 5052 2717 5118 49).
2753 5048 2835 5103 Ad
2868 5047 3242 5119 posteriorem
3280 5045 3378 5100 ubi
3423 5049 3654 5097 ventum

1967 5149 2068 5211 est,
2101 5144 2357 5198 animum
2384 5142 2444 5196 in
2477 5139 2838 5214 Pelagianam
2868 5135 3156 5204 haeresim,
3188 5151 3301 5189 non
3331 5138 3522 5187 tamen
3551 5147 3652 5183 ex-

1966 5249 2155 5304 presse
2209 5231 2580 5295 nominatam,
2629 5225 2988 5299 potissimum
3032 5222 3354 5287 intendens,
3400 5219 3652 5286 disputa-

1969 5321 2184 5375 tionem
2212 5320 2280 5373 de
2311 5319 2676 5390 parvulorum
2710 5311 3140 5385 regeneratione
3171 5308 3478 5377 copiosam,
3505 5321 3657 5357 eam-

1969 5426 2079 5478 que
2110 5408 2269 5462 valde
2312 5404 2680 5460 necessariam
2721 5400 2978 5455 instituit.
3016 5397 3098 5450 lbi
3137 5409 3300 5447 usum
3339 5391 3574 5445 rationis
3604 5395 3660 5444 et

1970 5496 2275 5550 voluntatis
2306 5494 2616 5549 infantibus
2647 5491 2894 5544 tribuere
2925 5500 3094 5556 quam
3126 5480 3432 5535 absurdum
3467 5478 3539 5532 sit
3565 5496 3658 5532 os-

3046 5583 3306 5666 (Scire)
