4062 6344
400 294 494 348 491
1596 277 1769 333 Vl'l‘A
1823 276 1877 330 S.
1919 270 2303 330 AUGUSTINI
2363 267 2700 324 EPISUOPI.

399 411 600 468 tendit.
638 412 704 464 In
731 408 844 463 illis
874 409 1067 461 tamen
1095 402 1413 474 baptizatis,
1443 399 1703 472 quamvis
1733 398 1789 453 id
1818 396 2094 461 nesciant,

400 499 675 572 Spiritum
703 500 962 551 sanctum
989 492 1269 557 habitare,
1300 489 1475 561 idque
1507 488 1797 560 quomodo
1827 489 1975 540 recte
2004 484 2097 538 in-

401 587 711 658 telligatur,
743 582 936 638 statim
964 580 1207 652 explicat
1237 579 1430 650 (Epist.
1469 581 1587 641 187,
1619 593 1675 631 n.
1700 575 1813 646 25.)

471 680 528 730 7.
557 674 642 728 Ad
670 672 976 728 Paulinum
1005 669 1337 740 episcopum
1368 667 1649 721 Nolanum
1671 669 1801 735 post
1821 665 2097 717 Innocen-

405 763 469 818 tii
499 778 661 834 papae
689 761 910 816 obitum
939 758 1191 812 scribens
1222 772 1325 810 suo
1359 759 1415 809 et
1440 754 1627 825 Alypii
1669 752 1838 807 simul
1866 750 2101 805 nomine

408 853 606 923 (Epist.
645 849 789 921 186),
821 846 1072 919 apertius
1106 844 1274 899 istam
1303 843 1590 908 haeresim,
1621 839 2101 911 longeque'vehe-

405 938 658 995 mentius
678 938 1002 1008 oppugnat:
1018 934 1181 1005 cujus
1198 936 1489 988 auctorem
1511 929 1807 1000 Pelagium
1827 943 1959 982 eum
1982 941 2101 980 esse

406 1028 653 1091 nuntiat,
675 1025 799 1097 qui,
821 1029 886 1079 ut
906 1024 1052 1078 forte
1076 1021 1528 1092 distingueretur
1549 1036 1580 1074 a
1600 1016 1830 1088 Pelagio
1850 1013 2099 1082 Tarenti,

409 1116 561 1172 Brito
592 1112 1125 1186 cognominabatur,
1160 1114 1216 1164 et
1245 1125 1418 1181 quem
1449 1113 1513 1161 ut
1552 1122 1777 1161 servum
1818 1103 1938 1170 Dei,
1972 1118 2103 1174 per-

406 1205 541 1260 inde
581 1208 752 1275 atque
790 1201 922 1272 ipsi,
959 1198 1154 1255 dilexit
1192 1198 1485 1252 Paulinus.
1527 1194 1698 1249 Mittit
1735 1193 1923 1248 eidem
1964 1193 2105 1246 Pau-

408 1293 527 1348 lino
548 1290 948 1346 Africanorum
967 1288 1213 1342 duorum
1243 1282 1612 1338 consiliorum
1632 1285 1690 1335 et
1709 1280 1965 1352 quinque
1986 1278 2107 1348 epi-

410 1375 713 1451 scoporum
739 1376 1005 1449 epistolas
1033 1375 1138 1429 hac
1164 1373 1234 1428 de
1264 1388 1432 1427 causa
1460 1370 1695 1441 scriptas
1723 1369 1793 1423 ad
1824 1370 2106 1423 Innocen-

409 1469 557 1524 tium
602 1482 834 1538 papam,
886 1460 1315 1532 Innocentiique
1355 1459 1425 1514 ad
1472 1459 1597 1513 illas
1645 1470 1966 1528 responsa:
2013 1454 2107 1509 ad-

405 1555 618 1628 junctis
648 1554 797 1609 haud
827 1551 997 1607 dubie
1027 1549 1207 1605 Gestis
1233 1546 1519 1603 Palaestini
1541 1544 1759 1616 judicii,
1795 1543 1860 1598 de
1889 1558 2012 1613 quo,
2043 1545 2107 1596 ut

409 1644 502 1706 ait,
533 1644 838 1698 damnatus
860 1640 1113 1707 Pelagius
1152 1639 1373 1705 exisset,
1406 1636 1518 1690 nisi
1546 1634 1754 1703 objecta
1786 1633 1895 1686 sibi
1919 1636 2108 1686 contra

408 1733 647 1802 gratiam
675 1732 772 1784 Dei
800 1729 968 1795 dicta,
1013 1742 1132 1796 qua:
1170 1725 1458 1779 obscurare
1490 1738 1597 1775 non
1619 1722 1820 1791 potuit,
1851 1722 1967 1789 ipse
2004 1718 2105 1771 da-

408 1824 643 1876 mnasset
674 1817 860 1889 (lbid.,
886 1833 940 1870 η.
977 1813 1085 1884 31).
1120 1813 1396 1869 Eumdem
1434 1808 1831 1875 nihilominus,
1863 1807 1924 1861 in
1948 1805 2109 1861 libris

408 1912 538 1981 post
567 1906 711 1963 illud
745 1904 1030 1977 judicium
1058 1902 1129 1957 ab
1169 1901 1293 1973 ipso
1325 1889 1523 1967 editis,‘
1554 1896 1998 1967 haudquaquam
2037 1893 2108 1981 de

407 1996 693 2068 adjutorio
736 1994 943 2049 divinae
988 1990 1186 2063 gratiae
1233 1993 1381 2044 recte
1426 1986 1659 2052 sentire,
1710 1985 1845 2039 hinc
1886 1980 2107 2054 perspi-

412 2101 584 2140 cuum
615 2099 737 2138 esse
766 2081 1035 2146 afﬁrmat,
1068 2077 1221 2149 quod
1258 2075 1565 2148 aliquando
1597 2074 1677 2128 ita
1705 2072 1939 2143 paribus
1978 2086 2109 2124 mo-

414 2172 624 2228 mentis
659 2173 997 2242 potestatem
1042 2164 1348 2221 voluntatis
1391 2178 1557 2234 aequa
1598 2163 1755 2216 lance
1784 2158 2105 2230 perpendit,

414 2264 479 2316 ut
503 2260 858 2331 aliquantum
885 2254 1061 2310 etiam
1102 2254 1171 2307 ad
1207 2268 1325 2306 non
1352 2249 1703 2321 peccandum
1744 2248 1930 2301 valere
1966 2246 2110 2301 deti-

414 2348 537 2403 niat
568 2364 581 2401 :
612 2344 917 2416 aliquando
948 2346 1139 2397 autem
1169 2338 1504 2411 quotidiano
1534 2336 1733 2407 gratiae
1771 2333 1873 2388 Dei
1897 2332 2111 2388 muniri

415 2452 520 2490 nos
570 2432 875 2488 conﬁtetur
921 2429 1158 2498 auxilio,
1204 2425 1465 2499 quamvis
1515 2425 1829 2480 habeamus
1880 2421 1951 2476 ad
1996 2437 2110 2475 non

413 2521 764 2594 peccandum
790 2520 936 2574 forte
965 2534 1028 2573 ac
1057 2518 1291 2572 ﬁrmum
1321 2515 1564 2570 liberum
1589 2512 1922 2578 arbitrium;
1945 2514 2010 2564 ut
2036 2509 2114 2563 vi-

416 2613 620 2666 deatur
646 2608 926 2663 auxilium
953 2605 1153 2678 gratiae
1175 2609 1451 2675 tanquam
1480 2618 1548 2656 ex
1571 2599 1884 2656 abundanti
1910 2603 2111 2670 putare

415 2696 672 2767 concedi,
701 2696 913 2751 scilicet
941 2700 1006 2748 ut
1036 2693 1190 2765 quod
1216 2691 1482 2746 homines
1514 2691 1699 2745 facere
1730 2704 1832 2760 per
1864 2688 2112 2742 liberum

409 2787 690 2859 jubentur
727 2783 1048 2843 arbitrium.
1082 2781 1305 2836 facilius
1332 2779 1553 2851 possint
1579 2777 1820 2849 implere
1850 2792 1954 2847 per
1983 2791 2111 2845 gra-

418 2874 576 2929 tiam.
609 2874 894 2927 Praeterea
927 2869 1219 2925 auditione
1260 2871 1553 2938 acceperat
1585 2864 1959 2937 Augustinus,
1992 2878 2112 2917 esse

416 2962 477 3018 in
516 2960 742 3016 civitate
784 2959 1004 3014 Nolana
1029 2956 1307 3028 quosdam
1341 2971 1445 3025 pro
1471 2970 1681 3020 errore,
1711 2969 1824 3024 quo
1853 2952 2115 3007 dicebant

417 3050 660 3106 infantes
690 3064 806 3103 non
840 3046 1159 3117 baptizatos
1189 3044 1400 3099 habere
1425 3042 1600 3097 vitam
1631 3045 1924 3108 azternam,
1956 3043 2112 3094 tanta

418 3136 797 3193 obstinatione
825 3133 1093 3200 nitentes,
1110 3135 1177 3186 ut
1196 3130 1264 3185 ab
1286 3129 1514 3200 Pelagio
1542 3129 1690 3199 ipso,
1718 3144 1892 3198 quam
1920 3126 1991 3181 ab
2010 3127 2116 3180 hac

418 3225 721 3290 sententia,
750 3222 943 3294 potius
970 3219 1347 3275 discederent.
1366 3217 1520 3272 Alios
1538 3220 1821 3271 memorat
1835 3215 1947 3269 alio
1968 3215 2116 3269 circa

417 3312 788 3385 parvulorum
827 3308 1181 3380 Baptismum
1220 3321 1413 3360 errore
1451 3304 1654 3371 teneri,
1688 3320 1801 3374 quo
1842 3303 2115 3357 nimirum

419 3399 685 3465 infantes,
718 3397 817 3469 qui
846 3412 962 3451 non
992 3393 1263 3464 baptizati
1287 3397 1552 3464 pereunt,
1586 3408 1711 3446 reos
1747 3391 2113 3462 propriorum

419 3486 772 3543 constituunt
822 3488 1207 3555 peccatorum,
1239 3480 1408 3536 liberi
1448 3480 1669 3535 arbitrii
1706 3496 1812 3535 usu
1865 3480 1935 3535 ab
1978 3479 2115 3551 ipsis

420 3575 856 3632 commissorum
881 3590 893 3627 :
926 3575 991 3627 ut
1018 3571 1118 3643 qui
1151 3571 1300 3625 bona
1329 3570 1543 3624 malave
1573 3569 1818 3639 cogitare
1849 3585 1966 3622 non
1991 3584 2117 3638 pos-

421 3667 576 3731 sunt,
623 3666 897 3734 putentur
932 3676 1037 3731 per
1087 3659 1332 3713 liberum
1388 3657 1687 3712 arbitrium
1742 3658 1830 3711 vel
1885 3673 2116 3728 poenam

420 3750 630 3807 mereri
657 3766 820 3821 posse
846 3751 934 3805 vel
964 3748 1229 3820 gratiam.
1257 3748 1369 3803 Nec
1392 3745 1718 3817 perfugium
1740 3745 1912 3810 istud,
1941 3761 2116 3816 quan-

419 3838 629 3895 tumvis
667 3839 948 3909 ineptum,
991 3835 1218 3891 silentio
1257 3833 1512 3905 praeterit
1544 3848 1558 3886 :
1591 3834 1742 3900 Quod
1769 3835 1909 3887 enim
1934 3837 2117 3902 potue-

418 3932 566 3997 runt,
599 3927 807 3999 inquit,
839 3940 1040 3991 magna
1068 3928 1119 3977 et
1146 3928 1306 3977 acuta
1339 3924 1562 3989 ingenia
1590 3923 1844 3987 cogitare,
1872 3926 1969 3975 aut
1996 3922 2114 3974 ino-

415 4019 524 4087 piae
567 4021 645 4071 est
692 4015 914 4071 tacendo
967 4015 1162 4080 vitare,
1211 4015 1306 4065 aut
1360 4012 1691 4076 arrogantia
1741 4008 2116 4063 contemnendo

417 4106 697 4174 praeterire
755 4101 937 4173 (Ibid.,
996 4099 1082 4153 n.'
1114 4099 1217 4168 l3).
1278 4098 1551 4161 Quasdam
1602 4096 1665 4150 in
1717 4096 1822 4150 hac
1875 4096 2116 4167 epistola

418 4196 549 4262 post
594 4205 774 4244 annos
826 4188 946 4242 fere
993 4185 1296 4240 duodecim
1342 4183 1669 4254 improbare
1720 4188 2016 4255 coeperunt
2052 4184 2110 4249 ii,

420 4277 521 4348 qui
551 4276 871 4345 Pelagianae
891 4275 1171 4328 haereseos
1193 4270 1465 4342 reliquias
1494 4270 1682 4325 fovere
1710 4271 1919 4341 potius,
1942 4288 2115 4342 quam

419 4364 735 4420 doctrinam
761 4360 1097 4417 catholicam
1125 4360 1194 4414 de
1223 4358 1728 4429 praedestinatione
1754 4376 1816 4413 ac
1836 4360 1904 4413 de
1925 4376 2118 4429 perse-

418 4452 689 4506 verantiae
717 4451 866 4505 dono
895 4447 1174 4519 proﬁteri,
1198 4447 1456 4502 animum
1484 4446 1828 4501 induxerant
1855 4451 1946 4517 (Dc
1973 4451 2115 4504 Dono

414 4555 648 4610 perseu,
680 4554 735 4593 η.
766 4540 871 4607 55).
895 4536 1251 4607 Augustinus
1274 4540 1405 4589 ante
1431 4535 1606 4589 ﬁnem
1636 4535 1890 4606 ejusdem
1916 4537 2117 4607 episto-

418 4628 489 4683 lae
518 4628 736 4699 profert
783 4624 1083 4681 duodecim
1121 4640 1363 4692 errores,
1396 4640 1541 4696 quos
1578 4624 1639 4678 in
1690 4625 1986 4680 Palaestina
2030 4643 2115 4697 sy-

418 4714 570 4770 nodo
602 4714 691 4769 vel
718 4714 925 4769 invitus
968 4712 1260 4768 damnavit
1288 4712 1581 4783 Pelagius,
1611 4728 1676 4767 ac
1710 4713 1950 4768 totidem
1979 4715 2113 4769 sub-

412 4803 542 4875 jicit
586 4803 874 4874 oppositas
902 4802 1054 4856 illius
1097 4801 1427 4869 sententias,
1460 4817 1601 4873 quas
1641 4802 1883 4856 Ecclesia
1921 4794 2113 4858 catho-

418 4890 527 4946 lica
575 4907 800 4962 semper
846 4890 1048 4945 tenuit.
1087 4891 1372 4960 Libellum
1414 4906 1481 4944 ex
1526 4891 1633 4944 hac
1661 4895 1820 4961 parte
1858 4890 2113 4961 epistolae

415 4980 629 5035 factum
657 4978 909 5049 reperire
942 4983 1025 5033 est
1060 4978 1121 5033 in
1153 4978 1354 5052 Codice
1385 4979 1683 5034 Canonum
1713 4978 1970 5033 Ecclesiae
2001 4981 2111 5034 Ro-

416 5085 605 5123 manae
633 5067 781 5135 (Cod.
817 5067 947 5123 Can.
979 5069 1153 5136 Rom.,
1182 5084 1302 5121 can.
1339 5067 1431 5138 18)
1451 5083 1464 5120 :
1484 5083 1588 5121 nec
1615 5084 1649 5121 a
1676 5066 1913 5121 veritate
1944 5068 2113 5138 longe

415 5158 706 5226 abhorret,
754 5155 919 5210 sicuti
968 5155 1152 5209 visum
1182 5160 1266 5210 est
1301 5154 1524 5209 erudito
1570 5156 1692 5209 viro
1738 5154 2022 5224 (Quesnel.,
2054 5158 2114 5209 in

414 5248 598 5312 Leon.,
631 5250 769 5300 tomo
798 5247 848 5308 2,
879 5244 1014 5298 diss.
1052 5247 1137 5311 13,
1168 5259 1288 5313 cap.
1315 5246 1432 5314 2t),
1457 5243 1672 5297 huncce
1697 5243 1973 5306 libellum,
1997 5260 2111 5315 quo

414 5332 734 5387 distinctius
763 5335 1166 5403 proponuntur
1195 5347 1280 5397 ea,
1308 5347 1435 5400 quae
1467 5330 1728 5385 Coelestio
1759 5346 1858 5383 seu
1886 5331 2113 5401 Pelagio

414 5421 651 5492 ejusque
682 5418 974 5491 discipulis
1006 5422 1170 5473 erant
1193 5418 1536 5488 proﬁtenda,
1570 5416 1811 5470 missum
1836 5416 2009 5472 fuisse
2040 5419 2112 5473 ad

414 5508 699 5563 Zosimum
729 5523 935 5579 papam
976 5506 1044 5560 ab
1075 5505 1353 5577 episcopis
1392 5504 1854 5573 Carthaginensis
1883 5505 2109 5560 concilii

3810 259 3924 312 492

2208 392 2316 446 hoc
2346 405 2497 445 anno
2528 385 2826 453 celebrati;
2849 384 3057 455 quibus
3078 382 3353 436 nimirum
3382 380 3707 445 videbatur,
3731 377 3793 432 id
3815 376 3926 431 mi-

2210 480 2366 534 nime
2414 477 2692 542 sufﬁcere,
2724 474 2873 546 quod
2904 488 2964 528 se
2995 470 3339 543 generaliter
3379 468 3709 539 apostolicae
3750 465 3923 521 Sedis

2210 566 2525 623 consentire
2555 563 2828 618 doctrinas
2864 561 3274 633 proﬁterentur
3305 559 3522 627 (Contra
3549 560 3699 611 Duas
3729 557 3919 624 Epist.

2212 658 2416 725 Pelag.,
2445 655 2541 709 lib.
2568 656 2622 719 2,
2652 668 2706 706 η.
2733 653 2809 721 5).
3339 696 3347 703 .

2870 730 3093 786 CAPUT
3130 728 3247 783 XII.

2216 829 2236 881 1
2268 828 2491 880 Romam
2518 824 2664 877 venit
2693 821 2965 877 Caelestius
2995 838 3012 872 :
3044 819 3183 872 hunc
3214 817 3452 871 Zosimus
3480 813 3768 868 mitissime
3800 816 3924 876 ira:

2282 908 2414 965 ctat,
2438 918 2645 972 proque
2672 901 2765 955 illo
2791 899 2980 954 scribit
3005 898 3079 951 ad
3107 899 3379 966 episcopos
3405 895 3724 959 Africanos.
3754 894 3791 946 2
3822 893 3922 972 Ρεέ

2284 970 2950 1051 ιαςίἶαάίιηηοοεηιίιιηῑ
2996 976 3226 1046 epistola.
3268 972 3522 1028 redditur
3556 972 3790 1039 Zosimo,
3824 970 3925 1051 qui

2285 1049 2447 1131 hujus
2482 1075 2693 1129 quoque
2730 1058 3000 1125 ambiguis
3040 1053 3218 1109 verbis
3255 1051 3551 1119 deluditur,
3589 1055 3752 1118 atque
3800 1049 3923 1117 eius

2285 1142 2468 1209 gratia
2485 1142 2543 1193 in
2563 1141 2816 1206 Africam
2834 1136 3041 1191 scribit.
3067 1137 3097 1188 3
3119 1136 3323 1187 Zosimo
3353 1130 3779 1203 Carthaginense
3799 1142 3925 1182 con-

2286 1221 2471 1274 cilium
2497 1218 2842 1272 ducentorum
2863 1212 3269 1284 quatuordecim
3296 1213 3664 1280 episcoporum
3691 1223 3925 1277 respon-

2286 1299 2395 1366 det,
2434 1313 2496 1351 ac
2523 1297 2823 1351 Innocentii
2858 1294 3174 1348 sententiam
3204 1292 3263 1344 in
3300 1291 3617 1342 memoratos
3642 1288 3922 1340 haereticos

2286 1378 2487 1432 dictam
2528 1380 2724 1431 tuetur.
2757 1376 2791 1428 4
2821 1374 2874 1426 Ζ
2877 1375 3073 1427 osimus
3098 1371 3175 1424 ad
3201 1370 3497 1435 Africanos
3524 1367 3795 1431 rescribit,
3830 1368 3917 1417 ni-

2288 1458 2365 1511 hil
2394 1472 2450 1511 se
2474 1460 2598 1525 post
2627 1458 2870 1523 acceptas
2909 1455 3148 1521 ipsorum
3177 1451 3387 1503 litteras
3427 1450 3761 1501 immutasse.
3790 1444 3921 1525 Ple-

2286 1523 2506 1590 narium
2535 1535 2819 1589 concilium
2846 1533 3056 1598 Africae
3083 1542 3308 1584 canones
3337 1531 3450 1582 octo
3478 1527 3562 1580 vel
3588 1540 3774 1579 novem
3802 1523 3925 1579 edit

2288 1620 2473 1670 contra
2504 1616 2846 1680 Pelagianos.
2882 1615 2912 1665 5
2944 1610 3030 1664 Ab
3061 1609 3240 1663 eodem
3269 1606 3492 1661 concilio
3519 1606 3736 1659 sancita
3761 1619 3922 1672 quae-

2288 1696 2416 1749 dum
2446 1694 2511 1747 de
2533 1693 2689 1747 rebus
2719 1690 3086 1761 spectantibus
3111 1687 3185 1741 ad
3215 1687 3545 1741 Donatistas.
3578 1686 3610 1739 6
3639 1683 3926 1749 Pelagiani

2289 1790 2409 1828 cum
2443 1789 2476 1827 a
2519 1774 2725 1826 Zosimo
2755 1784 2923 1839 papa,
2964 1773 3076 1821 tum
3106 1766 3175 1820 ab
3208 1767 3439 1821 Honorio
3472 1765 3796 1832 imperatore
3825 1762 3927 1814 da.

2288 1852 2482 1906 mnati.
2499 1855 2527 1903 7
2555 1852 2755 1904 Eorum
2772 1847 3170 1901 damnationem
3188 1841 3676 1911 subscriptionibus
3694 1842 3811 1895 suis
3831 1842 3924 1907 ﬁr-

2288 1934 2442 1985 mant
2487 1943 2663 1983 omnes
2702 1928 2957 1996 episcopi,
2988 1928 3187 1994 preter
3225 1922 3529 1986 octodecim,
3576 1922 3674 1990 qui
3713 1932 3922 1988 proro-

2290 2012 2416 2063 cant
2458 2007 2532 2061 ad
2573 2008 2882 2077 plenariam
2933 2002 3215 2071 synodum.
3256 2004 3287 2055 8
3333 2001 3616 2067 Pelagiani
3658 2015 3766 2053 non
3805 2001 3924 2053 sine

2290 2088 2457 2142 multo
2477 2087 2779 2152 Augustini
2802 2084 2981 2139 labore
3001 2082 3068 2135 ab
3099 2082 3337 2135 Ecclesia
3357 2081 3491 2133 victi
3517 2082 3660 2133 sunt.
3697 2081 3729 2133 9
3756 2080 3812 2132 Is
3847 2080 3916 2133 li-

2293 2167 2412 2219 bros
2438 2165 2511 2218 ad
2538 2166 2825 2218 Pinianum
2853 2162 2985 2215 duos
3011 2165 3197 2214 contra
3224 2161 3500 2227 Pelagium
3527 2158 3737 2212 scribit.

2296 2257 2343 2308 1.
2385 2251 2681 2323 Pelagium
2725 2255 2782 2304 et
2828 2248 3151 2303 C(elestium
3191 2263 3308 2301 non
3352 2246 3451 2301 diu
3489 2245 3654 2300 latuit
3694 2245 3809 2300 lata
3860 2244 3923 2300 in

2222 2343 2372 2413 ipsos
2414 2345 2538 2395 tum
2585 2340 2657 2394 ab
2697 2337 2964 2393 Africana
3012 2336 3275 2403 Ecclesia,
3322 2340 3448 2391 tum
3498 2335 3568 2390 ab
3612 2335 3923 2407 apostolica

2221 2430 2363 2485 Sede
2394 2428 2678 2483 sententia
2700 2441 2920 2498 :neque
2950 2425 3058 2479 sibi
3088 2424 3171 2478 illi
3195 2424 3446 2491 defuere,
3470 2423 3611 2495 quin
3641 2423 3764 2478 sine
3787 2440 3923 2478 cun-

2223 2518 2464 2572 ctatione
2515 2530 2763 2588 purgare
2809 2532 2867 2568 se
2920 2517 3280 2568 conarentur.
3332 2511 3628 2567 Coelestius
3685 2511 3921 2582 quidem

2222 2608 2464 2662 Romam
2492 2621 2550 2659 se
2590 2604 2905 2665 conferens,
2940 2602 3225 2656 Zosimum
3261 2598 3581 2655 Innocentii
3621 2615 3917 2655 successo-

2223 2711 2344 2751 rem
2377 2694 2514 2763 adit,
2545 2693 2614 2748 de
2654 2692 2801 2746 facto
2840 2696 3037 2745 contra
3070 2707 3128 2745 se
3158 2690 3217 2743 in
3255 2688 3442 2743 Africa
3465 2688 3682 2760 judicio
3722 2688 3923 2759 queri-

2225 2789 2337 2851 tur,
2378 2781 2784 2851 contenditque
2812 2795 2870 2833 se
2909 2778 3048 2833 falso
3084 2776 3302 2831 venisse
3342 2776 3668 2848 apostolica!
3703 2776 3838 2831 Sedi
3864 2777 3925 2831 in

2225 2870 2605 2943 suspicionem
2647 2866 2878 2936 erroris,
2920 2872 2976 2921 et
3021 2867 3279 2921 libellum
3326 2864 3459 2920 ﬁdei
3496 2860 3613 2919 sua:
3652 2865 3823 2920 offert
3859 2882 3928 2920 ea

2225 2964 2345 3014 arte
2374 2958 2799 3022 concinnatum,
2822 2959 2885 3009 ut
2912 2954 3073 3025 rejici
3104 2972 3135 3009 a
3161 2953 3379 3009 Zosimo
3401 2970 3770 3026 nequaquam
3802 2971 3929 3026 pos-

2226 3046 2326 3115 sit;
2369 3046 2612 3101 maxime
2650 3060 2780 3098 cum
2820 3058 2879 3097 se
2913 3042 3119 3097 instrui
3155 3044 3297 3097 velle
3337 3042 3697 3113 proﬁteatur,
3737 3042 3926 3096 dicat-

2226 3152 2337 3206 que
2366 3134 2444 3189 ibi
2478 3132 2703 3189 disertis
2731 3131 2919 3186 verbis
2952 3147 2964 3185 :
3007 3133 3068 3185 Si
3093 3133 3253 3197 forte,
3295 3135 3358 3185 ut
3394 3130 3720 3197 hominibus,
3768 3133 3929 3201 quis-

2223 3227 2375 3293 piam
2403 3223 2728 3291 ignorantiae
2747 3235 2898 3275 error
2916 3220 3173 3289 obrepsit,
3194 3223 3374 3273 vestra
3393 3221 3658 3273 sententia
3678 3222 3929 3287 corriga-

2227 3318 2316 3366 tur
2360 3312 2457 3380 (De
2485 3313 2629 3365 Pecc.
2661 3311 2886 3377 origin,
2914 3325 2971 3362 η.
3003 3308 3116 3377 26).
3148 3309 3270 3361 Non
3314 3308 3419 3362 hoc
3456 3313 3648 3361 tamen
3680 3312 3925 3361 conten-

2225 3404 2315 3453 tus
2353 3398 2628 3461 Zosimus,
2660 3398 2916 3468 explorat
2952 3396 3204 3451 hominis
3242 3395 3502 3450 animum
3539 3395 3707 3449 variis
3744 3395 3930 3450 inter-

2224 3485 2638 3557 rogationibus,
2662 3501 2726 3539 ac
2752 3501 2810 3538 se
2840 3500 3083 3555 purgare
3114 3483 3443 3538 molientem
3465 3483 3533 3537 ad
3563 3483 3929 3539 consentien-

2227 3575 2365 3629 dum
2405 3572 2721 3629 Innocentii
2756 3572 2963 3628 litteris
2993 3574 3170 3643 (Cant.
3205 3575 3350 3627 Duas
3373 3574 3549 3642 Epist.
3582 3573 3766 3639 Pelag.
3801 3574 3839 3627 ι.
3869 3576 3923 3640 2,

2225 3681 2280 3718 n.
2310 3663 2383 3734 5),
2416 3663 2616 3717 crebra
2644 3661 3083 3716 interlocutione
3111 3660 3481 3731 constringit;
3502 3660 3579 3714 ita
3610 3666 3676 3715 ut
3705 3660 3926 3728 omnia,

2229 3752 2297 3807 de
2327 3751 2531 3823 quibus
2559 3752 2877 3821 postulatus
2916 3753 3020 3813 est,
3052 3749 3326 3805 damnare
3355 3765 3414 3803 se
3452 3748 3797 3818 respondeat
3837 3765 3927 3804 se-

2227 3838 2477 3893 cundum
2506 3836 2762 3908 ejusdem
2806 3836 2987 3891 beata:
3026 3835 3323 3890 memoria:
3370 3852 3532 3907 papae
3579 3835 3928 3890 sententiam

2230 3926 2413 3997 (Ibid.,
2443 3941 2499 3979 η.
2531 3925 2603 3995 6),
2627 3928 2683 3978 et
2712 3923 2906 3978 omnia
2927 3940 3054 3994 qua:
3079 3924 3249 3978 Sedes
3272 3922 3579 3994 apostolica
3603 3923 3921 3989 damnaret,

2228 4030 2286 4067 se
2314 4012 2718 4067 damnatarum
2736 4026 2857 4064 esse
2883 4009 3177 4081 promittat
3202 4008 3296 4080 (De
3324 4012 3467 4064 Pecc.
3500 4011 3727 4076 origin.,
3752 4026 3812 4065 η.
3846 4010 3924 4080 8).

2229 4097 2565 4169 llujusmodi
2607 4097 2852 4153 Coelestii
2894 4097 3183 4168 responsis
3230 4096 3494 4152 inductus
3520 4104 3605 4152 est
3641 4098 3919 4162 Zosimus,

2226 4191 2290 4241 ut
2335 4204 2489 4257 eum,
2521 4203 2636 4241 non
2679 4186 2912 4257 quidem
2959 4203 2993 4239 a
3041 4185 3280 4239 vinculis
3323 4185 3930 4240 excommunicationis

2226 4275 2417 4329 statim
2446 4275 2779 4344 absolveret,
2805 4275 2904 4329 sed
2947 4275 3222 4329 duntaxat
3251 4290 3424 4345 quam
3472 4274 3773 4328 mitissime
3806 4278 3928 4328 tra-

2226 4369 2422 4419 ctaret.
2475 4365 2613 4417 Nam
2656 4363 2989 4433 interposito
3041 4364 3284 4417 duorum
3322 4362 3606 4417 mensium
3637 4367 3927 4434 tempore,

2227 4455 2409 4509 donec
2447 4451 2854 4506 rescriberetur
2891 4468 2959 4506 ex
2998 4452 3209 4520 Africa,
3249 4451 3619 4522 resipiscendi
3647 4451 3700 4505 ei
3728 4451 3924 4506 locum

2225 4542 2329 4596 sub
2380 4540 2629 4611 quadam
2677 4540 3003 4594 medicinali
3035 4540 3329 4594 sententia.-
3360 4540 3590 4594 lenitate
3620 4540 3922 4595 concessit.

2224 4628 2490 4694 Quinimo
2520 4629 2588 4683 de
2618 4628 2788 4683 rebus
2806 4644 2937 4682 cum
2956 4628 3080 4699 ipso
3101 4628 3276 4699 gestis
3304 4627 3608 4699 epistolam
3627 4644 3764 4699 erga
3788 4644 3927 4683 eum

2224 4717 2631 4772 benevolentiae
2670 4716 2900 4786 plenam
2939 4716 3093 4771 dedit
3129 4716 3201 4771 ad
3238 4715 3535 4771 Aurelium
3574 4721 3928 4789 crateresque

2222 4806 2518 4862 Africanos
2540 4805 2852 4876 episcopos,
2868 4821 3113 4876 quorum
3133 4805 3203 4860 de
3224 4805 3346 4876 ejus
3364 4821 3533 4859 causa
3546 4803 3841 4875 judicium
3863 4809 3929 4859 ut

2223 4894 2395 4949 nimis
2424 4898 2795 4965 properatum
2823 4894 3053 4964 culpare
3073 4892 3299 4948 videtur
3326 4908 3341 4947 :
3366 4898 3721 4947 accusatores
3745 4908 3926 4964 porro

2224 4983 2378 5037 illius
2423 4983 2622 5037 durius
2666 4982 2856 5046 habet,
2911 4981 3260 5053 mulctatque
3307 4980 3925 5036 excommunicatione.

2222 5074 2453 5125 Annum
2500 5069 2705 5124 Christi
2744 5068 3375 5141 quadringentesimum
3425 5069 3714 5125 decimum
3762 5070 3931 5142 septi-

2222 5178 2384 5216 mum
2414 5161 2588 5214 refert
2617 5158 2860 5230 epistola
2889 5176 2902 5214 :
2926 5160 3079 5215 diem
3101 5176 3232 5214 vero
3253 5159 3490 5214 minime
3520 5159 3814 5231 adjectum
3833 5160 3931 5215 ha-

2222 5246 2318 5301 bet
2348 5247 2619 5317 (Append.
2656 5249 2786 5301 tomi
2836 5250 2922 5314 10,
2963 5253 3112 5318 part.
3151 5252 3204 5316 2,
3237 5250 3433 5303 Zosimi
3459 5250 3619 5318 epist.
3650 5248 3727 5302 ad
3756 5251 3927 5319 episc.

2222 5335 2427 5402 Afric.,
2459 5333 2524 5387 de
2552 5349 2717 5387 causa
2747 5334 3014 5406 Galeam).

2292 5425 2344 5475 2.
2371 5420 2632 5491 Pelagius
2654 5426 2845 5477 autem
2867 5422 2929 5477 in
2949 5422 3252 5478 Palaestina
3273 5426 3408 5477 tunc
3428 5423 3712 5494 temporis
3726 5441 3928 5497 agens,

2221 5523 2279 5561 se
2328 5523 2556 5595 quoque
2592 5510 2825 5566 molitus
2864 5514 2947 5566 est
2976 5526 3079 5583 per
3121 5509 3337 5566 litteras
3380 5509 3449 5565 ad
3495 5511 3927 5580 Innocentium,
