4062 6370
218 355 323 407 493

217 492 396 546 quem
442 477 773 532 defunctum
832 494 953 533 esse
1000 480 1303 547 nesciebat,
1362 482 1600 553 scriptas
1669 499 1916 555 purgare

213 565 322 636 (De
362 568 559 623 Gratia
600 570 824 635 Christi,
869 585 923 624 n.
972 570 1083 641 32.)
1120 570 1343 626 Litterae
1402 573 1715 628 successori
1760 573 1915 628 illius

214 655 468 722 Zosimo,
518 656 753 711 redditm
783 661 934 724 sunt,
991 674 1109 713 una
1133 675 1263 714 cum
1306 660 1498 716 libello
1534 662 1689 729 ﬁdei,
1743 678 1914 734 quem

212 742 392 799 simul
423 745 701 813 mittebat,
732 744 1025 800 desinente
1057 746 1115 801 in
1141 749 1264 803 haec
1287 749 1498 804 verba:
1528 752 1648 805 Hac
1672 751 1913 821 estﬁdes,

204 846 370 900 papa
394 832 718 901 beatissime,
760 848 922 902 quam
952 835 1011 887 in
1038 836 1277 889 Ecclesia
1306 838 1569 892 catholica
1598 836 1912 905 didicimus,

210 936 488 990 quamque
528 936 732 990 semper
766 924 1034 977 tenuimus
1063 928 1113 978 et
1144 928 1395 980 tenemus.
1426 926 1500 980 In
1530 942 1639 994 qua
1663 927 1713 980 si
1735 928 1914 980 minus

205 1010 389 1076 perite
407 1013 503 1063 aut
512 1022 714 1079 parum
729 1015 881 1065 caute
892 1012 1108 1080 aliquid
1125 1015 1267 1079 forte
1276 1016 1510 1083 positum
1521 1020 1619 1080 est,
1639 1014 1917 1069 emendari

212 1098 466 1165 cupimus
498 1114 531 1150 a
559 1101 626 1164 te,
659 1100 757 1167 qui
784 1100 933 1153 Petri
960 1104 1010 1153 et
1031 1100 1190 1168 ﬁdem
1210 1105 1261 1154 et
1279 1101 1454 1156 sedem
1472 1107 1611 1156 tenes
1635 1100 1913 1172 (Append.

217 1186 355 1238 tomi
387 1187 469 1251 10,
488 1190 640 1254 part.
682 1189 736 1252 2,
762 1187 950 1240 Libetl.
988 1187 1122 1257 ﬁdei
1150 1189 1377 1256 Pelagii,
1410 1193 1539 1257 etc.,
1572 1205 1627 1244 η.
1666 1191 1775 1259 13),
1805 1195 1911 1245 etc.

217 1273 505 1343 Deceptus
534 1273 708 1328 etiam
738 1274 807 1328 ab
854 1274 963 1329 isto
1001 1276 1273 1344 Zosimus,
1320 1277 1465 1332 sicut
1510 1294 1615 1349 pro
1653 1278 1914 1332 leestio

215 1360 455 1426 fecerat,
473 1376 578 1431 pro
600 1361 829 1433 Pelagio
851 1378 1079 1434 quoque
1101 1363 1399 1434 epistolam
1420 1366 1659 1419 alteram
1678 1365 1746 1420 ad
1767 1365 1915 1419 Afri-

214 1465 394 1503 canos
418 1450 690 1519 praesules
714 1451 823 1505 hoc
853 1452 1053 1505 eodem
1075 1468 1248 1522 anno,
1278 1453 1369 1507 die
1387 1454 1687 1509 undecimo
1721 1454 1914 1508 kalen-

212 1537 320 1591 das
346 1537 608 1607 octobris,
644 1538 818 1605 misit,
880 1539 941 1593 in
984 1556 1097 1610 qua
1125 1540 1187 1594 in
1227 1542 1492 1595 Herotem
1536 1545 1592 1597 et
1642 1542 1913 1596 Lazarum

212 1625 609 1680 acerbioribus
637 1627 820 1680 multo
853 1642 1027 1697 quam
1050 1628 1109 1681 in
1140 1628 1425 1699 superiori
1462 1629 1704 1699 epistola
1732 1630 1916 1685 verbis

210 1713 508 1768 invehitur
535 1730 549 1767 :
582 1713 754 1786 idque
788 1715 1094 1785 pollicetur
1124 1716 1253 1783 sibi,
1290 1717 1409 1772 fore
1458 1723 1518 1772 ut
1546 1717 1654 1789 ipsi
1684 1735 1914 1790 quoque

211 1801 466 1857 Africani
481 1805 753 1874 praesules
778 1804 909 1858 inde
932 1820 1062 1859 cum
1079 1804 1201 1876 ipso
1217 1806 1435 1876 pariter
1454 1808 1732 1877 persuasi,
1760 1809 1915 1862 Pela-

126 1904 137 1915 '
210 1890 380 1962 gium
403 1895 459 1946 et
488 1891 814 1946 Coelestium
836 1909 938 1963 pro
961 1892 1249 1947 catholicis
1274 1894 1542 1962 habeant,
1570 1895 1725 1965 quod
1746 1895 1915 1949 ambo

211 1978 313 2034 isti
341 1973 666 2035 damnanda
695 1981 1055 2049 damnarent,
1097 1986 1155 2036 et
1184 1983 1473 2053 sequenda
1516 1988 1913 2054 sequerentur,

211 2082 325 2122 nec
352 2067 392 2122 ii
414 2071 541 2139 post
569 2073 810 2123 mortem
833 2074 888 2124 et
914 2069 1208 2125 interitum
1232 2069 1565 2125 revixissent
1582 2070 1913 2141 inventique

212 2161 426 2219 essent,
456 2161 597 2228 puta
623 2157 695 2213 ad
723 2158 895 2213 ﬁdem
923 2159 1241 2225 redeundo,
1289 2158 1386 2213 sed
1416 2158 1651 2213 omnino
1699 2157 1913 2212 mortui

213 2261 338 2299 non
371 2249 557 2300 essent
600 2262 705 2301 nec
747 2247 1069 2318 periissent,
1127 2247 1196 2301 de
1234 2247 1441 2318 quibus
1479 2246 1740 2301 videlicet
1774 2247 1915 2301 falsa

212 2334 449 2405 vulgata
490 2338 622 2389 sunt
652 2334 823 2405 (Part.
872 2337 923 2404 1,
972 2336 1418 2405 Hypomnesticon
1466 2339 1655 2389 contra
1704 2335 1911 2402 Pelag.,

213 2423 315 2477 lib.
350 2427 397 2484 5,
429 2439 505 2477 cc.
537 2425 716 2493 9-40).

292 2514 341 2565 3.
378 2511 541 2575 Quod
579 2516 768 2566 autem
805 2509 1027 2565 Zosimo
1058 2509 1320 2582 Pelagius
1358 2509 1724 2582 imposuerit,
1765 2509 1911 2565 nihil

212 2598 474 2669 profecto
501 2598 733 2653 mirum.
763 2599 861 2653 llic
900 2598 1054 2653 enim
1077 2602 1192 2653 tam
1216 2598 1417 2653 callide
1444 2598 1616 2653 verba
1635 2614 1737 2653 sua
1765 2615 1916 2652 com-

209 2691 505 2759 posuerat,
533 2691 805 2759 tantaque
826 2686 1105 2741 industria
1133 2686 1597 2758 aequivocationis
1610 2687 1914 2757 caliginem

209 2776 495 2831 oﬁ'udcrat
532 2775 781 2842 veritati,
828 2779 892 2830 ut
946 2791 1078 2829 cum
1109 2775 1231 2846 ejus
1273 2775 1484 2845 scripta
1510 2776 1571 2829 in
1598 2776 1846 2829 Africam
1881 2791 1914 2828 a

210 2864 442 2921 Zozimo
476 2863 719 2919 fuissent
760 2864 1114 2932 transmissa,
1145 2863 1235 2916 vix
1265 2862 1507 2934 ipsemet
1534 2862 1909 2932 Augustinus,

211 2953 358 3027 quin
389 2968 455 3007 ea
484 2951 761 3006 catholica
782 2951 1089 3022 judicaret,
1123 2951 1306 3021 deque
1345 2949 1561 3021 Pelagii
1606 2950 1795 3004 reditu
1840 2950 1913 3004 ad

212 3046 430 3097 rectam
460 3041 634 3095 ﬁdem
663 3041 973 3108 laetaretur,
1006 3037 1112 3093 sibi
1131 3038 1537 3109 temperaverit
1575 3039 1673 3107 (De
1693 3040 1912 3093 Peccato

213 3130 504 3199 originali,
530 3145 586 3183 n.
620 3130 726 3198 20).
756 3128 863 3184 Sed
892 3128 1068 3196 virus,
1093 3126 1247 3199 quod
1266 3126 1326 3180 in
1350 3125 1757 3197 prolixioribus
1788 3126 1909 3197 ejus

213 3218 379 3274 libris
423 3216 923 3283 animadverterat,
956 3216 1141 3271 effecit
1168 3219 1233 3269 ut
1260 3215 1366 3269 ista
1403 3231 1634 3286 quoque
1668 3213 1778 3285 ipsi
1818 3230 1912 3269 su-

216 3307 412 3375 specta
441 3308 661 3360 essent:
697 3322 826 3376 quae
855 3321 986 3359 cum
1015 3302 1354 3374 inspexisset
1388 3302 1679 3369 attentius,
1713 3318 1913 3356 eorum

218 3391 470 3462 denique
500 3391 933 3463 ambiguitatem
977 3408 1041 3445 ac
1068 3391 1271 3445 vitium
1310 3390 1703 3461 deprehendit.
1751 3389 1913 3453 Quod

218 3478 292 3533 ad
332 3479 677 3545 leestium,
724 3479 1140 3551 rescripserunt
1184 3478 1433 3533 Africani
1478 3479 1752 3549 praesules
1797 3493 1915 3531 non

218 3566 502 3634 sufﬁcere,
536 3568 616 3622 ait
642 3567 1017 3639 Augustinus,
1076 3567 1227 3637 quod
1258 3582 1317 3620 se
1364 3566 1709 3637 generaliter
1738 3567 1913 3620 Inno-

216 3654 392 3709 centii
424 3654 671 3727 episcopi
695 3654 900 3709 litteris
921 3654 1236 3709 consentire
1266 3653 1578 3720 fatebatur;
1603 3654 1698 3707 sed
1720 3658 1913 3724 aperte

218 3760 355 3797 eum
384 3743 591 3799 debere
627 3742 1106 3797 anathematizare
1135 3759 1264 3813 qua:
1292 3742 1352 3795 in
1383 3758 1489 3796 suo
1518 3741 1709 3795 libello
1742 3756 1915 3810 prava

214 3836 486 3903 posuerat
515 3832 735 3902 (Contra
773 3835 920 3886 Duas
950 3832 1223 3901 Epistolas
1258 3832 1465 3897 Pelag,
1512 3844 1557 3883 c.
1592 3831 1667 3896 3).
1712 3829 1789 3882 Ex
1819 3843 1913 3881 eo-

216 3937 349 3975 rum
396 3920 636 3991 epistola
677 3921 749 3974 ad
796 3919 1083 3974 Zosimum
1129 3918 1189 3973 in
1250 3917 1491 3971 concilio
1539 3917 1915 3969 ducentorum

215 4008 654 4081 quatuordecim
686 4007 1084 4076 episcoporum
1113 4006 1321 4075 scripta
1340 4005 1448 4058 hoc
1467 4004 1756 4059 decretum
1783 4018 1913 4073 pro-

214 4100 331 4153 fert
361 4097 602 4164 Prosper
633 4108 646 4149 :
689 4095 1076 4150 Constituimus
1109 4095 1164 4146 in
1203 4094 1479 4159 Pelagium
1533 4096 1696 4159 atque
1748 4092 1916 4147 Caele-

215 4187 388 4240 stium
412 4198 509 4252 per
536 4181 887 4235 venerabilem
910 4183 1213 4251 episcopum
1233 4180 1607 4235 Innocentium
1635 4178 1700 4232 de
1725 4178 1916 4233 beatis-

217 4273 348 4328 simi
376 4272 609 4341 apostoli
656 4271 805 4325 Petri
847 4269 980 4325 Sede
1016 4271 1289 4338 prolatam
1338 4283 1551 4322 manere
1577 4269 1914 4333 sententiam,

220 4361 387 4414 donec
413 4360 758 4429 apertissima
800 4360 1127 4424 confessione
1152 4359 1456 4423 fateantur,
1488 4356 1676 4423 gratia.
1701 4357 1796 4409 Dei
1819 4370 1918 4423 per

220 4452 402 4505 Jesum
458 4448 732 4503 Christum
798 4446 1078 4500 Dominum
1123 4450 1386 4509 nostrum,
1444 4459 1550 4497 non
1620 4444 1790 4497 solum
1845 4443 1919 4497 ad

222 4535 657 4603 cognoscendam,
690 4550 875 4588 verum
903 4536 1063 4587 etiam
1079 4532 1471 4599 adfaciendam
1492 4531 1793 4601 justitiam,
1823 4546 1916 4586 nos

218 4642 321 4697 per
348 4629 499 4679 actus
529 4625 767 4690 singulos
810 4622 1077 4691 adjuvari
1098 4640 1114 4686 ;
1158 4622 1239 4674 ita
1268 4626 1327 4689 ut
1353 4623 1469 4674 sine
1496 4621 1596 4674 illa
1616 4620 1756 4673 nihil
1783 4636 1920 4674 verae

221 4717 525 4781 sanctaque
549 4714 774 4781 pietatis
807 4711 1019 4775 habere,
1052 4712 1308 4778 coyitare,
1332 4708 1527 4773 dicere,
1558 4722 1715 4774 agere
1742 4707 1920 4763 valea-

220 4816 343 4855 mus
371 4803 634 4871 (Prosper,
669 4802 863 4857 Contra
894 4799 1230 4863 Collatorem,
1261 4813 1322 4850 n.
1362 4798 1467 4863 15).

296 4891 350 4943 4.
386 4890 554 4942 Anno
609 4888 991 4958 subsequente
1019 4884 1271 4940 Zosimus
1317 4880 1595 4936 Africanis
1644 4879 1921 4951 episcopis

226 4975 523 5048 respondit
544 4992 647 5046 per
666 4976 882 5030 litteras
904 4972 1240 5029 duodecimo
1260 4970 1534 5025 kalendas
1554 4968 1745 5040 aprilis
1764 4968 1923 5022 datas

226 5063 503 5135 (Append.
566 5064 696 5117 tomi
754 5065 838 5131 10,
886 5066 1037 5131 part.
1084 5063 1138 5124 2,
1198 5060 1393 5115 Zosimi
1442 5060 1598 5127 epist.
1658 5055 1732 5109 ad
1788 5056 1921 5122 Afr.

235 5156 423 5224 episc.,
469 5151 535 5205 de
588 5164 753 5205 causa
804 5148 1052 5219 ϐοήθει),
1111 5148 1321 5220 quibus
1375 5162 1469 5203 eos
1522 5143 1789 5200 certiores
1843 5143 1923 5197 fe-

241 5241 339 5307 cit,
392 5239 538 5294 nihil
585 5254 642 5291 se
706 5240 835 5308 post
883 5240 1137 5307 acceptas
1204 5234 1461 5307 ipsorum
1529 5233 1746 5288 litteras
1808 5231 1925 5285 im-

233 5333 505 5394 mutasse,
545 5325 639 5380 sed
685 5325 747 5378 in
775 5324 977 5379 eodem
1008 5328 1158 5379 statu
1186 5327 1407 5386 cuncta,
1438 5319 1925 5393 quemadmodum

243 5421 480 5489 rogatus
510 5414 579 5469 ab
608 5412 746 5484 ipsis
800 5411 1005 5477 fuerat,
1060 5410 1379 5482 reliquisse.
1426 5410 1621 5481 Neque
1662 5423 1766 5479 per
1794 5422 1926 5460 eum

232 5506 412 5573 stetit,
446 5503 755 5577 quominus
782 5502 844 5557 in
885 5500 1132 5557 Coelestii
1155 5516 1402 5568 causam,
1454 5516 1523 5554 ex
1560 5499 1793 5554 illorum
1827 5513 1927 5551 vo-

227 5594 449 5650 luntate
478 5590 851 5664 consilioque,
890 5587 1221 5661 diligentius
1264 5584 1675 5659 inquireretur.
1720 5583 1927 5637 Verum

1656 362 1865 417 LIBER
1915 361 2257 419 SEPTIMUS
2270 405 2282 418 .

3617 376 3723 428 494

2026 500 2155 540 cum
2188 486 2310 555 ejus
2340 487 2645 557 praesentia
2672 492 3023 557 posceretur,
3077 493 3142 544 ut
3171 490 3339 545 certis
3367 507 3432 546 ac
3460 492 3722 548 dilucidis

2027 573 2496 644 responsionibus
2518 575 2607 629 vel
2634 575 2839 629 astutia
2861 577 3131 643 hominis,
3157 580 3246 632 vel
3277 580 3551 634 correctio
3580 581 3721 635 dilu-

2026 665 2292 728 cesceret,
2350 665 2405 716 et
2458 662 2605 716 nulli
2641 663 2912 734 ambigua
2950 669 3301 733 remaneret;
3339 683 3397 720 se
3446 668 3724 722 subtraxit

2024 748 2119 803 ille
2151 755 2208 804 et
2228 750 2455 820 negavit
2477 750 2725 804 examini
2757 744 2975 819 (Contra
3019 756 3162 807 Duas
3206 756 3483 823 Epistolas
3518 756 3721 826 Pelag.,

2026 838 2120 894 lib.
2152 840 2206 904 2,
2230 854 2288 904 n,
2319 842 2397 907 5).
2434 839 2629 909 Neque
2668 839 2839 893 etiam
2872 841 3152 910 Pelagius,
3185 842 3412 896 tametsi
3449 842 3603 897 visus
3640 849 3725 899 est

2025 925 2097 979 ad
2127 929 2353 997 tempus
2382 926 2600 997 aliquid
2622 926 2830 993 dicere,
2863 929 3013 998 quod
3041 928 3175 983 ﬁdei
3204 930 3494 984 catholicae
3525 947 3723 985 convc-

2026 1013 2193 1081 niret,
2228 1016 2543 1069 Romanam
2576 1015 2778 1069 Sedem
2821 1032 3000 1086 usque
3039 1016 3098 1071 in
3127 1018 3303 1071 ﬁnem
3341 1018 3537 1072 fallere
3573 1035 3722 1090 prae-

2024 1103 2205 1157 valuit
2241 1104 2336 1175 (De
2381 1107 2596 1159 Peccato
2649 1106 2928 1172 originali,
2988 1121 3046 1158 n.
3099 1106 3207 1172 24).
3256 1107 3400 1176 (Post
3451 1107 3723 1177 rescripta

2026 1191 2238 1263 quippe
2268 1191 2520 1246 Africani
2549 1191 2793 1257 concilii,
2826 1208 2941 1245 non
2972 1208 3038 1245 ea
3062 1197 3282 1247 tantum
3303 1194 3572 1264 pestifera
3599 1195 3723 1265 ejus

2026 1279 2314 1350 dogmata,
2355 1297 2483 1352 quae
2508 1279 2568 1333 in
2604 1279 2849 1333 Africam
2876 1285 3274 1349 pervenerant,
3303 1282 3398 1335 sed
3429 1282 3541 1336 alia
3581 1299 3721 1353 quo-

2025 1384 2135 1439 que
2165 1368 2343 1440 ipsius
2371 1370 2432 1423 in
2467 1368 2609 1423 urbe
2632 1370 2832 1437 Roma,
2852 1368 2954 1421 ubi
2986 1369 3304 1423 diutissime
3346 1369 3582 1437 vixerat,
3634 1375 3719 1425 at-

2027 1472 2138 1528 que
2166 1457 2227 1511 in
2255 1457 2344 1511 his
2363 1458 2549 1511 fuerat
2567 1456 2726 1527 prius
2755 1458 3115 1512 sermonibus
3146 1458 3723 1529 contentionibusque

2026 1550 2299 1613 versatus,
2331 1562 2467 1600 cura
2519 1545 2777 1600 ﬁdelium
2823 1544 3067 1599 fratrum
3108 1547 3331 1617 prolata
3371 1551 3716 1617 patuerunt;

2027 1650 2157 1705 quae
2208 1634 2439 1689 tandem
2488 1650 2639 1704 papa
2676 1634 2929 1688 Zosimus
2975 1635 3044 1688 ab
3101 1634 3377 1687 universis
3419 1634 3721 1688 Catholicis

2027 1723 2369 1777 exsecranda
2411 1722 2650 1776 censuit.
2701 1722 3048 1776 Posteriores
3093 1721 3209 1774 illa;
3253 1720 3459 1774 Zosimi
3511 1720 3718 1774 littera:

2025 1814 2406 1881 pervenerunt
2442 1809 2504 1863 in
2542 1808 2789 1863 Africam
2820 1808 2987 1861 tertio
3016 1808 3290 1861 kalendas
3319 1807 3523 1862 maias.
3563 1809 3721 1863 Tunc

2026 1896 2302 1967 temporis
2329 1897 2604 1966 prarsules
2626 1894 3025 1965 Carthaginem
3048 1893 3457 1947 conveniebant
3486 1895 3553 1949 ad
3583 1911 3717 1949 con-

2025 1984 2243 2054 cilium,
2267 1985 2416 2055 quod
2438 1984 2543 2038 hac
2567 1984 2627 2037 in
2655 1983 2793 2037 urbe
2822 1982 2959 2053 ipsis
2989 1981 3249 2036 kalendis
3266 1981 3431 2035 maiis
3460 1982 3718 2036 habitum

2026 2077 2280 2141 notatur,
2313 2077 2484 2144 atque
2507 2072 2577 2126 ab
2605 2071 2923 2142 Augustino
2955 2069 3165 2125 dicitur
3190 2069 3515 2140 plenarium
3544 2069 3718 2124 totius

2023 2160 2226 2215 Africae
2259 2162 2459 2230 (Epist.
2500 2163 2625 2225 215,
2656 2176 2713 2214 n.
2751 2160 2827 2229 2).
2862 2158 2999 2213 Inde
3044 2157 3285 2228 profecti
3315 2162 3448 2211 sunt
3477 2162 3603 2212 octo
3634 2157 3719 2211 illi

2024 2249 2139 2303 sive
2170 2265 2370 2303 novem
2403 2252 2598 2302 contra
2628 2246 2994 2317 Pelagianam
3023 2245 3291 2299 haeresim
3322 2261 3584 2305 canones.
3618 2245 3719 2316 qui

2025 2336 2361 2392 Milevitana).
2391 2336 2604 2407 synodo
2633 2336 2859 2390 fuerant
2888 2334 3027 2389 falso
3071 2332 3337 2403 adscripti
3386 2334 3545 2402 (Vide
3568 2335 3717 2388 Prae-

2021 2429 2129 2493 fat.
2163 2428 2221 2479 in
2251 2431 2449 2480 tomum
2496 2427 2604 2494 10).

2094 2516 2145 2567 5.
2180 2514 2469 2568 Materiam
2499 2511 2633 2567 huic
2677 2516 2793 2567 tam
2838 2510 3123 2581 frequenti
3166 2508 3404 2564 concilio
3458 2525 3576 2563 non
3611 2506 3717 2561 soli

2023 2598 2320 2669 praebuere
2351 2595 2641 2667 Pelagiani
2673 2612 2686 2650 :
2719 2595 3001 2666 siquidem
3022 2610 3269 2648 canones
3300 2608 3529 2664 quoque
3560 2593 3620 2648 in
3650 2609 3717 2646 eo

2020 2688 2217 2759 plures
2254 2684 2469 2740 conditi
2516 2683 2885 2755 reperiuntur
2930 2683 2999 2737 de
3028 2683 3217 2748 rebus,
3250 2698 3379 2752 quae
3409 2681 3480 2735 ad
3528 2682 3716 2735 Dona-

2023 2775 2182 2830 tistas
2241 2772 2623 2844 pertinebant.
2679 2771 2964 2827 Generalis
3010 2771 3261 2841 synodus
3316 2769 3505 2823 idibus
3538 2768 3717 2839 juniis

2024 2862 2160 2916 anni
2188 2858 2740 2933 quadringentesimi
2767 2857 2995 2927 septimi
3022 2860 3213 2910 coacta
3235 2855 3598 2925 Carthagine,
3624 2871 3713 2909 ec-

2024 2949 2220 3004 clesias
2268 2964 2331 3002 ac
2390 2947 2652 3018 populos,
2714 2945 2813 3015 qui
2869 2942 3296 2998 Donatistarum
3335 2942 3713 2995 secessionem

2024 3041 2153 3092 ante
2184 3038 2368 3109 legem
2424 3034 2655 3089 Honorii
2702 3049 2853 3087 anno
2893 3029 3456 3102 quadringentesimo
3514 3029 3714 3099 quinto

2024 3126 2196 3180 latam
2223 3123 2607 3195 reliquissent,
2633 3123 2908 3176 statuerat
2930 3119 3047 3173 fore
3071 3117 3322 3189 episcopi
3350 3116 3524 3181 illius,
3548 3133 3582 3170 a
3601 3132 3715 3187 quo

2024 3214 2263 3269 fuissent
2306 3211 2600 3277 conversi;
2664 3209 2805 3265 alios
2855 3224 2987 3261 vero
3045 3210 3333 3260 secuturos
3400 3205 3717 3258 antistitem

2024 3302 2182 3358 urbis
2227 3302 2370 3372 ejus,
2416 3298 2525 3365 cui,
2572 3298 2710 3353 dum
2754 3293 3125 3351 schismaticis
3164 3293 3424 3364 partibus
3454 3293 3710 3346 adhaere-

2024 3392 2181 3459 bant,
2213 3389 2426 3445 subditi
2453 3386 2850 3457 erant(Codice
2893 3386 3167 3441 Canonum
3204 3383 3410 3450 Afric.,
3443 3397 3599 3435 cann.
3625 3383 3715 3446 98,

2026 3482 2133 3550 99).
2168 3481 2242 3533 Ex
2275 3494 2341 3532 ea
2369 3474 2775 3531 constitutione
2808 3473 2935 3527 lites
2964 3471 3115 3525 inter
3154 3471 3450 3540 episcopos
3488 3469 3555 3523 de
3590 3468 3715 3522 ﬁni-

2025 3566 2131 3621 bus
2184 3565 2500 3620 dioeceseon
2544 3561 2798 3617 suarum‘
2834 3564 2992 3625 ortae,
3055 3557 3357 3612 concilium
3424 3555 3722 3626 praisentis

2027 3654 2188 3723 anni,
2211 3658 2275 3706 ut
2299 3651 2358 3705 in
2390 3668 2457 3705 ea
2498 3649 2762 3704 nonnihil
2807 3647 3161 3713 immutaret,
3205 3644 3486 3714 impulere
3531 3643 3719 3709 (Ibid.,

2025 3757 2183 3796 cann.
2220 3744 2342 3808 H7,
2384 3738 2529 3806 118).
2583 3740 2865 3791 Praeterea
2903 3738 3428 3805 quantumcumque
3468 3730 3718 3783 studium

2026 3825 2428 3897 exstinguendi
2457 3825 2881 3879 Donatistarum
2924 3820 3145 3874 discidii
3192 3835 3312 3887 prae
3348 3833 3412 3870 se
3455 3816 3722 3869 tulissent

2026 3916 2148 3970 Afri
2174 3913 2474 3981 antistites,
2518 3918 2682 3965 erant
2709 3914 2903 3963 tamen
2944 3907 3092 3961 inter
3140 3906 3245 3959 hos
3282 3903 3565 3969 nonnulli,
3621 3902 3720 3973 qui
3780 3961 3786 3967 _

2027 4001 2097 4055 de
2141 3995 2536 4053 convertendis
2578 3994 2666 4061 iis,
2719 4009 2860 4064 quos
2909 3990 3062 4062 plebi
3117 3981 3233 4043 suae
3265 3986 3544 4043 admixtos
3598 4002 3722 4042 esse

2026 4086 2462 4160 cognoscebant,
2497 4099 2702 4155 parum
2732 4080 3044 4137 admodum
3086 4077 3360 4148 gerebant
3390 4074 3721 4129 sollicitudi-

2027 4177 2135 4232 nis.
2165 4177 2230 4231 In
2256 4174 2396 4228 istos
2423 4169 2821 4227 animadvertit
2847 4166 3170 4230 concilium,
3211 4169 3267 4219 et
3309 4163 3587 4236 quosdam
3615 4163 3723 4216 hac

2025 4267 2086 4320 in
2113 4281 2173 4319 re
2215 4261 2389 4317 ofticii
2420 4260 2507 4313 sui
2533 4259 2889 4330 negligentes
2925 4249 3525 4309 excommunicationis
3554 4266 3725 4320 pcena

2026 4351 2198 4423 plecti
2240 4348 2407 4419 jubet
2451 4346 2633 4416 (Ibid,
2710 4360 2827 4398 can.
2908 4344 3059 4411 ll3).
3124 4338 3456 4405 Restabant,
3514 4351 3716 4406 quem-

2029 4438 2340 4495 admodum
2395 4433 2678 4505 conjicere
2735 4434 2839 4496 est,
2901 4426 3131 4498 negotia
3172 4443 3292 4480 non
3338 4441 3540 4496 pauca,
3590 4439 3722 4494 quas

2030 4542 2252 4582 moram
2300 4522 2742 4594 longiusculam,
2792 4523 2855 4572 ut
2893 4516 3395 4580 constituerentur,
3438 4511 3727 4566 desidera-

2028 4617 2167 4671 bant
2198 4632 2210 4669 :
2244 4612 2421 4684 igitur
2456 4626 2527 4664 ne
2575 4607 2789 4663 diutius
2831 4609 2915 4659 tot
2949 4603 3223 4674 prmsules
3268 4599 3605 4670 Carthagine
3634 4614 3726 4652 re-

2030 4704 2365 4761 tinerentur,
2406 4695 2569 4751 electi
2599 4697 2733 4748 sunt
2760 4708 2826 4746 ex
2850 4704 3193 4760 unaquaque
3222 4686 3509 4758 provincia
3555 4684 3726 4752 terni,

2032 4790 2279 4862 quicum
2296 4784 2550 4848 Aurelio,
2583 4779 2861 4853 quidquid
2881 4782 3027 4833 esset
3045 4776 3272 4847 reliqui,
3296 4777 3725 4862 componerent.
3766 4820 3771 4824 .

2033 4861 2073 4932 Ε
2095 4873 2358 4931 Numidia
2383 4887 2513 4926 cum
2541 4867 2743 4940 Alypio
2773 4871 2828 4920 et
2874 4864 3156 4919 Restituto
3184 4864 3434 4918 delectus
3476 4861 3585 4915 fuit
3609 4863 3727 4914 Au-

2034 4963 2321 5035 gustinus.
2354 4959 2453 5013 llic
2482 4957 2674 5026 itaque
2704 4952 2894 5024 quoad
2914 4951 2971 5005 in
2996 4949 3389 5005 Mauritaniam
3409 4945 3729 5035 proﬁcisce-

2034 5033 2212 5116 retur,
2261 5047 2362 5103 ubi
2408 5044 2627 5101 decimo
2685 5045 2888 5113 quarto
2951 5044 3007 5093 et
3070 5038 3406 5093 duodecimo
3456 5033 3727 5088 kalendas

2034 5136 2278 5195 octobris
2318 5134 2544 5205 agebat,
2595 5129 2871 5185 remansit
2910 5127 3249 5198 Carthagine
3280 5142 3293 5179 :
3328 5140 3439 5195 qua
3477 5121 3537 5174 in
3582 5119 3728 5173 urbe

2035 5227 2198 5281 illum
2229 5220 2729 5295 occupatissimum
2777 5217 2929 5272 varia
2959 5216 3333 5272 detinuerunt
3363 5208 3588 5279 negotia
3630 5208 3727 5276 (De

2036 5316 2209 5372 Gestis
2240 5329 2356 5367 cum
2387 5311 2644 5374 Emerita,
2674 5324 2731 5361 τι.
2779 5308 2848 5377 l).

2108 5407 2158 5459 6.
2196 5401 2461 5456 Nondum
2482 5396 2820 5467 Carthagine
2842 5394 3173 5449 discesserat
3196 5383 3564 5456 Augustinus,
3596 5398 3729 5436 cum

2038 5490 2221 5547 allatis
2253 5490 2322 5545 ad
2348 5488 2596 5543 Africam
2636 5482 2855 5539 nuntiis
2889 5476 3188 5550 comperit,
3220 5470 3552 5542 Pelagianos
3602 5474 3729 5525 tum

2039 5576 2406 5651 Imperatoris
2462 5575 2606 5646 lege,
2643 5576 2768 5627 tum
2806 5565 3131 5639 apostolicae
3181 5559 3339 5615 Sedis
3387 5557 3726 5613 auctoritate
