4062 6390
366 347 469 400 495

366 469 662 524 damnatos
691 478 832 517 esse.
884 462 993 516 Lex
1042 460 1112 513 ab
1154 456 1402 513 Honorio
1443 456 1590 509 hanc
1631 454 1691 509 in
1719 470 1841 508 rem
1871 452 2059 525 pridie

368 554 641 610 kalendas
670 550 849 605 maias
887 547 1024 603 anni
1064 542 1614 617 quadringentesimi
1644 541 1851 598 decimi
1879 540 2061 596 octavi

370 645 502 699 data
530 645 635 709 est,
661 655 773 707 qua
793 636 986 706 impia
1006 631 1498 688 commentationis
1519 636 1577 685 et
1602 628 1883 699 dogmatis
1913 643 2065 682 exse-

369 728 566 784 crandi
576 732 833 782 auctores
848 722 1137 793 Pelagium
1151 736 1214 774 ac
1227 717 1553 774 Calestium
1574 733 1637 771 ex
1656 717 1821 784 Urbe,
1851 714 1898 768 si
1916 714 2063 768 forte

372 819 432 873 in
458 834 524 872 ea
543 818 925 878 versarentur,
961 808 1166 880 expelli
1191 825 1203 862 :
1228 823 1293 862 ac
1308 806 1355 860 si
1380 805 1481 878 qui
1500 805 1571 859 de
1598 810 1804 859 catero
1834 803 2065 875 quibus-

375 920 620 976 cumque
636 901 776 957 locis
797 898 1009 970 reperti
1029 896 1245 952 fuerint
1269 895 1504 966 hujusce
1526 891 1807 963 sacrilegii
1832 894 2068 945 sectato-

375 1011 485 1062 res,
500 993 654 1063 ipsos
672 990 777 1044 rite
798 987 1101 1052 convictos,
1116 985 1174 1038 in
1196 983 1459 1038 exsilium
1470 981 1597 1053 ejici
1608 980 1772 1052 jubet
1792 977 2063 1050 (Append.

378 1084 507 1137 tomi
534 1081 618 1147 t0,
632 1082 782 1149 part.
806 1079 859 1130 2.
885 1077 1040 1132 Sacr.
1062 1075 1310 1141 rescript.
1337 1075 1524 1126 contra
1541 1071 1724 1137 Pelag.
1747 1074 1795 1123 ct
1817 1065 2066 1137 Calcst.).

377 1170 752 1239 Imperatores
765 1164 827 1218 in
845 1164 955 1218 ista
966 1159 1500 1230 constituendalege
1508 1157 1789 1228 judicium
1806 1156 1875 1210 ab
1896 1158 2069 1209 Aure-

375 1255 454 1309 lio
486 1258 656 1324 atque
675 1253 743 1307 ab
770 1248 1088 1321 Augustino
1108 1247 1321 1301 factum
1344 1261 1402 1299 se
1425 1246 1644 1299 secutos
1664 1242 1836 1297 fuisse
1862 1241 2069 1296 diserte

378 1341 720 1413 proﬁtentur
746 1337 951 1393 litteris
980 1335 1051 1390 ad
1090 1338 1397 1404 utrumque
1428 1346 1685 1385 seorsum
1716 1330 1883 1396 datis,
1917 1344 2068 1382 anno

379 1425 943 1501 quadringentesimo
970 1422 1190 1478 decimo
1220 1437 1393 1488 nono,
1416 1419 1510 1474 die
1525 1418 1725 1490 quinto
1750 1417 1950 1472 iduum
1979 1416 2069 1486 jn-

379 1518 601 1572 niarum
621 1514 808 1585 (Apud
826 1516 1214 1581 Augustinum,
1236 1511 1414 1578 Epist.
1432 1511 1557 1574 20!,
1580 1524 1635 1560 n.
1656 1506 1712 1578 1)
1735 1524 1747 1560 :
1772 1506 1840 1560 de
1855 1503 2070 1576 judicio

379 1622 512 1660 sane
554 1605 872 1674 loquuntur
920 1598 1176 1655 Africani
1222 1595 1449 1652 concilii
1495 1600 1693 1649 contra
1739 1593 2073 1664 Pelagianos

380 1692 672 1763 superiore
701 1705 853 1743 anno
883 1685 1169 1754 celebrati,
1200 1684 1291 1739 cui
1321 1683 1602 1749 videlicet,
1638 1698 1752 1735 non
1798 1697 1959 1735 secus
1988 1683 2073 1733 at-

382 1796 492 1850 que
532 1775 830 1849 praseptis
860 1774 996 1829 anni
1039 1771 1304 1837 concilio,
1345 1770 1462 1824 duo:
1489 1770 1766 1834 Aurelius,
1797 1768 1879 1823 uti
1922 1766 2074 1821 canit

382 1869 644 1935 Prosper,
669 1864 1053 1933 ingeniumque
1077 1860 1425 1928 Augustinus
1444 1863 1562 1912 erat
1590 1856 1868 1927 (Carmine
1888 1856 1954 1910 de
1978 1856 2073 1909 In-

380 1956 577 2023 gratis,
602 1956 763 2021 parte
796 1954 844 2016 1,
869 1964 989 2018 cap.
1020 1948 1092 2018 3).
1131 1949 1346 2002 Horum
1376 1946 1696 2001 antistitum
1728 1942 2072 1999 existimatio

380 2046 437 2096 et
463 2040 790 2105 auctoritas,
825 2037 936 2092 vim
965 2035 1167 2091 habuit
1193 2035 1392 2106 procul
1420 2033 1595 2089 dubio
1624 2049 1741 2087 non
1771 2031 2073 2098 .minorem

381 2128 449 2183 ad
497 2126 887 2182 inducendum
943 2123 1251 2190 Zosimum,
1296 2126 1361 2177 ut
1399 2121 1461 2175 in
1502 2120 1733 2176 eosdem
1776 2118 2074 2174 hareticos

380 2214 720 2270 sententiam
750 2210 1131 2268 damnationis
1158 2214 1284 2264 tum
1326 2209 1560 2263 demum
1603 2207 1903 2278 proferret.
1962 2207 2073 2260 Hac

379 2304 473 2358 ille
502 2301 734 2357 haresis
760 2316 925 2354 nova
964 2303 1239 2365 auctores,
1271 2296 1359 2350 vel
1388 2299 1536 2350 certe
1566 2295 1871 2350 acerrimos
1900 2293 2074 2348 notis-

381 2392 669 2461 simosque
699 2402 979 2453 suasores,
1006 2384 1302 2456 Pelagium
1332 2388 1388 2439 et
1411 2383 1758 2452 Calestium,
1790 2382 1899 2436 nisi
1941 2396 2069 2435 cor-

383 2478 523 2534 recti
546 2477 717 2531 etiam
748 2474 972 2545 egerint
1000 2473 1417 2544 paenitentiam,
1447 2476 1567 2526 toto
1594 2470 1905 2525 christiano
1935 2475 2072 2524 orbe

384 2563 675 2619 damnavit
705 2561 888 2632 (Apud
917 2562 1306 2629 Augustinum,
1338 2559 1525 2629 Epist.
1565 2560 1685 2625 190,
1712 2575 1769 2612 n.
1794 2560 1886 2627 22,
1926 2562 1975 2612 et
2001 2560 2074 2611 De

382 2655 601 2707 Peccato
626 2650 906 2718 originali,
935 2665 992 2702 η.
1020 2651 1132 2717 25).
1176 2647 1415 2701 Litteras
1450 2646 1555 2700 hac
1585 2646 1654 2701 de
1704 2662 1876 2700 causa
1919 2644 2077 2699 misit

383 2739 658 2812 quasdam
688 2736 1008 2809 specialiter
1047 2736 1119 2790 ad
1164 2734 1478 2802 Africanos,
1527 2732 1666 2788 alias
1704 2737 1896 2788 autem
1944 2732 2073 2787 uni-

382 2827 677 2883 versaliter
723 2826 793 2880 ad
843 2840 1044 2879 omnes
1082 2824 1417 2894 episcopos;
1475 2828 1647 2893 atque
1694 2821 1815 2875 istis
1868 2819 2075 2874 litteris

383 2916 521 2983 suis,
555 2930 694 2986 quas
734 2910 1067 2982 conscripsit
1112 2927 1216 2981 per
1261 2911 1461 2965 orbem
1512 2908 1856 2964 catholicum
1886 2908 2073 2979 perfe-

381 3004 587 3059 rendas
624 3017 771 3073 papa
798 2999 1074 3068 lusimus,
1105 2999 1448 3053 exsecranda
1478 2997 1693 3068 Pelagii
1740 3001 1798 3051 et
1825 2995 2075 3051 Calestii

381 3093 645 3162 dogmata
671 3088 913 3143 attexuit
941 3089 1039 3158 (De
1064 3088 1283 3142 Peccato
1326 3088 1605 3154 originali,
1636 3102 1691 3140 η.
1719 3086 1827 3155 24).
1862 3086 2072 3140 Roma-

382 3196 487 3234 nos
510 3178 741 3233 clericos
768 3174 1018 3247 episcopi
1057 3174 1147 3228 sui
1187 3174 1529 3229 sententiam
1576 3177 1697 3227 toto
1729 3172 1921 3227 animo
1951 3189 2074 3227 am-

384 3267 581 3336 plexos
622 3280 766 3333 esse,
813 3263 900 3316 vel
944 3261 1058 3331 ipsi
1100 3266 1271 3315 testes
1314 3265 1446 3316 sunt
1484 3260 1810 3331 Pelagiani;
1842 3260 2073 3331 quando

384 3369 481 3407 eos
518 3356 789 3422 arguunt,
831 3366 950 3404 non
998 3349 1294 3404 erubuisse
1334 3347 1814 3420 pravaricationis
1859 3348 2075 3403 crimen

383 3440 682 3495 admittere
716 3440 949 3507 (Contra
970 3439 1119 3492 Duas
1148 3438 1421 3507 Epistolas
1460 3438 1665 3505 Pelag.,
1697 3436 1789 3491 lib.
1823 3440 1878 3503 2,
1906 3452 1964 3491 n.
1993 3438 2073 3507 5).

383 3530 546 3582 Certe
583 3526 805 3583 Sixtum
834 3523 1095 3579 Ecclesia
1153 3526 1424 3579 Romana
1453 3525 1875 3595 presbyterum,
1911 3540 2072 3578 eum-

386 3616 518 3670 dem
567 3614 753 3683 illum,
784 3630 958 3684 quem
1002 3616 1190 3667 favere
1227 3612 1475 3667 inimicis
1512 3612 1835 3667 christiana
1877 3612 2077 3683 gratia

384 3704 609 3773 (Epist,
643 3704 763 3768 l94,
790 3717 828 3755 n
884 3702 957 3772 1),
998 3706 1166 3772 atque
1191 3700 1419 3756 illorum
1449 3701 1644 3772 magni
1669 3700 1948 3755 momenti
1975 3717 2075 3772 pa-

385 3796 615 3845 tronum
649 3805 769 3844 esse
815 3793 947 3843 ante
992 3788 1144 3843 fama
1167 3788 1428 3860 jactarat,
1459 3789 1733 3860 priorem,
1767 3788 1825 3843 id
1855 3793 1954 3856 est,
1988 3789 2076 3842 vel

384 3883 512 3934 ante
542 3894 759 3947 omnes,
786 3877 874 3931 vel
912 3881 1044 3933 ante
1073 3878 1498 3948 promulgatam
1529 3874 1915 3932 damnationis
1944 3890 2075 3928 sen-

383 3967 641 4033 tentiam,
674 3966 976 4020 anathema
1006 3966 1087 4019 eis
1117 3965 1178 4019 in
1208 3967 1421 4037 populo
1450 3964 1913 4036 frequentissimo
1942 3978 2074 4033 pro-

382 4055 693 4122 nuntiasse,
731 4054 930 4109 eadem
959 4053 1111 4107 fama
1139 4070 1257 4107 non
1302 4052 1480 4108 tacuit
1508 4052 1706 4123 (Epist.
1746 4056 1866 4118 191,
1905 4067 1962 4105 n.
2000 4049 2071 4119 1).

380 4141 734 4214 Augustinus
761 4140 882 4211 qui,
907 4139 1072 4193 sicuti
1102 4139 1368 4205 diximus,
1404 4139 1745 4209 Carthagine
1771 4156 1805 4193 a
1835 4135 2076 4192 concilio

383 4229 758 4284 kalendarum
779 4226 916 4280 maii
935 4231 1306 4291 remanserat,
1329 4225 1489 4295 prius
1509 4225 1715 4281 nuntio
1742 4226 1842 4279 illo
1858 4223 2076 4278 exhila-

385 4322 540 4372 ratus
579 4318 663 4368 est
706 4313 815 4368 sibi
856 4313 1028 4383 longe
1080 4312 1515 4381 jucundissimo,
1548 4328 1723 4384 quam
1759 4312 1893 4366 inde
1922 4327 2076 4366 rece-

386 4405 565 4459 deret.
588 4402 781 4471 Neque
802 4398 863 4454 id
884 4399 978 4452 Vir
1003 4402 1230 4452 sanctus
1250 4415 1316 4453 ex
1343 4398 1635 4453 communi
1650 4399 1802 4454 fama
1826 4402 2074 4466 tantum,

386 4491 483 4546 sed
513 4489 683 4544 etiam
713 4504 781 4542 ex
835 4486 1083 4558 propriis
1113 4486 1253 4541 Sixti
1294 4486 1363 4540 ad
1399 4486 1694 4541 Aurelium
1726 4486 1930 4541 litteris
1974 4501 2078 4557 per

385 4576 631 4629 Leonem
677 4574 962 4646 acolytum
1016 4574 1200 4629 allatis
1257 4573 1471 4631 didicit.
1531 4575 1615 4631 Ibi
1659 4577 1729 4631 de
1772 4574 2076 4645 Pelagiana

381 4661 863 4732 perniciosissimo
919 4663 1206 4735 dogmate,
1259 4664 1347 4717 vel
1394 4668 1593 4719 contra
1633 4665 1703 4720 de
1750 4663 1934 4736 gratia
1975 4661 2078 4717 Dei

383 4750 522 4821 quid
542 4751 794 4825 sentiret,
825 4751 1146 4822 exponebat
1175 4751 1383 4819 Sixtus,
1410 4755 1465 4806 et
1491 4751 1549 4806 id
1575 4752 1812 4823 quidem
1835 4750 2030 4824 paucis
2055 4769 2072 4805 :

382 4838 535 4892 unde
573 4838 823 4909 episcopi
861 4844 1168 4909 prasentes
1234 4840 1358 4910 ejus
1406 4839 1712 4911 epistolam
1756 4839 2075 4895 describere

382 4924 745 4994 festinabant,
784 4930 941 4980 tanta
980 4931 1101 4980 erat
1147 4942 1348 4981 eorum
1376 4926 1609 4996 latitia;
1645 4932 1700 4983 et
1728 4928 1887 4983 illam
1941 4942 2081 4982 cun-

379 5012 484 5067 ctis
511 5012 810 5067 ostendere
838 5013 1171 5083 gestiebant.

447 5104 502 5154 7.
528 5098 848 5170 Pelagiana
869 5100 1099 5153 baresis
1114 5101 1540 5157 damnationem
1560 5104 2074 5176 subscriptionibus

379 5187 498 5243 suis
543 5188 849 5241 firmarunt
902 5187 1153 5259 episcopi
1190 5205 1389 5244 omnes
1418 5192 1719 5259 catholici;
1749 5209 1864 5262 qua
1894 5195 1963 5249 de
2008 5211 2072 5249 re

379 5273 673 5346 conquesti
703 5274 994 5346 Pelagiani
1024 5274 1387 5339 dictitabant:
1408 5280 1754 5347 Simplicibus
1785 5283 2071 5352 episcopis,

378 5367 493 5418 sine
519 5366 929 5432 congregatione
955 5363 1168 5431 synodi,
1211 5366 1269 5418 in
1315 5366 1443 5421 locis
1481 5368 1595 5419 suis
1637 5366 1942 5423 sedentibus
1970 5386 2074 5423 ea:-

381 5456 521 5504 torta
549 5452 872 5520 subscriptio
898 5456 975 5505 est
1005 5453 1221 5519 (Contra
1261 5454 1408 5507 Duas
1438 5456 1616 5521 Epist.
1640 5455 1849 5521 Pelag.,
1880 5457 1973 5510 lib.
2010 5459 2067 5525 4,

378 5554 434 5594 n.
470 5539 579 5607 34).
628 5539 737 5603 Qui
783 5536 1224 5609 subscriptiones
1268 5557 1397 5594 suas
1449 5546 1813 5607 recusarunt,
1862 5558 2065 5598 nume-

1607 333 1760 385 Vl'l'A
1806 332 1862 385 S.
1902 327 2277 386 AUGUSTINI
2316 324 2645 381 EPISCOPI.

3766 320 3875 373 496

2169 454 2372 505 rantur
2401 444 2711 502 octodecim
2747 442 2936 513 (Ibid,
2969 442 3063 496 lib.
3097 444 3149 509 1,
3184 457 3242 495 n.
3279 442 3369 511 3);
3402 456 3652 512 quorum
3702 443 3871 495 ante-

2172 538 2446 609 signanus
2485 534 2638 613 haud
2680 531 2852 588 dubie
2890 530 3000 585 fuit
3037 528 3297 584 Julianus
3355 528 3655 601 episcopus
3715 529 3872 583 Ecla-

2172 625 2385 692 nensis,
2416 624 2563 677 hanc
2592 622 2664 676 ob
2708 635 2936 674 causam
2969 636 3002 672 a
3043 617 3265 673 Zosimo
3313 617 3614 672 damnatus
3654 617 3876 687 (Contra

2170 713 2471 777 Julianum,
2512 711 2605 765 lib.
2660 713 2710 775 t,
2755 724 2811 762 η.
2868 706 2970 776 13).
3006 706 3104 761 Hic
3152 722 3268 761 una
3311 722 3439 780 cum
3488 706 3604 760 suis
3642 721 3769 759 sese
3800 704 3873 759 ab

2175 801 2419 854 Ecclesia
2442 797 2718 853 Catholica
2737 794 3055 867 segregavit
3084 796 3270 865 (Serm.
3302 798 3423 858 181,
3443 811 3499 849 n.
3539 794 3613 866 3),
3637 797 3877 848 testatus

2174 886 2283 940 sibi
2312 886 2540 957 suisque
2589 884 2882 939 decretum
2927 898 3068 951 esse,
3113 897 3232 935 non
3280 880 3705 935 communicare
3744 895 3878 934 cum

2173 972 2494 1029 Manichais
2526 971 2756 1042 (Contra
2772 973 2918 1025 Duas
2939 969 3210 1038 Epistolas
3231 969 3666 1036 Pelagianorum,
3700 970 3801 1024 lib.
3826 973 3873 1035 1,

2173 1078 2266 1116 nn.
2291 1063 2344 1127 4,
2370 1061 2475 1131 42).
2498 1058 2862 1114 Audieutiam
2875 1057 3166 1128 postulant
3186 1056 3387 1127 (Ibid,
3416 1072 3470 1111 n.
3489 1056 3601 1127 42),
3625 1057 3875 1128 datoque

2176 1150 2245 1205 ad
2256 1150 2539 1203 Zosimum
2559 1147 2748 1201 libello
2766 1149 3076 1218 provocant
3091 1144 3379 1215 Pelagiani
3401 1144 3651 1216 episcopi
3669 1146 3739 1200 ad
3761 1146 3882 1217 ple-

2175 1237 2396 1292 nariam
2434 1236 2717 1307 synodum
2758 1234 3027 1305 (Append.
3065 1236 3195 1288 tomi
3241 1236 3326 1298 10,
3372 1238 3522 1303 part.
3570 1235 3624 1300 2,
3679 1234 3879 1288 Libell.

2176 1325 2309 1397 ﬁdei
2334 1326 2396 1380 S.
2435 1328 2484 1379 J.
2509 1326 2620 1389 0.).
2655 1323 2804 1388 Quin
2835 1328 2890 1376 et
2942 1321 3132 1394 ipsum
3179 1322 3595 1393 Imperatorem
3647 1326 3875 1393 petunt,

2179 1429 2364 1468 causa
2393 1428 2511 1467 sua
2528 1411 2750 1483 judices
2779 1410 2903 1466 dari
2935 1410 3137 1480 jubeat
3166 1411 3396 1474 (Contra
3422 1412 3570 1465 Duas
3601 1411 3880 1479 Epistolas

2181 1503 2611 1570 Pelagianorum,
2644 1500 2738 1554 lib.
2771 1502 2822 1566 1,
2851 1514 2910 1553 n.
2939 1499 3046 1567 42).
3102 1498 3299 1552 Verum
3327 1497 3469 1552 absit
3498 1514 3533 1552 a
3559 1499 3880 1552 christianis

2175 1588 2531 1658 potestatibus
2573 1593 2793 1642 terrena
2820 1585 3149 1655 reipublicae,
3180 1585 3370 1656 inquit
3404 1586 3777 1656 Augustinus,
3818 1590 3882 1640 ut

2181 1677 2245 1731 de
2274 1678 2504 1745 antiqua
2534 1675 2799 1730 catholica
2838 1673 2947 1744 ﬁde
2973 1673 3252 1739 dubitent;
3279 1678 3329 1727 ct
3358 1674 3421 1727 ob
3471 1675 3566 1728 hoc
3593 1690 3882 1743 oppugna-

2181 1765 2386 1819 toribus
2403 1765 2540 1833 ejus,
2563 1765 2733 1818 locum
2752 1767 2803 1816 et
2823 1768 3030 1831 tempus
3050 1763 3316 1816 examinis
3335 1761 3628 1831 praebeant.
3647 1765 3883 1818 Istorum

2181 1868 2367 1921 nempe
2389 1852 2647 1921 superbia
2676 1852 2813 1905 hanc
2843 1852 3003 1904 etiam
3022 1850 3251 1917 gloriam
3280 1854 3501 1919 captare
3529 1850 3879 1918 intelligitur,

2182 1948 2243 1995 ut
2267 1947 2491 2012 propter
2518 1942 2639 1996 illos
2692 1940 2924 1996 Orientis
2964 1944 3014 1993 et
3052 1939 3352 1995 Occidentis
3379 1939 3619 2009 synodus
3654 1956 3883 2008 congre-

2181 2038 2357 2098 getur.
2384 2029 2575 2085 Orbem
2616 2030 2818 2099 quippe
2854 2028 3195 2094 catholicum,
3240 2030 3495 2096 quoniam
3536 2030 3766 2084 Domino
3804 2030 3883 2083 eis

2181 2121 2459 2172 resistente
2484 2122 2784 2186 pervertere
2810 2120 3097 2184 nequeunt,
3127 2117 3319 2170 saltem
3346 2118 3667 2171 commovere
3692 2133 3885 2172 conan-

2184 2209 2274 2258 tur
2305 2222 2321 2257 :
2353 2219 2473 2258 cum
2506 2205 2689 2272 potius
2717 2204 3009 2269 vigilantia
3033 2207 3085 2257 et
3121 2202 3409 2271 diligentia
3434 2206 3723 2273 pastorali,
3759 2210 3882 2274 post

2179 2294 2386 2359 factum
2432 2292 2497 2345 de
2526 2292 2637 2347 illis
2678 2296 2973 2361 competens
3005 2292 3391 2360 sufficiensque
3410 2292 3705 2361 judicium,
3756 2293 3882 2346 ubi-

2181 2395 2433 2448 cumque.
2457 2381 2553 2433 isti
2608 2379 2729 2449 lupi
2776 2381 3155 2448 apparuerint,
3222 2379 3529 2434 conterendi
3582 2382 3710 2448 sint,
3768 2385 3883 2435 sive

2180 2473 2241 2523 ut
2294 2473 2555 2522 sanentur
2628 2473 2791 2536 atque
2849 2471 3143 2533 mutentur,
3195 2470 3308 2522 sive
3372 2472 3433 2522 ut
3515 2469 3584 2522 ab
3645 2470 3884 2524 aliorum

2180 2557 2354 2610 salute
2399 2560 2561 2625 atque
2607 2557 2918 2623 integritate
2969 2556 3208 2611 vitentur
3263 2555 3467 2626 (Ibid,
3531 2556 3627 2613 lib.
3686 2558 3751 2625 4,
3816 2573 3878 2611 n.

2183 2645 2294 2713 34).
2354 2645 2468 2699 Hoc
2525 2644 2759 2714 petendi
2816 2642 3045 2698 concilii
3109 2644 3392 2715 generalis
3465 2645 3708 2700 obtentu
3786 2647 3885 2700 Ec-

2182 2732 2363 2786 clesiis
2411 2732 2678 2801 Orientis,
2735 2737 2800 2788 ut
2857 2749 2952 2787 eas
3008 2733 3069 2787 in
3126 2749 3257 2788 suas
3310 2737 3505 2804 partes
3560 2734 3881 2802 allicerent,

2182 2821 2469 2892 quomodo
2523 2821 2748 2876 molesti
2797 2820 3226 2891 intervenerint,
3286 2821 3451 2877 docet
3511 2821 3752 2894 epistola
3810 2824 3884 2879 ab

2182 2908 2495 2963 octodecim
2546 2908 2830 2980 episcopis
2874 2909 3217 2979 Pelagianis,
3275 2926 3307 2964 e
3344 2926 3593 2982 quorum
3634 2928 3883 2968 numero

2180 2996 2449 3059 Julianus,
2484 2997 2942 3052 Thessalonicam
2975 2998 3047 3052 ad
3098 2998 3308 3053 Rufum
3348 2998 3509 3053 urbis
3564 2999 3887 3057 antistitem

2183 3085 2355 3139 missa
2373 3085 2560 3156 (Ibid,
2593 3086 2690 3141 lib.
2716 3088 2762 3152 1,
2796 3103 2852 3141 n.
2873 3087 2946 3156 3),
2969 3102 3084 3158 qua
3099 3086 3252 3141 illius
3272 3086 3387 3141 sive
3413 3087 3657 3142 aliorum
3681 3089 3886 3144 Orien-

2181 3173 2382 3228 talium
2412 3175 2725 3245 prasulum
2753 3174 3083 3230 societatem
3123 3174 3391 3231 adversus
3422 3176 3664 3247 impiam
3694 3179 3885 3234 Mani-

2183 3261 2469 3316 chaorum
2496 3261 2760 3316 haeresim
2790 3261 3105 3334 efflagitant
3123 3263 3301 3332 (Ibid,
3330 3265 3498 3331 lib.2,
3520 3281 3574 3320 n.
3608 3266 3675 3338 1).
3713 3268 3781 3321 In
3812 3283 3884 3322 eo

2185 3349 2397 3421 quippe
2441 3350 2547 3404 sita
2591 3355 2714 3405 erat
2741 3350 2930 3405 omnis
2984 3351 3214 3406 illorum
3257 3352 3342 3406 vis
3379 3367 3444 3407 ac
3479 3352 3782 3422 industria,
3816 3360 3889 3411 ut

2185 3438 2512 3493 orthodoxis
2559 3438 2825 3493 haresim
2873 3440 3275 3495 exsecrandam
3310 3440 3715 3513 impingerent,
3763 3461 3885 3515 quo

2185 3525 2263 3579 sic
2287 3525 2550 3596 proprios
2571 3526 2907 3598 obtegerent
2930 3543 3173 3597 errores,
3197 3544 3262 3582 ac
3289 3532 3532 3598 natura,
3557 3528 3716 3599 legis,
3742 3529 3888 3584 libe-

2185 3613 2347 3684 rique
2376 3613 2598 3668 arbitrii
2623 3614 3139 3682 commendatione,
3159 3616 3402 3687 gratiam
3429 3617 3892 3673 condemnarent

2183 3701 2384 3770 (Ibid,
2416 3701 2511 3756 lib.
2542 3703 2598 3769 4,
2629 3717 2685 3757 η.
2717 3704 2833 3774 26).
2866 3703 3039 3758 Istam
3073 3702 3393 3774 epistolam,
3422 3721 3597 3776 quam
3613 3706 3893 3778 Augusti-

2186 3805 2293 3843 nus
2322 3788 2505 3844 tribus
2542 3787 2954 3859 posterioribus
2972 3790 3431 3870 adﬁonifacium
3458 3792 3619 3846 libris
3646 3794 3887 3861 refellit,

2183 3875 2305 3946 ipse
2332 3880 2617 3930 memorat
2642 3876 3013 3948 agnoscitque
3032 3876 3292 3932 Julianus
3325 3878 3535 3950 (Operis
3575 3881 3895 3951 imperfecti

2185 3964 2280 4018 lib.
2311 3968 2366 4032 2,
2396 3980 2517 4034 cap.
2552 3965 2695 4033 178).
3706 4024 3721 4038 ο

2257 4054 2308 4107 8.
2341 4051 2599 4107 Victoria
2626 4052 2696 4107 de
2727 4052 3046 4125 Pelagianis
3074 4058 3378 4125 reportata
3415 4055 3661 4127 gloriam
3689 4059 3893 4130 Augu-

2186 4138 2335 4194 stino
2362 4140 2651 4211 pracipue
2688 4140 2961 4209 debitam,
2989 4142 3150 4213 cujus
3176 4142 3329 4198 inter
3364 4144 3504 4199 alios
3532 4161 3746 4210 omnes,
3781 4148 3894 4218 qui

2184 4228 2255 4282 ad
2285 4244 2380 4282 eos
2409 4229 2480 4283 de
2513 4229 2755 4284 Ecclesia
2782 4230 3078 4300 pellendos
3107 4247 3342 4302 operam
3373 4233 3758 4301 contulerunt,
3792 4234 3895 4289 in-

2185 4315 2404 4370 dustria
2430 4317 2634 4387 major,
2666 4318 2851 4388 majus
2876 4334 3019 4389 opus
3046 4318 3239 4386 fuerit,
3273 4322 3521 4392 Prosper
3548 4322 3701 4376 haud
3723 4322 3891 4394 inju-

2184 4404 2269 4457 ria
2308 4404 2580 4474 pradicat
2635 4404 2905 4475 (Carmine
2935 4408 3001 4462 de
3047 4408 3306 4476 Ingratis,
3343 4415 3504 4478 parte
3556 4414 3606 4478 1,
3641 4426 3763 4481 cap.
3802 4412 3888 4483 3).

2186 4492 2466 4546 Caterum
2510 4508 2628 4547 non
2670 4492 2938 4548 maximis
2974 4497 3370 4551 tantummodo
3424 4498 3736 4568 laboribus,
3777 4501 3893 4556 sed

2184 4578 2529 4650 gravissimis
2554 4597 2780 4653 quoque
2801 4582 3075 4637 molestiis
3104 4599 3169 4638 ea
3190 4588 3382 4639 sancto
3403 4586 3627 4641 Doctori
3644 4586 3893 4643 victoria

2183 4666 2369 4722 stetit:
2391 4669 2540 4739 quod
2555 4669 2932 4741 Hieronymus
2950 4672 3249 4743 perspicue
3266 4673 3501 4729 docetin
3517 4675 3721 4730 litteris
3741 4676 3811 4731 ad
3827 4677 3893 4732 il-

2182 4755 2303 4809 lum
2326 4755 2551 4811 circiter
2568 4758 2677 4813 hoc
2698 4763 2923 4831 tempus
2944 4758 3110 4814 datis.
3128 4760 3214 4814 Ibi
3235 4776 3375 4831 quas
3396 4762 3481 4818 vel
3500 4765 3693 4818 Roma
3714 4780 3897 4835 passa

2181 4844 2356 4899 fuerit
2396 4845 2603 4900 veritas
2632 4845 2995 4902 difﬁcultates
3038 4847 3272 4915 indicat,
3313 4865 3442 4903 cum
3471 4850 3646 4905 dicit:
3682 4852 3896 4909 Contra

2179 4933 2370 4999 [tantes
2388 4937 2570 4988 ventos
2601 4934 2796 4989 ardore
2821 4934 2955 5004 fidei
2970 4938 3283 5004 perstitisti.
3309 4936 3515 4992 Malum
3532 4937 3705 4992 etiam
3726 4940 3894 5010 quod

2180 5034 2215 5073 a
2235 5019 2446 5091 Pelagii
2479 5021 2837 5092 Calestiique
2866 5022 3185 5078 fautoribus
3213 5023 3553 5079 imminebat
3580 5025 3896 5097 insupera-

2180 5106 2285 5161 bili
2314 5108 2513 5178 gratia
2543 5109 2774 5176 vindici,
2807 5114 2977 5181 atque
2996 5111 3067 5165 ab
3084 5112 3209 5182 ipso
3227 5111 3450 5167 fortiter
3480 5118 3893 5184 contemptum

2180 5194 2485 5265 signiﬁcat,
2522 5212 2652 5250 cum
2681 5196 2873 5252 subdit
2903 5214 2917 5252 :
2944 5199 3217 5267 Metuisti,
3251 5205 3515 5270 quantum
3550 5205 3610 5257 in
3649 5207 3700 5259 te
3745 5205 3889 5272 fuit,

2180 5283 2323 5338 solus
2352 5284 2578 5337 liberari
2608 5284 2673 5339 de
2700 5284 2966 5353 Sodomis,
3006 5304 3171 5357 quam
3199 5304 3319 5344 cum
3350 5291 3703 5359 pereuntibus
3737 5307 3902 5347 com-

2179 5372 2403 5425 morari.
2427 5372 2539 5427 Scit
2559 5372 2696 5440 quid
2723 5373 2901 5428 dicam
2917 5375 3211 5443 prudentia
3241 5381 3353 5431 tua.
3390 5376 3486 5431 His
3515 5377 3752 5432 demum
3781 5382 3893 5435 ad-

2174 5457 2301 5528 jicit
2329 5458 2502 5512 verba
2527 5459 2627 5513 illa
2654 5460 2960 5531 magniﬁca
2997 5466 3051 5517 et
3101 5463 3374 5534 praclara
3407 5480 3420 5518 :
3455 5467 3630 5520 Macte
3658 5469 3898 5535 virtute,

2179 5548 2238 5600 in
2267 5545 2391 5601 orbe
2426 5547 2728 5603 celebratis.
2760 5550 3025 5605 Catholici
3053 5555 3104 5605 te
3130 5552 3459 5608 conditorem
3486 5554 3732 5623 antiquae
3762 5572 3904 5611 rur-
