4062 6360
278 297 383 351 497

276 433 396 472 sum
424 418 555 487 ﬁdei
583 425 909 475 venerantur
935 427 1095 490 atque
1131 425 1454 492 suspiciunt,
1490 431 1540 479 et
1585 427 1729 494 quod
1754 431 1970 495 signum

274 507 504 575 majoris
544 503 730 572 gloria
767 515 863 576 est,
892 525 1066 564 omnes
1102 512 1338 565 haretici
1379 514 1712 569 detestantur
1755 534 1772 569 :
1817 522 1867 570 et
1892 532 1972 570 me

267 597 405 662 pari
429 601 826 665 persequuntur
850 598 1002 661 adio;
1034 603 1094 651 ut
1136 615 1266 668 quos
1303 601 1506 667 gladiis
1533 609 1818 672 nequeunt,
1851 608 1970 658 voto

274 685 604 751 interﬁciant
652 685 842 753 (Apud
893 687 1280 753 Augustinum,
1335 691 1511 756 Epist.
1574 692 1713 760 195).
1775 692 1971 745 Eidem

272 771 402 824 aliis
429 776 557 842 post
580 773 806 842 scriptis
834 773 1036 826 litteris
1069 774 1139 828 de
1162 775 1425 848 jugulata
1452 793 1557 847 per
1583 777 1773 848 ipsum
1803 780 1971 833 Coele-

270 856 456 910 stiana
485 857 687 911 haeresi
714 861 1033 929 gratulatur
1065 862 1252 930 (lbid.,
1283 866 1460 932 Epist.
1492 867 1618 934 202,
1651 882 1702 920 η.
1738 869 1810 936 1).

341 949 394 1000 9.
429 948 809 1019 Posteaquam
841 950 1144 1020 Pelagiana
1187 952 1420 1006 haeresis
1449 969 1577 1009 cum
1623 955 1738 1008 suis
1775 960 1970 1014 aucto:

266 1033 429 1088 ribus
464 1051 495 1088 a
524 1035 746 1090 Zosimo
777 1054 943 1108 papa,
975 1055 1199 1093 necnon
1230 1041 1299 1094 ab
1337 1041 1683 1112 imperatore
1716 1045 1967 1099 Honorio

267 1122 537 1176 damnata
567 1129 673 1193 est,
705 1121 932 1195 scripsit
961 1129 1310 1196 Augustinus
1350 1130 1409 1183 in
1440 1131 1698 1200 ejusdem
1729 1133 1964 1187 haresis

267 1217 528 1266 auctores
560 1213 733 1266 libros
759 1214 920 1282 duos,
953 1215 1022 1269 ad
1063 1215 1387 1284 Pinianum,
1419 1219 1684 1273 Albinam
1716 1221 1838 1290 ejus
1875 1237 1966 1274 so-

265 1315 429 1353 crum
460 1301 880 1372 conjugemque
903 1303 1199 1358 Melaniam
1227 1305 1478 1374 (Retract.
1509 1307 1603 1362 lib.
1623 1310 1677 1374 2,
1710 1325 1831 1377 cap.
1862 1312 1962 1375 50;

262 1389 341 1440 De
386 1390 602 1442 Peccata
648 1393 926 1457 originali,
975 1407 1032 1447 n.
1092 1395 1193 1461 18).
1250 1393 1316 1446 Hi
1362 1394 1623 1450 videlicet
1674 1402 1967 1451 suaserant

264 1477 520 1547 Pelagio,
561 1495 808 1549 quocum
848 1479 990 1535 forte
1029 1480 1087 1534 in
1133 1481 1431 1536 Palaestina
1467 1499 1569 1553 per
1602 1483 1658 1538 id
1690 1485 1965 1556 temporis

264 1565 660 1633 versabantur,
711 1571 773 1621 ut
811 1583 1187 1640 quacumque
1229 1570 1496 1624 adversus
1539 1587 1668 1626 eum
1703 1573 1960 1628 dicereu-

261 1657 384 1719 tur,
412 1653 620 1725 scripto
651 1655 947 1710 damnaret
971 1672 984 1710 :
1012 1657 1219 1726 quibus
1248 1657 1342 1711 ille
1365 1659 1735 1728 responderat
1765 1676 1830 1714 ea
1860 1662 1965 1714 cal-

260 1739 506 1807 liditate,
551 1758 681 1812 quae
723 1743 920 1810 cuivis,
965 1744 1102 1798 dum
1143 1761 1258 1798 non
1303 1745 1472 1814 plane
1513 1751 1846 1816 perspectus
1877 1763 1962 1801 es-

261 1833 351 1881 set
377 1829 498 1899 ejus
521 1829 767 1898 animus,
791 1831 950 1885 facile
973 1832 1362 1901 persuaderet,
1388 1832 1574 1903 ipsum
1592 1833 1737 1888 nihil
1767 1839 1962 1889 tenere

258 1916 377 1970 nisi
421 1933 643 1984 sanum,
679 1919 789 1972 nisi
830 1919 1174 1974 catholicum
1206 1921 1366 1990 (Vide
1407 1924 1631 1988 Prafat.
1663 1925 1722 1976 in
1762 1928 1961 1977 tomum

261 2007 354 2072 10,
392 2020 511 2074 cap.
561 2008 674 2074 20).
729 2007 1030 2062 Enimvero
1077 2008 1333 2079 quisquis
1381 2010 1628 2079 gratiam
1675 2011 1792 2072 Dei,
1847 2027 1962 2082 qua

258 2092 519 2146 Christus
547 2095 701 2148 venit
733 2094 791 2148 in
826 2096 979 2149 hunc
1007 2097 1289 2150 mundum
1317 2102 1642 2167 peccatores
1667 2099 1847 2152 salvos
1877 2099 1962 2153 fa-

253 2195 408 2245 cere,
446 2186 681 2252 negaret
708 2183 863 2236 omni
896 2185 1491 2255 momento-omnique
1523 2186 1673 2240 actui
1701 2202 1960 2241 necessa-

253 2268 428 2334 riam,
470 2269 602 2322 huic
643 2269 738 2324 ille
777 2271 1080 2324 anathema
1118 2271 1338 2326 dicebat
1374 2273 1474 2342 (De
1503 2274 1697 2328 Gratia
1735 2275 1958 2342 Christi,

253 2371 314 2408 η.
360 2355 432 2423 2).
473 2357 832 2425 Agnoscebat
869 2372 1049 2410 unum
1085 2357 1353 2428 idemque
1395 2359 1678 2428 Baptisma
1715 2375 1855 2426 esse,
1896 2377 1960 2414 ac

253 2442 463 2496 iisdem
492 2443 681 2497 verbis
709 2444 769 2498 in
799 2444 1112 2499 infantibus
1137 2445 1343 2516 quibus
1365 2446 1538 2501 etiam
1561 2447 1623 2501 in
1645 2449 1960 2518 majoribus

254 2530 664 2585 celebrandum
696 2533 877 2602 (Ibid.,
903 2549 958 2587 n.
989 2536 1078 2600 35)
1112 2550 1125 2587 :
1157 2549 1400 2603 cumque
1432 2535 1614 2590 adhuc
1643 2535 1956 2608 interroga-

255 2623 420 2673 retur
462 2620 720 2687 ulterius,
763 2621 1004 2675 infantes
1046 2621 1107 2676 in
1153 2628 1514 2692 peccatorum
1560 2623 1956 2680 remissionem

258 2708 618 2777 Baptismum
650 2709 942 2780 percipere
971 2709 1292 2765 fatebatur:
1319 2711 1638 2766 doctrinam
1660 2715 1727 2766 de
1758 2729 1958 2783 parvu-

255 2796 452 2850 lorum
495 2796 780 2867 Baptismo
811 2813 973 2851 suam
1006 2797 1075 2851 de
1106 2797 1320 2867 libello,
1359 2815 1531 2869 quem
1567 2801 1809 2853 Romam
1842 2800 1954 2853 mi-

253 2889 430 2950 serat,
481 2884 620 2954 ipsis
665 2885 909 2938 recitans
955 2886 1050 2953 (De
1097 2888 1314 2939 Peccato
1361 2887 1641 2951 originali,
1682 2888 1841 2956 11.1).
1887 2887 1956 2941 Se

258 2973 478 3042 itaque,
519 2973 678 3042 cujus
715 2973 1048 3027 innocentia
1095 2973 1269 3026 etiam
1308 2973 1510 3026 fuisset
1553 2973 1613 3026 in
1657 2974 1954 3028 Palaestino

247 3059 474 3132 judicio
501 3060 760 3129 probata,
793 3059 1014 3113 dicebat
1043 3059 1239 3113 eadem
1270 3075 1399 3113 cum
1439 3060 1696 3114 Coalestio
1727 3065 1954 3115 senten-

250 3148 337 3202 tia
361 3163 476 3201 non
507 3147 772 3202 debuisse
800 3146 985 3201 teneri
1015 3147 1201 3216 (Ibid.,
1232 3163 1288 3201 η.
1323 3149 1399 3216 9).
1441 3148 1564 3201 Non
1603 3163 1776 3218 parva
1804 3147 1956 3220 ipsos

251 3236 314 3290 id
348 3235 500 3306 quod
530 3235 793 3305 Pelagius
821 3235 1109 3305 professus
1133 3240 1272 3300 erat,
1304 3235 1505 3289 latitia
1540 3235 1727 3290 affecit
1758 3253 1770 3290 :
1805 3241 1955 3290 atta-

253 3339 393 3377 men
423 3321 492 3376 de
524 3322 645 3392 ejus
684 3321 867 3375 verbis
905 3322 1290 3391 Augustinum
1329 3323 1742 3377 consulendum
1769 3323 1956 3377 adhuc

254 3426 380 3464 esse
410 3410 694 3464 duxerunt
721 3410 906 3479 (Ibid,
941 3425 999 3464 n.
1031 3410 1104 3478 5).
1135 3410 1518 3474 Quamobrem
1549 3410 1771 3481 scriptis
1799 3428 1953 3464 com-

255 3497 422 3552 muni
444 3497 678 3551 nomine
708 3496 932 3563 litteris,
963 3497 1102 3568 quid
1132 3497 1242 3568 ipsi
1271 3497 1339 3552 de
1371 3498 1478 3551 hoc
1505 3513 1768 3552 sermone
1800 3498 1952 3552 vide-

252 3591 437 3654 retur,
481 3586 744 3639 sciscitati
793 3591 944 3640 sunt.
1000 3585 1342 3641 Litterarum
1390 3587 1640 3657 perlator
1697 3591 1954 3640 sanctum

253 3673 582 3729 Antistitem
612 3674 954 3745 Carthagine
994 3674 1227 3744 reperit,
1261 3675 1330 3728 ab
1369 3690 1550 3745 eoque
1587 3673 1668 3728 ibi
1707 3690 1955 3745 occupa-

258 3761 507 3816 tionibus
535 3761 667 3817 licet
695 3762 1058 3817 densioribus
1079 3763 1378 3833 impedito,
1409 3779 1749 3833 responsum
1778 3764 1946 3817 tulit:

255 3865 362 3903 nec
389 3850 556 3904 breve
585 3850 820 3921 quidem
849 3851 946 3919 (De
973 3852 1165 3907 Gratia
1199 3852 1419 3918 Christi,
1451 3867 1506 3906 η.
1546 3851 1618 3918 1).
1655 3852 1796 3905 Nam
1825 3867 1954 3904 cum

254 3942 479 3991 sanctos
508 3938 636 3991 illos
665 3953 752 4003 ea,
781 3954 912 4008 qua.
951 3939 1023 3992 ad
1052 3938 1488 3992 aediﬁcationem
1519 3939 1609 3992 vel
1648 3938 1951 3991 conﬁrma-

254 4025 472 4079 tionem
486 4025 618 4078 ﬁdei
641 4025 1098 4091 conscribuntur,
1122 4025 1408 4095 inexpleto
1429 4041 1654 4094 semper
1669 4026 1952 4080 desiderio

253 4113 444 4181 legere
510 4116 868 4182 compertum
932 4113 1168 4167 haberet
1234 4113 1327 4183 (De
1384 4115 1601 4167 Peccato
1674 4115 1948 4181 originali,

252 4217 316 4255 η.
351 4201 462 4268 48),
498 4215 613 4253 non
642 4199 919 4254 dubitavit
946 4199 1172 4270 integra
1196 4200 1309 4254 duo
1338 4199 1648 4265 volumina,
1670 4216 1852 4254 unum
1882 4201 1950 4255 de

253 4287 446 4343 Gratia
474 4288 700 4353 Christi,
733 4288 979 4342 alterum
1008 4289 1078 4342 de
1108 4291 1342 4343 Peccato
1375 4287 1665 4359 originali,
1697 4287 1769 4342 ad
1798 4289 1951 4359 ipsos

254 4376 503 4447 dirigere
537 4392 551 4430 :
594 4375 803 4446 quibus
832 4375 892 4429 in
935 4375 1098 4430 libris
1140 4391 1409 4447 quanam
1448 4375 1524 4429 sit
1569 4376 1785 4446 Pelagii
1819 4393 1953 4430 vera

253 4481 418 4519 mens
442 4464 591 4519 circa
618 4465 725 4519 hoc
751 4467 1061 4536 utrumque
1100 4469 1288 4536 caput,
1321 4480 1388 4519 ex
1413 4463 1483 4518 iis
1511 4463 1647 4534 ipsis
1685 4465 1952 4534 operibus

254 4553 379 4623 ejus
410 4553 590 4618 docet,
624 4568 870 4624 quorum
894 4551 988 4608 ille
1026 4569 1084 4606 se
1109 4552 1393 4624 purgandi
1423 4569 1592 4606 causa
1622 4552 1682 4606 in
1711 4551 1952 4622 epistola

254 4641 325 4695 ad
356 4640 753 4695 Innocentium
781 4641 932 4695 locos
961 4641 1330 4710 producebat.
1385 4645 1393 4654 '

907 4729 1132 4783 CAPUT
1170 4729 1312 4782 Xlll.

257 4823 275 4872 1
316 4817 655 4883 Augustinus
687 4818 984 4873 Casaream
1021 4816 1084 4871 ob
1115 4817 1362 4870 Ecclesia
1397 4817 1612 4883 negotia
1644 4813 1952 4884 proﬁcisci-

325 4901 434 4951 tur.
467 4899 499 4949 2
521 4898 583 4949 In
609 4911 726 4950 eam
752 4897 936 4951 urbem
964 4897 1304 4966 disputatum
1329 4910 1448 4949 cum
1478 4911 1534 4948 eo
1562 4897 1710 4948 venit
1740 4897 1953 4948 Emeri«

325 4982 434 5041 tus,
464 4991 568 5044 quo
610 4981 871 5044 prasente
912 4991 974 5029 ac
1020 4975 1403 5029 obmutescente
1447 4975 1793 5027 cancianatur
1832 4975 1950 5028 Au-

325 5056 596 5122 gustinus.
621 5057 650 5107 3
679 5055 870 5107 Altera
900 5055 988 5108 die
1015 5057 1250 5109 Emerita
1281 5056 1429 5107 intra
1460 5053 1732 5106 ecclesiam
1761 5055 1954 5106 consti-

326 5137 440 5187 tuto
478 5137 527 5185 et
567 5137 942 5200 perseverante
978 5135 1037 5187 in
1075 5135 1286 5187 silentio
1325 5147 1444 5198 suo,
1476 5132 1536 5185 id
1573 5131 1839 5185 commode
1879 5131 1954 5184 ad

327 5227 502 5266 causa
531 5227 641 5265 sua
673 5213 964 5265 utilitatem
991 5215 1152 5266 vertit
1181 5218 1400 5267 sanctus
1429 5213 1749 5280 Episcapus.
1792 5213 1825 5264 4
1856 5213 1952 5264 Hic

321 5306 554 5360 pravam
575 5291 1006 5344 consuetudinem
1027 5294 1221 5345 civium
1242 5294 1656 5348 Casareensium
1677 5291 1859 5344 habita
1880 5291 1953 5342 ad

324 5370 529 5440 plebem
568 5385 804 5423 sermone
833 5369 1022 5422 abolet.
1055 5373 1084 5421 5
1113 5370 1205 5423 Ad
1235 5372 1492 5438 Optatum
1514 5370 1764 5423 rescribit
1789 5383 1950 5436 super

329 5451 619 5516 quastione
651 5448 716 5502 de
741 5449 936 5501 anima
964 5449 1191 5514 origine.
1227 5451 1258 5501 6
1297 5448 1441 5502 Idem
1480 5448 1764 5516 respondet
1801 5449 1946 5500 Mer-

329 5531 517 5581 catori.
568 5533 597 5580 7
651 5528 926 5582 Calestino
974 5541 1181 5594 quoque
1226 5541 1287 5579 ac
1339 5528 1514 5582 Sixto.
1577 5529 1607 5578 8
1667 5525 1943 5580 Adversus

1732 307 1945 364 LIBER
1985 308 2345 366 SEPTIMUS.

3680 319 3784 374 498

2155 433 2360 499 Aptum
2404 432 2469 486 de
2517 433 2747 487 carendo
2797 435 3076 488 Judaisma
3113 436 3302 489 scribit
3344 434 3418 489 ad
3460 437 3773 491 Asellicum.

2160 522 2204 572 1.
2239 519 2474 573 Sanctus
2511 522 2722 574 Prasul
2755 537 2964 592 magna
2992 523 3086 575 illa
3119 523 3372 593 negotia,
3405 523 3612 594 quibus
3643 526 3774 580 Car-

2080 605 2316 674 thagine
2349 606 2536 660 fuerat
2574 613 2900 678 occupatus,
2935 624 3070 673 non,
3103 625 3216 679 quo
3257 626 3314 663 se
3347 610 3602 664 reﬁceret
3631 627 3665 663 a
3695 611 3772 664 la-

2079 693 2218 747 bore
2250 694 2520 760 deseruit,
2549 695 2646 748 sed
2692 701 2755 749 ut
2797 696 3071 766 susceptis
3119 697 3272 750 novis
3325 697 3614 752 laboribus
3655 702 3772 752 stu-

2081 781 2238 834 dium
2281 781 2340 835 in
2381 783 2681 836 Ecclesiam
2721 799 2888 836 suum
2935 784 3222 853 probaret.
3266 784 3564 839 Enimvero
3603 802 3668 839 ex
3708 801 3774 838 ea

2079 867 2302 923 civitate
2323 871 2617 933 decedens,
2643 872 2749 924 iter
2770 871 3080 925 Caesaream
3104 871 3452 926 Mauritania
3474 889 3772 943 aggressus

2081 962 2165 1011 est
2188 973 2332 1028 :qua
2352 958 2413 1011 in
2439 959 2575 1012 urbe
2598 959 2818 1013 decimo
2843 964 3044 1031 quarto
3066 964 3122 1013 et
3147 960 3478 1014 duodecimo
3502 961 3772 1014 kalendas

2079 1046 2334 1100 octobres
2372 1047 2545 1116 hujus
2583 1046 2762 1116 ipsius
2801 1048 2939 1101 anni
2975 1048 3304 1101 versabatur
3334 1049 3424 1118 (De
3453 1049 3624 1104 Gestis
3653 1065 3768 1102 cum

2078 1135 2338 1200 Emerita,
2367 1148 2424 1186 n.
2473 1134 2543 1201 1).
2576 1135 2751 1186 Porro
2786 1134 2984 1187 eadem
3027 1135 3164 1188 urbs
3202 1133 3520 1203 Algerium,
3560 1139 3626 1188 ut
3655 1134 3770 1189 exi-

2077 1220 2328 1284 stimant,
2363 1219 2534 1272 hodie
2574 1219 2799 1285 dicitur,
2833 1226 3063 1274 centum
3096 1220 3300 1290 viginti
3337 1220 3560 1273 circiter
3597 1221 3769 1275 leucis

2078 1307 2274 1361 dissita
2296 1307 2364 1360 ab
2387 1307 2846 1378 Hippone-Regio
2882 1325 2894 1361 :
2929 1309 3078 1362 unde
3104 1324 3230 1362 cum
3256 1325 3360 1378 per
3389 1309 3534 1362 hanc
3562 1308 3672 1362 iter
3700 1309 3770 1362 ad

2075 1395 2232 1449 illam
2261 1399 2427 1460 esset,
2460 1395 2565 1448 hac
2605 1397 2870 1449 transisse
2918 1412 3050 1449 eum
3093 1412 3210 1450 non
3255 1395 3584 1450 dubitamus
3626 1413 3638 1450 :
3673 1411 3768 1450 ve-

2074 1488 2400 1538 rumtamen
2444 1483 2890 1554 haudquaquam
2929 1500 3058 1537 eum
3096 1484 3176 1538 ibi
3218 1483 3318 1538 diu
3355 1487 3768 1538 commoratum

2073 1571 2267 1637 fuisse,
2291 1588 2357 1625 ex
2390 1571 2630 1642 epistola
2650 1572 2718 1625 ad
2749 1573 3112 1626 Mercatorem
3145 1572 3427 1642 conjicere
3457 1576 3540 1626 est
3570 1571 3766 1641 (Epist.

2080 1662 2198 1725 193,
2228 1675 2284 1713 n.
2320 1659 2388 1729 1).
2423 1660 2536 1712 Hoc
2565 1663 2753 1714 autem
2780 1659 3002 1714 itineris
3033 1660 3233 1731 utipse
3257 1676 3385 1712 cum
3409 1659 3532 1713 aliis
3552 1659 3771 1730 aliquot

2074 1747 2354 1818 episcopis
2403 1747 2735 1817 susciperet,
2784 1747 2989 1801 Zosimi
3039 1763 3203 1818 papa
3255 1746 3457 1800 litteris
3501 1746 3767 1800 inductus

2074 1838 2159 1887 est
2189 1835 2383 1904 (Epist.
2423 1836 2540 1898 190,
2575 1849 2628 1887 η.
2666 1835 2740 1904 1),
2774 1833 3050 1887 nimirum
3081 1834 3148 1887 ad
3191 1832 3548 1887 conficienda
3576 1833 3767 1902 gravia

2073 1921 2334 1992 quasdam
2387 1921 2643 1975 Ecclesia
2693 1922 2940 1992 negotia,
2992 1937 3120 1992 qua
3170 1921 3489 1991 cujusmodi
3530 1921 3767 1990 fuerint,

2069 2009 2180 2062 nisi
2219 2009 2372 2080 quod
2415 2009 2486 2064 ad
2528 2009 2844 2064 Donatistas
2887 2025 2954 2063 ea
2989 2010 3134 2063 nihil
3170 2009 3512 2081 pertinuisse
3543 2015 3762 2063 certum

2071 2104 2156 2151 est
2185 2097 2503 2167 (Possidius,
2543 2099 2602 2150 in
2645 2099 2772 2152 Vita
2810 2098 3129 2166 Augustini,
3167 2113 3222 2151 η.
3270 2097 3374 2166 16),
3414 2096 3763 2166 ignoramus.

2073 2187 2214 2240 Eum
2244 2191 2398 2239 certe
2430 2201 2663 2239 omnem
2692 2184 2849 2239 illam
2879 2200 3213 2255 peragrasse
3242 2185 3540 2254 regionem
3567 2183 3764 2237 viden-

2070 2279 2165 2328 tur
2189 2273 2296 2327 ista
2325 2273 2647 2343 signiﬁcare
2673 2290 2685 2328 :
2708 2277 2809 2328 Per
2839 2289 2974 2341 quas
3005 2279 3142 2327 totas
3167 2278 3340 2327 terras
3369 2289 3486 2328 cum
3512 2275 3764 2326 intentio-

2068 2378 2187 2416 nem
2214 2365 2455 2415 nostram
2476 2363 2576 2415 huc
2605 2366 2767 2429 atque
2789 2363 2936 2428 illuc,
2956 2377 3074 2429 qua
3095 2361 3479 2427 ingerebantur
3501 2361 3765 2428 sensibus,

2069 2449 2288 2503 diversa
2311 2452 2597 2518 raptarent
2618 2451 2818 2518 (Epist.
2853 2452 2972 2516 193,
3004 2465 3062 2503 n.
3099 2450 3166 2513 1).
3191 2450 3470 2503 Caeterum
3501 2448 3766 2502 Caesarea

2070 2536 2207 2608 quid
2237 2540 2462 2607 gestum
2492 2536 2686 2602 fuerit,
2713 2537 2975 2608 ignotum
3007 2540 3114 2590 est.
3135 2537 3538 2590 Convenerunt
3566 2537 3765 2590 eodem

2069 2626 2219 2678 inter
2247 2630 2481 2679 caeteros
2512 2625 2836 2687 Deuterius,
2868 2626 2990 2694 ejus
3018 2625 3198 2695 ipsius
3224 2625 3372 2680 sedis
3403 2625 3656 2691 antistes,
3689 2629 3762 2689 et,

2069 2714 2226 2784 quod
2255 2713 2504 2767 insolens
2544 2713 2604 2766 in
2633 2713 2840 2780 Africa,
2882 2713 3360 2783 metropolitanus
3397 2713 3597 2778 dictus,
3630 2713 3768 2781 Aly—

2067 2801 2196 2872 pius
2224 2801 2602 2870 Tagastensis,
2629 2801 2917 2854 Possidius
2948 2801 3313 2866 Calamensis,
3338 2801 3601 2855 Rusticus
3632 2799 3765 2853 Car-

2066 2887 2375 2953 tenitanus,
2401 2886 2683 2940 Palladius
2710 2886 3103 2956 Tigabitanus;
3129 2886 3374 2940 aliorum
3394 2887 3626 2940 nomina
3648 2903 3765 2940 non

2066 2978 2435 3028 recensentur
2466 2975 2562 3041 (De
2589 2975 2760 3028 Gestis
2787 2989 2904 3027 cum
2935 2976 3191 3034 Emerita,
3223 2989 3279 3026 η.
3323 2973 3398 3042 1).
3440 2973 3764 3027 Adfuerunt

2068 3062 2240 3116 etiam
2273 3061 2529 3130 ejusdem
2557 3059 2859 3130 provincia
2891 3060 3145 3130 episcopi
3167 3062 3418 3130 (Retract.
3445 3061 3480 3115 ι.
3510 3063 3560 3126 1_,
3582 3076 3626 3113 c.
3652 3062 3757 3129 51).

2135 3152 2192 3204 2.
2225 3147 2528 3201 Donatistis
2557 3149 2826 3201 Caesareae
2866 3147 3022 3201 urbis
3049 3151 3296 3217 praeerat
3327 3146 3625 3215 Emeritus,
3656 3163 3760 3200 no-

2064 3236 2153 3291 bis
2174 3236 2296 3307 jam
2325 3239 2678 3290 memoratus
2702 3251 2819 3290 non
2847 3235 3044 3300 semel,
3076 3236 3342 3306 idemque
3373 3236 3555 3289 clarus
3584 3236 3758 3305 potis-

2066 3327 2276 3379 simum
2305 3324 2374 3378 ob
2405 3340 2494 3392 ea,
2524 3340 2652 3395 quae
2682 3340 2786 3394 pro
2822 3323 3084 3378 factionis
3114 3340 3230 3378 sua
3261 3340 3427 3378 causa
3467 3328 3660 3395 egerat
3699 3324 3757 3377 in

2067 3412 2500 3483 Carthaginensi
2529 3412 2847 3468 collatione.
2873 3413 2974 3466 Illa
2995 3412 3155 3466 ﬁnita
3181 3413 3492 3467 Caesaream
3523 3411 3762 3482 repetie-

2067 3507 2172 3568 rat,
2190 3501 2292 3556 ubi
2311 3501 2572 3572 pertinax
2598 3499 2659 3554 in
2685 3499 3004 3567 schismate,
3028 3501 3200 3554 etiam
3221 3501 3422 3566 multa,
3447 3500 3654 3570 quibus
3681 3515 3762 3552 re-

2063 3591 2239 3644 latam
2263 3589 2334 3642 ab
2376 3587 2619 3642 Ecclesia
2655 3588 2949 3642 victoriam
2986 3589 3249 3653 elevaret,
3291 3588 3639 3642 conﬁnxerat
3669 3589 3758 3657 ja-

2065 3677 2402 3746 ctitaratque
2453 3676 2550 3743 (De
2595 3676 2768 3730 Gestis
2818 3690 2933 3729 cum
2979 3678 3235 3743 Emerita,
3283 3691 3338 3729 n.
3381 3677 3451 3742 3).
3501 3675 3585 3728 Ad
3627 3690 3759 3728 eum

2066 3763 2374 3836 quamdam
2421 3762 2812 3832 scriptionem,
2844 3778 2972 3832 quae
3011 3761 3285 3832 temporis
3323 3761 3532 3831 injuria
3569 3762 3758 3832 periit,

2064 3853 2346 3907 direxerat
2394 3848 2773 3920 Augustinus;
2827 3849 2985 3902 illam
3029 3864 3164 3901 sane
3211 3863 3492 3918 perquam
3534 3848 3754 3911 utilem,

2065 3943 2277 4014 quippe
2314 3941 2375 3994 in
2408 3957 2582 4012 quam
2621 3944 2846 3993 sanctus
2874 3940 3096 4003 Doctor,
3125 3937 3404 4008 quidquid
3434 3937 3504 3990 ad
3543 3937 3756 3989 exstin-

2064 4029 2356 4100 guendum
2395 4027 2696 4082 discidium
2720 4025 2962 4091 valebat,
2990 4024 3146 4078 brevi
3177 4029 3347 4104 atque
3375 4023 3636 4092 expedita
3665 4038 3759 4076 ra-

2063 4117 2217 4171 tione
2235 4121 2514 4186 coegerat.
2542 4113 2903 4169 Elucubravit
2926 4113 3066 4167 illud
3089 4111 3278 4182 Operis
3299 4109 3522 4164 circiter
3541 4125 3757 4163 annum

2062 4202 2686 4276 quadringentesimum
2707 4200 2994 4255 decimum
3018 4204 3267 4253 sextum:
3290 4196 3757 4268 quandoquidem

2062 4293 2251 4364 ipsum
2291 4292 2441 4346 inter
2478 4307 2564 4356 ea,
2597 4285 2725 4361 quae
2756 4290 2825 4344 ad
2857 4288 3269 4357 Hieronymum
3299 4301 3450 4339 anno
3482 4285 3755 4355 quadrin-

2062 4380 2380 4452 gentesimo
2402 4378 2621 4433 decimo
2644 4377 2842 4448 quinto
2869 4376 3042 4442 misit,
3066 4380 3124 4429 et
3143 4375 3351 4429 librum
3369 4373 3436 4427 de
3457 4372 3636 4427 Gestis
3657 4374 3758 4426 Pe-

2059 4469 2196 4540 lagii
2223 4469 2390 4540 ponit
2418 4467 2680 4537 (Retract.
2713 4467 2749 4520 l.
2782 4467 2835 4533 2,
2859 4482 2905 4519 c.
2936 4467 3048 4532 46).
3082 4465 3290 4516 Verum
3312 4461 3419 4515 hoc
3437 4460 3591 4530 pacis
3613 4476 3756 4529 opus

2061 4574 2190 4614 cum
2219 4556 2404 4611 ﬁlium
2434 4555 2588 4626 pacis
2617 4553 2929 4608 Emeritum
2954 4567 3074 4606 non
3099 4549 3427 4616 invenisset,
3453 4549 3526 4602 ad
3556 4553 3753 4602 aucto-

2059 4661 2184 4699 rem
2223 4659 2392 4698 suum
2431 4643 2528 4696 illa
2565 4657 2788 4696 reversa
2825 4645 2929 4694 est.
2964 4637 3348 4693 Nihilominus
3385 4641 3578 4690 tamen
3605 4652 3753 4706 prae-

2061 4731 2240 4784 sulem
2273 4745 2440 4783 suum
2470 4728 2678 4782 imitati
2706 4744 2821 4781 non
2852 4731 2982 4781 sunt
3006 4727 3388 4780 Caesareenses
3416 4724 3756 4790 Donatista;

2063 4822 2259 4888 utpote
2281 4816 2380 4887 qui
2400 4816 2471 4870 ad
2501 4813 2834 4869 catholicam
2859 4813 3319 4867 communionem
3346 4812 3526 4867 ferme
3558 4827 3754 4865 omnes

2062 4921 2184 4960 sese
2223 4903 2542 4968 retulerint,
2574 4903 2706 4956 licet
2752 4918 2868 4955 non
2915 4902 3114 4956 eadem
3162 4917 3357 4955 omnes
3398 4900 3745 4955 sinceritate.

2065 4995 2238 5048 Erant
2267 4991 2552 5062 siquidem
2573 4990 2759 5044 adhuc
2785 4989 3129 5060 complures,
3153 4989 3253 5060 qui
3286 4989 3354 5043 de
3385 4989 3620 5042 veritate
3640 5003 3757 5041 am-

2063 5083 2356 5151 bigerent;
2383 5080 2498 5133 imo
2520 5084 2576 5133 et
2599 5078 2862 5132 nonnulli
2881 5094 2947 5132 ex
2976 5083 3220 5149 utroque
3242 5094 3378 5131 sexu
3398 5079 3591 5130 animo
3613 5091 3755 5128 sem-

2062 5186 2164 5243 per
2194 5185 2256 5222 ac
2285 5169 2576 5222 voluntate
2617 5167 2909 5221 schismati
2955 5166 3413 5222 adhaerescebant
3441 5166 3538 5232 (De
3581 5164 3752 5217 Gestis

2062 5274 2182 5312 cum
2209 5259 2464 5318 Emerita,
2481 5271 2576 5310 nn.
2601 5258 2649 5318 1,
2672 5257 2730 5325 2)
2755 5271 2766 5309 :
2792 5259 2856 5309 ut
2884 5259 3075 5308 autem
3105 5259 3161 5308 et
3189 5253 3248 5308 hi
3279 5252 3524 5306 caecitate
3545 5249 3750 5304 libera-

2061 5350 2279 5412 rentur,
2314 5349 2369 5400 et
2392 5345 2870 5398 conﬁrmarentur
2893 5341 2996 5402 illi,
3017 5343 3163 5396 Deus
3193 5339 3271 5406 id,
3293 5336 3443 5409 quod
3467 5335 3754 5389 narraturi

2060 5451 2278 5501 sumus,
2309 5432 2592 5504 permisit.
2621 5432 2706 5486 Ab
2736 5431 2898 5497 urbe,
2921 5445 3050 5483 cum
3079 5428 3262 5481 isthuc
3289 5423 3608 5478 adventavit
3633 5425 3749 5478 Au-

2059 5523 2338 5590 gustinus,
2393 5520 2673 5575 Emeritus
2713 5519 2926 5581 aberat,
2967 5530 3138 5586 quem
3180 5517 3312 5564 tunc
3352 5511 3643 5581 temporis,
3677 5527 3750 5565 ne
