4062 6372
286 285 389 338 499

287 406 606 476 caperetur,
647 399 962 466 delituisse,
1004 395 1306 450 obscurum
1342 406 1463 446 non
1509 394 1610 444 est.
1656 390 1881 455 Verum,
1920 388 1987 441 ut

291 491 571 564 comperit
590 489 667 544 ibi
685 491 1028 561 praesentem
1049 499 1167 538 esse
1189 481 1611 551 Hipponensem
1632 477 1984 548 episcopum,

290 599 357 637 eo
390 584 591 651 sponte
624 594 725 632 sua
764 575 985 630 decimo
1025 574 1226 641 quarto
1257 567 1528 622 kalendas
1553 566 1797 621 octobris
1833 563 1988 618 illius

290 668 521 724 videndi
559 682 730 721 causa
768 662 1017 718 accessit.
1060 657 1399 713 Nuntiatum
1438 660 1524 709 est
1571 670 1634 709 ex
1678 652 1989 725 improviso

291 755 612 827 Augustino
662 768 794 806 eum
842 750 1073 814 adesse;
1116 746 1186 800 ad
1234 761 1363 799 eum
1408 744 1715 798 videndum
1765 744 1990 795 sanctus

293 844 543 898 Antistes
566 840 837 895 continuo
859 834 1201 890 convolavit.
1232 835 1427 905 Ipsum
1453 832 1512 886 in
1534 833 1726 903 platea
1747 833 1993 883 stantem

296 932 612 997 offendens,
641 932 771 999 post
797 924 1014 995 primas
1036 922 1271 977 honoris
1299 920 1751 990 urbanitatisque
1784 915 1995 986 signiti-

296 1019 545 1073 cationes
565 1018 754 1071 locum
774 1014 937 1067 illum
956 1011 1185 1082 utrique
1210 1025 1396 1081 neque
1418 1008 1785 1064 commodum
1805 1020 1993 1075 neque

296 1108 591 1163 decentem
616 1119 736 1158 esse
775 1101 1132 1156 commonuit
1165 1116 1177 1154 :
1221 1098 1487 1170 quocirca
1516 1111 1646 1150 eum
1679 1092 1897 1165 rogavit
1933 1092 1995 1146 in

296 1194 590 1251 ecclesiam
643 1206 835 1245 secum
884 1205 996 1243 una
1025 1187 1220 1242 venire
1268 1203 1338 1240 ne
1386 1188 1736 1255 gravaretur.
1778 1180 1997 1236 Annuit

298 1286 392 1339 ille
420 1281 571 1336 haud
601 1279 828 1334 invitus.
861 1277 1019 1332 Unde
1048 1274 1433 1346 Augustinum
1456 1289 1582 1343 spes
1604 1270 1832 1325 incessit
1852 1285 1998 1323 com-

298 1372 631 1428 munionem
657 1367 991 1423 catholicam
1015 1381 1144 1420 eum
1158 1365 1309 1418 bono
1329 1362 1642 1433 libentique
1656 1359 1848 1414 animo
1859 1359 1997 1429 jam-

292 1464 414 1531 jam
443 1459 864 1530 amplexurum.
899 1457 1019 1509 Imo
1050 1458 1107 1507 et
1137 1454 1246 1507 hoc
1278 1452 1348 1506 ab
1376 1450 1500 1521 ipso
1524 1450 1647 1520 jam
1676 1448 1996 1519 praestitum

301 1550 494 1610 fuisse,
537 1561 735 1601 rumor
770 1541 1025 1613 vulgavit
1053 1542 1272 1612 (Contra
1314 1538 1696 1603 Gaudentium,
1730 1537 1823 1590 lib.
1858 1540 1905 1603 1,
1936 1551 1994 1589 n.

308 1640 414 1707 15).
436 1640 510 1692 Eo
530 1639 693 1706 pacto
724 1634 982 1688 futurum
1009 1634 1148 1697 erat,
1176 1634 1241 1683 ut
1268 1627 1566 1683 Deuterius
1595 1625 1866 1690 Emerito,
1898 1623 1997 1695 qui

304 1729 421 1783 suis
450 1727 664 1781 civibus
692 1724 897 1779 charus
926 1725 1067 1787 erat,
1099 1720 1298 1775 cedere
1328 1718 1681 1789 episcopatu,
1705 1714 1869 1769 sicuti
1895 1714 1998 1768 Ca-

302 1816 499 1872 tholici
526 1816 772 1869 facturos
806 1828 865 1865 se
905 1808 1209 1865 Donatistis
1258 1811 1389 1861 ante
1438 1805 1813 1861 Collationem
1859 1801 1997 1873 spo-

304 1905 646 1976 ponderant,
694 1899 819 1971 cogi
863 1902 1056 1970 posset
1103 1914 1115 1952 :
1167 1912 1282 1968 qua
1329 1899 1524 1950 tamen
1570 1892 1856 1947 retardata
1884 1907 1999 1945 non

304 1994 504 2050 fuisset
551 1988 968 2055 reconciliatio,
1014 1983 1483 2058 quandoquidem
1528 1981 1599 2036 ad
1628 1981 1684 2035 id
1713 1978 2001 2050 paratissi-

306 2098 434 2138 mus
460 2084 583 2135 erat
603 2077 900 2135 Deuterius
917 2097 933 2143 ;
953 2076 1316 2145 affirmatque
1342 2070 1718 2143 Augustinus,
1739 2068 1875 2123 olim
1897 2065 2003 2121 sibi

306 2174 507 2226 uotum
537 2184 657 2221 esse
697 2166 957 2221 animum
993 2163 1229 2233 hujusce
1258 2159 1538 2231 praesulis,
1572 2158 1672 2229 qui
1710 2172 1828 2211 non
1858 2159 2006 2210 esset

308 2257 712 2313 commissurus
751 2267 1029 2323 unquam,
1070 2255 1134 2304 ut
1161 2248 1419 2303 Ecclesia:
1456 2245 1689 2301 utilitati
1719 2244 2005 2315 privatum

308 2347 591 2401 honorem
643 2343 1015 2411 anteponeret
1063 2338 1252 2409 (Serm.
1298 2336 1372 2390 ad
1413 2335 1762 2391 Caesareensis
1798 2332 2000 2388 Eccles.

306 2435 533 2504 plebem,
558 2448 615 2487 η.
666 2431 736 2500 1).
776 2430 985 2482 Verum
1034 2426 1087 2481 ei
1133 2426 1406 2479 hoc'sua:
1450 2423 1673 2477 virtutis
1719 2420 2008 2492 specimen

313 2523 447 2577 dare
470 2536 573 2591 per
595 2516 909 2573 Emeritum
930 2531 1045 2569 non
1068 2513 1243 2568 licuit.
1272 2512 1372 2567 Hic
1396 2528 1507 2566 una
1535 2527 1665 2565 cum
1686 2508 2005 2579 Augustino

314 2626 371 2663 se
391 2607 629 2663 contulit
648 2606 707 2659 in
726 2604 1043 2669 ecclesiam,
1066 2619 1181 2674 quo
1208 2602 1454 2655 maxima
1472 2599 1779 2654 multitudo
1801 2596 2010 2652 utrius-

313 2711 425 2766 que
464 2692 883 2748 communionis
922 2691 1195 2746 conﬂuxit
1235 2691 1451 2760 (Contra
1492 2688 1779 2753 Gaudent.,
1823 2686 1916 2740 lib.
1958 2688 2006 2751 1,

311 2801 370 2840 n.
404 2787 488 2849 15,
518 2788 566 2836 et
596 2782 830 2851 Possid.,
862 2783 919 2834 in
972 2783 1101 2836 Vita
1147 2779 1467 2846 Augustini,
1517 2792 1562 2831 c.
1619 2778 1723 2839 14).
1771 2777 1873 2828 Vix
1914 2790 2009 2828 eo-

315 2875 444 2929 dem
474 2874 762 2943 ingressus
791 2875 890 2937 est,
926 2887 989 2925 ac
1018 2870 1205 2940 primo
1236 2884 1497 2923 sermone
1527 2867 1917 2937 compellatus,
1947 2868 2014 2919 ut

315 2962 601 3031 ambiguis
630 2960 782 3014 hisce
818 2959 1045 3013 vocibus
1074 2957 1383 3029 respondet
1414 2974 1426 3011 :
1464 2958 1579 3012 Non
1620 2970 1837 3025 possum
1874 2954 2013 3009 nolle

316 3050 460 3118 quod
486 3051 673 3115 vultis,
714 3048 808 3103 sed
842 3063 1061 3117 possum
1088 3048 1219 3101 velle
1257 3046 1402 3115 quod
1427 3046 1544 3098 volo
1583 3044 1771 3114 (Serm.
1802 3042 1876 3097 ad
1913 3043 2015 3099 Cm-

315 3140 578 3192 sareensis
619 3138 869 3193 Ecclesia:
899 3136 1126 3205 plebem,
1161 3150 1216 3188 η.
1258 3135 1325 3201 1).
1373 3133 1655 3187 Caeterum
1683 3148 1787 3186 nec
1811 3131 1872 3185 in
1903 3129 2014 3199 sui,

319 3243 420 3280 nec
448 3226 509 3279 in
536 3224 795 3278 factionis
818 3223 1206 3278 defensionem
1230 3221 1546 3291 quidquam
1568 3220 1776 3274 addere
1796 3218 2008 3283 valuit;

320 3314 418 3367 sed
448 3313 505 3366 in
543 3312 855 3366 recusanda
894 3309 1299 3364 communione
1338 3308 1743 3379 perseveravit.
1774 3308 2017 3360 Venerat

320 3402 507 3455 isthuc
535 3416 651 3454 non
680 3400 792 3453 alia
816 3399 971 3453 haud
1000 3397 1169 3452 dubie
1203 3397 1272 3451 de
1312 3412 1500 3461 causa,
1533 3410 1707 3464 quam
1744 3397 1806 3447 ut
1835 3393 2016 3447 schis-

321 3487 490 3541 matis
512 3487 599 3540 sui
619 3491 927 3557 patronum
948 3489 1143 3555 ageret
1168 3502 1180 3539 :
1200 3500 1399 3538 verum
1418 3487 1728 3553 antequam
1748 3480 2017 3535 meditata

322 3580 512 3645 posset
553 3574 730 3640 effari,
776 3574 899 3628 haec
943 3574 1014 3626 ab
1059 3571 1379 3644 Augustino
1421 3587 1525 3641 per
1569 3568 2017 3624 antecessionem

322 3664 463 3718 adeo
494 3663 748 3718 funditus
777 3678 970 3716 eversa
998 3662 1292 3726 intellexit,
1317 3664 1399 3726 ut,
1425 3658 1566 3731 quid
1587 3657 2014 3719 contradiceret,

324 3768 443 3806 non
471 3751 751 3806 inveniret
782 3752 997 3819 (Contra
1026 3751 1331 3817 Gaudent,
1363 3749 1459 3803 lib.
1488 3752 1536 3815 1,
1568 3764 1624 3802 n.
1666 3748 1776 3818 15).
1801 3746 1907 3800 Ubi
1929 3746 2019 3799 vi-

322 3840 455 3894 dere
487 3841 594 3895 hoc
636 3840 787 3895 tradi
834 3839 1067 3905 diutius,
1101 3854 1348 3909 eumque
1379 3837 1530 3892 intra
1580 3836 1733 3907 ipsos
1767 3832 2018 3889 ecclesize

323 3930 613 3983 catholicas
633 3930 880 4001 parietes
903 3928 964 3983 in
989 3927 1226 3982 discidio
1249 3932 1302 3981 et
1330 3925 1535 3981 haeresi
1562 3924 1860 3996 persistere
1881 3939 2018 3976 con-

322 4024 626 4081 tumacem,
658 4018 1007 4089 Augustinus
1047 4016 1117 4070 ad
1160 4016 1442 4086 populum
1492 4014 1810 4067 adstantem
1848 4011 2021 4065 verba

323 4107 506 4161 facere
536 4122 837 4176 aggressus
867 4108 969 4159 est.
997 4105 1168 4159 Multa
1198 4103 1322 4155 dimi
1346 4102 1412 4155 de
1435 4117 1591 4170 pace,
1624 4100 1832 4170 inquit,
1849 4099 2022 4153 multa

324 4194 391 4248 de
418 4195 700 4256 charitate,
730 4193 902 4246 multa
932 4191 999 4246 de
1027 4195 1227 4244 sanctae
1256 4190 1505 4243 Ecclesiae
1534 4188 1823 4251 catholicae,
1859 4201 2023 4255 quam

329 4286 466 4336 Deus
492 4283 745 4351 promisit
772 4283 821 4333 et
864 4280 1148 4347 praestitit,
1174 4280 1405 4331 unitate.
1427 4277 1489 4330 In
1520 4291 1623 4343 quo
1652 4291 1763 4328 meo
1788 4289 2024 4328 sermone

325 4376 375 4425 et
403 4385 496 4423 ros
540 4368 872 4435 alloquebar,
919 4371 968 4419 et
996 4366 1149 4419 illum
1193 4364 1555 4428 emhortabar;
1588 4368 1638 4417 et
1676 4367 1937 4431 quantum
1966 4365 2024 4416 in

327 4474 410 4513 me
437 4461 686 4527 poterant
713 4458 919 4508 viscera
948 4455 1254 4521 charitatis,
1288 4468 1464 4507 omnes
1490 4454 1545 4505 in
1566 4453 1805 4521 periculo
1830 4454 2025 4507 animae

328 4563 438 4602 suae
467 4548 779 4600 constitutos
808 4546 867 4597 in
894 4545 986 4597 illo
1024 4559 1136 4596 meo
1163 4558 1401 4596 sermone
1420 4541 1819 4611 parturiebam,
1852 4545 1902 4595 et
1928 4556 2025 4609 pa-

327 4653 445 4691 rere
491 4637 711 4689 Domino
749 4634 1028 4703 cupiebam
1062 4634 1152 4699 (De
1197 4633 1372 4687 Gestis
1418 4647 1538 4685 cum
1574 4633 1833 4699 Emerito,
1860 4647 1918 4685 η.
1953 4631 2021 4701 1).

330 4726 395 4779 In
424 4728 540 4778 tota
563 4722 837 4777 orationis
876 4722 1019 4776 serie
1057 4721 1187 4792 pius
1216 4721 1429 4774 Prassul
1459 4735 1759 4789 nunquam
1788 4734 1902 4772 non
1932 4735 2023 4773 os-

330 4812 518 4867 tendit
547 4826 775 4881 sperare
812 4828 889 4880 se,
921 4810 1041 4866 fore
1070 4813 1132 4863 ut
1160 4808 1472 4881 Emeritum
1501 4808 1572 4862 ab
1611 4823 1803 4862 errore
1833 4806 2025 4863 divina

331 4900 633 4955 clementia
656 4901 899 4953 revocet.
922 4900 994 4953 At
1017 4902 1543 4970 quantumcumque
1570 4896 1825 4952 studium
1854 4901 2024 4968 atque

330 4988 674 5051 industriam
724 4986 1045 5041 adhibuerit
1082 4986 1235 5040 illius
1273 4986 1538 5051 charitas,
1569 4986 1662 5040 hic
1706 4989 1832 5056 post
1860 4985 2024 5040 audi-

330 5082 447 5132 tam
470 5093 597 5131 eam
622 5075 955 5129 concionem
974 5075 1034 5128 in
1053 5074 1367 5144 pertinacia
1387 5079 1643 5128 mentem
1662 5073 1985 5128 obﬁrmavit
2007 5089 2021 5128 :

330 5168 400 5222 de
430 5182 544 5237 quo
566 5168 757 5218 tamen
780 5178 885 5216 nec
903 5165 1037 5216 tunc
1056 5161 1288 5232 quidem
1308 5161 1626 5232 desperavit
1651 5162 2022 5233 Augustinus.

332 5255 672 5309 Concessum
701 5252 874 5306 etiam
918 5255 1004 5304 est
1048 5249 1316 5319 spatium,
1347 5265 1451 5319 per
1496 5248 1651 5319 quod
1698 5248 1758 5302 in
1800 5249 1943 5303 urbe
1972 5248 2027 5303 ei

332 5361 527 5399 securo
558 5359 678 5398 esse
707 5342 904 5396 liceret
936 5340 1154 5412 (Contra
1185 5338 1473 5404 Gaudent.,
1507 5338 1602 5391 lib.
1640 5341 1689 5403 1,
1715 5354 1771 5391 η.
1807 5340 1918 5407 15).

405 5435 455 5487 3.
490 5430 722 5487 Duobus
753 5434 879 5501 post
909 5428 1129 5494 diebus,
1152 5426 1208 5481 id
1240 5431 1345 5495 est,
1367 5425 1508 5479 feria
1537 5430 1692 5479 sexta
1720 5425 1778 5478 in
1810 5425 2025 5481 duode—

334 5521 546 5576 cimum
576 5520 849 5575 kalendas
872 5516 1117 5571 octobris
1136 5514 1269 5569 anni
1296 5530 1329 5567 a
1346 5513 1905 5584 quadringentesimo
1928 5515 2025 5568 de-

1505 266 1676 324 VITA
1716 265 1769 321 S.
1812 259 2199 322 AUGUSTINI
2244 256 2583 317 EPISCOPI.

3696 251 3818 304 500

2092 396 2225 452 cimi
2265 393 2447 450 octavi
2488 391 2798 456 incidente,
2849 387 3121 460 episcopi,
3170 384 3508 458 presbyteri,
3540 384 3812 450 diaconi,

2094 487 2277 541 clerus
2315 483 2613 538 universus
2653 497 2717 535 ac
2746 480 2907 551 plebs
2931 476 3393 549 frequentissima
3420 476 3481 530 in
3521 475 3817 545 majorem

2096 573 2388 629 basilicam
2419 572 2838 626 Cassareensem
2866 566 3161 622 convenit.
3200 564 3499 620 Deuterius
3537 564 3814 619 omnium

2096 662 2318 732 primus
2349 666 2404 715 et
2430 664 2709 731 tanquam
2738 672 3045 711 consessus
3066 670 3276 727 praeses
3302 652 3656 708 nominatur.
3690 651 3819 706 Ad-

2098 754 2222 804 erat
2247 749 2421 803 etiam
2452 746 2771 802 Emeritus:
2805 743 3039 811 notarii,
3072 760 3106 797 a
3137 742 3353 813 quibus
3378 741 3573 796 omnia
3601 741 3819 795 scribe-

2101 842 2317 904 rentur,
2350 841 2522 907 atque
2565 834 2625 889 in
2671 834 2895 888 tabulas
2922 831 3295 896 referrentur,
3328 828 3592 885 adhibiti.
3627 831 3820 885 Batus

2101 930 2187 980 est
2224 924 2581 995 Augustinus
2607 921 2925 993 prudenter
2952 936 3022 974 ea
3046 919 3329 975 utendum
3363 918 3683 982 occasione,
3720 918 3817 972 sin

2101 1014 2295 1069 minus
2332 1012 2405 1066 ad
2452 1009 2688 1065 Emeriti
2735 1010 2977 1064 salutem
3019 1008 3464 1079 procurandam,
3494 1007 3698 1061 saltem
3748 1006 3819 1061 in

2102 1101 2344 1173 gratiam
2381 1116 2603 1167 eorum,
2638 1097 2846 1171 quibus
2875 1096 3117 1152 clariore
3148 1096 3399 1167 quadam
3442 1095 3591 1149 circa
3635 1094 3815 1149 disci-

2102 1190 2263 1245 dium
2313 1186 2666 1259 expositione
2715 1202 2858 1256 opus
2887 1188 3010 1240 erat
3050 1185 3145 1254 (De
3175 1184 3349 1240 Gcstis
3388 1199 3507 1237 cum
3544 1186 3817 1251 Emerita,

2101 1295 2155 1333 τι.
2189 1279 2255 1346 1).
2288 1276 2573 1341 Quoniam
2601 1275 2778 1345 igitur
2806 1289 2939 1328 cum
2966 1272 3090 1345 ipse
3120 1272 3423 1341 Emeritus,
3447 1276 3571 1326 tum
3603 1271 3701 1326 alii
3734 1272 3820 1326 fa-

2104 1366 2306 1422 ctionis
2337 1363 2615 1436 ejusdem,
2657 1360 2966 1418 Marcellini
3000 1360 3333 1415 auctoritate
3378 1375 3500 1415 sese
3544 1358 3604 1414 in
3634 1359 3817 1414 colla-

2104 1455 2259 1511 tione
2286 1450 2721 1522 Carthaginensi
2746 1465 3064 1522 oppressos,
3087 1464 3193 1503 nec
3216 1464 3284 1503 ea
3309 1448 3523 1514 omnia,
3547 1464 3676 1519 quas
3703 1463 3817 1519 pro

2105 1560 2208 1598 sua
2252 1558 2422 1597 causa
2468 1539 2707 1596 dicenda
2763 1538 3068 1604 habebant,
3119 1552 3455 1608 expromere
3502 1536 3820 1607 permissos

2105 1630 2493 1703 querebantur
2521 1627 2837 1698 (Possidius,
2867 1628 2928 1680 in
2963 1627 3093 1681 Vita
3111 1625 3436 1692 Augustini,
3474 1639 3520 1679 c.
3558 1624 3821 1694 14);Αιι-

2107 1719 2371 1792 gustinus
2404 1715 2685 1771 enarratis
2708 1712 3193 1770 numerosissime
3221 1712 3307 1767 illi
3351 1712 3629 1780 concioni,
3678 1728 3816 1783 qua:

2108 1809 2252 1865 feria
2274 1810 2477 1879 quarta
2494 1809 2655 1876 gesta
2674 1803 2920 1869 fuerant,
2935 1800 3251 1856 Emeritum
3268 1799 3508 1871 rogavit,
3532 1799 3823 1871 quidquid

2107 1896 2473 1969 potissimum
2494 1908 2683 1947 secum
2709 1891 2893 1946 facere
2914 1890 3215 1961 judicaret,
3240 1889 3300 1943 in
3322 1888 3575 1943 medium
3596 1887 3824 1959 profer-

2108 1990 2241 2040 ret:
2274 1984 2344 2039 ad
2384 1980 2849 2053 respondendum
2876 1983 3151 2051 .paratum
3190 1994 3311 2033 esse
3349 1993 3430 2044 se,
3469 1977 3822 2048 disputatio-

2112 2090 2245 2129 nem
2265 2073 2426 2127 illam
2437 2070 2736 2142 utriusque
2756 2068 2934 2140 partis
2950 2065 3521 2138 neminiprejudicio
3538 2065 3821 2131 futuram,

2113 2163 2327 2234 populo
2347 2166 2538 2216 tamen
2560 2157 2829 2231 praesenti
2849 2174 2967 2212 non
2988 2156 3107 2215 sine
3123 2156 3307 2211 fructu
3328 2155 3649 2210 abituram:
3672 2155 3825 2209 nihil

2114 2268 2234 2306 esse
2260 2249 2412 2322 quod
2434 2249 2531 2303 ille
2557 2248 2779 2312 timeat,
2806 2246 2926 2300 fore
2946 2250 3137 2300 autem
3158 2244 3268 2315 ipsi
3295 2260 3420 2298 rem
3436 2243 3668 2314 plenam
3693 2244 3826 2315 glo-

2114 2339 2238 2404 riaa,
2272 2339 2387 2393 sive
2414 2353 2607 2392 coram
2637 2336 2851 2391 civibus
2880 2334 2996 2389 suis
3032 2333 3237 2399 vincat,
3270 2332 3385 2387 sive
3408 2331 3625 2387 victrici
3655 2332 3830 2387 cedat

2114 2426 2357 2482 veritati.
2389 2424 2603 2481 Retulit
2629 2422 2929 2490 Emeritus,
2953 2421 3129 2477 victor
3157 2438 3228 2476 an
3252 2420 3433 2475 victus
3456 2420 3707 2485 abiisset,
3731 2435 3827 2473 ve-

2116 2515 2270 2570 ritati
2292 2531 2363 2569 an
2391 2513 2664 2586 potentia:
2684 2511 3068 2576 concessisset,
3090 2527 3159 2564 ex
3189 2509 3325 2564 actis
3354 2508 3828 2579 Carthaginensis

2118 2602 2434 2659 collationis
2460 2601 2615 2656 haud
2636 2600 2943 2655 difficulter
2963 2598 3225 2669 intelligi.
3253 2598 3351 2652 Hic
3372 2597 3691 2667 Augustino
3714 2596 3831 2650 sci-

2117 2691 2366 2755 scitanti,
2402 2690 2449 2743 si
2477 2688 2624 2743 nihil
2654 2688 2841 2743 dicere
2874 2686 3184 2756 statuisset,
3207 2685 3346 2757 quid
3375 2702 3514 2755 ergo
3540 2685 3830 2751 venisset;

2117 2780 2391 2851 reposuit,
2424 2794 2492 2833 eo
2521 2794 2580 2831 se
2606 2776 2797 2831 animo
2826 2776 3065 2841 venisse,
3089 2779 3155 2829 ut
3179 2774 3284 2828 hoc
3310 2774 3422 2844 ipsi
3451 2774 3604 2846 quod
3628 2774 3835 2843 requi-

2119 2869 2281 2923 rebat
2310 2867 2541 2921 diceret.
2578 2866 2824 2936 Urgente
2860 2865 3048 2919 adhuc
3085 2867 3279 2917 sancto
3307 2862 3461 2928 Viro,
3498 2878 3626 2933 quas
3657 2862 3831 2916 illum

2121 2972 2291 3010 causa
2318 2953 2667 3019 adduxisset,
2697 2958 2754 3008 et
2790 2967 3131 3023 responsum
3159 2950 3381 3006 notario
3412 2955 3775 3021 exspectante
3813 2968 3828 3006 :

2121 3047 2254 3110 Fac,
2302 3043 2361 3099 id
2408 3046 2512 3110 est,
2561 3042 2752 3109 scribe,
2802 3040 2994 3112 inquit
3037 3040 3317 3095 Emeritus
3357 3040 3453 3110 (De
3493 3040 3664 3094 Gestis
3707 3055 3835 3093 cum

2121 3135 2377 3201 Emerito,
2396 3148 2491 3187 nn.
2516 3134 2569 3200 2,
2588 3135 2639 3192 3.
2659 3136 2709 3185 et
2728 3131 3028 3197 Possidius,
3051 3132 3110 3183 in
3136 3132 3266 3185 Vita
3286 3129 3606 3197 Augustini,
3630 3145 3675 3183 c.
3702 3129 3791 3198 14)
3816 3146 3831 3195 ;

2122 3227 2254 3294 post
2276 3221 2431 3293 quod
2452 3220 2691 3276 verbum
2713 3219 2887 3273 veluti
2909 3219 3325 3285 obmutescens,
3350 3218 3497 3272 ultra
3518 3217 3833 3287 responde-

2126 3327 2187 3365 re
2214 3310 2529 3381 quidquam
2556 3325 2661 3363 nec
2688 3307 2892 3375 voluit,
2923 3322 3029 3361 nec
3057 3305 3262 3378 potuit.
3294 3306 3665 3377 Augustinus,
3691 3321 3831 3360 cum

2124 3400 2314 3453 denuo
2349 3413 2573 3452 moram
2603 3396 2687 3450 illi
2716 3395 2963 3451 dedisset
2988 3395 3060 3449 ad
3097 3394 3476 3466 loquendum,
3507 3399 3565 3449 et
3591 3393 3834 3448 demum

2125 3486 2474 3557 intelligeret
2494 3486 2683 3555 ipsum
2712 3484 2773 3539 in
2803 3482 3031 3538 silentio
3059 3483 3408 3553 pertinacem
3429 3498 3574 3550 esse,
3595 3482 3836 3553 incaspti

2126 3575 2195 3630 ad
2219 3576 2446 3645 plebem
2475 3571 2754 3628 sermonis
2779 3587 3012 3627 cursum
3044 3570 3425 3626 continuavit.
3458 3570 3733 3625 Disseruit
3758 3571 3834 3626 de

2127 3661 2562 3732 Carthaginensi
2601 3661 2924 3725 collatione,
2957 3660 3120 3730 cujus
3149 3664 3273 3714 acta
3302 3662 3366 3712 ut
3394 3658 3699 3730 quotannis
3728 3675 3836 3729 per

2127 3750 2637 3822 Quadragesimam
2685 3748 2797 3819 legi
2845 3752 3089 3814 curaret,
3128 3747 3462 3803 Deuterium
3494 3747 3833 3804 obsecravit.

2129 3839 2324 3894 Voluit
2354 3839 2424 3894 ab
2448 3838 2650 3909 Alypio
2674 3837 2901 3892 recitari
2922 3836 3220 3907 epistolam
3242 3852 3392 3903 eam,
3416 3852 3528 3907 qua
3553 3836 3831 3891 Catholici

2128 3928 2409 3984 antistites
2439 3926 2594 3999 pacis
2622 3931 2679 3981 et
2706 3926 2943 3981 unitatis
2970 3926 3182 3979 intuitu
3215 3924 3562 3996 dignitatum
3590 3941 3830 3981 suarum

2129 4022 2506 4088 spontaneam
2544 4015 2963 4071 abdicationem
3002 4014 3310 4070 Donatistis
3337 4015 3664 4070 obtulerant
3693 4031 3710 4069 :
3741 4015 3837 4070 cui

2126 4104 2448 4161 recitationi
2490 4103 2919 4159 observationes
2962 4106 3019 4157 et
3046 4102 3306 4174 exempla
3348 4102 3635 4158 charitatis
3678 4103 3831 4158 chri-

2130 4194 2444 4264 stianaaque
2472 4191 2814 4246 humilitatis
2841 4206 3123 4262 perquam
3149 4190 3380 4262 egregia
3407 4191 3653 4261 ipsemet
3678 4190 3834 4246 inse-

2129 4281 2248 4336 ruit
2292 4282 2389 4347 (De
2435 4280 2609 4335 Gestis
2653 4296 2773 4334 cum
2819 4281 3079 4345 Emerita,
3110 4294 3165 4355 η.
3213 4279 3291 4348 4).
3344 4278 3603 4349 Denique
3647 4283 3838 4334 totum

2132 4368 2626 4424 schismaticarum
2655 4368 2906 4439 partium
2927 4367 3360 4421 fundamentum
3383 4367 3582 4421 evertit
3605 4373 3839 4423 narrata

2132 4457 2678 4513 Maximianistarum
2707 4456 2964 4521 historia,
2994 4456 3057 4510 in
3086 4472 3200 4527 qua
3221 4455 3375 4510 haud
3404 4455 3603 4510 leviter
3628 4456 3838 4511 immo-

2130 4550 2305 4612 ratus,
2333 4561 2531 4599 vocem
2561 4545 2632 4599 ab
2655 4544 2903 4600 Emerito
2924 4545 3165 4610 nullam,
3186 4560 3301 4598 non
3329 4560 3489 4598 secus
3518 4560 3581 4598 ac
3606 4548 3833 4599 mutum

2132 4638 2278 4689 esset
2332 4634 2629 4700 allocutus,
2678 4633 2952 4704 expressit
2977 4633 3241 4703 (Retract.
3285 4633 3378 4687 lib.
3434 4636 3487 4698 2,
3540 4648 3661 4701 cap.
3712 4633 3836 4703 51).

2132 4724 2300 4777 lllum
2332 4722 2562 4792 cognati
2588 4738 2650 4777 ac
2675 4722 2823 4777 cives
2849 4722 2960 4786 sui,
2987 4725 3052 4776 ut
3072 4737 3203 4776 cum
3232 4726 3427 4775 sancto
3457 4721 3699 4791 praesule
3724 4725 3842 4776 col-

2131 4811 2394 4882 loquium
2408 4810 2602 4880 iniret,
2617 4810 2884 4866 obtestati
2895 4814 3028 4865 sunt
3041 4810 3366 4879 instantius,
3379 4808 3638 4880 polliciti,
3658 4811 3839 4864 modo

2132 4900 2450 4954 Catholicos
2479 4903 2794 4972 superaret,
2828 4898 2974 4953 nihil
3004 4898 3065 4953 in
3094 4915 3152 4953 se
3179 4914 3356 4953 morm
3384 4897 3660 4964 futurum,
3696 4898 3844 4968 quin

2132 4988 2217 5042 vel
2248 4988 2633 5057 fortunarum,
2660 4988 2748 5041 vel
2777 4986 2952 5041 etiam
2984 4986 3114 5041 vitae
3156 4986 3431 5057 periculo,
3461 5003 3582 5040 sese
3621 5003 3684 5041 ac
3715 4988 3844 5057 ejus

2132 5077 2411 5131 referrent
2438 5076 2909 5130 communionem
2939 5092 2951 5129 :
2986 5081 3043 5129 at
3070 5075 3225 5129 illius
3250 5075 3445 5129 animo
3476 5075 3657 5145 major
3686 5074 3843 5130 difﬁ-

2132 5165 2326 5221 dentia
2345 5164 2649 5230 insederat,
2672 5180 2843 5235 quam
2872 5169 2934 5218 ut
2963 5164 3152 5234 ipsum
3176 5163 3485 5235 quidquam
3501 5163 3720 5217 hiscere
3742 5170 3848 5219 aut

2133 5251 2342 5306 mutire
2371 5252 2581 5304 sineret
2626 5251 2948 5319 (Possidius,
2994 5252 3053 5303 in
3090 5251 3218 5306 Vita
3259 5251 3579 5317 Augustini,
3628 5266 3673 5304 c.
3732 5252 3841 5320 14).

2132 5340 2239 5397 Sed
2266 5340 2361 5394 hoc
2391 5343 2654 5407 quantum
2695 5339 2769 5392 ad
2794 5341 2971 5408 ipsius
3008 5340 3235 5393 exitium
3280 5342 3443 5407 atque
3484 5339 3839 5407 supplicium,

2133 5432 2212 5483 ait
2240 5426 2610 5498 Augustinus,
2644 5430 2855 5481 tantum
2892 5427 2965 5481 ad
3002 5429 3234 5481 aliorum
3262 5428 3719 5495 conﬁrmationem
3747 5442 3842 5481 sa-

2134 5516 2400 5585 lutemque
2416 5516 2667 5583 profecit.
2695 5517 2756 5571 Si
2780 5519 2921 5571 enim
2946 5516 3188 5570 viderent
3207 5517 3505 5571 Emeritum
3523 5515 3681 5570 nobis
3701 5531 3842 5570 com-
