4062 6348
169 309 267 361 501
1768 306 1982 363 LIBER
2026 304 2406 383 §EPTIMUS.

168 432 556 497 municantem,
577 432 983 499 suspicarentur
1014 427 1278 482 hominem
1304 428 1690 495 formidanth
1714 444 1726 483 :
1750 444 1869 484 cum

169 525 353 573 autem
382 518 637 573 viderunt
664 523 713 572 et
744 522 801 572 in
836 522 993 587 parte
1039 519 1233 571 Donati
1256 523 1673 587 permanentem,
1705 523 1755 572 et
1784 523 1868 572 ta-

167 620 299 662 men
322 607 581 661 adversus
603 607 932 662 Catholicam
951 608 1273 677 reticentem,
1294 608 1471 673 magis
1488 607 1599 660 illis
1611 608 1872 675 apparuit

167 701 365 750 contra
395 709 518 749 suos
541 695 748 750 silendo
772 696 1025 748 clamare.
1058 697 1149 749 An
1172 709 1295 749 vero
1324 710 1444 748 cum
1462 710 1584 749 voce
1603 700 1765 764 atque
1783 710 1871 749 ore

166 799 305 838 sano
335 788 385 837 et
413 784 579 837 libero
603 787 790 848 staret,
809 798 913 836 non
934 787 1051 836 erat
1061 797 1164 851 pro
1183 787 1362 836 vestra
1382 798 1547 837 causa
1567 788 1753 837 contra
1774 798 1869 837 nos

170 873 324 925 testis
365 870 587 924 idoneus
624 872 895 924 Emeritus
940 871 1049 935 ille,
1090 871 1181 924 ille
1226 872 1517 935 Emeritus,
1544 873 1788 939 inquam,
1821 875 1871 924 et

165 960 424 1013 inimicus
436 964 485 1011 et
506 963 683 1012 mutus
702 962 730 1013 ?
752 959 969 1028 (Contra
987 958 1477 1026 Gaudentium,lib.
1507 962 1623 1027 l,n.
1653 960 1758 1029 15).
1783 959 1870 1012 Di-

167 1046 423 1102 mittitur
448 1046 679 1100 tandem
712 1046 993 1100 Emeritus
1014 1047 1169 1100 nulla
1191 1046 1424 1100 affectus
1446 1046 1680 1116 injuria,
1699 1051 1761 1100 ut
1782 1064 1871 1099 ve-

170 1135 359 1189 ritatis
379 1134 673 1188 victoriam
697 1134 900 1189 lenitas
920 1134 1163 1188 Ecclesia
1187 1151 1322 1188 sane
1345 1135 1517 1205 digna
1537 1140 1867 1191 coronaret:

168 1224 295 1293 ipse
321 1227 511 1277 autem
551 1222 612 1277 in
639 1227 935 1294 posterum
963 1223 1187 1277 delituit
1211 1223 1379 1291 (Ibid.
1398 1264 1411 1289 ,
1441 1239 1497 1277 n.
1530 1224 1646 1293 41).
1688 1226 1871 1294 Augu-

169 1313 358 1366 stinus
384 1311 620 1366 tabellas
650 1311 766 1365 sive
801 1316 924 1365 acta
954 1328 1174 1376 eorum,
1201 1328 1329 1383 quas
1354 1312 1459 1365 hac
1486 1312 1547 1377 in
1576 1328 1636 1366 re
1662 1312 1871 1367 duode-

169 1401 323 1455 cimo
344 1400 614 1455 kalendas
627 1400 870 1454 octobris
891 1400 1178 1471 disputata
1197 1400 1442 1465 fuerant,
1462 1400 1596 1454 citat
1612 1400 1866 1471 (Retract.

169 1489 274 1545 lib.
303 1492 361 1558 2,
388 1504 508 1558 cap.
539 1489 624 1557 51)
656 1506 669 1543 :
702 1494 873 1559 atque
902 1493 969 1543 ut
990 1490 1228 1559 planum
1258 1489 1525 1543 omnibus
1555 1488 1745 1557 faciat,
1772 1504 1870 1542 ra-

169 1577 400 1631 tionum
430 1577 671 1649 penuria
694 1577 1046 1631 obmutuisse
1070 1577 1404 1638 Emeritum.
1438 1581 1704 1647 provocat
1723 1578 1870 1632 Gau-

166 1665 433 1720 dentium
453 1666 785 1737 episcopum
799 1666 1350 1735 Thamugadensem,
1376 1665 1561 1720 virum
1582 1665 1871 1736 primariae

166 1753 326 1824 apud
348 1755 668 1809 Donatistas
688 1754 1063 1822 auctoritatis,
1087 1754 1158 1808 ad
1174 1754 1634 1825 respondendum
1656 1754 1873 1824 (Contra

167 1842 558 1910 Gaudentium,
586 1843 677 1898 lib.
716 1847 767 1910 1,
798 1860 853 1897 n.
893 1842 997 1912 15).

237 1933 293 1985 4.
373 1932 575 1985 Facere
644 1946 758 1985 non
828 1946 1155 2002 possumus,
1214 1930 1353 2001 quin
1410 1931 1504 1984 hic
1557 1930 1872 1985 referamus

166 2018 419 2074 fructum
436 2020 605 2089 longe
626 2018 939 2073 maximum
969 2019 1025 2072 in
1051 2021 1435 2074 Cmsareenses
1457 2035 1522 2072 ex
1546 2018 1644 2073 illo
1666 2018 1872 2073 itinere

164 2107 481 2178 Augustini
555 2108 895 2179 profectum.
971 2108 1110 2161 Rem
1176 2106 1436 2177 ipsismet
1512 2106 1627 2161 Viri
1690 2106 1874 2161 sancti

164 2195 359 2249 verbis
421 2195 800 2249 narrabimus.
850 2197 1107 2263 Denique,
1156 2194 1346 2266 inquit
1390 2194 1507 2264 ille,
1562 2210 1681 2249 cum
1722 2194 1874 2264 apud

168 2284 470 2338 Casaream
529 2286 879 2339 Mauritania
929 2285 1128 2353 populo
1189 2284 1559 2337 dissuaderem
1625 2298 1873 2352 pugnam

167 2373 401 2435 civilem,
452 2374 536 2426 vel
570 2374 754 2441 potius
794 2373 920 2441 plus
972 2387 1135 2440 quam
1184 2372 1412 2437 civilem,
1467 2386 1631 2439 quam
1684 2373 1871 2427 Cater-

167 2476 295 2514 vam
334 2460 629 2525 vocabant;
677 2474 847 2527 neque
894 2461 1035 2512 enim
1089 2462 1227 2514 cives
1266 2458 1654 2525 tantummodo,
1688 2474 1872 2512 verum

167 2551 335 2603 etiam
355 2550 677 2618 propinqui,
712 2550 937 2615 fratres,
980 2552 1244 2617 postremo
1277 2551 1529 2616 parentes
1558 2562 1620 2601 ac
1649 2546 1759 2618 ﬁlii
1784 2549 1873 2602 la-

162 2637 395 2707 pidibus
415 2639 555 2691 inter
573 2652 628 2691 se
646 2640 702 2690 in
714 2638 853 2691 duas
868 2642 1055 2706 partes
1075 2637 1264 2702 divisi,
1279 2652 1381 2705 per
1396 2637 1605 2705 aliquot
1626 2636 1740 2691 dies
1756 2652 1874 2691 con-

170 2729 376 2792 tinuos,
399 2731 540 2780 certo
556 2731 787 2795 tempore
803 2728 937 2779 anni
950 2728 1173 2779 solemni
1177 2730 1256 2778 ter
1272 2725 1638 2790 dimicabant;
1663 2730 1713 2779 et
1728 2727 1875 2795 quis-

168 2829 273 2883 que
302 2819 364 2868 ut
388 2830 649 2882 quemque
668 2818 882 2882 poterat
898 2814 1170 2867 occidebat
1200 2830 1213 2867 :
1235 2815 1323 2881 egi
1340 2813 1555 2881 quidem
1568 2813 1870 2880 granditer,

169 2906 437 2971 quantum
460 2903 632 2960 valui.
659 2905 721 2955 ut
751 2906 860 2955 tam
877 2902 1087 2954 crudele
1115 2904 1277 2968 atque
1296 2904 1651 2955 inveteratum
1671 2901 1874 2955 malum

169 2990 235 3043 de
263 2989 520 3043 cordibus
550 2994 599 3042 et
620 2989 858 3043 moribus
880 3004 1060 3042 eorum
1089 2990 1380 3053 evellerem,
1406 2988 1762 3057 pelleremque
1783 2987 1873 3041 di-

96 3144 113 3152 -
168 3078 370 3141 cendo;
399 3093 505 3131 non
535 3082 712 3131 tamen
731 3080 902 3144 egisse
928 3077 1141 3145 aliquid
1167 3092 1249 3130 me
1264 3078 1484 3145 putavi,
1515 3092 1634 3129 cum
1660 3090 1746 3129 eos
1772 3091 1872 3129 au-

169 3166 343 3220 direm
373 3166 751 3229 acclamantes,
799 3165 895 3218 sed
934 3180 1052 3218 cum
1089 3167 1271 3233 ﬂentes
1298 3163 1556 3218 viderem.
1586 3164 1871 3218 Acclama-

171 3254 408 3308 tionibus
437 3255 638 3322 quippe
667 3268 721 3306 se
743 3252 922 3307 doceri
942 3258 993 3306 et
1020 3252 1297 3320 delectari,
1326 3254 1466 3319 ﬂecti
1492 3256 1672 3305 autem
1701 3253 1874 3320 lacry-

169 3344 274 3396 mis
308 3341 649 3395 indicabant.
679 3341 823 3406 Quas
852 3341 949 3395 ubi
976 3341 1226 3410 adspexi,
1261 3342 1544 3394 immanem
1575 3342 1725 3394 illam
1755 3356 1871 3393 con-
1924 3406 1927 3409 ἢ

170 3429 511 3483 suetudinem
538 3445 573 3483 a
597 3430 852 3499 patribus
871 3433 922 3483 et
944 3431 1060 3482 avis
1091 3430 1346 3496 longeque
1373 3444 1409 3481 a
1436 3428 1736 3496 majoribus
1769 3432 1873 3481 tra-

172 3518 371 3580 ditam,
404 3533 523 3587 qua,
547 3522 764 3586 pectora
792 3532 975 3571 eorum
990 3518 1258 3570 hostiliter
1275 3516 1572 3581 obsidebat,
1594 3518 1676 3570 vel
1692 3517 1872 3584 potius

136 3646 139 3649 -
170 3606 502 3674 possidebat,
550 3605 834 3671 devictam,
886 3610 1176 3673 antequam
1213 3607 1393 3673 reipsa
1430 3604 1492 3658 id
1518 3604 1873 3673 ostenderent,

171 3694 404 3748 credidi.
437 3695 669 3762 Moxque
696 3708 932 3747 sermone
958 3695 1132 3761 finito,
1164 3692 1238 3745 ad
1262 3692 1500 3758 agendas
1530 3694 1632 3746 Deo
1661 3694 1872 3759 gratias

171 3782 340 3835 corda
360 3788 522 3850 atque
546 3797 641 3835 ora
661 3783 914 3835 converti.
952 3782 1016 3835 Et
1034 3796 1146 3833 ecce
1170 3781 1291 3848 jam
1311 3781 1489 3846 ferme
1516 3784 1628 3833 octo
1656 3780 1739 3833 vel
1763 3795 1875 3833 am-

168 3870 318 3938 plius
347 3871 482 3922 anni
507 3873 652 3933 sunt,
682 3871 922 3937 propitio
972 3869 1204 3931 Christo,
1236 3882 1304 3920 ea:
1332 3883 1436 3935 quo
1464 3869 1576 3921 illis
1599 3868 1739 3921 nihil
1770 3868 1875 3921 tale

170 3961 440 4011 tentatum
468 3960 546 4009 est
571 3956 663 4025 (De
692 3958 947 4009 Doctrina
973 3956 1297 4019 christiana,
1330 3955 1425 4008 lib.
1459 3957 1513 4020 4,
1545 3972 1599 4009 n.
1632 3958 1741 4025 53).

242 4049 296 4098 5.
331 4044 395 4097 In
425 4043 624 4097 eadem
646 4044 745 4096 illa
759 4042 1221 4113 peregrinatione
1243 4042 1607 4109 Caesareensi,
1639 4047 1738 4096 aut
1757 4059 1872 4097 non

170 4132 356 4186 multo
374 4134 677 4201 postquam
701 4129 834 4183 inde
855 4129 1220 4194 discessisset,
1244 4129 1538 4199 epistolam
1564 4130 1633 4184 de
1652 4130 1872 4184 Animae

173 4220 402 4291 origine
433 4218 662 4288 scripsit
700 4218 770 4272 ad
815 4218 1085 4288 Optatum
1122 4218 1452 4289 episcopum
1477 4219 1678 4289 (Epist.
1720 4220 1865 4288 190).

174 4310 226 4362 Is
252 4307 573 4377 angebatur
599 4305 748 4359 circa
769 4305 976 4359 animm
997 4304 1302 4375 originem,
1323 4310 1517 4360 utrum
1542 4323 1607 4361 ea
1623 4323 1727 4377 per
1748 4323 1874 4378 pro-

172 4396 543 4466 pagationem
573 4410 642 4448 ex
683 4393 877 4448 anima
904 4409 938 4447 a
966 4395 1081 4447 Deo
1111 4398 1298 4448 creata
1327 4398 1496 4465 atque
1526 4394 1742 4449 Adamo
1785 4395 1872 4449 in-

176 4485 295 4540 dita
322 4485 711 4551 descenderet,
742 4500 886 4538 anve
914 4483 1155 4553 singulis
1180 4482 1510 4538 hominibus
1533 4484 1783 4555 singulas
1804 4484 1873 4539 de

177 4588 325 4628 novo
370 4575 518 4629 Deus
564 4576 800 4639 crearet,
848 4588 1016 4626 nosse
1058 4571 1314 4641 cupiens.
1345 4573 1613 4626 Attamen
1643 4571 1704 4626 in
1733 4572 1873 4626 ulti-

175 4678 332 4717 mam
362 4663 509 4717 hanc
536 4661 893 4733 opinionem,
916 4660 999 4714 uti
1015 4660 1262 4728 videtur,
1284 4664 1669 4727 concesserat;
1690 4661 1874 4732 deque

178 4751 383 4806 eodem
412 4754 747 4822 argumento
779 4749 1069 4821 quoddam
1094 4747 1351 4801 ediderat
1366 4747 1726 4817 opusculum,
1749 4763 1875 4800 nec-

178 4852 298 4892 non
326 4837 545 4893 litteras
571 4837 644 4893 ad
673 4837 886 4892 amicos
925 4835 1203 4907 quosdam
1241 4850 1373 4888 suos
1402 4834 1873 4888 familiarissimos

180 4925 489 4980 destinatas
540 4941 554 4980 :
591 4941 720 4996 quae
752 4940 884 4979 cum
914 4924 1146 4994 perlata:
1179 4926 1368 4976 essent
1396 4923 1731 4982 Caesaream,
1764 4921 1874 4991 ipsi

178 5013 498 5083 Augustino
540 5012 655 5066 illic
693 5012 877 5067 adhuc
907 5011 1156 5066 versanti
1186 5010 1411 5065 traditae
1438 5014 1572 5063 sunt
1599 5025 1633 5062 a
1658 5009 1872 5063 famulo

180 5101 301 5168 Dei,
328 5100 419 5155 cui
449 5116 658 5154 nomen
688 5100 937 5166 Renato;
970 5099 1068 5171 qui
1100 5103 1357 5153 sanctum
1378 5099 1669 5153 doctorem
1694 5101 1875 5152 tanto-

179 5204 314 5259 pere
354 5189 425 5244 ad
468 5187 936 5260 respondendum
982 5187 1299 5258 instigavit,
1339 5191 1407 5241 ut
1450 5188 1557 5241 hoc
1590 5202 1871 5252 recusare,

179 5277 439 5348 quamvis
466 5277 637 5331 rebus
666 5275 790 5329 aliis
818 5280 953 5329 tunc
990 5280 1319 5346 occupatus,
1351 5291 1715 5347 nequaquam
1744 5291 1873 5345 pos-

181 5370 284 5421 set.
330 5365 565 5421 Videtur
612 5379 843 5436 quoque
874 5363 933 5417 in
974 5364 1216 5434 epistola
1243 5380 1345 5418 sua
1373 5370 1595 5435 optasse
1636 5364 1877 5434 ipsemet

183 5453 419 5523 Optatus
440 5453 509 5508 de
532 5451 711 5508 sancti
736 5451 989 5507 Doctoris
1011 5451 1291 5506 sententia
1303 5468 1475 5523 super
1499 5468 1565 5506 ea
1585 5468 1645 5505 re
1667 5451 1877 5506 certior

183 5542 322 5598 fieri.
346 5542 728 5613 Augustinum
748 5545 1028 5611 praeterea
1047 5540 1119 5594 ad
1146 5540 1203 5593 id
1232 5540 1453 5595 induxit
1472 5540 1731 5595 Muressis
1752 5539 1875 5610 qui-

3571 314 3676 367 502

1979 429 2111 484 dam
2139 428 2330 500 Optati
2358 427 2732 498 necessarius,
2763 428 2864 500 qui
2901 432 3039 484 tunc
3067 430 3383 485 Cmsaream
3418 431 3673 499 veniens,

1979 534 2037 572 se
2066 534 2294 589 quoque
2323 533 2494 588 super
2523 517 2720 572 eodem
2752 522 3092 588 argumento
3122 517 3340 572 litteras
3370 517 3439 572 ab
3471 518 3673 589 Optato

1980 606 2256 677 accepisse
2277 606 2530 673 dicebat;
2566 606 2911 677 rogabatque
2942 605 3344 676 Augustinum,
3367 612 3432 661 ut
3457 608 3592 679 quid
3608 624 3675 662 ea
3744 606 3747 609 ’

1978 694 2048 749 de
2086 710 2146 749 re
2191 694 2451 759 sentiret,
2483 694 2569 748 vel
2597 710 2734 748 voce
2763 694 2852 748 vel
2887 693 3096 765 scripto
3126 694 3233 748 sibi
3261 695 3526 766 aperiret,
3560 712 3672 767 quo

1977 781 2119 837 illud
2151 782 2344 853 posset
2386 782 2591 853 Optato
2632 782 2973 853 signiﬁcare.
3021 783 3189 837 Dedit
3220 783 3413 855 itaque
3458 782 3676 838 litteras

1979 871 2045 925 ad
2078 870 2268 941 ipsum
2294 871 2563 942 Optatum
2592 875 2819 925 sanctus
2850 872 3075 937 Doctor,
3107 872 3380 940 Caesarea,
3412 872 3566 943 quod
3592 889 3675 926 sa-

1977 960 2051 1014 tis
2082 960 2370 1015 declarant
2400 960 2513 1013 illa:
2543 976 2725 1025 voces,
2764 975 2883 1014 cum
2912 959 2975 1014 in
3006 960 3183 1015 eodem
3211 960 3410 1029 oppido
3436 976 3675 1015 remora-

1976 1064 2176 1115 remur,
2196 1048 2317 1117 jam
2342 1048 2647 1118 profectus.
2684 1049 2765 1103 De
2790 1048 3083 1118 proposita
3109 1053 3302 1102 autem
3343 1048 3674 1103 difﬁcultate

1978 1136 2063 1190 illi
2090 1137 2399 1207 rescripsit,
2424 1153 2542 1191 non
2580 1136 2790 1191 habere
2821 1153 2879 1191 se
2911 1136 3066 1207 quod
3092 1143 3245 1191 certo
3274 1140 3505 1204 statuat,
3543 1154 3674 1207 pro-

1977 1228 2105 1297 pter
2133 1230 2490 1295 argumenta,
2524 1242 2654 1296 quae
2683 1226 2743 1279 in
2781 1229 3084 1297 utramque
3110 1230 3331 1296 partem
3354 1226 3671 1280 faciebant:

1978 1314 2034 1368 id
2072 1314 2473 1368 tantummodo
2502 1314 2815 1368 cavendum
2859 1330 3000 1383 esse,
3043 1330 3116 1369 ne
3155 1314 3283 1385 quis
3319 1314 3489 1369 hacce
3519 1330 3673 1385 qua?-

1978 1402 2159 1457 stione
2183 1403 2442 1470 abutens,
2476 1402 2545 1457 de
2571 1406 2803 1473 peccato
2834 1402 3121 1473 originali,
3145 1403 3298 1474 quod
3328 1407 3592 1457 constans
3621 1407 3678 1457 et

1924 1498 1939 1505 ‘
1978 1491 2321 1545 catholicum
2362 1492 2576 1561 dogma
2619 1494 2760 1557 erat,
2812 1491 2983 1545 vellet
3031 1491 3350 1563 ambigere;
3401 1496 3568 1563 atque
3598 1492 3677 1545 ita

1979 1579 2198 1649 Pelagii
2227 1579 2586 1650 Caelestiique
2606 1595 2815 1633 novam
2836 1578 3107 1633 haeresim
3124 1578 3457 1650 imprudens
3474 1580 3675 1634 admit-

1977 1671 2142 1732 teret,
2188 1683 2360 1739 quam
2409 1667 2622 1722 recenti
2668 1666 2947 1721 memoria
2984 1667 3326 1721 damnarant
3353 1667 3590 1721 concilia
3621 1672 3676 1721 et

1979 1756 2226 1811 Romani
2250 1755 2551 1809 'antistites
2589 1755 2955 1809 Innocentius
2994 1770 3058 1808 ac
3105 1755 3385 1820 Zosimus;
3427 1769 3671 1824 quorum

1980 1844 2266 1915 epistolas,
2298 1844 2498 1897 saltem
2518 1842 2795 1913 postremi
2824 1842 3015 1911 hujus,
3043 1858 3114 1896 ne
3142 1842 3286 1895 forte
3307 1841 3375 1895 ad
3406 1842 3672 1912 Optatum

1979 1931 2224 1986 necdum
2254 1930 2665 2001 pervenissent,
2706 1929 2878 1983 simul
2909 1928 3191 1983 mittebat.
3227 1930 3352 1983 Non
3378 1932 3674 1983 contentus

1980 2019 2088 2074 fuit
2117 2019 2315 2089 procul
2346 2018 2519 2073 dubio
2564 2018 2669 2072 hac
2705 2017 3079 2087 responsione
3108 2016 3261 2071 idem
3289 2017 3557 2088 Optatus;
3590 2017 3674 2072 illi

1981 2107 2270 2179 siquidem
2316 2106 2669 2178 Augustinus
2708 2110 2987 2177 praeterea
3030 2105 3171 2160 duas
3218 2105 3505 2175 epistolas,
3547 2121 3675 2177 qum

1979 2202 2308 2267 temporum
2331 2195 2541 2266 injuria
2560 2194 2921 2259 intercidere,
2940 2209 3114 2264 super
3127 2193 3325 2248 eodem
3336 2199 3673 2265 argumento

1979 2284 2154 2339 misit.
2175 2284 2390 2339 Laudat
2407 2283 2740 2354 Fulgentius
2751 2282 3131 2337 eruditionem
3145 2286 3316 2354 atque
3332 2282 3551 2353 ingenii
3562 2282 3675 2337 vim

1979 2390 2125 2439 eam,
2168 2389 2281 2444 qua
2327 2388 2458 2426 cum
2504 2372 2561 2426 in
2602 2372 2753 2425 hisce
2792 2371 2976 2426 tribus
3006 2370 3280 2441 epistolis,
3311 2376 3436 2425 tum
3465 2370 3525 2424 in
3550 2370 3675 2425 aliis

1980 2461 2323 2533 quibusdam
2354 2461 2469 2514 suis
2508 2460 2778 2531 operibus
2824 2460 3202 2531 quaestionem
3249 2458 3409 2513 illam
3453 2462 3677 2513 sanctus

1982 2550 2189 2604 Doctor
2218 2552 2536 2603 excusserat
2569 2548 2705 2602 :sed
2739 2548 2994 2619 ejusdem
3028 2547 3090 2601 in
3118 2546 3318 2617 primis
3340 2546 3676 2602 modestiam

1977 2638 2266 2708 praedicat,
2287 2641 2485 2708 utpote
2504 2652 2633 2707 qua:
2660 2652 2792 2690 eum
2813 2635 3107 2701 deterruit,
3130 2651 3200 2689 ne
3230 2635 3299 2689 de
3319 2650 3381 2689 re
3405 2651 3675 2707 peraque

1980 2726 2139 2796 gravi
2164 2730 2220 2779 et
2236 2726 2492 2779 abstrusa
2523 2725 2837 2796 quidquam
2865 2724 3212 2778 decerneret.
3237 2724 3404 2792 Cujus
3431 2726 3678 2793 quaestio-

1977 2816 2086 2879 nis,
2120 2813 2219 2880 ait,
2265 2812 2702 2882 profunditatem
2745 2812 2855 2866 sibi
2888 2811 3408 2881 imperscrutabilem
3437 2826 3676 2878 cernens,

1979 2903 2187 2956 nullam
2228 2902 2398 2955 voluit
2444 2900 2607 2967 hujus
2635 2902 2717 2954 rei
2753 2900 3030 2969 deﬁnitam
3057 2902 3304 2969 proferre
3330 2901 3675 2966 sententiam,

1978 2992 2336 3058 incongruum
2372 3003 2598 3059 prorsus
2637 2990 2958 3042 existimans
3002 2987 3219 3056 aliquid
3255 2990 3536 3056 affirmare
3562 2990 3678 3041 sine

1979 3079 2317 3133 dubitatione
2343 3078 2493 3145 velle,
2522 3076 2666 3145 quod
2684 3078 2822 3130 alter
2836 3081 3017 3146 posset
3040 3078 3316 3131 contraria
3337 3078 3677 3145 responsione

1979 3166 2268 3221 convellere
2319 3165 2676 3234 (Fulgentius,
2724 3165 2789 3217 de
2847 3164 3320 3219 Przdestinatione
3363 3168 3414 3217 et
3461 3164 3675 3232 Gratia,

1980 3256 2082 3310 lib.
2120 3258 2174 3320 5,
2206 3269 2332 3322 cap.
2366 3256 2473 3315 l8).
2508 3252 2867 3307 Pertractatis
2887 3268 3022 3321 ergo
3042 3251 3213 3325 latius
3231 3252 3530 3305 contrariis
3548 3268 3675 3305 sen-

1980 3341 2196 3407 tentiis,
2245 3346 2370 3395 tum
2410 3357 2477 3394 ea
2522 3356 2697 3410 quam
2728 3340 2837 3393 sibi
2884 3339 3281 3410 Hieronymus,
3311 3339 3382 3393 ab
3422 3338 3679 3410 quolibet

1982 3446 2195 3499 errore,
2227 3428 2507 3499 Origenis,
2538 3426 2852 3494 Manichaei,
2884 3427 3245 3497 Priscilliani,
3274 3426 3676 3482 Tertullianive

1982 3518 2315 3585 abhorrens,
2345 3513 2538 3585 elegit,
2574 3515 2786 3569 scilicet
2826 3515 3079 3586 singulas
3108 3514 3347 3586 singulis
3391 3514 3675 3569 nascenti-

1980 3606 2089 3660 bus
2107 3604 2327 3660 animas
2344 3620 2378 3657 a
2398 3606 2513 3658 Deo
2534 3604 2712 3657 creari
2734 3604 2922 3673 (Apud
2940 3605 3322 3672 Augustinum,
3348 3605 3525 3673 Epist.
3554 3606 3674 3668 165,

1979 3710 2041 3749 n.
2083 3698 2134 3759 1,
2163 3699 2213 3747 et
2239 3693 2436 3748 Contra
2470 3692 2751 3761 Ruﬁnum,
2778 3693 2871 3746 lib.
2911 3691 2963 3760 2)
2998 3709 3013 3746 :
3040 3697 3165 3746 tum
3193 3691 3304 3745 alia
3327 3706 3440 3762 qua
3467 3706 3675 3761 propa-

1982 3782 2104 3854 gari
2129 3780 2349 3835 animas
2398 3784 2454 3833 et
2498 3796 2614 3834 non
2655 3778 2908 3850 quotidie
2940 3779 3065 3833 ﬁeri
3094 3796 3125 3833 a
3157 3780 3269 3833 Deo
3296 3779 3374 3833 ita
3402 3779 3671 3842 creditur,

1980 3874 2047 3923 ut
2083 3870 2153 3922 ab
2186 3867 2474 3922 erroribus
2502 3866 2907 3921 haereticorum
2926 3865 3256 3937 quarumvis
3276 3881 3449 3935 super
3468 3864 3675 3918 animae

1980 3961 2185 4010 natura
2214 3954 2537 4020 recedatur;
2567 3970 2684 4008 non
2715 3969 2889 4007 ausus
2913 3957 2997 4007 est
3023 3952 3144 4023 ipse
3170 3952 3522 4022 Augustinus
3542 3952 3678 4004 alte-

1981 4060 2104 4099 ram
2135 4059 2204 4097 ex
2228 4042 2341 4097 illis
2369 4045 2592 4113 partem
2621 4040 2709 4094 vel
2730 4040 3036 4110 repudiare
3057 4056 3336 4112 unquam,
3357 4040 3445 4093 vel
3462 4042 3677 4093 astrue-

1980 4145 2042 4183 re
2062 4128 2262 4199 (Epist.
2291 4132 2378 4196 66,
2404 4145 2505 4183 nn.
2535 4132 2590 4198 8,
2616 4131 2706 4195 28,
2736 4133 2786 4182 et
2809 4130 2993 4197 Epist.
3032 4131 3151 4192 190,
3185 4144 3241 4182 η.
3271 4127 3384 4198 21).
3417 4127 3676 4197 Quapro-

1980 4221 2109 4287 pter
2137 4233 2268 4271 cum
2298 4217 2531 4287 ingenio
2563 4217 2746 4270 sancti
2775 4215 3029 4270 Doctoris
3059 4216 3202 4270 nihil
3232 4232 3298 4269 eo
3336 4215 3519 4285 magis
3546 4230 3679 4269 con-

1982 4306 2175 4372 sentit,
2206 4306 2421 4360 nedum
2449 4306 2571 4375 ejus
2602 4304 2876 4359 doctrinaa
2902 4301 3504 4376 quidquam'derogat,
3520 4304 3677 4374 quod

1981 4394 2043 4448 in
2066 4394 2180 4449 ﬁne
2213 4394 2469 4464 epistola:
2499 4392 2789 4449 leestini
2817 4393 3063 4463 legimus
3096 4407 3109 4449 :
3139 4393 3527 4459 Profundiores
3552 4407 3678 4446 vero
3781 4398 3788 4405 '

1982 4481 2421 4552 difﬁcilioresque
2438 4487 2621 4552 partes
2642 4484 3031 4537 incurrentium
3050 4483 3421 4551 questionum,
3446 4497 3581 4549 quas
3602 4483 3680 4534 la-

1982 4572 2091 4625 tius
2136 4576 2542 4641 pertractarunt
2587 4573 2684 4640 qui
2730 4572 2993 4625 hereticis
3041 4573 3378 4639 restiterunt,
3409 4572 3547 4623 sicut
3572 4584 3677 4622 non

1980 4659 2239 4713 audemus
2276 4664 2621 4723 contemnere,
2652 4662 2734 4713 ita
2770 4674 2876 4713 non
2910 4673 3115 4712 necesse
3155 4658 3408 4712 habemus
3437 4662 3680 4712 astruere

1982 4747 2253 4817 (Append.
2306 4750 2435 4801 tomi
2466 4750 2550 4813 10,
2592 4752 2740 4817 part.
2783 4751 2837 4815 2,
2874 4750 3030 4817 epist.
3066 4748 3334 4804 Cwlestini
3361 4749 3544 4816 Papae,
3578 4763 3678 4816 pro
3721 4818 3724 4822 ι

1981 4837 2197 4903 Prosp.,
2239 4839 2289 4888 et
2330 4837 2545 4902 Hilar.,
2583 4852 2639 4889 n.
2676 4830 2791 4903 15).
2829 4835 3008 4905 Hujus
3044 4834 3479 4906 prudentissimi
3512 4850 3676 4907 papae

1981 4922 2233 4994 vestigiis
2262 4922 2526 4976 insistens
2560 4923 2956 4978 Africanorum
2984 4923 3389 4995 episcoporum
3416 4924 3678 4978 exsulum

1982 5010 2255 5082 synodus,
2278 5027 2409 5065 cum
2429 5011 2655 5082 regulas
2672 5012 2967 5067 catholica:
2979 5012 3112 5067 ﬁdei
3132 5012 3202 5068 de
3224 5013 3404 5084 gratia
3416 5012 3677 5066 similiter

1979 5098 2249 5165 traderet,
2282 5114 2396 5153 non
2421 5099 2758 5159 absimiliter
2770 5100 3029 5172 adjunxit
3047 5102 3154 5156 hoc
3179 5102 3466 5155 monitum
3492 5115 3505 5153 :
3530 5099 3675 5165 Qua:-

1979 5190 2204 5242 stidnem
2228 5203 2349 5242 vero
2373 5190 2680 5243 animarum
2704 5194 2801 5243 aut
2824 5192 3048 5244 tacitam
3074 5190 3321 5243 debemus
3352 5189 3670 5255 relinquere,

1980 5274 2077 5328 aut
2101 5278 2217 5329 sine
2244 5278 2572 5331 contentione
2598 5282 2832 5331 tractare
2870 5278 3059 5345 (Ibid.,
3093 5280 3253 5346 epist.
3284 5273 3474 5343 sgnod.
3507 5275 3670 5341 episc.

1979 5365 2163 5430 Afric.
2221 5366 2458 5432 exulum,
2506 5381 2563 5421 n.
2616 5364 2721 5435 16).
2773 5365 2897 5430 Quo
2943 5380 3078 5419 sane
3122 5364 3289 5417 modo
3335 5376 3454 5414 sese
3508 5376 3673 5430 gere-

1979 5452 2078 5507 bat
2102 5452 2475 5523 Augustinus,
2508 5453 2557 5507 si
2588 5453 2817 5524 quando
2850 5468 2981 5507 cum
3023 5448 3340 5520 Pelagianis
3379 5448 3676 5502 decertans

1984 5541 2295 5596 incurreret
2327 5541 2387 5594 in
2416 5542 2760 5612 quaestiones
2797 5541 3052 5595 nondum
3081 5538 3288 5595 divina:
3316 5537 3675 5592 revelationis
