4062 6346
426 297 526 350 503

423 433 530 487 ope
550 415 766 488 liquido
793 415 1110 486 explicatas.
1137 416 1329 485 Neque
1356 414 1467 468 alia
1491 413 1560 468 de
1581 431 1749 468 causa
1769 415 1938 468 etiam
1962 415 2117 468 illam

423 505 546 559 sine
567 503 932 558 contentione
954 519 1068 558 non
1090 503 1262 556 semel
1277 503 1554 568 tractavit,
1577 518 1652 555 an
1667 502 1883 557 scilicet
1902 503 2013 556 vivi
2034 517 2120 556 re-

421 591 572 663 perti
592 591 928 646 adveniente
954 591 1197 646 Domino
1219 590 1279 644 in
1305 591 1497 645 saeculi
1520 591 1635 644 fine
1656 607 1720 644 ex
1745 591 1849 644 hac
1869 590 2120 645 mortali-

422 685 535 734 tate
558 680 629 734 ad
649 679 1137 734 immortalitatem
1161 679 1280 732 sine
1304 679 1490 733 media
1509 683 1691 732 morte
1705 678 2120 732 transiturisint

419 768 622 836 (Epist.
652 769 772 833 193,
794 783 849 821 n.
871 771 902 820 9
923 783 1098 836 seqq.,
1125 772 1175 821 et
1194 767 1258 821 de
1283 769 1443 822 Civit.
1467 769 1580 834 Dei,
1605 768 1700 820 lib.
1732 769 1821 832 20,
1853 782 1973 836 cap.
2006 766 2116 834 20).

492 859 546 910 6.
590 854 942 925 Augustinus
991 855 1312 926 Hipponem
1355 870 1614 909 reversus
1661 855 1964 920 calamum,
2005 870 2120 924 quo

423 942 713 997 Mercatori
744 943 1100 1009 rescriberet,
1137 942 1402 1014 arripuit.
1437 944 1576 997 Nam
1606 943 1777 1012 hujus
1801 942 1954 1013 apud
1985 943 2118 996 Car-

422 1030 738 1101 thaginem,
779 1030 940 1101 prius
970 1047 1139 1102 quam
1174 1032 1488 1086 Caesaream
1524 1031 1994 1102 proficisceretur,
2025 1029 2118 1084 lit-

423 1122 571 1171 teras
602 1123 912 1189 acceperat,
945 1119 1154 1190 quibus
1197 1119 1538 1189 respondere
1568 1119 1823 1171 nondum
1851 1117 1960 1188 ipsi
1991 1133 2119 1187 gra-

422 1205 674 1259 vioribus
691 1207 935 1276 negotiis
956 1207 1390 1278 occupatissima
1421 1221 1482 1259 ac
1514 1205 1795 1259 interdum
1819 1205 2121 1276 perlatoris

424 1293 717 1347 occasione
746 1294 960 1348 carenti
988 1293 1244 1349 licuerat.
1280 1296 1587 1364 Propterea
1618 1294 1911 1360 Mercator,
1947 1310 2120 1365 quem

423 1381 546 1451 ejus
587 1381 793 1453 scripta
831 1382 1153 1437 vehementi
1196 1398 1260 1435 ac
1306 1381 1645 1454 praefervido
1685 1381 1916 1452 ingenio
1946 1382 2120 1436 fuisse

424 1471 697 1538 indicant,
745 1472 1009 1526 secundis
1050 1472 1123 1526 ad
1168 1488 1301 1526 eum
1349 1472 1495 1526 datis
1538 1471 1760 1536 litteris,
1795 1472 1950 1543 quod
1976 1471 2122 1526 nihil

423 1558 731 1629 accepisset
760 1559 1035 1630 responsi,
1066 1559 1306 1631 perinde
1337 1559 1702 1631 querebatur,
1735 1559 1898 1631 quasi
1927 1563 2119 1630 negle-

423 1651 546 1699 ctus
577 1647 984 1718 despectusque
1012 1648 1252 1702 essetab
1280 1647 1600 1718 Augustino
1625 1663 1640 1701 :
1661 1647 1752 1702 cui
1772 1647 1928 1702 aliud
1950 1647 2120 1702 simul

423 1734 766 1803 opusculum
797 1735 1066 1789 adversus
1096 1751 1273 1789 novos
1298 1735 1612 1799 haereticos,
1650 1735 1983 1806 Pelagianos
2014 1735 2121 1788 sci-

421 1821 572 1884 licet,
595 1821 664 1875 ab
693 1821 818 1892 ipso
835 1823 1317 1878 considerandum
1339 1823 1815 1895 probandumque
1836 1823 2118 1878 mittebat.

427 1909 522 1962 His
564 1909 847 1979 perlectis,
907 1915 1134 1964 sanctus
1184 1913 1391 1965 Doctor
1434 1911 1611 1965 animi
1656 1912 2120 1976 commotionem,

423 2013 598 2068 quam
627 1997 706 2051 ibi
730 1999 1000 2052 Mercator
1027 2015 1146 2070 prae
1178 2015 1235 2052 se
1265 1999 1499 2064 ferebat,
1531 2015 1646 2054 non
1674 1999 1844 2054 modo
1875 2015 1992 2053 non
2023 2016 2120 2052 ac-

424 2085 578 2155 cepit
601 2084 662 2138 in
694 2087 899 2140 malam
922 2091 1164 2158 partem,
1185 2087 1282 2141 sed
1306 2091 1362 2141 et
1380 2087 1624 2141 maxime
1647 2093 1867 2157 gratam
1889 2087 2119 2154 habuit;

423 2177 596 2244 atque
637 2173 892 2243 ejusdem
931 2173 1323 2244 querimonias
1373 2174 1713 2229 sinceritatis
1764 2177 2123 2230 charitatisve

421 2260 632 2314 indicia
677 2276 798 2314 esse
845 2261 1111 2328 credidit,
1161 2277 1280 2316 non
1327 2261 1637 2316 iracundias
1667 2264 1753 2316 vel
1797 2263 2119 2318 simultatis.

423 2349 622 2418 Itaque
669 2349 1020 2403 rescribendi
1071 2365 1176 2419 per
1226 2349 1497 2404 Albinum
1549 2349 1805 2404 Ecclesize
1854 2352 2123 2405 Romanae

427 2435 751 2504 acolythum
801 2435 1156 2490 occasionem
1197 2441 1416 2503 nactus,
1467 2437 1708 2492 dilatum
1761 2454 2122 2508 responsum,

425 2527 602 2592 prout
629 2523 882 2577 bonitate
915 2540 1018 2578 sua
1040 2530 1211 2596 atque
1244 2525 1564 2579 humilitate
1595 2526 1835 2596 dignum
1867 2531 2008 2592 erat,
2039 2527 2123 2580 illi

429 2610 752 2678 excusavit;
797 2627 861 2665 ac
901 2611 1093 2666 dubiis
1123 2613 1460 2684 quibusdam
1483 2614 1590 2668 sibi
1621 2615 1691 2668 ab
1720 2631 1788 2669 eo
1815 2614 2123 2686 propositis

427 2698 575 2752 circa
612 2699 668 2754 id
720 2699 873 2770 quod
916 2705 1158 2755 mortem
1217 2702 1431 2772 peccati
1473 2703 1735 2757 effectum
1783 2719 1848 2758 ac
1894 2719 2124 2774 poenam

428 2803 550 2842 esse
607 2789 897 2859 negabant
945 2790 1254 2860 Pelagiani,
1314 2790 1603 2845 satisfecit.
1661 2791 1961 2847 Enimvero
2021 2795 2120 2848 ob-

420 2875 695 2946 jiciebant
739 2878 843 2940 illi,
889 2895 1075 2950 neque
1108 2880 1418 2945 Enochum,
1452 2895 1637 2951 neque
1671 2881 1846 2935 Eliam
1879 2882 2119 2948 obiisse;

424 2983 648 3022 necnon
683 2985 1000 3022 asseverare
1049 2970 1289 3023 Paulum
1333 2985 1450 3038 eos,
1483 2969 1580 3040 qui
1614 2971 1832 3024 Christo
1861 2971 2123 3026 veniente

425 3057 757 3126 superstites
786 3062 974 3124 erunt,
1006 3073 1124 3111 non
1158 3057 1484 3123 morituros,
1517 3058 1614 3111 sed
1645 3059 1697 3111 ei
1719 3059 1871 3113 vivos
1899 3059 2124 3114 obviam

424 3147 652 3214 raptum
681 3144 752 3198 iri
780 3143 839 3198 in
871 3161 1004 3198 aera
1029 3161 1042 3198 :
1069 3145 1221 3199 unde
1247 3145 1591 3216 colligebant
1617 3146 1749 3216 ipsi,
1772 3163 1899 3201 cum
1925 3164 2124 3202 omnes

426 3230 690 3284 homines
734 3237 975 3286 mortem
1021 3249 1135 3286 non
1181 3234 1443 3300 subeant,
1492 3238 1591 3287 aut
1619 3250 1717 3287 eos
1743 3234 1865 3289 sine
1895 3241 2124 3306 peccato

427 3321 608 3383 natos,
642 3318 796 3388 quod
828 3319 1102 3372 Catholici
1144 3319 1213 3373 de
1259 3321 1380 3373 solo
1413 3319 1633 3374 Christo
1663 3337 1822 3391 posse
1851 3324 2125 3377 affirmari

428 3405 880 3472 contendebant;
924 3409 1022 3459 aut
1060 3421 1288 3476 poenam
1317 3407 1533 3477 peccati
1563 3413 1806 3462 mortem
1836 3425 1950 3463 non
1979 3426 2121 3465 esse.

429 3492 816 3560 Objectionem
867 3492 1012 3546 hanc
1040 3492 1391 3564 Augustinus
1435 3495 1717 3566 explodit;
1750 3511 1818 3549 eo
1849 3497 2002 3567 quod
2033 3498 2124 3551 ni-

429 3580 664 3647 mirum,
690 3584 752 3634 ut
771 3581 1016 3634 maxime
1033 3586 1251 3636 certum
1275 3586 1423 3636 esset
1443 3599 1474 3636 a
1491 3583 1775 3638 moriendi
1793 3586 2123 3640 necessitate

429 3667 707 3738 quosdam
753 3668 872 3722 fore
903 3668 1208 3737 immunes,
1241 3670 1393 3725 haud
1432 3675 1625 3725 tamen
1660 3672 1963 3728 difficulter
1990 3691 2123 3728 con-

427 3757 540 3827 cipi
569 3757 765 3827 possit,
794 3757 850 3812 id
883 3756 1158 3827 singulari
1189 3758 1381 3830 aliquo
1422 3759 1520 3813 Dei
1560 3760 1862 3830 privilegio
1892 3779 2122 3816 conces-

428 3862 554 3899 sum
586 3845 677 3907 iri,
699 3862 835 3917 quo,
862 3845 909 3899 si
933 3847 1189 3914 voluerit,
1214 3847 1493 3919 quosdam
1512 3849 1644 3902 huic
1666 3865 1852 3919 paenae
1875 3850 2123 3905 eximere

427 3937 630 4004 potest,
664 3950 780 3988 non
811 3950 970 3988 secus
995 3949 1060 3987 ac
1091 3935 1282 3988 multis
1299 3935 1424 3989 aliis
1439 3951 1553 3990 non
1576 3936 1789 3991 eximit.
1818 3937 2123 4008 Epistolam

427 4038 588 4076 suam
618 4023 889 4076 terminat
915 4022 1267 4092 professione
1295 4022 1394 4075 illa
1423 4023 1733 4078 humilitati
1763 4026 1886 4095 ejus
1910 4031 2026 4080 tam
2049 4027 2127 4080 fa-

427 4109 659 4177 miliari,
716 4111 886 4163 malle
927 4126 985 4162 se
1034 4125 1096 4162 ex
1143 4109 1268 4163 aliis
1303 4111 1685 4180 quaestionum
1731 4114 2121 4167 abstrusarnm

428 4197 770 4252 solutionem
797 4197 1031 4262 discere,
1066 4213 1238 4266 quam
1270 4213 1337 4250 ex
1362 4203 1543 4252 semet
1568 4216 1692 4252 eam
1724 4199 1835 4253 illis
1864 4201 2115 4258 tradere.

427 4285 555 4338 Plus
585 4299 724 4350 amo,
758 4282 867 4349 ait,
887 4284 1110 4350 discere,
1135 4300 1299 4352 quam
1326 4285 1527 4339 docere.
1574 4289 1640 4342 Ut
1676 4303 1799 4355 ergo
1829 4287 2120 4351 discamus,

426 4375 662 4428 invitare
683 4387 782 4427 nos
805 4373 956 4426 debet
975 4376 1218 4426 suavitas
1242 4377 1518 4438 veritatis;
1543 4381 1604 4430 ut
1623 4382 1800 4432 autem
1821 4378 2121 4447 doceamus,

429 4476 611 4527 cogere
637 4462 924 4514 necessitas
952 4461 1238 4516 charitatis
1268 4465 1466 4531 (Epist.
1498 4467 1616 4530 t93,
1648 4482 1704 4520 .
1739 4467 1843 4536 13).

498 4552 552 4602 7.
584 4547 820 4602 Albinus
860 4548 958 4602 ille
1000 4549 1290 4620 acolythus
1316 4552 1627 4621 superioris
1657 4554 1908 4624 epistolas
1937 4557 2124 4626 perla-

428 4640 539 4704 tor,
569 4636 707 4689 alias
733 4653 962 4708 quoque
989 4637 1129 4692 duas
1155 4638 1378 4705 detulit,
1405 4655 1581 4694 unam
1610 4644 1805 4712 (Epist.
1843 4647 1960 4710 t92,
1984 4661 2040 4700 .
2075 4647 2120 4715 1)

431 4724 497 4778 ad
530 4725 894 4780 Caelestinum
927 4727 1183 4780 Ecclesiae
1217 4728 1489 4782 Romanae
1532 4734 1668 4784 tunc
1695 4733 1970 4802 temporis
2000 4734 2121 4788 dia-

429 4828 658 4879 conum,
692 4829 754 4866 ac
794 4819 994 4884 postea
1025 4817 1358 4885 prresulem;
1403 4834 1575 4888 quam
1606 4819 1906 4890 epistolam
1935 4825 2125 4893 Augu-

423 4901 612 4955 stinus
659 4902 783 4972 ejus
831 4902 1033 4956 litteris
1081 4905 1420 4976 Hipponem,
1466 4923 1595 4962 cum
1653 4909 1824 4978 longe
1881 4911 2120 4981 abesset,

427 4989 612 5042 allatis
639 4988 903 5056 reddidit,
936 4996 998 5043 ut
1034 4991 1086 5043 ei
1113 4997 1368 5046 mutuam
1400 4995 1854 5050 benevolentiam
1883 5003 2121 5052 testare-

427 5082 522 5130 tur
554 5093 566 5131 :
595 5077 831 5130 alteram
857 5082 1051 5131 autem
1078 5079 1282 5148 (Epist.
1324 5085 1446 5149 191)
1478 5082 1545 5136 ad
1579 5085 1832 5153 ejusdem
1866 5087 2120 5140 Ecclesia:

425 5164 846 5233 presbyterum,
873 5180 1120 5234 eumque
1150 5167 1356 5221 deinde
1387 5170 1673 5224 Coelestini
1703 5171 1761 5225 in
1792 5173 2122 5244 episcopatu

429 5267 810 5306 successorem
832 5251 1074 5321 Sixtum,
1107 5254 1396 5325 scriptam,
1431 5272 1543 5326 qua
1573 5257 1644 5322 ei,
1671 5264 1731 5311 ut
1750 5260 1871 5329 jam
1895 5277 1928 5314 a
1957 5261 2120 5315 nobis

428 5339 808 5409 observatum,
841 5341 913 5394 ob
937 5346 1256 5412 susceptam
1280 5345 1480 5414 gratiae
1509 5346 1896 5403 defensionem
1925 5357 2121 5405 contra

429 5428 780 5497 Pelagianos,
803 5429 1010 5499 quibus
1030 5431 1216 5500 ipsum
1247 5432 1433 5486 favere
1453 5433 1605 5487 fama
1633 5440 1771 5503 erat,
1802 5438 2116 5507 plurimum

428 5519 742 5584 gratulatus
766 5525 873 5575 est.
917 5522 1025 5574 Hac
1055 5521 1293 5592 epistola
1315 5524 1675 5594 prolixiorem
1701 5527 1870 5582 aliam
1901 5545 1959 5581 se
1989 5529 2117 5582 mis-

1623 292 1794 348 VITA
1851 292 1905 347 S.
1967 289 2352 364 AILGUSTINI
2410 289 2750 347 EPISCOPl.

3834 295 3944 349 504

2227 430 2422 467 surum
2449 429 2574 467 esse
2613 413 2990 485 pollicebatur
3018 430 3030 468 :
3065 429 3240 485 quam
3269 413 3456 486 reipsa
3483 416 3658 486 paulo
3695 421 3834 486 post
3870 416 3942 468 ad

2229 517 2359 554 eum
2380 501 2776 572 perferendam
2810 502 2967 556 dedit
2991 503 3177 556 Firmo
3200 503 3530 574 presbytero
3552 505 3759 572 (Epist.
3814 505 3941 567 191,

2227 605 2282 644 .
2323 590 2553 659 t).Hanc
2583 596 2808 643 sanctus
2840 591 3042 644 Doctor
3072 591 3482 660 posterioribus
3505 591 3708 661 gratiae
3741 591 3945 644 inimi-

2227 677 2306 730 cis
2337 677 2645 748 aliquando
2671 678 2830 732 velut
2855 678 2927 732 ob
2953 679 3150 732 oculos
3180 695 3403 748 ponens
3435 695 3448 732 :
3480 681 3807 748 (aspiciant,
3841 679 3946 746 ait,

2229 781 2393 833 quam
2444 765 2572 818 dedi
2615 765 2694 821 ad
2733 766 2952 821 Sixtum
2981 767 3232 820 Romanas
3259 767 3509 820 Ecclesia
3536 767 3944 836 presbyterum,

2230 853 2448 921 quando
2513 853 2772 907 adversus
2835 854 3153 920 Pelagianos
3209 857 3475 908 acerrima
3541 858 3949 923 conictatione

2228 942 2552 995 certavimus
2582 941 2682 1011 (De
2711 945 2857 996 Dono
2873 944 3310 1010 perseverantiae,
3332 957 3389 996 n.
3419 945 3526 1010 55).
3558 943 3675 997 Illic
3693 948 3752 997 et
3770 943 3947 997 solita

2229 1028 2440 1098 effugia
2464 1028 2794 1082 intercludit
2823 1027 3228 1097 Pelagianis,et
3248 1045 3447 1082 eorum
3467 1035 3663 1084 contra
3683 1031 3942 1101 gratiam

2230 1116 2450 1184 objecta
2480 1116 2738 1169 dissolvit
2761 1132 2774 1170 :
2801 1117 3058 1187 petitque
3080 1122 3368 1186 postremo
3385 1117 3712 1181 Sixtum,ut
3735 1119 3783 1172 si
3807 1135 3944 1190 qua:

2230 1203 2340 1256 alia
2368 1203 2590 1257 noverit
2611 1219 2707 1257 eos
2729 1203 2995 1258 adversus
3025 1201 3362 1258 catholicam
3387 1205 3558 1260 fidem
3586 1207 3947 1276 excogitare,

2231 1307 2450 1345 necnon
2479 1308 2872 1362 -qu_azcumque
2907 1292 3176 1346 adversus
3224 1293 3456 1347 eosdem
3512 1310 3615 1364 pro
3663 1295 3779 1350 de
3812 1296 3942 1366 ipse

2231 1379 2581 1446 disseruerit,
2614 1385 2751 1433 nota
2772 1379 2939 1434 faciat
2960 1379 3067 1433 sibi
3100 1380 3300 1449 (Epist.
3338 1383 3458 1447 194,
3484 1383 3666 1451 11.47).

2301 1469 2359 1522 8.
2388 1467 2444 1521 Si
2473 1484 2587 1539 qua
2606 1484 2697 1522 res
2720 1467 2777 1522 id
2799 1467 3074 1538 temporis
3099 1468 3289 1522 locum
3309 1469 3594 1539 praeberet
3612 1471 3944 1542 Pelagianae

2230 1555 2463 1610 haeresis
2493 1556 2803 1626 perniciem
2834 1557 3340 1624 commonstrandi,
3373 1558 3728 1629 Augustinus
3749 1577 3819 1614 ea
3841 1578 3944 1632 op-

2231 1643 2582 1713 portunitate
2634 1645 2874 1698 solerter
2914 1645 3181 1699 utebatur
3227 1651 3284 1700 et
3330 1647 3694 1716 perlibenter.
3749 1652 3939 1720 Aptus

2231 1731 2486 1802 quidam,
2540 1733 2692 1786 idem
2734 1732 2828 1786 ille
2866 1733 3101 1788 forsitan
3147 1734 3444 1805 episcopus
3476 1751 3506 1789 e
3535 1741 3696 1806 parte
3727 1738 3937 1792 Donati

2229 1820 2632 1874 Tusurritanus
2659 1822 2884 1887 (Collat.
2910 1822 3196 1889 Carthag.,
3217 1838 3338 1891 cap.
3368 1824 3513 1892 {20),
3533 1825 3633 1895 qui
3654 1828 3939 1881 aemulum

2232 1924 2402 1962 suum
2431 1908 2493 1962 in
2522 1908 2835 1963 Collatione
2867 1910 3096 1980 agnovit
3123 1911 3456 1977 Asselicum,
3488 1913 3750 1968 Judaeum
3778 1931 3842 1968 se
3875 1932 3940 1969 ac

2233 1997 2546 2050 Israelitam
2589 1997 2822 2051 vocitari
2867 1997 3121 2064 volebat;
3171 2015 3393 2053 necnon
3433 1999 3732 2056 Judaizare
3775 2003 3942 2058 Chri-

2233 2084 2465 2151 stianos,
2498 2085 2552 2140 id
2599 2090 2700 2151 est,
2743 2086 3027 2140 abstinere
3057 2086 3128 2140 ab
3159 2087 3300 2140 escis
3331 2089 3476 2157 Lege
3506 2089 3836 2159 prohibitis,
3874 2109 3938 2145 ac

2233 2177 2468 2226 caeteros
2509 2172 2772 2227 Judaicos
2802 2173 2944 2227 ritus
2973 2175 3271 2228 observare
3301 2175 3536 2230 docebat
3565 2179 3768 2247 (Epist.
3814 2184 3938 2244 196,

2232 2276 2289 2315 n.
2352 2262 2458 2331 16).
2493 2261 2767 2315 Asellicus
2794 2261 3010 2333 itaque,
3033 2262 3150 2316 sive
3170 2263 3472 2330 Asselicus,
3498 2264 3616 2324 ille.
3645 2266 3756 2320 nisi
3784 2267 3944 2322 falli-

2233 2363 2388 2416 mur,
2419 2350 2825 2404 Tusurritanus
2863 2349 3097 2404 antistes
3143 2351 3471 2418 catholicus,
3505 2352 3602 2424 qui
3635 2353 3938 2411 Collationi

2233 2452 2362 2490 cum
2393 2439 2537 2507 Apto
2553 2438 2924 2492 Tusurritano
2954 2439 3217 2510 episcopo
3251 2441 3545 2494 Donatista
3565 2442 3764 2508 adfuit,
3785 2443 3935 2498 litte-

2237 2541 2326 2578 ras
2347 2524 2416 2577 de
2437 2525 2669 2580 cavendi
2695 2525 2970 2580 Judaismi
3007 2526 3418 2598 disceptatione
3446 2530 3515 2584 ad
3550 2531 3933 2587 Donatianum

2238 2613 2526 2666 Bizacenas
2574 2614 2877 2684 provinciae
2917 2631 3068 2669 anno
3114 2616 3684 2688 quadringentesimo
3712 2620 3936 2675 decimo

2235 2706 2428 2754 octavo
2451 2701 2751 2772 primatem
2778 2702 2966 2757 misit:
3000 2719 3142 2774 quas
3166 2703 3270 2758 iste
3297 2705 3367 2759 ad
3385 2707 3771 2776 Augustinum
3801 2725 3934 2780 per-

2233 2789 2494 2843 ferendas
2526 2791 2760 2853 curavit,
2795 2796 2860 2845 ut
2896 2791 2976 2845 eis
3008 2792 3400 2862 responderet,
3435 2795 3806 2851 vehementer
3835 2798 3936 2850 oh-

2235 2893 2460 2931 secrans
2512 2879 2694 2946 (Ibid.,
2756 2895 2810 2933 n.
2863 2881 2928 2947 1).
2981 2880 3191 2934 Morem
3240 2881 3416 2951 gessit
3460 2884 3834 2953 Augustinus,
3878 2903 3942 2940 ac

2235 2967 2645 3020 demonstravit
2687 2967 3032 3022 Christianos
3081 2985 3211 3023 vere
3255 2970 3482 3024 Iudaeos
3533 2977 3589 3026 et
3635 2973 3942 3040 Israelitas,

2234 3055 2544 3109 Abrahami
2588 3072 2817 3127 quoque
2847 3073 2912 3111 a3
2939 3056 3091 3111 Sara;
3122 3057 3270 3112 filios
3299 3073 3415 3112 non
3445 3075 3636 3127 carne,
3678 3062 3778 3115 sed
3820 3063 3940 3133 spi-

2236 3140 2351 3194 ritu
2382 3157 2502 3194 esse
2535 3157 2549 3196 :
2582 3158 2687 3196 nec
2711 3147 2903 3197 tamen
2932 3144 3032 3209 eis,
3066 3143 3175 3198 nisi
3205 3160 3436 3216 perraro
3460 3145 3578 3201 haec
3603 3151 3940 3219 usurpanda

2234 3229 2530 3295 vocabula,
2571 3245 2674 3284 nec
2720 3247 2785 3283 ea
2833 3231 3165 3302 quotidiano
3209 3249 3314 3286 usu
3365 3233 3812 3304 frequentanda;
3867 3255 3942 3293 ne

2237 3315 2501 3372 videlicet
2531 3323 2757 3388 recepta
2792 3319 2929 3373 olim
2957 3321 3309 3375 consuetudo
3335 3322 3608 3392 loquendi
3637 3326 3941 3394 perturbe-

2237 3408 2351 3470 tur,
2397 3408 2454 3458 et
2495 3420 2625 3459 cum
2665 3405 2876 3460 ludatis
2922 3407 3136 3461 carnali
3181 3400 3549 3480 generatione
3591 3410 3662 3464 de
3689 3413 3939 3468 Abrahae

2238 3491 2414 3560 stirpe
2485 3492 2844 3547 venientibus
2917 3495 3339 3550 confundantur
3389 3497 3695 3552 Christiani
3750 3500 3937 3570 (Ibid,

2233 3595 2292 3633 n.
2325 3579 2483 3649 9-t6)
2521 3595 2533 3633 :
2565 3595 2598 3632 a
2627 3580 2834 3651 quibus
2862 3580 2960 3635 illa
2980 3582 3214 3652 quidem
3240 3599 3415 3653 opera
3445 3585 3628 3655 Legis.
3652 3603 3783 3657 quae
3806 3595 3942 3644 sunt

2236 3666 2294 3721 in
2340 3667 2624 3722 veteribus
2666 3670 3053 3738 sacramentis,
3102 3687 3254 3726 nunc
3301 3673 3544 3726 revelato
3573 3674 3938 3731 Testamento

2234 3771 2401 3822 novo,
2429 3771 2791 3826 nequaquam
2815 3757 3167 3812 observanda
3187 3775 3328 3813 esse.
3352 3763 3424 3814 At
3443 3759 3542 3814 illa
3559 3778 3689 3832 quae
3706 3762 3764 3816 in
3791 3765 3938 3834 Lege

2236 3844 2314 3897 ita
2340 3848 2624 3913 praecepta
2670 3848 2822 3912 sunt,
2869 3849 2934 3898 ut
2971 3845 3194 3899 valeant
3223 3847 3294 3901 ad
3324 3847 3719 3903 informandos
3748 3867 3939 3904 mores

2234 3931 2514 3993 delium,
2547 3931 2626 3984 sic
2653 3931 2980 4002 accipienda
3003 3936 3060 3986 et
3085 3933 3436 3988 observanda
3468 3935 3655 4004 docet,
3684 3943 3748 3991 ut
3777 3939 3942 4009 quid-

2236 4020 2371 4090 quid
2403 4019 2463 4074 in
2495 4020 2576 4073 eis
2603 4019 2847 4091 quisque
2890 4021 3135 4091 proficit,
3169 4039 3282 4076 non
3313 4022 3441 4087 sibi,
3473 4023 3570 4078 sed
3601 4025 3800 4093 gratia:
3827 4027 3937 4080 tri-

2235 4107 2371 4162 buat
2386 4109 2574 4175 (Ibid,
2604 4125 2660 4163 n.
2700 4111 2825 4163 t-Sl.
2859 4110 2998 4163 Nam
3025 4109 3084 4172 ii,
3109 4113 3207 4178 qui
3227 4127 3346 4166 cum
3361 4114 3722 4180 proteantur
3745 4129 3799 4167 se
3823 4130 3936 4168 esse

2235 4197 2592 4261 Christianos,
2618 4199 2729 4266 ipsi
2751 4200 2946 4264 gratia
2964 4198 3170 4252 Christi
3185 4201 3262 4253 sic
3280 4200 3662 4262 adversantur,
3680 4207 3742 4256 ut
3760 4217 3814 4256 se
3840 4205 3941 4256 hu-

2233 4289 2410 4340 manis
2441 4287 2651 4340 viribus
2679 4287 2870 4340 divina
2899 4290 3206 4342 existiment
3237 4291 3460 4358 implere
3500 4291 3791 4354 mandata;
3825 4309 3934 4348 non

2233 4375 2448 4442 quidem
2491 4377 2720 4441 nomine,
2773 4375 2962 4446 inquit
2988 4381 3212 4430 sanctus
3253 4378 3480 4446 Doctor,
3508 4379 3603 4432 sed
3626 4395 3804 4434 errore
3834 4385 3937 4436 Ju-

2233 4463 2477 4516 daizunt.
2510 4463 2622 4517 Hoc
2658 4477 2824 4529 genus
2864 4465 3155 4529 hominum,
3188 4463 3284 4527 ait,
3317 4467 3499 4534 capita
3521 4467 3629 4520 sibi
3655 4469 3940 4523 invenerat

2231 4551 2508 4617 Pelagium
2527 4555 2577 4603 et
2606 4551 2932 4613 Caelestium,
2953 4554 3250 4620 impietatis
3277 4551 3444 4620 hujus
3463 4560 3753 4609 assertores
3783 4572 3938 4610 acer-

2232 4639 2430 4691 rimos:
2464 4640 2560 4705 qui
2587 4642 2786 4692 recenti
2815 4639 3029 4707 judicio
3071 4642 3185 4705 Dei,
3226 4656 3327 4709 per
3355 4642 3637 4710 diligentes
3673 4648 3723 4696 et
3749 4645 3940 4712 deles

2230 4740 2409 4780 servos
2438 4726 2555 4793 ejus
2584 4728 2746 4779 etiam
2777 4727 3043 4780 catholica
3080 4731 3442 4782 communione
3465 4733 3677 4798 privati
3700 4739 3852 4797 sunt,
3888 4741 3939 4787 et

2225 4819 2449 4883 propter
2487 4830 2577 4868 cor
2618 4817 2973 4884 impwnitens,
3006 4815 3184 4869 adhuc
3212 4819 3270 4870 in
3299 4831 3399 4871 sua
3428 4817 3774 4873 damnatione
3799 4837 3940 4890 per-

2228 4903 2428 4955 sistunt
2451 4901 2611 4970 (Ibid.
2624 4945 2636 4967 ,
2668 4918 2726 4956 .
2762 4905 2867 4970 15).

2877 4982 3102 5037 CAPUT
3141 4984 3275 5038 XIV.

2237 5063 2251 5112 1
2286 5060 2444 5113 Anno
2474 5061 3005 5129 quadringentesimo
3039 5063 3240 5116 decimo
3285 5077 3422 5117 nono
3464 5067 3734 5120 Honorius
3767 5085 3937 5124 man-

2299 5137 2487 5218 datum
2507 5140 2750 5218 Aurelio,
2782 5157 2981 5194 necnon
3015 5144 3322 5208 Augustino
3352 5145 3541 5209 mittit,
3566 5161 3670 5214 quo
3696 5151 3943 5218 episcoPi

2299 5217 2525 5285 quilibet
2539 5217 2955 5287 subscriptiones
2972 5226 3157 5274 contra
3178 5223 3528 5288 Pelagianam
3544 5227 3791 5280 haeresim
3806 5217 3940 5283 suas

2299 5295 2430 5376 dare
2452 5299 2749 5350 teneantur.
2781 5301 2814 5350 2
2841 5299 3100 5365 Prodigia
3126 5303 3471 5370 Jerosolymae
3495 5305 3736 5373 alibique
3760 5323 3942 5376 nuper

2297 5375 2417 5426 visa
2436 5379 2629 5428 narrat
2646 5377 2986 5441 Augustinus
3008 5381 3064 5431 in
3087 5384 3332 5433 concione
3353 5383 3504 5450 apud
3524 5375 3934 5452 Carthaginem.

2299 5455 2329 5504 3
2359 5453 2712 5520 Hieronymus
2738 5457 3038 5523 Augustini
3066 5474 3245 5512 amore
3268 5463 3514 5514 incensus
3544 5469 3850 5530 praesertim
3872 5469 3938 5519 ob

2291 5532 2605 5598 jugulatam
2633 5535 2806 5600 ipsius
2835 5551 2931 5603 ope
2961 5537 3333 5591 Ccelestianam
3365 5539 3626 5593 haeresim.
3661 5543 3696 5594 4
3735 5544 3933 5610 Augu-
