4062 6342
1617 307 1818 363 LIBER
1858 307 2211 364 SEPTIMUS.

221 434 393 487 stinus
420 430 494 484 ad
523 431 846 497 Hesychium
869 429 1210 484 Salonensem
1226 427 1290 481 de
1311 429 1606 496 ﬁnesaeculi
1625 429 1834 482 scribit.

223 524 252 573 5
278 520 406 573 Edit
436 518 632 572 librum
657 518 722 570 de
752 517 972 585 Nuptiis
1007 520 1057 569 et
1098 517 1551 584 Concupiscentia
1579 517 1838 584 primum.

221 611 252 662 6
283 608 609 672 Qwstiones
621 610 670 658 et
697 607 1010 659 Locutiones
1023 606 1078 657 in
1099 605 1584 672 Heptateuchum?
1624 607 1842 658 Vincen-

221 697 326 749 tius
347 693 530 748 Victor
545 693 775 762 librisﬂe
786 693 1006 758 Origine
1018 694 1210 745 anima:
1219 692 1416 758 redarg
1424 694 1574 745 uitur
1584 693 1652 746 ab
1665 694 1706 746 A
1719 709 1846 759 ugu-

222 786 382 850 stino,
406 787 454 835 et
474 781 548 834 ad
571 781 870 834 revocanda
879 796 1163 852 perperam
1176 781 1243 832 ab
1256 796 1310 834 se
1332 784 1476 835 dicta
1487 783 1840 850 compellitur.

221 875 251 925 8
279 871 534 925 Pollentia
560 870 692 923 libri
714 869 779 922 de
807 871 1080 938 Coniugiis
1109 870 1435 925 adulterinis
1462 872 1568 924 duo
1596 871 1842 924 scribun-

221 965 328 1013 tur.
361 961 392 1012 9
423 959 708 1024 Refellitur
748 958 1096 1012 adversarius
1134 960 1293 1025 Legis
1344 964 1394 1013 et
1434 961 1844 1028 Prophetarum.

225 1051 270 1101 1.
305 1045 522 1116 Agitari
545 1045 840 1116 superiore
870 1062 1018 1100 anno
1047 1047 1220 1117 ccepit
1251 1048 1470 1118 Apiarii
1500 1063 1688 1114 causa,
1723 1063 1847 1118 pre-

155 1135 362 1205 sbyteri
409 1133 684 1188 nimirum
718 1133 870 1188 illitis
921 1134 1212 1202 Siccensis,
1264 1137 1361 1208 qui
1394 1152 1498 1206 per
1553 1137 1846 1190 Urbanum

154 1224 481 1294 episcopum
507 1239 674 1276 suum
695 1223 1232 1289 excommunicatus,
1257 1225 1442 1295 deque
1465 1241 1566 1278 suo
1599 1224 1847 1293 dejectus

151 1312 345 1382 gradu,
380 1311 448 1364 ad
482 1310 858 1380 apostolicam
889 1311 1114 1377 Sedem,
1161 1328 1289 1366 cum
1330 1317 1522 1367 tamen
1567 1312 1623 1365 id
1652 1312 1704 1365 ei
1745 1327 1849 1381 per

151 1400 420 1455 Africanas
477 1398 743 1452 Ecclesia:
783 1399 1221 1452 consuetudines
1264 1405 1362 1454 aut
1411 1400 1563 1470 leges
1609 1399 1847 1453 minimc

151 1489 339 1543 liceret
365 1488 595 1558 (Codice
635 1489 918 1541 Cano-num
955 1488 1163 1553 Afric.,
1196 1504 1314 1542 can.
1350 1490 1488 1557 125),
1521 1488 1844 1559 appellavit.

154 1580 226 1633 Ea
260 1594 351 1631 res
381 1575 853 1647 disceptationem
885 1576 1030 1629 inter
1070 1578 1390 1630 Romanum
1435 1577 1746 1631 antistitem
1793 1581 1850 1630 et

153 1666 442 1736 episcopos
469 1665 769 1718 Africanos
800 1664 1031 1733 longam
1062 1664 1280 1734 peperit
1312 1680 1375 1718 ac
1422 1665 1845 1736 permolestam,

153 1769 278 1824 quae
316 1756 446 1806 ante
485 1755 781 1806 mortuum
819 1752 1104 1823 superiori
1125 1757 1366 1806 exeunte
1387 1769 1537 1806 anno
1564 1752 1847 1806 Zosimum

154 1840 304 1895 ﬁniri
329 1857 442 1894 non
481 1840 692 1911 potuit.
722 1840 929 1894 Zosimi
962 1857 1248 1895 successor
1284 1841 1604 1895 Bonifacius
1633 1841 1847 1895 Africa-

153 1944 358 1983 norum
388 1929 600 1999 agendi
625 1928 929 1995 rationem,
960 1934 1016 1983 et
1045 1928 1113 1983 ad
1145 1945 1204 1982 se
1231 1929 1390 1983 datas
1416 1929 1486 1982 ab
1515 1927 1651 1999 ipsis
1700 1927 1848 1980 litte-

153 2033 262 2082 ras,
295 2016 662 2088 quantumvis
686 2033 884 2088 graves
896 2021 1084 2070 essent
1102 2033 1166 2071 ac
1187 2017 1380 2086 fortes,
1403 2018 1850 2088 haudquaquam

153 2106 211 2160 in
229 2106 569 2160 deteriorem
601 2111 819 2177 partem
849 2106 1099 2176 accepit:
1129 2106 1187 2160 id
1219 2105 1501 2176 siquidem
1524 2106 1851 2159 nullatenus

152 2193 466 2264 prohibuit,
499 2193 808 2265 quominus
852 2210 980 2248 cum
1022 2194 1371 2265 Hipponensi
1420 2194 1710 2265 episcopo,
1752 2193 1850 2264 qui

155 2281 566 2335 celebratorum
597 2281 654 2334 in
675 2281 860 2335 Africa
885 2282 953 2335 de
983 2282 1196 2353 Apiarii
1219 2281 1450 2351 negotio
1479 2281 1851 2335 conciliorum

154 2384 286 2438 pars
309 2385 519 2439 magna
548 2369 673 2432 fuit,
689 2370 1166 2424 necessitudinem
1187 2369 1452 2424 habuerit
1481 2369 1848 2440 singularem.

156 2458 254 2511 Hic
284 2463 491 2511 sanctae
522 2458 812 2512 memoriae
839 2475 987 2530 papa
1024 2459 1287 2513 laudatur
1317 2477 1347 2513 a
1369 2460 1669 2528 Prospero,
1701 2459 1852 2528 quod

157 2550 352 2599 contra
382 2545 644 2599 inimicos
677 2547 874 2616 gratias
917 2546 1013 2600 Dei
1038 2563 1152 2600 non
1176 2546 1361 2600 solum
1393 2546 1726 2600 auctoritate
1753 2563 1854 2599 sua

157 2633 487 2703 apostolica,
537 2634 637 2688 sed
676 2634 846 2689 etiam
895 2635 1335 2704 Imperatorum,
1393 2651 1639 2706 quorum
1677 2635 1854 2706 pietas

161 2721 345 2775 studio
378 2722 530 2775 illius
550 2722 955 2792 opitulabatur,
983 2723 1177 2777 edictis
1209 2723 1389 2792 egerit
1417 2725 1690 2793 (Prosper,
1721 2725 1854 2778 Con-

158 2813 245 2862 ira
279 2810 626 2874 Collatorem,
659 2826 713 2866 η.
748 2814 859 2880 57).
901 2810 1086 2881 Ipsius
1115 2827 1266 2864 cura:
1301 2811 1556 2864 fortassis
1589 2811 1727 2865 illud
1760 2811 1854 2864 ad-

158 2898 523 2952 scribendum
568 2898 839 2964 edictum,
883 2899 1034 2970 quod
1064 2899 1318 2964 Aurelio,
1359 2899 1450 2952 die
1494 2899 1695 2969 quinto
1727 2899 1856 2952 idus

155 2985 363 3056 iunias,
397 3002 547 3039 anno
579 2986 1142 3056 quadringentesimo
1171 2985 1389 3040 decimo
1427 3002 1604 3046 nono,
1649 2986 1854 3040 inscri-

157 3078 318 3142 ptum
343 3078 428 3127 est
459 3074 645 3143 (Apud
674 3075 933 3140 August,
967 3077 1144 3143 Epist.
1173 3075 1318 3145 20l).
1358 3075 1637 3128 Honorius
1670 3075 1749 3128 ibi
1779 3075 1855 3128 si-

157 3160 410 3231 gniﬁcat,
443 3162 692 3216 edictum
739 3163 1051 3233 superioris
1081 3163 1214 3218 anni
1259 3163 1528 3218 adversus
1561 3165 1857 3236 Pelagium

160 3256 330 3319 atque
361 3250 687 3304 C(elestium
734 3267 766 3304 a
813 3267 872 3305 se
920 3251 1136 3306 recenti
1179 3251 1469 3305 sanctione
1520 3257 1857 3307 renovatum

159 3353 299 3401 esse,
341 3337 627 3409 simulque
656 3339 1046 3409 constitutum,
1077 3344 1142 3394 ut
1172 3339 1428 3411 quisquis
1450 3357 1566 3408 eos,
1589 3357 1860 3412 quocum-

161 3439 272 3494 que
303 3425 535 3480 ditionis
565 3427 816 3481 suaaloco
833 3427 1211 3489 constiterint,
1234 3426 1414 3480 sciens
1431 3442 1544 3480 non
1573 3428 1857 3497 proderet,

161 3518 261 3567 aut
313 3515 642 3584 expelleret,
676 3516 918 3586 ipsemet
960 3515 1020 3568 in
1049 3515 1311 3569 exsilium
1341 3516 1669 3585 pelleretur.
1725 3515 1857 3585 Epi-

163 3617 363 3672 scopos
400 3608 593 3658 autem
624 3603 723 3675 qui
757 3604 995 3658 minime
1027 3603 1424 3658 obniterentur
1452 3603 1655 3657 iisdem
1683 3603 1862 3658 haere-

161 3689 306 3758 ticis,
339 3695 440 3744 aut
476 3707 605 3745 cum
637 3692 718 3744 eis
747 3691 914 3745 tacite
945 3692 1352 3760 consentirent,
1398 3691 1466 3745 ab
1503 3691 1733 3745 Aurelio
1765 3692 1861 3745 ad-

160 3777 383 3831 moneri
409 3779 576 3848 jubet
605 3778 776 3832 ofﬁcii
815 3777 920 3833 sui.
955 3779 1084 3833 Vult
1113 3778 1267 3850 adigi
1315 3794 1513 3833 omnes
1551 3779 1861 3833 universim

161 3864 442 3918 antistites
474 3867 543 3920 ad
571 3866 1035 3920 subscribendam
1062 3865 1275 3936 Pelagii
1307 3866 1754 3934 damnationem,
1783 3867 1864 3922 ita

163 3958 225 4005 ut
248 3959 574 4006 recusantes
603 3953 878 4022 dignitate
908 3970 1010 4007 sua
1041 3958 1342 4019 exuuntur,
1369 3959 1540 4024 atque
1571 3954 1631 4007 in
1659 3971 1861 4024 perpe-

162 4045 328 4093 tuum
350 4041 570 4111 expulsi
601 4041 922 4095 civitatibus
952 4041 1089 4107 suis,
1111 4041 1514 4096 communione
1545 4043 1859 4112 priventur.

167 4129 372 4180 Datum
405 4134 490 4182 est
530 4129 777 4183 edictum
823 4129 974 4183 haud
1016 4128 1271 4183 absimile
1297 4130 1368 4184 ab
1415 4131 1763 4200 lmperatore
1791 4131 1863 4185 ad

167 4215 571 4287 Augustinum,
597 4217 697 4287 qui
725 4215 984 4270 videlicet
1005 4217 1121 4271 suis
1151 4216 1367 4270 meritis
1389 4216 1780 4270 auctoritatem
1809 4221 1866 4270 et

166 4303 645 4359 existimationem
692 4321 819 4358 eam
885 4305 991 4358 sibi
1030 4309 1474 4376 comparaverat,
1539 4310 1597 4358 ut
1649 4305 1863 4359 honore

167 4392 456 4462 primariae
514 4393 633 4448 sedi
685 4393 965 4447 Africanae
1014 4393 1251 4464 proprio
1291 4393 1499 4464 dignus
1537 4393 1861 4448 haberetur.

235 4482 290 4534 2.
331 4480 766 4550 Carthaginensi
795 4480 1036 4534 concilio
1072 4480 1370 4551 praesentis
1415 4480 1553 4534 anni
1597 4497 1728 4534 cum
1766 4481 1864 4536 ad-

168 4567 367 4622 fuisset
413 4569 789 4639 Augustinus,
831 4569 901 4622 ad
941 4569 1040 4622 illa
1078 4569 1314 4623 forsitan
1352 4569 1492 4622 urbe
1529 4569 1865 4640 priusquam

168 4655 370 4718 abiret,
403 4672 728 4711 sermonem
763 4655 823 4709 in
855 4656 1088 4710 basilica
1125 4656 1408 4710 Restitute
1451 4656 1616 4710 illum
1643 4657 1862 4722 habuit,

168 4741 224 4795 in
253 4760 364 4814 quo
386 4744 807 4814 prodigiorum,
829 4760 957 4815 qua:
974 4745 1338 4813 Jerosolymm
1357 4761 1529 4810 anno,
1555 4745 1640 4798 uti
1660 4745 1867 4800 docent

169 4831 507 4901 Chronologi
530 4832 1096 4904 quadringentesimo
1121 4832 1342 4886 decimo
1373 4849 1544 4898 nono,
1579 4831 1696 4884 visa
1735 4837 1866 4885 sunt

170 4922 441 4990 tanquam
455 4919 759 4974 admodum
792 4921 1106 4974 recentium
1135 4919 1417 4975 meminit.
1443 4920 1659 4974 Ibidem
1692 4919 1864 4973 etiam

170 5012 388 5074 narrat,
433 5007 755 5062 Sitifensem
785 5009 1070 5064 civitatem
1122 5009 1455 5080 gravissimo
1494 5013 1660 5062 terrm
1708 5014 1866 5062 motu

171 5111 498 5150 concussam
529 5095 700 5149 fuisse
734 5097 919 5163 (Serm.
959 5101 1044 5163 19,
1076 5114 1130 5151 η.
1156 5098 1228 5167 6).
1255 5097 1476 5152 Titulus
1507 5096 1716 5151 dictum
1746 5112 1866 5150 esse

172 5183 260 5237 die
296 5185 594 5238 Munerum
649 5185 873 5254 prodit;
931 5201 992 5238 ex
1039 5201 1152 5255 quo
1187 5184 1453 5255 intelligit
1506 5185 1864 5250 Sirmundus,

171 5272 485 5326 exhibitum
516 5271 625 5325 isto
657 5271 747 5325 die
777 5271 949 5325 fuisse
979 5272 1382 5342 gladiatorium
1414 5277 1698 5327 certamen
1725 5290 1737 5326 :
1770 5272 1867 5326 sed

171 5359 358 5413 minus
387 5376 420 5413 a
449 5375 581 5413 vero
611 5360 900 5425 abhorret,
933 5361 1122 5414 notari
1148 5361 1233 5414 vel
1265 5367 1474 5415 statum
1506 5361 1866 5415 solummodo

173 5447 342 5515 diem,
384 5464 497 5518 quo
529 5447 667 5502 illud
707 5447 843 5501 olim
888 5448 1280 5515 exhibebatur,
1312 5450 1397 5503 vel
1429 5449 1588 5503 aliud
1613 5449 1868 5502 muneris

173 5549 368 5602 genus,
396 5536 547 5606 quod
582 5537 705 5590 loco
744 5536 1067 5606 gladiatorii
1119 5536 1445 5591 certaminis
1475 5537 1729 5592 exhiberi
1763 5553 1868 5589 cae-

3550 310 3654 363 506

1952 431 2117 498 ptum
2147 427 2318 481 fuerit
2339 427 2407 481 ab
2438 444 2588 482 anno
2619 428 3142 500 quadrigeutesimo
3175 430 3366 497 tertio,
3391 434 3490 484 aut
3519 448 3656 502 qua-

1955 516 2406 587 dringentesimo
2437 522 2661 587 quarto,
2695 534 2808 587 quo
2838 517 3178 585 gladiatores
3197 518 3441 571 abolevit
3472 521 3658 572 Hono-

1952 605 2072 658 rius
2103 605 2459 672 (Prudentius,
2489 605 2750 659 adversus
2779 607 3179 674 Symmachum,
3203 607 3297 659 lib.
3330 610 3383 672 2,
3415 613 3464 660 et
3493 608 3651 660 Theo-

1955 693 2188 756 doretus,
2215 695 2352 746 Hist.
2381 694 2667 746 erclesiast.
2694 693 2788 746 lib.
2815 697 2865 756 5,
2905 709 3032 761 cap.
3067 695 3181 762 25).

2026 783 2075 835 3.
2120 781 2228 845 Qui
2269 781 2666 835 Alexandriam
2707 798 2741 835 a
2779 797 2950 852 supra
2989 786 3304 836 memorato
3355 783 3649 852 Carthagi-

1955 869 2118 924 nensi
2165 869 2402 922 concilio
2461 868 2665 923 missus
2713 873 2796 922 est
2827 870 3190 923 Innocentius
3227 871 3540 941 presbyter,
3592 875 3656 925 ut

1954 973 2116 1011 veros
2139 973 2200 1011 ac
2226 973 2530 1028 germanos
2561 973 2805 1011 canones
2830 957 3033 1026 synodi
3062 957 3305 1011 Nicsenae
3335 958 3406 1011 ab
3439 957 3648 1028 Cyrillo

1956 1045 2253 1115 reciperet,
2286 1045 2439 1098 idem
2466 1045 2582 1113 ille,
2606 1049 2882 1116 quantum
2905 1045 3231 1115 conjectura
3255 1046 3480 1116 assequi
3500 1045 3651 1111 licet,

1957 1136 2252 1206 epistolam
2289 1135 2422 1188 illuc
2453 1135 2522 1188 ab
2564 1135 2884 1203 Augustino
2914 1141 3108 1188 contra
3141 1135 3474 1206 Pelagianos
3518 1135 3654 1188 scri-

1958 1230 2113 1294 ptam
2144 1223 2363 1278 detulit.
2403 1224 2468 1276 In
2499 1239 2564 1276 ea
2589 1227 2813 1276 sanctus
2844 1223 3050 1276 Doctor
3083 1223 3374 1293 Pelagium
3402 1223 3472 1275 ab
3513 1222 3648 1276 Hie-

1955 1328 2198 1382 ronymo
2221 1311 2279 1365 in
2308 1310 2548 1381 dialogis
2577 1310 2998 1380 Scripturarum
3027 1327 3364 1382 oppressum
3380 1311 3648 1376 molibus,

1955 1404 2019 1454 ut
2044 1400 2302 1454 Julianus
2320 1399 2509 1464 tradit,
2536 1399 2882 1469 praadicabat
2915 1401 3124 1469 (Operis
3145 1401 3449 1468 imperfecti
3469 1399 3567 1452 lib.
3595 1401 3648 1462 4,

1957 1505 2078 1558 cap.
2111 1488 2222 1558 88).
2247 1489 2454 1542 Verum
2488 1487 2659 1557 periit
2679 1487 2799 1541 hzrc
2831 1487 3088 1558 epistola,
3121 1504 3236 1542 non
3268 1503 3427 1541 secus
3457 1503 3518 1540 ac
3549 1485 3658 1540 alia

1958 1593 2130 1647 quam
2162 1581 2296 1630 tunc
2327 1575 2513 1630 eidem
2545 1574 2876 1629 Innocentio
2906 1575 3188 1630 dederunt
3217 1575 3570 1645 Augustinus
3601 1579 3657 1627 et

1957 1664 2192 1735 Alypius
2257 1663 2655 1734 perferendam
2707 1664 2778 1718 ad
2828 1664 3258 1733 Hieronymum,
3315 1661 3660 1716 sciscitantes

1959 1752 2193 1806 lihrisne
2232 1751 2524 1823 Pelagiani
2567 1752 2884 1821 cu§usdam,
2941 1751 3040 1821 qui
3077 1767 3134 1803 se
3181 1749 3389 1804 Aniani
3432 1749 3658 1804 diaconi

1959 1841 2279 1895 Celedensis
2332 1839 2567 1893 nomine
2623 1839 2860 1903 ferebat,
2921 1839 3188 1891 adversus
3240 1837 3428 1907 ipsum
3495 1836 3660 1890 editis

1958 1927 2364 1997 respondisset.
2410 1928 2547 1980 Nam
2574 1941 2678 1996 per
2707 1926 2970 1979 eumdem
3004 1924 3403 1978 Innocentium
3449 1923 3654 1977 rescri-

1960 2015 2072 2087 psit
2101 2015 2212 2069 illis
2243 2015 2638 2085 Hieronymus,
2691 2030 2794 2084 per
2847 2013 3100 2067 dolorem
3158 2013 3226 2066 ab
3267 2012 3428 2066 obitu
3479 2011 3658 2066 beatm

1962 2102 2248 2158 Eustochii
2269 2107 2584 2173 acceptum,
2605 2101 2662 2156 id
2683 2102 2919 2171 aggredi
2946 2101 3188 2155 necdum
3211 2100 3325 2154 sibi
3370 2100 3656 2170 integrum

1961 2192 2176 2258 fuisse;
2210 2207 2436 2262 sperare
2465 2195 2676 2255 tamen,
2714 2190 2834 2244 fore
2889 2194 2954 2244 ut
3009 2205 3123 2243 non
3176 2204 3385 2258 magno
3429 2188 3660 2258 negotio

1961 2280 2104 2334 illud
2133 2283 2460 2350 praestaret;
2493 2294 2556 2332 ac
2585 2278 2737 2348 ipsos
2766 2276 3142 2332 nihilominus
3172 2282 3398 2347 gratum
3431 2275 3538 2329 sibi
3584 2276 3660 2329 fa-

1963 2373 2172 2429 cturos,
2205 2367 2251 2420 si
2280 2367 2389 2421 hoc
2419 2367 2627 2420 laboris
2671 2366 2731 2419 in
2770 2382 2828 2419 se
2857 2367 3068 2420 vellent
3115 2365 3387 2435 recipere.
3437 2363 3662 2418 Eisdem

1962 2454 2203 2521 Albinae,
2254 2453 2500 2520 Piniani,
2542 2454 2793 2508 Melania:
2834 2470 2896 2507 ac
2929 2454 3116 2507 Paula:
3147 2453 3392 2524 junioris
3421 2452 3655 2506 nomine

1965 2543 2204 2596 salutem
2228 2543 2364 2597 dicit
2394 2543 2580 2611 (Apud
2610 2543 2868 2608 August,
2898 2545 3072 2611 Epist.
3106 2544 3230 2607 202,
3264 2558 3319 2596 η.
3353 2540 3429 2610 2).
3467 2540 3663 2594 Hiero-

1963 2648 2170 2700 nymus
2199 2647 2349 2684 anno
2379 2631 2640 2700 sequenti
2667 2630 2935 2701 migravit
2951 2631 3018 2684 ad
3051 2646 3302 2700 superos.
3330 2631 3441 2684 Hac
3472 2628 3663 2698 itaque

1965 2724 2190 2773 sanctus
2219 2719 2522 2788 Presbyter
2549 2718 2789 2788 epistola
2827 2735 2947 2784 sua,
2972 2723 3035 2771 ut
3068 2718 3304 2772 Baronio
3333 2717 3517 2770 visum
3549 2721 3652 2780 est,

1964 2807 2188 2873 ultima,
2219 2806 2481 2860 ultimam
2513 2807 2600 2859 sui
2628 2806 2688 2859 in
2718 2810 2942 2860 sanctos
2971 2805 3096 2858 illos
3125 2805 3419 2875 episcopos
3448 2803 3659 2857 amoris

1967 2895 2411 2950 declarationem
2461 2893 2739 2947 contineri
2787 2893 2968 2946 voluit
3017 2893 3077 2946 in
3112 2894 3233 2946 haec
3271 2891 3478 2945 verba:
3521 2891 3664 2944 Mihi

1966 2985 2106 3037 enim
2151 2985 2323 3037 omnis
2361 2981 2569 3037 occasio
2613 2983 2927 3048 gratissima
2975 2985 3073 3038 est.
3123 2996 3224 3049 per
3271 2995 3434 3047 quam
3493 2978 3667 3032 scribo

1966 3077 2154 3128 vestrm
2174 3075 2496 3127 Reverentia
2520 3091 2534 3137 ;
2559 3075 2739 3125 testem
2759 3073 3013 3124 invocans
3047 3073 3227 3135 Deum,
3253 3068 3396 3136 quod
3422 3069 3472 3121 si
3489 3075 3668 3136 posset

1965 3163 2106 3232 ﬁeri,
2137 3163 2432 3230 assumptis
2462 3162 2565 3214 alis
2591 3161 2861 3226 columbae,
2889 3160 3084 3212 vestris
3105 3157 3445 3226 amplexibus
3473 3157 3666 3224 impli-

1969 3265 2156 3310 carer;
2185 3265 2392 3318 semper
2422 3249 2638 3317 quidem
2682 3264 2784 3317 pro
2810 3248 2998 3300 merito
3027 3248 3291 3300 virtutum
3341 3249 3666 3306 vestrarum,

1968 3340 2062 3394 sed
2111 3354 2250 3392 nunc
2302 3339 2556 3403 marime,
2613 3338 2746 3406 quia
2797 3335 3226 3404 cooperatoribus
3266 3337 3316 3386 et
3359 3331 3667 3386 auctoribus

1968 3426 2117 3480 vobis
2148 3426 2363 3480 haeresis
2384 3427 2701 3481 leestiana
2719 3424 2979 3493 jugulata
3013 3427 3090 3477 est
3115 3422 3295 3489 (lbid.,
3323 3438 3378 3475 η.
3414 3421 3484 3491 1).

2040 3515 2094 3568 4.
2138 3515 2486 3584 Augustinus
2553 3513 2622 3567 ad
2670 3511 3009 3580 Hesychium
3066 3510 3308 3574 Salonas,
3369 3525 3497 3580 quae
3538 3508 3670 3562 Dal-

1970 3602 2160 3656 matia:
2193 3601 2523 3672 metropolis
2545 3606 2649 3666 est,
2677 3599 3010 3668 antistitem,
3032 3598 3247 3652 litteras
3275 3597 3498 3650 circiter
3519 3596 3670 3650 hunc

1972 3705 2189 3743 annum
2218 3689 2398 3743 dedit.
2437 3690 2580 3743 Nam
2605 3703 2718 3758 quo
2745 3693 2999 3756 tempore
3037 3686 3089 3738 ei
3121 3684 3359 3755 scripsit,
3399 3701 3466 3738 eo
3489 3685 3611 3754 jam
3640 3701 3670 3738 a

1973 3776 2180 3832 Christi
2205 3776 2498 3830 nativitate
2536 3775 2672 3829 anni
2701 3775 2878 3828 ferme
2917 3772 3318 3844 quadringenti
3368 3776 3423 3826 et
3446 3771 3669 3842 viginti,

1974 3865 2044 3918 ab
2074 3864 2227 3918 illius
2275 3868 2464 3917 autem
2494 3861 2906 3916 resurrectione
2933 3861 3019 3913 vel
3047 3859 3372 3912 ascensione
3402 3861 3531 3928 plus
3562 3859 3670 3913 mi-

1973 3969 2080 4006 nus
2133 3951 2369 4006 trecenti
2422 3950 2732 4020 nonaginta
2787 3947 3242 4002 numerabantur
3289 3946 3486 4014 (Epist.
3550 3949 3669 4012 199,

1973 4057 2030 4095 η.
2051 4042 2168 4109 20).
2210 4039 2586 4114 Superstitem
2618 4037 2787 4091 etiam
2825 4036 3228 4105 Hieronymum
3264 4034 3446 4087 adhuc
3498 4033 3671 4087 fuisse

1976 4129 2279 4182 obscurum
2313 4143 2423 4180 non
2454 4131 2538 4179 est
2568 4127 2765 4196 (Epist.
2805 4128 2925 4190 197,
2966 4139 3060 4176 n-n.
3091 4127 3136 4186 1,
3171 4125 3219 4185 5,
3255 4127 3304 4174 et
3335 4123 3513 4190 Epist.
3549 4123 3670 4186 l98,

1974 4233 2066 4271 nn.
2114 4220 2162 4282 1,
2199 4220 2272 4285 '7).
2320 4214 2686 4284 Contigerant
2714 4229 2780 4266 eo
2813 4216 3071 4282 tempore
3111 4209 3373 4280 quadam
3409 4209 3672 4280 prodigia

1975 4304 2180 4374 (Epist,
2242 4305 2361 4368 198,
2419 4317 2475 4355 n.
2527 4305 2591 4366 5;
2637 4301 2988 4362 Philastrius,
3053 4300 3137 4366 12,
3189 4299 3252 4361 8;
3311 4296 3545 4362 Idacius,
3602 4297 3675 4350 ad

1975 4405 2178 4444 annum
2231 4393 2370 4456 418;
2428 4389 2770 4444 Marcellinus
2823 4391 2872 4441 et
2949 4385 3244 4455 Prosper);
3318 4385 3450 4440 hinc
3500 4401 3674 4455 porro

1978 4477 2253 4548 Hesychio
2303 4481 2437 4531 nata
2479 4476 2697 4530 occasio
2736 4475 2959 4530 videtur
3005 4475 3077 4528 ad
3139 4473 3525 4544 Augustinum
3573 4490 3676 4543 per

1976 4583 2158 4620 unum
2197 4582 2226 4619 e
2266 4565 2382 4619 suis
2423 4563 2786 4635 presbyteris,
2844 4563 2934 4617 cui
2972 4577 3184 4616 nomen
3223 4561 3494 4627 Cornuto,
3537 4561 3673 4614 scri-

1975 4654 2166 4719 bendi,
2187 4659 2252 4709 ut
2270 4655 2510 4709 disceret
2539 4671 2607 4706 ex
2637 4669 2726 4718 eo,
2760 4651 3042 4722 numquid
3073 4649 3365 4704 novissimi
3396 4650 3676 4704 adventus

1979 4743 2204 4797 Domini
2232 4747 2458 4811 tempus
2491 4741 2792 4795 imminere
2812 4756 2926 4793 non
2955 4743 3182 4808 putaret
3206 4738 3410 4809 :idque
3437 4739 3572 4792 satis
3594 4738 3676 4792 in-

1976 4830 2272 4901 telligitur,
2305 4830 2495 4900 ipsum
2548 4827 2887 4898 Hesychinm
2935 4827 3083 4881 idem
3133 4825 3274 4880 illud
3333 4831 3562 4897 tempus
3611 4816 3687 4880 ex.

1977 4918 2336 4990 septuaginta
2384 4917 2633 4972 Danielis
2701 4915 3174 4980 hebdomadibus,
3228 4930 3371 4985 quas
3428 4911 3675 4966 secundo

1977 5008 2246 5062 adventui
2276 5005 2481 5061 Christi
2512 5004 2998 5070 accommodabat,
3031 5019 3231 5057 eruere
3259 5001 3528 5055 voluisse:
3563 5016 3677 5070 qua

1978 5097 2046 5149 de
2077 5112 2138 5148 re
2159 5094 2544 5165 Augustinum
2572 5093 2912 5147 sententiam
2937 5092 3201 5162 rogabat.
3232 5089 3372 5144 Huic
3385 5086 3678 5158 sapientis-

1979 5183 2156 5237 simus
2190 5183 2400 5236 Praasul
2430 5198 2536 5253 per
2562 5181 2827 5235 eumdem
2861 5180 3257 5252 presbyterum
3296 5174 3611 5244 respondit,
3645 5190 3679 5227 a

1978 5271 2198 5325 ratione
2227 5271 2480 5325 alienum
2518 5269 2718 5334 videri,
2743 5285 2867 5323 eam
2900 5284 3021 5322 rem
3054 5282 3330 5337 quaarere,
3363 5278 3532 5334 quam
3555 5261 3676 5332 ipse

1980 5360 2234 5414 Christus
2257 5363 2460 5413 tectam
2494 5375 2614 5412 esse
2643 5357 2915 5411 voluisset
2938 5373 2951 5421 ;
2975 5371 3161 5425 neque
3183 5351 3336 5406 aliud
3361 5348 3676 5419 quidquam

1979 5448 2186 5501 certius
2226 5448 2295 5502 de
2327 5448 2435 5501 hoc
2465 5445 2742 5501 afl‘irmari
2791 5459 2974 5514 posse,
3021 5441 3131 5495 nisi
3161 5439 3313 5508 quod
3352 5436 3678 5507 evangelica

1983 5537 2070 5588 lex
2097 5537 2350 5590 nondum
2387 5551 2488 5606 per
2518 5535 2714 5588 orbem
2752 5533 3072 5585 universum
3107 5531 3249 5581 esset
3291 5523 3672 5596 promulgata.
