4062 6360
372 291 470 340 507
1585 281 1756 336 νιΤΑ
1797 281 1858 334 S.
1905 280 2016 335 AUt

2269 278 2290 333 Ι
2331 275 2667 331 EPISCOPI.

374 409 449 461 De
479 405 842 477 septuaginta
881 409 1072 460 autem
1109 402 1477 459 hebdomadis
1520 419 1640 458 non
1686 403 1943 458 dubitare
1982 419 2060 469 se,

371 496 512 567 quin
567 512 660 548 eas
711 495 781 548 de
828 494 1014 565 primo
1065 495 1312 547 adventu
1361 493 1725 563 interpretari
1759 495 2062 564 Oporteret.

371 584 514 638 Cum
544 600 672 636 vero
702 584 772 636 ab
799 583 1095 653 llesychio,
1127 586 1190 635 ut
1211 582 1438 635 easdem
1460 581 1541 636 illi
1564 585 1896 652 exponeret,
1920 583 2069 634 esset

370 676 626 742 rogatus,
660 671 730 724 ad
759 687 910 737 eum,
943 671 1094 741 quod
1110 670 1487 740 Hieronymus
1505 670 1566 724 in
1587 671 1873 728 Danielem
1900 685 2070 740 super

372 760 575 814 eodem
597 760 720 812 loco
751 763 1170 812 commentatus
1195 759 1401 825 fuerat,
1423 758 1598 823 misit,
1625 763 1826 830 petens
1847 763 1910 812 ut
1929 757 2069 828 quid

374 847 485 918 ipsi
523 848 590 901 de
627 847 733 900 hoc
770 847 1078 913 videretur,
1123 846 1230 901 sibi
1273 846 1626 901 rescriberet.
1671 846 1919 916 Epistola
1967 845 2071 898 hoc

372 935 757 1006 pulcherrimo
815 936 929 989 ﬁne
965 935 1284 989 clauditur:
1325 937 1541 989 Mallem
1600 935 1816 1003 quidem
1867 950 2066 1000 eorum,

375 1041 492 1093 quae
519 1041 553 1078 a
581 1040 661 1078 me
698 1026 997 1094 inquisisti,
1032 1024 1226 1076 habere
1271 1025 1565 1086 scientiam,
1596 1040 1760 1091 quam
1810 1026 2069 1088 ignoran-

377 1116 538 1178 tiam;
559 1115 652 1168 sed
680 1117 809 1183 quia
840 1113 900 1166 id
933 1113 1171 1167 nondum
1215 1115 1416 1181 potuit,
1461 1114 1636 1179 magis
1667 1113 1800 1178 eligo
1856 1117 2071 1166 cautam

374 1206 742 1270 ignorantiam
777 1205 1035 1270 conﬁteri,
1078 1218 1239 1270 quam
1275 1203 1476 1269 falsam
1507 1204 1786 1255 scientiam
1826 1203 2072 1270 proﬁteri

375 1293 575 1359 (Epist.
643 1294 763 1359 197,
818 1306 883 1344 π.
952 1290 1024 1356 5).
1091 1291 1279 1344 Exstat
1357 1288 1707 1360 Hesychiana
1778 1289 2072 1360 responsio

379 1380 562 1448 (Apud
601 1380 859 1446 August,
901 1381 1076 1447 Epist.
1110 1379 1256 1446 198),
1289 1394 1468 1449 eaque
1498 1379 1675 1431 ferme
1703 1378 1761 1431 in
1798 1377 1905 1431 hoc
1946 1395 2073 1431 ver-

379 1473 555 1533 satur,
579 1473 643 1522 ut
661 1485 846 1538 neque
868 1467 1040 1533 diem,
1065 1483 1251 1538 neque
1283 1483 1496 1521 annum
1518 1467 1722 1537 judicii
1741 1472 1942 1520 notum
1973 1468 2072 1521 ha-

376 1557 511 1610 bere
543 1573 644 1609 nos
697 1573 882 1626 posse,
941 1571 1303 1627 nequaquam
1348 1560 1440 1609 eat
1468 1555 1726 1620 inﬁcias;
1767 1553 2074 1608 contendat

377 1660 510 1698 vero
543 1645 799 1714 ejusdem
821 1649 1048 1713 tempus
1079 1645 1326 1714 quodam
1355 1644 1523 1698 modo
1553 1644 1657 1697 sub
1683 1647 1935 1697 nostram
1975 1659 2072 1696 ca-

377 1732 509 1785 dere
532 1732 1071 1800 cognitionem,imo
1087 1731 1259 1785 etiam
1281 1733 1475 1802 ηοξδά
1498 1732 1638 1786 illud
1659 1731 2072 1802 explorandum

374 1819 554 1873 teneri
586 1819 897 1873 adstrictos.
931 1820 1071 1872 Tum
1106 1819 1258 1873 addit
1313 1835 1378 1872 ex
1409 1819 1704 1890 prodigiis,
1739 1835 1866 1890 quae
1898 1834 2072 1889 appa-

377 1911 632 1972 ruerant,
682 1907 922 1978 aliisque
972 1907 1386 1961 calamitatibus
1442 1925 1504 1961 ac
1550 1908 1733 1974 bellis,
1793 1923 1922 1978 qua:
1961 1906 2074 1960 illis

379 1994 733 2065 temporibus
755 1994 1025 2048 continuo
1043 1992 1372 2062 saeviebant,
1393 1995 1842 2065 haudquaquam
1859 1999 2074 2047 temere

376 2083 655 2148 concludi,
690 2083 830 2136 illud
853 2083 973 2153 jam
1006 2099 1121 2136 non
1160 2098 1280 2136 esse
1311 2083 1761 2137 remotissimum
1791 2099 1803 2136 ε
1831 2084 2074 2154 populos

379 2175 592 2237 autem,
626 2170 724 2242 qui
755 2170 928 2224 fidem
957 2171 1230 2225 hactenus
1271 2169 1517 2241 amplexi
1545 2187 1663 2224 non
1700 2170 1948 2239 fuerant,
2003 2171 2075 2226 ad

378 2277 505 2313 eam
534 2260 684 2314 intra
714 2259 962 2330 spatium
1025 2275 1141 2313 non
1180 2260 1258 2312 ita
1309 2275 1583 2329 magnum
1639 2259 1845 2313 adduci
1887 2277 2075 2330 posse.

379 2349 539 2413 Quod
575 2348 645 2402 ad
692 2347 1051 2418 septuaginta
1093 2347 1502 2411 hebdomadas,
1539 2347 1946 2417 Hieronymum
2001 2349 2079 2402 ait

378 2437 521 2490 nihil
562 2436 823 2501 deﬁnire,
865 2440 1062 2506 utpote
1095 2435 1153 2488 in
1180 2436 1285 2489 hoc
1325 2436 1565 2490 dubium
1597 2453 1660 2489 ac
1687 2436 2074 2490 fluctuantem.

377 2526 462 2579 Ad
505 2529 822 2579 extremum
890 2525 979 2591 iis,
1029 2525 1128 2596 qui
1172 2525 1400 2579 easdem
1441 2525 1630 2595 primo
1672 2525 1938 2579 adventui
1979 2525 2078 2578 ad-

379 2618 660 2683 aptarent,
701 2614 1092 2668 difficultatem
1125 2630 1298 2667 unam
1338 2613 1602 2683 opponit,
1633 2629 1805 2683 quam
1839 2613 2075 2667 diluant.

382 2703 540 2755 Hisce
599 2701 805 2755 litteris
855 2701 1209 2772 Augustinus
1276 2701 1517 2772 epistola
1554 2702 1733 2755 altera
1779 2702 2082 2772 respondet

382 2792 580 2859 (Epist.
620 2792 740 2860 199)
768 2807 780 2844 :
821 2807 883 2844 ac
913 2791 1166 2860 primum
1197 2790 1456 2844 omnium
1487 2790 1835 2844 desiderium
1877 2791 2079 2844 adven-

379 2884 469 2932 tus
509 2879 789 2932 Dominici
823 2879 890 2933 ab
941 2878 1315 2950 inquisitione
1338 2878 1636 2948 temporis,
1667 2895 1781 2949 quo
1821 2879 1917 2933 ille
1960 2879 2077 2940 ﬁet,

380 2967 721 3038 distinguit;
761 2969 1004 3022 alterum
1037 2968 1108 3022 ad
1141 2967 1590 3022 Christianorum
1626 2968 1876 3022 ofﬁcium
1906 2969 2082 3039 perti-

381 3073 516 3110 nere
557 3057 785 3126 docens,
819 3059 1064 3112 alterum
1111 3057 1414 3128 Evangelio
1454 3056 1778 3122 adversari;
1825 3057 2081 3126 quando-

382 3145 613 3215 quidem
642 3162 813 3199 nemo
845 3146 950 3199 sibi
998 3161 1265 3214 arrogare
1307 3145 1475 3198 debet
1505 3144 1892 3213 cognitionem
1933 3160 2080 3210 eam,

383 3249 558 3302 quam
597 3234 878 3303 Apostolis
927 3233 1046 3286 suis
1085 3236 1352 3301 negatam
1402 3231 1656 3286 Christus
1698 3232 1896 3286 voluit.
1944 3232 2084 3287 Dein

383 3322 596 3375 fatetur
634 3321 870 3390 quidem
900 3337 932 3373 a
977 3319 1198 3373 Christo
1250 3324 1386 3373 nato
1439 3320 1641 3373 horam
1691 3319 2080 3385 novissimam,

384 3409 492 3462 hoc
522 3411 624 3474 est,
654 3411 972 3460 extremum
992 3411 1222 3476 tempus
1252 3407 1342 3478 agi
1368 3411 1461 3474 ;at
1478 3423 1609 3460 vero
1630 3405 1906 3476 quamdiu
1931 3406 2082 3459 idem

384 3495 821 3567 producendum
869 3495 960 3556 sit,
1010 3495 1299 3566 ignorari;
1344 3493 1584 3566 perinde
1641 3493 1818 3548 errari
1875 3495 1945 3548 ab
2005 3494 2083 3548 eis

384 3599 571 3655 posse,
604 3584 703 3654 qui
763 3584 1049 3638 Christum
1091 3583 1272 3652 brevi,
1330 3587 1501 3654 atque
1559 3583 1628 3636 ab
1672 3582 1753 3636 eis
1796 3582 1895 3653 qui
1924 3584 2083 3638 tarde

386 3677 688 3726 venturum
719 3672 1015 3726 crederent
1043 3689 1056 3737 ;
1089 3687 1297 3742 eosque
1327 3671 1606 3725 tutissime
1654 3671 1859 3740 facere,
1913 3676 2083 3742 atque

386 3760 456 3813 ab
511 3759 816 3830 Evangelia
848 3761 1108 3814 recedere
1147 3760 1401 3831 propius,
1444 3759 1542 3831 qui
1584 3776 1618 3813 a
1656 3760 2082 3830 pronuntiando

384 3865 554 3920 super
605 3865 672 3903 ea
717 3866 780 3903 re
819 3849 1199 3904 abstinerent:
1234 3849 1519 3904 afﬁrmare
1561 3853 1751 3903 autem
1796 3849 2085 3903 Christum

383 3939 715 4008 propediem
746 3939 1101 4004 adfuturum,
1132 3939 1412 4009 siquidem
1440 3938 1668 3992 nonnisi
1689 3942 1818 4007 post
1845 3939 2084 4007 longum

388 4024 750 4080 intervallum
791 4030 939 4080 esset
977 4031 1270 4092 venturus,
1303 4027 1692 4097 periculosum
1733 4043 1889 4092 esse;
1933 4029 2083 4079 cala-

388 4113 610 4167 mitates
639 4119 695 4167 et
727 4114 878 4167 bella
907 4115 1050 4168 nihil
1079 4115 1288 4168 distare
1311 4115 1380 4168 ab
1411 4115 1512 4180 eis,
1549 4103 1676 4186 quae
1708 4116 1812 4169 sub
1834 4115 2086 4169 Gallieno

387 4204 557 4270 atque
587 4200 712 4254 aliis
743 4203 1099 4271 temporibus
1127 4202 1244 4254 visa
1273 4202 1528 4255 fuerant:
1563 4202 1740 4272 signis
1765 4203 1927 4269 item,
1959 4219 2087 4272 quae

388 4288 788 4357 vulgabantur,
847 4289 990 4342 nihil
1048 4289 1231 4341 inesse
1289 4295 1499 4359 praeter
1545 4307 1766 4344 morem
1817 4291 2082 4346 solitum:

387 4391 574 4445 neque
603 4376 776 4430 etiam
807 4394 839 4430 a
870 4378 1088 4431 ratione
1120 4378 1374 4432 alienum
1414 4378 1612 4443 videri,
1649 4395 1777 4450 quas
1807 4396 1978 4449 super
2023 4396 2089 4433 ea

389 4478 448 4516 re
481 4465 752 4534 leguntur
785 4465 844 4518 in
874 4465 1198 4536 Evangelio,
1231 4466 1302 4520 ad
1334 4466 1688 4520 intellectum
1732 4468 2088 4538 spiritualem

387 4552 702 4608 traducere.
733 4555 816 4608 Ad
850 4560 1166 4608 extremum
1196 4556 1508 4620 contendit,
1536 4556 1592 4610 id
1633 4557 1787 4627 quod
1817 4573 1850 4610 a
1880 4556 2087 4610 Davide

387 4643 821 4710 pronuntiatum
853 4649 956 4711 est,
987 4645 1059 4698 In
1081 4661 1284 4698 omnem
1309 4652 1507 4699 terram
1529 4648 1700 4699 exivit
1727 4661 1887 4700 sonus
1910 4661 2089 4699 eorum

391 4729 558 4798 (Psal.
609 4748 763 4799 XVIII,
812 4734 886 4803 5),
936 4751 1036 4787 sua
1096 4739 1260 4788 aetate
1323 4751 1437 4787 non
1481 4735 1652 4788 fuisse
1715 4736 2086 4804 completum,

390 4819 599 4873 nedum
630 4821 803 4875 fuerit
847 4822 1182 4891 Apostolicis
1213 4823 1583 4894 temporibus.
1622 4825 1801 4894 Hujus
1850 4824 1959 4876 loci
1997 4841 2089 4877 oc-

389 4907 612 4961 casione
645 4910 826 4978 docet,
859 4911 1106 4965 Africam
1133 4912 1451 4966 innumeris
1482 4912 1736 4967 barbaris
1763 4911 2090 4966 nationibus

389 4994 583 5062 incoli,
607 4998 816 5068 quibus
842 4999 1111 5053 hactenus
1146 5001 1514 5071 Evangelium
1552 5001 1912 5069 incognitum
1944 5017 2084 5066 esse,

390 5100 457 5136 ex
496 5083 564 5137 iis
593 5087 692 5156 qui
722 5088 960 5140 Romam
1002 5087 1063 5142 in
1113 5089 1439 5143 servitutem
1489 5089 1623 5142 inde
1659 5089 2091 5142 abducebantur

391 5173 819 5243 deprehendere
848 5176 1105 5246 quotidie
1132 5177 1340 5230 licebat
1371 5179 1563 5245 (Epist.
1595 5179 1715 5240 199,
1754 5191 1808 5228 η.
1837 5179 1944 5244 46).

462 5267 514 5317 5.
547 5265 912 5335 Nuncupatos
943 5265 1138 5319 comiti
1166 5265 1385 5318 Valerio
1415 5265 1589 5317 libros
1621 5264 1688 5317 de
1718 5265 1940 5334 Nuptiis
1969 5268 2088 5318 Au-

390 5352 650 5420 gustinus
681 5353 742 5407 in
782 5353 897 5407 suis
929 5353 1446 5408 Retractationibus
1477 5351 1725 5404 secundo
1757 5356 1882 5421 post
1925 5355 2090 5406 Gesta

391 5441 799 5506 cumEmerito,
816 5442 1030 5511 quaead
1042 5456 1260 5494 annum
1283 5438 1919 5509 quadringentesimum
1943 5439 2088 5494 deci-

391 5543 550 5580 mum
581 5534 838 5582 octavum
866 5529 1177 5598 pertinent,
1198 5528 1320 5580 loco
1339 5531 1590 5579 recenset
1612 5527 1866 5594 (Retract.
1891 5529 1925 5580 1.
1957 5530 2011 5593 2,
2040 5544 2084 5580 c.

3785 275 3892 326 508

2180 400 2284 472 53).
2316 400 2429 471 Ipsi
2457 400 2657 455 beatus
2685 398 2892 452 Doctor
2917 396 3146 468 saepius,
3198 400 3255 451 et
3276 395 3423 452 forte
3447 397 3570 468 jam
3598 398 3674 452 ab
3734 413 3896 452 anno

2176 489 2744 563 quadringentesimo
2789 487 3010 542 decimo
3039 486 3283 558 septimo
3317 487 3642 557 scripserat,
3690 486 3765 541 ab
3821 503 3896 540 eo

2177 581 2336 634 nulla
2365 578 2737 650 responsione
2763 577 3140 642 resalutatus;
3168 576 3322 646 quod
3352 576 3404 630 ei
3433 576 3895 630 sollicitudinem

2179 668 2428 738 aliquam
2461 666 2768 720 afferebat:
2803 665 2900 718 sed
2926 664 3160 718 tandem
3205 663 3512 753 aliquando
3544 664 3731 718 tribus
3765 665 3896 753 ejus

2180 755 2430 827 epistolis
2452 755 2652 810 eodem
2679 753 2858 807 ferme
2878 757 3138 823 tempore
3167 751 3513 806 exhilaratus
3538 757 3624 806 est
3647 769 3661 819 ;
3695 752 3894 822 prima

2180 845 2286 899 sibi
2308 860 2412 915 per
2431 842 2844 897 Vindemialem
2861 840 3191 912 episcopum
3220 839 3460 906 reddita,
3489 855 3678 910 neque
3699 841 3894 894 multo

2179 939 2310 1006 post
2338 933 2584 988 secunda
2632 937 2690 987 et
2716 932 2887 986 tertia
2916 947 3021 1002 per
3073 930 3324 984 Firmum
3378 931 3804 1001 presbyterum,
3863 945 3897 982 a

2180 1040 2294 1094 quo
2313 1022 2455 1076 Sixti
2477 1022 2691 1075 litteras
2721 1019 2909 1074 medio
2924 1019 3148 1074 circiter
3163 1035 3314 1073 anno
3337 1023 3469 1089 post
3495 1018 3894 1090 quadringen-

2180 1111 2449 1166 tesimum
2465 1109 2686 1164 decimo
2715 1113 2912 1162 octavo
2944 1111 3557 1178 receperat,quemque
3587 1107 3896 1161 hominem

2184 1199 2283 1254 Dei
2313 1198 2520 1252 vocitat
2553 1198 2744 1266 (Epist.
2773 1197 2899 1260 200,
2927 1211 2982 1249 η.
3045 1194 3115 1264 1).
3161 1194 3446 1265 Comperit
3487 1210 3552 1248 eo
3600 1199 3893 1263 tempore,

2181 1303 2245 1340 ac
2271 1286 2414 1339 forte
2445 1284 2615 1338 etiam
2645 1300 2708 1337 ex
2753 1282 2956 1336 eodem
2986 1282 3082 1335 illo
3119 1281 3478 1351 presbytero.
3526 1279 3796 1333 incidisse
3830 1279 3895 1332 in

2179 1373 2389 1428 Valerii
2410 1388 2612 1426 manus
2624 1371 3164 1425 commentationem
3193 1369 3499 1440 quamdam
3517 1368 3890 1438 Pelagianam

2181 1462 2291 1534 ipsi
2320 1462 2404 1516 illi
2429 1461 2621 1516 comiti
2659 1459 3014 1530 inscriptam,
3047 1474 3161 1529 qua
3189 1457 3574 1527 Augustinum
3603 1457 3894 1526 originale

2185 1555 2483 1623 peccatum
2534 1549 2840 1604 astruendo
2917 1547 3146 1618 nuptias
3199 1547 3472 1601 damnare
3521 1544 3892 1616 jactitabant.

2181 1628 2448 1705 Quamvis
2476 1637 2728 1692 Valerius
2753 1636 3100 1691 calumniam
3142 1635 3300 1689 illam
3333 1634 3443 1689 fide
3489 1633 3898 1688 robustissima

2181 1728 2463 1792 irrisisset,
2496 1725 2849 1796 Augustinus
2877 1730 3074 1779 tamen
3111 1723 3431 1778 doctrinam
3461 1723 3722 1776 Ecclesim
3755 1739 3898 1776 con-

2181 1820 2271 1870 tra
2310 1815 2593 1886 ejusmodi
2649 1813 3108 1868 criminationem
3163 1812 3272 1866 sibi
3309 1811 3726 1866 defendendam
3769 1828 3897 1865 esse

2183 1905 2421 1976 putavit.
2462 1905 2573 1958 Hac
2599 1903 2776 1974 igitur
2805 1903 2873 1958 de
2905 1918 3074 1956 causa
3103 1901 3358 1972 primum
3389 1900 3712 1969 composuit
3743 1901 3894 1954 duo-

2184 2010 2313 2048 rum
2342 1994 2643 2060 librorum,
2675 2007 2816 2062 quos
2842 1995 2920 2045 'De
2963 1992 3187 2059 Nuptiis
3217 1994 3267 2043 et
3307 1991 3753 2058 Concupiscentia
3804 1989 3898 2042 in-

2185 2082 2426 2154 scripsit.
2460 2082 2523 2134 In
2551 2081 2656 2134 hoc
2687 2097 2816 2151 quae
2847 2079 2959 2132 sint
2977 2078 3311 2148 nuptiarum
3331 2078 3480 2132 bona
3513 2078 3898 2142 demonstrat,

2185 2173 2306 2226 haec
2337 2170 2690 2239 distinguens
2719 2185 2753 2222 a
2781 2167 3259 2238 concupiscentia,
3293 2183 3467 2238 quam
3497 2183 3616 2220 esse
3649 2167 3898 2232 malum,

2186 2276 2306 2315 non
2332 2260 2400 2313 de
2431 2257 2767 2328 nuptiarum
2797 2260 3018 2322 natura,
3051 2255 3150 2309 sed
3189 2255 3249 2309 in
3282 2255 3512 2326 nuptias
3543 2271 3609 2308 ex
3637 2255 3901 2308 hominis

2187 2353 2418 2421 peccato
2449 2347 2765 2403 derivatum
2790 2346 2990 2401 docet:
3021 2361 3136 2417 quo
3167 2351 3359 2399 tamen
3391 2345 3540 2399 malo
3570 2345 3904 2416 conjugalis

2187 2437 2457 2510 pudicitia
2487 2437 2632 2490 bene
2665 2435 2848 2489 utitur
2875 2435 2944 2488 ad
2974 2434 3286 2488 liberorum
3322 2433 3806 2504 procreationem.
3838 2434 3902 2487 Id

2188 2525 2376 2597 operis
2398 2529 2526 2596 post
2553 2524 2847 2595 Pelagium
2871 2528 3042 2594 atque
3065 2523 3391 2578 leestium
3411 2523 3712 2576 damnatos
3739 2523 3906 2576 lucu-

2187 2614 2389 2679 bravit,
2419 2612 2677 2683 illudque
2707 2612 3061 2682 nuncupavit
3089 2611 3309 2666 Valerio
3335 2611 3550 2673 comiti,
3580 2614 3705 2665 tum
3738 2612 3904 2682 quod

2195 2703 2347 2758 idem
2370 2701 2734 2772 scriptionem
2757 2717 2790 2754 a
2809 2699 3128 2770 Pelagianis
3150 2699 3256 2754 sibi
3279 2699 3552 2753 directam
3569 2699 3902 2770 recepisset;

2189 2797 2314 2848 tum
2337 2791 2492 2862 quod
2522 2790 2660 2861 ipsis
2690 2789 2802 2844 illis
2827 2789 3106 2844 haereticis
3136 2792 3461 2843 constanter
3497 2805 3561 2843 ac
3590 2788 3908 2843 efficaciter

2193 2881 2490 2936 restitisset
2516 2900 2532 2947 ;
2557 2883 2681 2933 tum
2713 2878 2962 2949 denique
2983 2878 3135 2949 quod
3162 2877 3523 2948 conjugalem
3552 2878 3903 2943 castitatem,

2191 2987 2318 3042 qua:
2351 2969 2419 3022 ad
2447 2969 2685 3038 hujusce
2701 2967 3100 3038 disputationis
3117 2971 3527 3036 argumentum
3545 2966 3904 3036 pertinebat,

2193 3059 2405 3112 coleret
2441 3073 2616 3127 quam
2655 3055 3010 3110 severissime
3040 3056 3135 3124 (De
3166 3057 3389 3125 Nuptiis
3428 3060 3477 3108 et
3509 3057 3902 3124 Concupiscet:-

2193 3151 2292 3212 tia,
2326 3147 2418 3201 lib.
2463 3149 2515 3212 1,
2549 3160 2604 3198 η.
2647 3146 2728 3212 5).
2770 3143 3023 3198 Remotis
3053 3143 3207 3196 enim
3239 3143 3409 3197 tantis
3445 3143 3739 3197 rationum
3772 3161 3904 3196 mo-

2193 3235 2429 3302 mentis,
2465 3233 2905 3303 haudquaquam
2935 3231 2982 3285 is
3034 3235 3171 3296 erat,
3208 3231 3306 3302 qui
3336 3231 3457 3284 viro
3506 3247 3572 3285 ea
3619 3231 3903 3301 dignitate

2193 3323 2522 3394 conspicuo,
2544 3338 2764 3376 necnon
2795 3320 3069 3390 impedito
3101 3320 3368 3390 negotiis,
3400 3320 3572 3374 libros
3605 3337 3738 3373 suos
3783 3337 3903 3375 non

2192 3412 2406 3484 petenti
2437 3411 2802 3477 obtruderet;
2835 3409 2989 3480 quod
3018 3409 3412 3480 impudentiae,
3445 3425 3618 3480 quam
3655 3410 3902 3463 urbani-

2192 3502 2310 3563 tati.
2347 3500 2590 3571 propius
2634 3499 3008 3553 existimabat.
3059 3497 3288 3552 Librum
3320 3498 3473 3552 hunc
3505 3497 3747 3568 epistola
3803 3515 3901 3553 co-

2194 3591 2394 3645 mitata
2424 3594 2508 3643 est
2531 3589 2766 3643 laudum
2798 3587 3053 3658 ejusdem
3084 3586 3308 3640 comitis
3360 3587 3550 3656 plena,
3586 3587 3647 3640 in
3678 3604 3794 3657 quo
3827 3605 3900 3641 ne

2193 3677 2448 3733 veritatis
2486 3676 2694 3730 limites
2742 3674 3096 3742 transilierit,
3145 3674 3458 3729 verendum
3505 3691 3623 3728 non
3665 3680 3774 3729 est.
3807 3677 3900 3730 Et-

2195 3766 2350 3821 enim
2367 3769 2753 3836 praaterquam
2777 3763 2930 3834 quod
2951 3762 3095 3817 nihil
3117 3767 3236 3816 erat
3265 3763 3312 3832 ej
3323 3779 3386 3815 us
3415 3762 3688 3816 charitate
3715 3764 3903 3833 magis

2195 3855 2506 3919 sincerum,
2557 3853 2747 3924 ipsum
2797 3855 3074 3922 prseterea
3113 3867 3330 3916 cavere,
3380 3855 3445 3904 ut
3483 3850 3604 3921 ipse
3634 3855 3900 3916 testatur,

2197 3943 2519 4013 oportebat,
2546 3957 2616 3995 ne
2648 3940 3027 4010 suspicionem
3049 3939 3336 3994 adulantis
3360 3939 3676 3993 incurreret
3695 3941 3900 4009 (Epist.

2194 4034 2316 4091 200,
2350 4047 2410 4083 η.
2448 4032 2517 4096 1).
2555 4029 2621 4082 Et
2650 4043 2844 4082 revera
2879 4028 3169 4097 Pelagiani
3197 4027 3332 4081 hinc
3379 4026 3731 4081 occasionem
3761 4028 3907 4081 arri—

2195 4121 2445 4190 puerunt
2483 4117 2758 4188 jactandi,
2793 4116 2957 4170 illum
2987 4132 3101 4170 non
3129 4115 3242 4169 alio
3273 4115 3514 4169 consilio
3546 4115 3792 4169 scribere
3825 4116 3902 4169 ad

2195 4206 2503 4260 militarem
2519 4205 2728 4273 virum,
2759 4204 2870 4258 nisi
2887 4207 2951 4258 ut
2968 4204 3090 4275 ejus
3113 4203 3429 4274 potentiam
3441 4203 3710 4258 adversus
3739 4203 3903 4276 ipSOS

2197 4294 2507 4350 concitaret
2536 4294 2738 4363 (Operis
2770 4295 3077 4362 imperfecti
3103 4294 3198 4346 lib.
3231 4295 3286 4359 2,
3312 4309 3436 4362 cap.
3472 4293 3573 4358 14).

2268 4385 2318 4436 6.
2353 4382 2509 4436 Inter
2536 4380 2788 4452 primum
2815 4381 2967 4435 hunc
3010 4380 3223 4434 librum
3254 4381 3325 4434 ad
3358 4379 3668 4445 Valerium,
3709 4383 3769 4434 et
3810 4397 3906 4433 se-

2195 4469 2448 4524 cundum
2479 4469 2546 4523 ad
2589 4469 2877 4538 eumdem,
2907 4469 3258 4539 Augustinus
3289 4468 3352 4522 in
3379 4467 3909 4523 Retractationibus

2197 4559 2312 4612 suis
2341 4575 2455 4613 non
2474 4573 2715 4628 parvum
2733 4557 3011 4612 librorum
3035 4572 3342 4611 numerum
3361 4556 3652 4627 interjicit.
3680 4557 3905 4610 Horum

2195 4647 2369 4718 primi
2391 4651 2541 4713 sunt,
2568 4647 2628 4700 in
2649 4651 2865 4718 septem
2893 4647 3111 4716 primos
3140 4645 3350 4700 divine
3382 4645 3690 4716 Scripturae
3724 4645 3910 4700 libros

2197 4735 2436 4790 totidem
2495 4735 2866 4790 Locutionum
2921 4734 3078 4803 libri,
3133 4733 3340 4805 quibus
3372 4739 3429 4788 et
3475 4737 3692 4803 septem
3761 4733 3910 4786 alios

2197 4823 2589 4887 Quaestionum
2604 4822 2665 4876 in
2685 4822 2920 4876 eosdem
2931 4820 3152 4875 divinos
3167 4821 3341 4874 libros
3354 4821 3441 4891 adj
3453 4820 3611 4873 unxit
3624 4820 3905 4888 (Retract.

2198 4912 2290 4966 lib.
2315 4915 2367 4976 2,
2391 4927 2549 4980 capp.
2583 4913 2670 4979 54,
2704 4912 2811 4979 55).
2844 4909 3214 4964 Incumbebat
3243 4909 3445 4963 eodem
3473 4914 3735 4978 tempore
3765 4910 3912 4963 utri-

2198 5016 2309 5070 que
2340 5000 2521 5070 operi.
2557 4999 2753 5054 Libros
2783 4998 3198 5067 Quaastionum,
3230 5014 3360 5068 quae
3395 4997 3456 5050 in
3493 4996 3911 5051 Locutionibus

2197 5103 2313 5142 non
2342 5087 2516 5141 semel
2546 5086 2810 5150 citantur,
2864 5086 3184 5155 composuit
3231 5085 3472 5156 legendo
3502 5089 3725 5138 sanctas
3754 5085 3910 5140 Scri-

2196 5179 2391 5245 pturas
2414 5175 2640 5243 (Quasi.
2681 5177 2741 5227 in
2769 5175 3194 5243 Heptateuchum
3225 5175 3318 5228 lib.
3353 5176 3405 5239 2,
3440 5177 3629 5241 quaest.
3659 5177 3727 5227 62
3759 5190 3772 5240 ;
3808 5175 3907 5228 lib.

2198 5266 2248 5330 6,
2293 5267 2482 5331 quaest.
2527 5265 2635 5327 29;
2666 5262 2761 5318 lib.
2794 5267 2847 5330 7,
2882 5267 3071 5331 quaest.
3103 5264 3193 5327 49,
3227 5263 3309 5327 51)
3343 5267 3398 5315 et
3439 5261 3595 5314 varia
3649 5261 3909 5332 Septua-

2197 5351 2357 5422 ginta
2385 5351 2766 5419 interpretum
2815 5349 3163 5420 exemplaria
3208 5349 3576 5415 conferendo,
3609 5348 3912 5405 interdum

2199 5439 2372 5494 etiam
2401 5439 2688 5509 adjuncta,
2720 5454 2850 5492 cum
2897 5437 3251 5492 versionibus
3290 5437 3514 5508 Aquila).
3543 5453 3608 5491 ac
3638 5439 3913 5508 Symma-

2201 5529 2314 5597 chi,
2358 5525 2713 5581 traductione
2749 5544 2816 5580 ex
2862 5526 3089 5580 hebraeo
3129 5526 3323 5595 (Ibid.,
3364 5526 3460 5578 lib.
3521 5531 3570 5588 1,
3629 5526 3913 5595 Prae/at.).
