4062 6348
97 276 199 327 509

99 390 435 462 Hieronymi
486 390 631 446 banc
672 407 793 446 esse
841 406 958 446 non
999 389 1360 461 dubitamus;
1405 392 1634 464 quando
1684 392 1795 448 alia

101 481 256 538 nulla
285 480 394 534 hoc
421 480 588 535 titulo
611 481 867 535 exstabat
895 480 1047 552 apud
1066 480 1309 545 Latinos,
1336 486 1392 535 et
1409 498 1540 536 cum
1557 483 1799 552 Vulgata

98 573 294 625 nostra
311 569 560 623 editione
574 568 935 623 consentiunt
947 585 1011 622 ea
1028 585 1158 640 qua:
1179 585 1246 623 ex
1258 570 1455 624 eadem
1477 570 1573 624 illa
1585 571 1799 641 profert

97 656 455 727 Augustinus
482 656 892 727 (Quaestionum,
924 659 981 710 in
1009 659 1359 727 Heptateuch.
1393 660 1431 714 l.
1465 660 1792 729 5,qu.20;l.

100 750 151 813 6,
185 750 376 816 quaest.
408 750 463 810 7,
498 749 584 813 t5,
620 748 703 807 19,
738 748 825 812 24,
849 749 948 814 25;
979 747 1016 800 ι.
1044 750 1098 813 7,
1132 752 1344 815 quaesti.
1368 750 1458 815 2|,
1486 751 1592 811 55).
1618 748 1798 819 Igitur

101 851 229 889 cum
260 850 329 888 ea
356 833 575 887 ratione
594 833 899 904 Scriptura
928 840 1153 889 vacaret
1171 834 1399 890 lectioni
1428 835 1627 890 statuit
1646 836 1799 906 apud

103 939 181 989 se,
212 922 493 993 quidquid
517 922 866 976 difﬁcultatis
896 927 1235 990 occurreret,
1258 923 1471 978 chartis
1492 924 1793 991 mandare;

102 1015 404 1064 contentus
434 1009 664 1064 interim
695 1011 974 1065 nonnulla
1012 1012 1305 1078 adnotare,
1354 1012 1562 1066 cursim
1591 1029 1798 1083 expen-

102 1104 234 1153 dere
255 1097 387 1163 alia,
411 1104 468 1152 et
488 1114 554 1152 ea
569 1098 846 1153 duntaxat
870 1099 1158 1170 expedire,
1176 1116 1306 1171 quae
1325 1100 1601 1171 longioris
1619 1117 1797 1155 moras

101 1203 221 1242 non
267 1186 613 1258 indigerent.
662 1187 1019 1259 Quapropter
1067 1190 1605 1245 commentationem
1652 1191 1797 1245 hanc

102 1275 496 1341 Quaestionum
519 1275 683 1330 titulo
710 1277 890 1330 voluit
912 1276 1241 1348 inscriptam
1278 1294 1291 1333 :
1324 1278 1546 1333 tametsi
1569 1279 1797 1333 illarum

100 1364 391 1435 pleraeque
424 1364 504 1418 ibi
533 1364 613 1418 sic
638 1364 942 1435 disputata).
969 1365 1353 1437 reperiantur,
1382 1370 1449 1421 ut
1478 1367 1705 1422 abunde
1733 1368 1799 1422 il-

100 1455 351 1507 lustratus
383 1453 811 1525 enucleataaque
839 1453 1022 1508 videri
1049 1459 1281 1526 queant.
1306 1456 1414 1510 Sed
1436 1472 1505 1510 ne
1527 1456 1641 1511 illae
1668 1457 1796 1528 qui-

99 1540 249 1607 dem,
291 1557 434 1612 quas
475 1542 685 1612 scripto
729 1541 1071 1612 consignare
1108 1542 1244 1597 satis
1290 1544 1510 1611 habuit,
1560 1545 1796 1599 omnino

99 1645 199 1682 sua
226 1628 470 1684 utilitate
502 1629 921 1697 destituuntur;
940 1646 1069 1685 cum
1100 1630 1171 1685 sit
1198 1631 1524 1687 inveniendi
1545 1632 1796 1700 initium,

98 1716 231 1787 quid
263 1716 728 1787 investigandum
757 1717 827 1772 sit
856 1734 1219 1788 cognoscere.
1262 1720 1522 1790 Coeperat
1548 1720 1607 1774 in
1625 1720 1799 1774 libros

96 1806 312 1877 Regum
337 1806 542 1860 eadem
569 1806 851 1861 rationem
873 1806 1196 1877 inquirere;
1230 1811 1282 1862 at
1299 1824 1429 1862 cum
1451 1808 1717 1863 nonnihil
1737 1808 1799 1863 in

97 1908 163 1946 eo
194 1893 396 1948 labore
444 1894 837 1965 promovisset,
880 1911 1014 1949 eum
1051 1896 1123 1951 ab
1160 1895 1259 1950 illo
1308 1896 1573 1968 quaedam
1615 1896 1799 1967 magis

100 1982 426 2036 necessaria
466 1986 802 2036 revocarunt
833 1982 1097 2052 (Retract.
1135 1984 1229 2039 lib.
1264 1988 1317 2052 2,
1358 2001 1479 2054 cap.
1514 1988 1602 2052 55,
1633 2001 1687 2039 n.
1728 1988 1794 2054 t).

98 2068 260 2132 Quod
305 2085 444 2124 vero
484 2070 555 2124 ad
584 2069 759 2124 libros
800 2072 1190 2137 Locutionum,
1238 2073 1492 2128 collectio
1521 2078 1605 2127 est
1634 2073 1800 2144 phra-

99 2156 244 2211 sium
274 2156 587 2228 Scriptura:
616 2158 1007 2229 propriarum,
1036 2176 1165 2231 qua:
1195 2176 1314 2214 non
1343 2161 1592 2228 aliunde,
1624 2176 1799 2232 quam

101 2261 167 2299 ex
194 2244 420 2301 ratione
451 2247 736 2316 modoque
762 2247 1051 2301 idiomatis
1080 2248 1253 2318 graeci
1283 2250 1366 2302 vel
1397 2249 1634 2316 hebraei,
1664 2265 1798 2319 pro-

103 2334 420 2400 ﬂuxerunt;
470 2351 599 2406 qua:
629 2334 889 2390 videlicet
917 2352 1046 2391 cum
1077 2336 1139 2390 in
1175 2336 1351 2391 latina
1388 2338 1798 2393 consuetudine

100 2422 288 2477 minus
319 2423 544 2477 usitata
576 2424 709 2490 sint,
733 2425 1084 2478 occasionem
1108 2426 1365 2496 praebent
1382 2442 1584 2496 parum
1607 2427 1801 2480 adver-

102 2512 369 2580 tentibus,
415 2511 494 2565 ibi
534 2514 816 2584 quosdam
848 2513 1114 2584 mysticos
1144 2529 1343 2569 sensus
1379 2515 1661 2585 captandi.
1693 2516 1801 2580 Qui

99 2616 508 2670 nonnunquam,
562 2602 642 2655 ait
688 2606 917 2656 sanctus
960 2603 1186 2670 Doctor,
1226 2605 1547 2673 caseidpunt
1585 2606 1802 2674 aliquid

102 2688 242 2755 quod
278 2705 313 2741 a
349 2691 581 2744 veritate
624 2690 840 2759 quidem
877 2706 985 2745 non
1024 2691 1344 2758 abhorreat;
1382 2708 1486 2746 non
1535 2698 1713 2747 tamen
1742 2693 1802 2746 id

101 2779 323 2831 sensisse
335 2783 545 2845 auctor,
560 2795 593 2831 a
604 2794 707 2846 quo
720 2780 815 2833 hoc
831 2779 926 2833 hoc
936 2782 1199 2848 scriptum
1210 2785 1305 2844 est,
1322 2783 1594 2835 invenitur
1607 2782 1774 2850 (Ibid.
1785 2822 1800 2848 ,

101 2879 216 2936 cap.
268 2865 383 2936 54).
432 2867 659 2920 Putavit
703 2866 882 2936 igitur
927 2868 997 2921 ad
1034 2867 1437 2937 intelligendos
1475 2870 1628 2923 locos
1657 2870 1800 2925 bene

102 2954 330 3020 multos,
371 2954 582 3025 quibus
618 2954 834 3025 aliquid
875 2954 1235 3009 obscuritatis
1265 2947 1450 3010 inesse
1480 2956 1795 3024 videbatur,

105 3040 245 3096 nihil
274 3042 434 3097 aliud
464 3043 697 3113 requiri,
742 3059 916 3113 quam
954 3060 1069 3115 quo
1100 3060 1275 3098 sensu
1302 3045 1361 3098 in
1405 3046 1531 3100 aliis
1560 3063 1801 3119 usurpa-

105 3134 303 3184 rentur
346 3130 487 3185 locis
524 3146 771 3201 quorum
801 3131 1094 3201 expeditus
1132 3136 1279 3186 esset
1321 3133 1659 3200 intellectus,
1706 3135 1804 3188 ob-

106 3233 348 3285 servare,
399 3222 461 3272 ut
488 3218 640 3273 idem
689 3234 919 3291 quoque
970 3220 1159 3274 minus
1208 3220 1374 3274 claris
1418 3222 1801 3277 locutionibus

108 3305 588 3361 accommodetur.
624 3306 792 3361 Dedit
826 3307 947 3379 ipse
985 3324 1220 3378 operam
1252 3311 1619 3380 excerpendis
1649 3312 1801 3381 ejus-

106 3394 262 3449 modi
288 3395 559 3464 loquendi
588 3395 788 3450 formis
814 3412 913 3450 seu
943 3396 1246 3451 idiotismis
1268 3413 1333 3450 ex
1363 3398 1621 3469 quinque
1642 3399 1802 3464 libris

109 3482 311 3553 Moysis
341 3488 397 3538 et
426 3500 490 3537 ex
537 3485 705 3540 Josue
754 3501 817 3539 ac
866 3484 1192 3553 Iudicibus;
1244 3486 1396 3540 unde
1448 3493 1663 3558 septem
1719 3488 1802 3543 illi

108 3568 260 3636 libri,
292 3570 395 3642 qui
442 3572 815 3627 Locutionum
860 3573 1026 3627 titulo
1065 3573 1476 3643 inscribuntur,
1520 3581 1801 3632 constant.

109 3657 402 3715 Interdum
440 3662 666 3717 easdem
715 3662 1028 3719 locutiones
1060 3665 1461 3720 tantummodo
1508 3665 1801 3733 exscribit;

107 3746 395 3803 interdum
424 3765 555 3803 vero
585 3750 865 3806 enucleat.

174 3840 229 3890 7.
272 3836 595 3890 Memoratis
650 3837 1042 3902 Quaestionum
1095 3855 1159 3893 ac
1217 3840 1593 3895 Locutionum
1646 3842 1806 3896 libris

105 3923 336 3994 subjicit
377 3928 623 3994 quatuor
652 3925 781 3979 illos
824 3926 1119 3981 occasione
1149 3927 1431 3982 Vincentii
1477 3928 1713 3983 Victoris
1743 3930 1803 3984 in

105 4012 292 4066 lucem
324 4011 522 4077 editos,
556 4012 654 4082 qui
681 4016 755 4066 Dc
782 4014 983 4067 Anima
1015 4019 1065 4067 et
1098 4015 1214 4081 ejus
1241 4018 1451 4083 origine
1477 4016 1802 4071 inscribun-

104 4103 198 4153 tur
223 4098 423 4171 (Ibid.,
453 4114 575 4169 cap.
599 4102 708 4164 56.)
741 4101 873 4155 Erat
897 4100 992 4155 hic
1019 4101 1350 4156 Vincentius
1372 4104 1560 4157 Victor
1573 4104 1804 4174 juvenis

107 4188 165 4240 in
195 4187 540 4242 Mauritania
577 4187 921 4242 Caesarecnsi
969 4194 1156 4257 natus,
1188 4195 1245 4244 et
1273 4207 1341 4244 ex
1380 4191 1803 4261 Rogatistarum

110 4275 373 4341 factione,
408 4292 537 4346 quin
567 4275 989 4330 Donatistarum
1019 4277 1299 4347 particula
1323 4283 1380 4332 et
1403 4279 1642 4333 scissura
1663 4286 1804 4349 erat,

109 4364 180 4418 ad
208 4363 514 4420 Ecclesiam
536 4381 842 4419 conversus
866 4381 880 4419 :
903 4365 1006 4436 qui
1026 4382 1157 4420 cum
1186 4366 1340 4436 apud
1358 4368 1589 4421 Petrum
1610 4384 1807 4439 quem-

112 4452 241 4507 dam
258 4454 656 4525 presbyterum
683 4452 996 4524 Hispanum
1015 4458 1182 4520 esset,
1206 4454 1404 4509 incidit
1423 4455 1480 4509 in
1501 4457 1806 4526 Augustini

112 4542 691 4611 commentationem,
737 4559 852 4613 qua
903 4543 999 4596 Vir
1054 4548 1282 4596 sanctus
1327 4543 1611 4598 fatebatur
1655 4543 1805 4615 (quas

112 4629 288 4700 ipsius
319 4634 442 4685 erat
470 4631 762 4700 modestia)
795 4630 1059 4700 ignorare
1083 4648 1163 4697 se,
1189 4648 1260 4685 an
1289 4647 1486 4687 omnes
1508 4632 1715 4687 animae
1735 4634 1805 4688 ab

113 4731 223 4770 una
260 4717 462 4771 Adami
490 4718 683 4773 anima
723 4723 1198 4789 propngarentur,
1231 4736 1372 4774 anve
1404 4721 1646 4791 singulis
1676 4721 1805 4791 qui-

111 4802 327 4876 busque
355 4804 684 4862 hominibus
705 4807 1073 4862 nascentibus
1109 4807 1362 4877 singulas
1387 4808 1536 4862 Deus
1557 4815 1806 4877 crearet;

111 4892 348 4949 minime
398 4897 591 4949 tamen
628 4895 912 4965 dubitare,
942 4896 1084 4968 quin
1114 4895 1305 4950 anima
1342 4896 1573 4966 spiritus
1617 4902 1804 4965 esset,

112 4996 224 5036 non
253 4998 477 5053 corpus.
513 4983 810 5054 Displicuit
839 5000 908 5038 ex
945 5000 1111 5056 aequo
1152 4984 1383 5051 Victori,
1422 4988 1479 5038 et
1505 4984 1661 5055 quod
1695 4987 1803 5038 Au-

112 5070 373 5139 gustinus
394 5087 512 5125 non
537 5071 767 5126 doceret
796 5072 916 5126 sine
945 5072 1304 5128 cunctatione
1333 5072 1470 5145 quid
1501 5074 1571 5127 de
1599 5073 1806 5127 animae

113 5159 331 5230 origine
369 5160 684 5216 tenendum
724 5160 816 5227 sit,
854 5162 952 5216 sed
980 5162 1452 5233 propagationem
1481 5161 1803 5216 animarum

112 5248 475 5303 verisimilem
502 5265 620 5303 esse
633 5250 892 5317 duceret;
912 5254 969 5304 et
984 5251 1135 5322 quod
1150 5252 1357 5306 animm
1368 5256 1631 5306 naturam
1643 5250 1808 5305 indu-

113 5334 359 5392 bitanter
388 5338 602 5392 diceret
633 5328 1053 5408 incorporeum.
1078 5340 1224 5409 Ergo
1253 5341 1401 5395 hanc
1420 5340 1481 5394 in
1501 5356 1623 5393 rem
1643 5339 1807 5393 binos

115 5421 209 5478 ille
237 5425 308 5481 ad
336 5426 605 5481 eumdem
634 5427 866 5481 Petrum
886 5426 1287 5497 presbyterum
1310 5428 1503 5492 libros,
1528 5428 1628 5482 sed
1651 5428 1804 5483 Pela-

119 5511 296 5580 gianis
324 5514 544 5586 aliquot
567 5514 793 5585 placitis
816 5514 1056 5586 aliisque
1086 5515 1374 5569 erroribus
1398 5516 1655 5584 refertos,
1677 5531 1807 5569 con-

1518 224 1752 328 'LIBER
1790 271 2159 329 SEPTIMUS.

3489 283 3594 336 510

1905 392 2131 465 scripsit
2155 395 2244 465 (Dc
2272 396 2478 451 Anima
2522 401 2572 450 et
2607 397 2723 465 ejus
2753 399 2976 467 origine,
3011 399 3105 454 lib.
3152 402 3206 468 3,
3236 417 3292 455 n.
3315 402 3385 467 2).
3420 402 3604 456 Cassa-

1904 498 2018 537 reae
2032 488 2167 538 tunc
2185 484 2388 554 agebat
2406 486 2655 541 Henetus
2676 488 2989 542 monachus
3011 488 3266 558 (Retract.
3285 490 3380 543 lib.
3399 493 3451 554 2,
3477 506 3597 560 cap.

1905 574 2014 640 56),
2044 571 2193 627 idem
2220 573 2367 627 forte
2398 573 2496 645 qui
2535 580 2730 629 sancto
2759 576 3077 646 Augustino
3115 577 3177 631 in
3218 579 3419 633 eadem
3456 579 3599 632 urbe

1905 661 2094 731 Optati
2122 662 2191 716 de
2223 662 2433 717 animae
2473 664 2695 734 origine
2734 663 3080 736 inquirentis
3120 666 3418 737 epistolam
3447 683 3598 721 anno

1904 749 2468 821 quadringentesimo
2492 752 2711 807 decimo
2742 758 2936 807 octavo
2966 754 3297 809 exhibuerat
3332 771 3345 810 :
3382 755 3430 809 is
3461 771 3599 826 ergo

1901 838 2034 893 licet
2064 855 2130 892 ex
2156 838 2429 895 laicorum
2456 840 2676 907 ordine,
2710 841 2824 895 ﬁde
2854 847 3047 896 tamen
3070 843 3379 898 admodum
3402 844 3598 898 ortho-

1903 926 2068 993 doxa,
2093 943 2224 981 cum
2255 927 2453 995 libros,
2496 945 2742 999 quorum
2776 929 3095 985 doctrinam
3128 930 3367 986 minime
3393 932 3599 1003 proba-

1902 1014 2019 1081 bat,
2038 1019 2090 1068 et
2116 1015 2397 1086 infquibus
2422 1017 2803 1087 Augustinum
2818 1017 3051 1088 indigne
3072 1018 3329 1073 habitum
3351 1019 3597 1083 videbat,

1905 1102 2253 1170 offendisset,
2284 1120 2381 1158 eos
2420 1103 2724 1175 diligenter
2752 1105 3061 1177 descriptos
3089 1106 3159 1161 ad
3190 1107 3353 1162 illum
3384 1107 3601 1162 curavit

1904 1190 2143 1261 perferri
2172 1192 2271 1261 (De
2296 1194 2501 1247 Anima
2527 1197 2577 1246 et
2611 1194 2727 1262 ejus
2762 1196 2990 1262 origine,
3018 1194 3112 1249 lib.
3146 1198 3201 1262 2,
3231 1211 3286 1251 n.
3323 1200 3382 1262 l;
3416 1197 3509 1250 lib.
3548 1200 3597 1262 l,

1903 1294 1958 1334 n.
1986 1281 2097 1349 35).
2128 1280 2323 1334 Libros
2352 1281 2582 1335 eosdem
2611 1282 2868 1337 Caesarea
2894 1282 3219 1353 Hipponem
3237 1284 3600 1338 transmissos

1905 1368 2097 1421 aestiva
2133 1372 2489 1439 tempestate,
2529 1369 2758 1424 nonnisi
2788 1375 3039 1425 extremo
3077 1376 3270 1427 tamen
3299 1377 3595 1436 autumno,

1905 1457 2120 1526 accepit
2145 1457 2525 1527 Augustinus;
2545 1475 2676 1513 cum
2688 1458 2949 1514 videlicet
2972 1476 3078 1530 per
3096 1465 3281 1515 totum
3297 1461 3440 1515 illud
3461 1466 3600 1515 tem-

1904 1561 2034 1616 pus,
2065 1545 2139 1599 ob
2188 1545 2297 1600 iter
2330 1547 2641 1617 quodpiam
2674 1547 2837 1602 nobis
2880 1548 3259 1619 incognitum,
3309 1549 3595 1604 abfuisset.

1906 1633 2007 1687 Hic
2033 1633 2259 1689 solitam
2281 1640 2337 1689 et
2357 1636 2697 1706 sapientiam
2718 1637 3169 1691 ethumilitatem
3193 1637 3447 1691 exhibuit
3470 1653 3598 1691 san-

1906 1722 2272 1776 ctusDoctor
2317 1739 2329 1776 :
2383 1740 2511 1794 qua:
2540 1724 2601 1777 in
2641 1740 2700 1777 se
2744 1724 2934 1778 Victor
2961 1741 3260 1795 aggressus
3288 1730 3428 1785 erat,
3460 1725 3599 1779 boni

1905 1808 2214 1876 consuluit,
2246 1809 2746 1880 gratissimumque
2774 1810 2993 1876 habuit,
3022 1811 3174 1880 quod
3202 1826 3332 1865 cum
3353 1810 3449 1865 ille
3465 1826 3598 1864 sen-

1903 1894 2085 1949 tentia
2112 1895 2182 1949 ab
2207 1912 2265 1949 se
2296 1896 2614 1965 dissideret,
2637 1902 2886 1951 mentem
2927 1914 3086 1952 suam
3109 1899 3445 1953 declarasset
3463 1899 3598 1952 scri-

1905 1982 2015 2054 ptis
2045 1983 2219 2037 etiam
2260 1983 2453 2040 editis.
2493 1983 2743 2038 Rebatur
2778 1985 2933 2039 enim
2966 1985 3130 2040 illum
3158 1985 3398 2041 forsitan
3422 1987 3601 2041 bene-

1904 2070 2168 2126 volentiae.
2204 2088 2375 2126 causa
2415 2071 2475 2126 id
2518 2072 2741 2142 fecisse,
2779 2078 2844 2128 ut
2887 2074 3079 2144 ipsum
3107 2074 3177 2129 ab
3223 2090 3435 2142 errore,
3487 2091 3601 2146 quo

1906 2159 2089 2214 teneri
2123 2160 2436 2230 judicabat,
2485 2161 2799 2232 expediret.
2844 2163 2988 2217 Nam
3020 2162 3128 2217 sibi
3174 2178 3300 2217 eam
3340 2164 3602 2233 regulam

1907 2247 2003 2301 Vir
2030 2253 2255 2302 sanctus
2291 2248 2683 2317 constituerat,
2731 2254 2796 2304 ut
2834 2250 3058 2321 quoties
3104 2251 3361 2306 animum
3411 2253 3600 2322 cujus-

1907 2352 2079 2407 quam
2109 2336 2302 2391 minus
2335 2338 2692 2408 exploratum
2732 2340 2988 2405 haberet,
3021 2339 3144 2409 ejus
3172 2341 3472 2395 consilium
3499 2356 3601 2411 po-

1906 2424 2021 2477 tius
2050 2425 2393 2494 approbaret
2411 2430 2684 2496 tanquam
2707 2426 2948 2496 bonum,
2978 2443 3152 2499 quam
3178 2444 3282 2498 pro
3304 2428 3454 2482 malo
3476 2444 3605 2482 con-

1908 2513 2229 2567 demnaret.
2269 2514 2369 2567 Ubi
2392 2517 2554 2579 enim,
2588 2514 2686 2581 ait,
2718 2517 2854 2569 mihi
2881 2518 3094 2570 animus
3119 2531 3248 2581 erga
3275 2531 3356 2570 me
3375 2518 3603 2571 hominis

1908 2603 2123 2669 ignotus
2161 2605 2239 2654 est
2267 2606 2318 2655 et
2352 2604 2608 2670 incertus,
2637 2605 2826 2657 melius
2863 2604 3104 2658 arbitror
3130 2606 3353 2659 meliora
3381 2607 3601 2672 sentire,

1909 2706 2073 2759 quam
2096 2692 2459 2760 inexplorata
2506 2692 2727 2760 culpare
2765 2692 2953 2759 (Ibid.,
3006 2693 3101 2747 lib.
3153 2696 3200 2759 1,
3245 2709 3301 2747 n.
3335 2695 3407 2761 2).
3437 2692 3599 2758 Quod

1912 2779 2106 2833 Victor
2148 2780 2246 2833 alii
2289 2780 2502 2849 potius,
2555 2795 2725 2849 quam
2754 2780 2902 2846 sibi,
2936 2785 2999 2834 ut
3045 2781 3299 2847 decebat,
3348 2786 3604 2835 mentem

1908 2871 2231 2936 aperuerat,
2276 2867 2381 2921 hoc
2425 2867 2580 2921 illius
2613 2867 2785 2921 dabat
2826 2867 3121 2922 modestia:
3173 2874 3604 2940 :prasterquam

1908 2954 2060 3025 quod
2091 2971 2245 3018 eum,
2274 2954 2373 3025 qui
2404 2953 2734 3025 opinionem
2763 2970 2923 3009 suam
2958 2955 3194 3009 minime
3220 2955 3452 3010 dubiam
3482 2972 3603 3010 esse

1909 3043 2180 3108 crederet,
2228 3042 2299 3096 ad
2342 3058 2400 3096 se
2444 3042 2856 3096 consulendum
2902 3041 3145 3113 obligari
3186 3042 3439 3112 potuisse
3489 3060 3603 3098 non

1910 3130 2173 3187 ducebat.
2223 3130 2279 3185 Si
2328 3135 2522 3186 autem
2555 3130 2755 3200 juveni
2794 3130 2958 3194 laico,
2992 3130 3143 3184 inter
3172 3130 3605 3202 disputandum,

1910 3218 2141 3290 aliquod
2170 3219 2229 3272 in
2260 3219 2566 3290 Augustini
2605 3219 3008 3274 contumeliam
3033 3219 3271 3274 verbum
3300 3220 3601 3283 exciderat.

1909 3305 1969 3360 id
1998 3322 2130 3360 eum
2161 3310 2387 3360 sanctus
2416 3305 2725 3377 Episcopus
2754 3321 2874 3359 non
2917 3304 3287 3359 conviciantis
3316 3306 3607 3361 voluntate

1909 3394 2195 3461 credebat,
2247 3394 2344 3449 sed
2385 3394 2607 3448 diversa
2659 3393 2960 3448 sentientis
3011 3392 3347 3448 necessitate
3384 3394 3602 3450 fecisse.

1908 3485 2176 3539 Attamen
2202 3489 2265 3537 ut
2280 3484 2460 3537 animi
2480 3483 2762 3538 modestia
2780 3487 2838 3537 et
2858 3482 3183 3538 humilitate
3203 3483 3275 3538 ad
3302 3483 3609 3538 emendan-

1910 3571 2048 3627 dum
2079 3572 2316 3637 malum,
2349 3571 2505 3642 quod
2542 3571 2652 3625 sibi
2689 3570 2834 3624 forte
2864 3570 3083 3625 haerere
3113 3576 3358 3641 poterat,
3381 3575 3609 3625 sanctus

1910 3660 2158 3715 Antistes
2186 3658 2593 3729 impellebatur
2623 3676 2636 3714 :
2669 3659 2749 3713 ita
2784 3658 2904 3713 veri
2931 3675 3094 3714 amor
3120 3676 3249 3714 ‘non
3273 3660 3509 3726 sinebat,
3545 3665 3610 3715 ut

1911 3748 2069 3820 quod
2082 3763 2284 3802 sanum
2298 3751 2441 3815 erat,
2462 3747 2823 3817 indefensum
2839 3746 3193 3818 relinqueret
3224 3747 3379 3817 (Ibid.
3392 3788 3405 3813 ,
3428 3749 3524 3803 lib.
3550 3750 3605 3808 4,

1910 3853 1965 3891 n.
2003 3838 2087 3904 t):
2121 3835 2293 3905 hujus
2320 3839 2508 3888 autem
2542 3834 2767 3905 generis
2788 3838 2974 3903 erant,
3005 3850 3133 3904 quas
3174 3851 3207 3889 a
3245 3835 3465 3889 Victore
3492 3835 3604 3889 im-

1910 3925 2336 3996 pugnabantur.
2384 3922 2568 3987 Quare
2599 3939 2701 3993 pro
2726 3922 3098 3992 responsione
3128 3939 3230 3976 sua
3258 3928 3507 3994 quatuor
3533 3922 3604 3977 li-

1910 4014 2040 4068 bros
2066 4012 2334 4077 reddidit,
2358 4027 2541 4065 unum
2558 4012 2627 4065 ad
2658 4012 2940 4065 Renatum
2968 4012 3334 4074 monachum,
3362 4013 3606 4066 alterum

1910 4102 1981 4157 ad
2010 4103 2239 4156 Petrum
2266 4100 2680 4171 presbyterum,
2705 4102 2760 4153 et
2788 4100 2930 4154 duos
2958 4099 3031 4153 ad
3060 4100 3250 4170 ipsum
3278 4100 3553 4155 Victorem
3589 4117 3604 4156 :

1910 4206 2242 4262 quanquam
2279 4189 2349 4244 ad
2381 4190 2608 4242 Petrum
2649 4187 2888 4258 epistola
2917 4193 3057 4253 erat,
3086 4190 3185 4243 sed
3216 4188 3345 4243 libri
3374 4205 3608 4257 nomen,

1913 4279 2047 4350 quia
2076 4277 2327 4348 separari
2357 4294 2391 4331 a
2419 4275 2637 4330 caeteris
2665 4292 2780 4330 non
2811 4275 3075 4343 debebat,
3107 4278 3323 4347 accepit
3348 4278 3604 4347 (Retract.

1913 4368 2008 4421 lib.
2041 4370 2095 4433 2,
2126 4382 2246 4435 cap.
2280 4369 2391 4434 56).
2427 4367 2493 4420 In
2524 4365 2612 4419 his
2651 4368 2842 4419 autem
2874 4365 3142 4419 omnibus
3184 4364 3362 4430 libris,
3393 4365 3454 4419 in
3479 4366 3607 4437 qni-

1912 4455 2019 4510 bus
2062 4454 2242 4509 multa
2285 4453 2430 4507 scitu
2467 4452 2786 4507 necessaria
2830 4453 3207 4517 disseruntur,
3242 4453 3496 4507 defendit
3535 4453 3605 4508 de

1913 4542 2134 4614 origine
2184 4542 2528 4608 animarum,
2559 4557 2688 4612 qua:
2717 4541 2956 4612 singulis
2997 4541 3327 4595 hominibus
3375 4541 3605 4610 dantur,

1912 4630 2330 4685 cunctationem
2365 4646 2546 4695 suam,
2579 4634 2634 4683 et
2662 4630 2875 4683 multos
2919 4628 3155 4682 Victoris
3184 4645 3404 4683 errores
3435 4635 3608 4703 atque

1913 4717 2220 4789 pravitates
2244 4716 2713 4787 praesumptionis
2739 4716 2862 4785 ejus
2889 4715 3159 4782 ostendit;
3191 4716 3383 4786 ipsum
3414 4721 3608 4772 tamen

1882 4822 1893 4829 ν
1906 4808 2177 4877 juvenem
2226 4821 2343 4860 non
2389 4820 2753 4875 praepropere
2803 4804 3235 4865 detestandum,
3264 4805 3375 4860 sed
3424 4806 3609 4861 adhuc
3704 4811 3708 4816 '

1913 4894 2233 4949 docendum
2254 4897 2484 4963 putans,
2504 4891 2823 4963 praesertim
2844 4892 2980 4962 quia
2996 4891 3256 4947 audierat
3271 4909 3400 4947 eum
3424 4909 3611 4964 nuper

1912 4981 2253 5037 catholicum
2273 4981 2507 5040 factum.
2528 4984 2741 5050 quanta
2755 4984 2947 5050 potest
2961 4980 3188 5035 lenitate
3205 4985 3408 5035 tractat
3421 4980 3579 5051 (Ibid.
3592 5021 3609 5049 ,

1912 5077 1963 5126 et
1990 5071 2055 5125 de
2091 5072 2295 5126 Anima
2326 5073 2377 5124 et
2404 5069 2522 5139 ejus
2560 5071 2792 5135 origine,
2834 5069 2929 5125 lib.
2970 5072 3018 5135 1,
3050 5085 3106 5126 n.
3138 5070 3192 5141 2)
3227 5087 3241 5125 :
3273 5074 3444 5141 atque
3473 5068 3608 5123 huic

1913 5157 2119 5230 agendi
2156 5156 2361 5212 rationi
2403 5162 2460 5211 et
2502 5156 2682 5211 labori
2719 5155 2899 5210 sancti
2931 5157 3186 5211 Doctoris
3209 5161 3328 5212 tam
3355 5156 3487 5210 felix
3518 5170 3607 5207 re-

1915 5245 2142 5319 spondit
2186 5246 2386 5315 exitus,
2416 5248 2482 5299 ut
2519 5246 2591 5299 ab
2620 5244 2825 5299 eodem
2862 5244 3080 5299 Victore
3117 5244 3386 5315 rescripta
3414 5257 3605 5295 corre-

1913 5334 2118 5390 ctionis
2146 5335 2269 5406 ejus
2298 5334 2579 5405 acceperit
2607 5336 2863 5399 (Rctract.
2897 5333 2989 5387 lib.
3014 5336 3069 5400 2,
3100 5347 3217 5401 cap.
3252 5330 3363 5400 56).

1985 5427 2037 5479 8.
2066 5425 2198 5479 Post
2227 5423 2403 5479 libros
2429 5422 2500 5477 de
2545 5422 2775 5493 Origine
2821 5420 3051 5485 animae,
3083 5419 3194 5473 duo
3220 5418 3290 5471 de
3321 5416 3606 5487 conjugiis

1914 5510 2246 5568 adulterinis
2275 5512 2345 5566 ad
2377 5510 2721 5565 Pollentium
2753 5508 2884 5562 libri
2921 5509 3105 5561 locum
3134 5505 3191 5557 in
3237 5506 3604 5559 Retractatio-
