4062 6352
468 289 561 340 511
1646 283 1807 338 VITA
1848 282 1903 336 S.
1954 278 2330 336 AUGUSTINI
2383 278 2722 336 EPISCOPI.

452 412 622 467 nibus
647 411 969 482 proximum
1000 412 1299 479 occupant.
1337 408 1648 462 Pollentius
1677 412 1867 462 autem
1898 407 1992 461 ille
2024 405 2154 476 quis

454 499 648 563 fuerit,
684 515 966 570 nusquam
1003 498 1252 569 reperias
1305 513 1317 550 :
1351 496 1408 549 id
1440 497 1622 549 solum
1655 512 1784 549 vere
1812 494 2041 558 dixeris,
2077 493 2154 546 vi-

453 603 582 641 rum
603 587 814 657 pietate
838 585 1330 656 fuisseinsignem,
1350 600 1522 655 quem
1537 584 1794 638 videlicet
1824 583 2153 651 religiosum

455 675 689 729 fratrem
721 675 982 729 nominat
1000 673 1352 744 Augustinus
1383 673 1482 742 (De
1504 673 1779 741 Conjugiis
1805 671 2149 737 adulterinis,

457 765 549 818 lib.
583 768 637 829 2,
668 780 724 817 n.
760 766 826 830 1).
871 765 966 816 Ille
996 762 1170 832 igitur
1207 777 1336 815 cum
1363 762 1648 815 evolveret
1681 777 1774 813 eas
1803 764 2154 813 commenta-

455 851 659 912 tiones,
694 851 902 921 quibus
932 849 1024 904 hic
1048 855 1179 903 ante
1209 849 1488 920 plurimos
1524 864 1703 901 annos
1733 863 2055 901 sermonem
2093 846 2153 900 in

455 943 654 994 monte
690 955 724 992 a
766 937 1007 992 Domino
1041 937 1302 990 habitum
1332 940 1693 1006 exposuerat,
1724 935 2039 989 admiratus
2071 939 2154 988 est

455 1027 817 1093 contendere,
862 1030 1123 1080 sanctum
1165 1025 1494 1088 Praesulem,
1540 1023 1874 1078 mulieribus
1900 1023 2154 1093 legitime

457 1115 730 1186 separatis
755 1116 826 1169 ab
857 1115 1130 1169 adulteris
1159 1114 1498 1184 conjugibus
1523 1129 1638 1167 non
1669 1113 1859 1180 licere,
1886 1112 2075 1183 quoad
2095 1112 2154 1165 hi

458 1204 671 1258 fuerint
699 1203 1055 1274 superstites,
1088 1203 1212 1256 aliis
1241 1203 1476 1268 nubere,
1510 1201 1608 1254 sed
1637 1200 1776 1271 ipsis
1817 1201 2152 1255 servandam

457 1309 579 1346 esse
620 1291 1056 1346 continentiam.
1108 1291 1462 1361 Quapropter
1511 1290 1893 1360 Augustinum
1937 1289 2158 1359 rogavit

458 1397 560 1452 per
589 1381 803 1434 litteras
832 1385 897 1434 ut
926 1380 1082 1432 illam
1113 1378 1220 1432 sibi
1238 1378 1652 1432 dubitationem
1684 1377 1962 1431 eximeret
1994 1393 2008 1431 :
2048 1377 2154 1430 sibi

457 1468 612 1522 enim
648 1467 727 1520 ita
756 1467 948 1538 potius
976 1466 1174 1532 videri,
1204 1467 1490 1528 mulieres,
1523 1482 1652 1536 quia
1679 1465 1750 1519 ob
1781 1465 1950 1518 aliam
1982 1481 2154 1535 quam

456 1545 850 1609 fornicationis
895 1569 1124 1607 causam
1170 1569 1204 1606 a
1250 1553 1384 1607 viris
1417 1553 1793 1618 discederent,
1843 1554 1987 1606 solas
2011 1568 2153 1618 esse,

455 1643 663 1715 quibus
692 1659 794 1713 per
823 1644 1029 1697 horum
1067 1642 1240 1696 vitam
1271 1641 1520 1696 secundo
1549 1640 1817 1710 conjugio
1845 1639 2154 1694 interdice-

454 1736 632 1786 retur.
687 1732 960 1802 Idemque
1008 1746 1138 1784 cum
1189 1729 1499 1800 accepisset
1538 1730 1703 1784 illum
1748 1729 2000 1800 parando
2051 1728 2158 1780 sibi

457 1835 731 1890 responso
771 1819 905 1873 dare
935 1834 1192 1889 operam,
1237 1817 1514 1889 quasdam
1556 1817 1793 1886 insuper
1839 1815 1908 1870 de
1958 1817 2156 1870 eadem

456 1907 698 1962 materia
731 1923 902 1960 novas
923 1905 1264 1977 quaestiones
1288 1906 1358 1960 ad
1371 1921 1504 1960 eum
1522 1904 1911 1975 misit(Ibid.).
1935 1904 2155 1958 llisAu-

456 1995 702 2063 gustino,
719 1999 1024 2064 postquam
1039 2010 1183 2063 opus
1211 2009 1378 2047 suum
1386 1994 1508 2063 jam
1531 1993 1869 2058 absolverat,
1896 1993 2152 2058 redditis,

455 2082 800 2152 cogitaverat
843 2082 938 2135 Vir
967 2087 1194 2136 sanctus
1242 2082 1434 2136 addito
1463 2082 1864 2153 supplemento
1900 2081 2014 2134 illis
2062 2096 2156 2134 re-

455 2171 736 2242 spondere
771 2188 783 2225 :
812 2186 1009 2225 verum
1035 2186 1166 2224 cum
1195 2170 1318 2240 ejus
1347 2170 1493 2224 liber
1515 2170 1702 2236 citius,
1727 2185 1898 2241 quam
1931 2173 2159 2241 optave-

458 2264 566 2326 rat,
600 2259 670 2312 ab
701 2258 899 2313 amicis
931 2263 1079 2312 esset
1105 2259 1424 2327 evulgatus,
1450 2273 1657 2312 novum
1690 2273 2034 2328 componere
2060 2273 2154 2312 co-

456 2352 614 2401 actus
653 2351 756 2402 est.
808 2347 870 2399 In
905 2345 994 2400 his
1035 2345 1227 2417 itaque
1264 2345 1486 2399 duobus
1527 2345 1688 2398 libris
1737 2346 2156 2415 Scripturarum

461 2435 796 2490 auctoritate
824 2435 1196 2505 qumstionem
1243 2434 1313 2488 de
1361 2433 1626 2503 conjugio
1659 2433 1965 2500 examinat,
1999 2435 2155 2488 illam

460 2523 714 2594 quidem,
767 2522 942 2593 ipsius
977 2522 1215 2592 judicio,
1256 2521 1650 2575 difficillimam
1682 2524 1934 2590 (Retract.
1965 2523 2062 2574 lib.
2098 2526 2152 2588 2,

459 2626 582 2679 cap.
614 2611 721 2678 57),
759 2610 1242 2675 obscurissimam,
1271 2609 1780 2680 implicatissimam
1814 2611 1902 2679 (De
1928 2611 2154 2678 Conjug.

460 2699 831 2764 aduller.,lib.
862 2701 912 2764 1,
935 2715 988 2753 n.
1013 2698 1121 2768 32).
1139 2700 1280 2754 Cum
1311 2703 1500 2752 autem
1527 2699 1579 2752 ei
1601 2703 1988 2770 opponeretur
2009 2700 2158 2752 inter

459 2787 592 2853 alia,
637 2786 786 2840 viros
833 2787 904 2841 ab
948 2787 1222 2842 uxoribus
1253 2792 1562 2857 separatos,
1596 2787 2004 2841 continentiam
2037 2803 2154 2841 ser-

457 2891 588 2929 vare
618 2891 733 2929 non
764 2891 956 2946 posse;
990 2876 1374 2946 objectionem
1415 2876 1617 2930 evertit
1640 2875 1887 2930 adducto
1913 2892 2154 2946 praeser-

455 2961 558 3016 tim
599 2964 858 3032 exemplo
897 2963 1252 3029 clericorum,
1285 2963 1493 3034 quibus
1523 2963 1886 3017 continentia:
1916 2965 2155 3017 necessi-

456 3055 562 3117 tas,
588 3050 770 3121 iisque
801 3067 1197 3122 smpenumero
1217 3052 1288 3106 ad
1318 3052 1711 3122 accipiendum
1741 3052 2018 3106 honorem
2050 3051 2157 3104 cle-

457 3139 688 3192 ricalem
717 3139 1025 3208 improvisa
1054 3139 1110 3193 vi
1137 3139 1342 3194 coactis
1363 3139 1796 3210 imponebatur;
1821 3139 1920 3210 qui
1941 3143 2152 3205 tamen,

458 3226 648 3280 divina
676 3227 858 3295 gratia
873 3227 1209 3297 opitulante,
1224 3227 1374 3281 istud
1397 3227 1607 3292 oneris,
1631 3228 1702 3281 de
1724 3244 1838 3298 quo
1859 3228 2155 3281 subeundo

459 3314 844 3382 cogitaverant
899 3331 1196 3385 nunquam
1230 3355 1245 3381 ,
1304 3310 1746 3385 religiosissime
1795 3316 2160 3386 perferebant

461 3402 663 3468 (Ibid,
698 3402 792 3457 lib.
823 3404 878 3468 2,
903 3418 961 3457 n.
983 3405 1091 3467 22).
1125 3405 1339 3458 Praeter
1369 3404 1489 3457 haac
1517 3403 1898 3473 Augustinum
1929 3409 2159 3474 rogarat

462 3489 786 3556 Pollentius,
836 3491 1117 3562 numquid
1170 3492 1524 3562 Baptismum
1572 3492 2016 3560 catechumenis,
2058 3493 2158 3564 qui

459 3577 659 3631 morbo
690 3578 934 3649 correpti
969 3579 1134 3633 illum
1180 3584 1374 3650 petere
1419 3597 1530 3634 non
1568 3585 1826 3651 possent,
1857 3581 2159 3635 conferen-

457 3665 595 3719 dum
639 3666 897 3720 crederet
933 3667 1122 3735 IIbid.,
1171 3669 1264 3723 lib.
1322 3673 1371 3737 l,
1418 3685 1474 3724 η.
1531 3670 1640 3740 33).
1684 3670 1920 3724 Sanctus
1952 3671 2161 3724 Doctor

459 3753 770 3826 unicuique
801 3755 1040 3810 liberam
1071 3773 1190 3811 esse
1221 3758 1342 3810 vult
1371 3759 1474 3812 hac
1502 3757 1560 3811 in
1591 3774 1650 3811 re
1681 3759 1977 3829 sequendi,
2006 3759 2156 3829 quod

455 3843 561 3898 sibi
587 3845 868 3914 optimum
887 3845 1186 3911 videbitur,
1223 3846 1548 3901 facultatem
1582 3863 1595 3900 :
1626 3846 1747 3918 ipse
1770 3863 1902 3900 vero
1931 3847 1986 3900 id
2013 3863 2161 3917 prae-

457 3936 604 3986 stare
631 3931 937 3998 existimat,
982 3937 1045 3987 ut
1090 3933 1244 3988 idem
1289 3939 1709 3989 sacramentum
1757 3935 1890 4000 illis,
1933 3934 2158 3988 etiamsi

458 4026 623 4075 antea
664 4022 882 4075 nullam
912 4022 1064 4076 illius
1093 4023 1408 4092 accipiendi
1457 4024 1810 4076 voluntatem
1841 4022 2012 4076 aliam
2039 4039 2157 4092 prie.

459 4126 517 4162 se
563 4110 816 4176 tulerint,
847 4126 1021 4179 quam
1046 4125 1176 4180 quae
1205 4110 1266 4163 in
1297 4127 1496 4165 eorum
1528 4111 1640 4165 tide
1672 4115 1808 4166 nota
1829 4115 1933 4177 est,
1965 4111 2156 4164 confe-

458 4201 635 4250 ratur.
669 4197 752 4250 Ad
800 4212 973 4266 quam
1007 4197 1353 4251 sententiam
1383 4199 1565 4253 multo
1594 4199 1879 4253 efﬁcacius
1904 4200 2052 4252 valet
2077 4200 2155 4266 id,

459 4284 616 4355 quod
654 4284 832 4338 amico
871 4285 1096 4338 cuidam
1167 4301 1269 4339 suo
1310 4287 1531 4340 venisse
1582 4287 1643 4341 in
1693 4287 2154 4342 Confessionibus

3883 286 3986 338 5l'2

2265 405 2380 458 suis
2405 409 2684 459 memorat
2713 405 2966 473 (Confess.
3001 404 3094 458 lib.
3133 407 3184 467 1,
3206 421 3260 459 n.
3295 405 3375 475 8).
3405 406 3523 459 Imo
3554 409 3610 459 et.
3637 405 3894 476 gratiam
3925 405 3989 458 il-

2264 492 2378 548 lam
2409 493 2481 546 ad
2513 509 2609 546 eos
2636 507 2870 564 quoque
2887 492 3159 558 extendit,
3186 492 3306 563 qui.
3339 509 3468 547 cum
3497 493 3795 547 retineant
3821 494 3984 547 adul-

2261 581 2445 634 terina
2467 581 2774 645 consortia,
2797 581 2863 635 ad
2885 581 3258 651 Baptismum,
3282 581 3329 634 si
3349 581 3473 634 sani
3502 596 3746 652 corpore
3764 587 3977 646 essent,

2264 686 2380 723 non
2404 669 2867 724 admitterentur.
2907 670 3185 740 Quodque
3217 668 3287 723 de
3317 669 3674 740 baptizandis
3704 669 3977 723 catechu-

2262 756 2448 810 menis
2477 756 2793 820 constituit,
2824 757 2978 810 idem
3006 755 3066 809 in
3090 755 3524 810 reconciliandis
3554 756 3979 826 paenitentibus

2263 845 2604 899 servandum
2636 843 2793 902 dicit.
2828 846 2934 900 Nec
2962 846 3106 912 ipsos
3135 845 3294 908 enim,
3337 843 3435 911 ait,
3465 860 3532 896 ea:
3575 845 3677 898 hac
3706 847 3831 898 vita
3863 847 3979 898 sine

2263 933 2433 986 arrha
2479 947 2588 986 suae
2618 934 2771 1000 pacis
2813 933 2964 985 exire
3009 933 3141 985 velle
3187 931 3339 985 debet
3380 936 3553 985 mater
3598 932 3847 986 Ecclesia
3878 932 3976 1000 (De

2261 1022 2540 1089 Conjugiis
2559 1020 2758 1085 adult.,
2791 1021 2886 1076 lib.
2927 1024 3051 1088 l,n.
3089 1019 3206 1089 35).

2335 1112 2386 1162 9.
2421 1109 2672 1178 Contigit
2693 1109 2797 1162 sub
2825 1108 2978 1162 idem
3007 1113 3254 1180 tempus,
3297 1112 3360 1162 ut
3379 1108 3720 1179 Carthagine
3757 1125 3974 1164 venum

2263 1203 2682 1268 proponeretur
2693 1197 2866 1251 codex
2880 1213 3201 1268 anonymus
3214 1197 3588 1252 Marcionistm
3620 1199 3950 1268 cujuspiam
3961 1241 3976 1263 ,

2264 1289 2361 1338 aut
2388 1285 2622 1339 alterius
2658 1302 2688 1339 e
2718 1285 2882 1339 sectis
2909 1285 3043 1350 illis,
3076 1302 3205 1356 qua:
3235 1301 3364 1340 cum
3399 1285 3723 1340 Manichaeis
3761 1287 3979 1355 Legem

2263 1388 2328 1426 ac
2359 1374 2670 1444 Prophetas
2697 1374 3169 1438 condemnabant,
3195 1379 3251 1428 et
3277 1379 3551 1444 praeterea
3580 1373 3780 1428 mundi
3811 1391 3980 1427 crea-

2265 1462 2483 1516 tionem
2531 1462 2801 1528 daamoni,
2835 1479 2950 1516 non
2982 1464 3116 1529 Deo,
3146 1464 3297 1534 quod
3330 1463 3535 1533 dogma
3565 1463 3820 1516 alienum
3852 1471 3985 1517 erat

2265 1567 2296 1603 a
2327 1549 2666 1611 Manichzeis,
2690 1550 3019 1604 tribuebant
3037 1551 3292 1620 (Retract.
3317 1552 3411 1605 lib.
3431 1555 3485 1617 2,
3505 1567 3626 1620 cap.
3642 1554 3741 1620 58;
3766 1553 3979 1608 Contra

2263 1638 2563 1693 Adversar.
2593 1641 2746 1704 Legis
2776 1644 2825 1691 et
2845 1639 3066 1708 Proph.,
3100 1640 3196 1693 lib.
3232 1643 3281 1705 l,
3312 1655 3375 1694 n.
3418 1640 3493 1706 1).
3520 1638 3620 1693 Hic
3647 1638 3979 1694 doctrinam

2263 1743 2426 1782 suam
2457 1743 2489 1781 a
2530 1727 2782 1781 Fabricio
2813 1728 3083 1798 quodam,
3124 1727 3186 1781 in
3229 1743 3404 1798 quem
3434 1728 3631 1782 Romae
3661 1727 3978 1793 inciderat,

2267 1821 2323 1870 et
2347 1817 2510 1886 cujus
2538 1831 2594 1870 se
2629 1817 2974 1886 discipulum
3004 1832 3125 1870 esse
3155 1817 3527 1886 gloriabatur,
3557 1815 3666 1870 sibi
3696 1817 3978 1871 traditam

2266 1904 2441 1958 fuisse
2457 1905 2743 1958 narrabat.
2769 1904 2887 1959 Sibi
2902 1904 3689 1975 proposueratauctoritatem
3711 1903 3985 1957 detrahe-

2265 2009 2328 2047 re
2353 1992 2541 2046 Veteri
2571 1993 2952 2059 Testamento,
2988 1992 3161 2046 variis
3186 1992 3456 2046 adhibitis
3484 2008 3614 2046 cum
3651 2008 3717 2045 ex
3741 1993 3975 2057 eodem,

2267 2086 2388 2134 tum
2421 2079 2593 2134 etiam
2626 2096 2656 2132 e
2686 2081 2838 2134 Novo
2869 2080 3212 2134 testimoniis
3243 2080 3462 2150 (Contra
3489 2080 3794 2135 Adversar.
3813 2083 3979 2147 Legis

2265 2173 2315 2223 et
2344 2169 2565 2237 Proph.,
2600 2169 2696 2222 lib.
2723 2170 2777 2233 2,
2811 2184 2905 2222 nn.
2942 2171 2992 2234 3,
3021 2169 3137 2238 40).
3173 2168 3446 2223 Utebatur
3471 2169 3803 2222 auctoritate
3836 2171 3976 2223 scri-

2263 2263 2498 2328 ptorum
2521 2257 2982 2327 apocryphorum
3013 2256 3206 2326 (Ibid.,
3241 2273 3300 2312 n.
3329 2258 3448 2327 14);
3481 2273 3699 2312 necnon
3739 2258 3800 2312 in
3821 2259 3977 2312 calce

2266 2344 2454 2416 operis
2482 2343 2749 2398 haeresim
2801 2360 2962 2398 suam
3009 2359 3042 2398 a
3085 2344 3368 2416 paucitate
3418 2349 3764 2399 sectatorum
3813 2362 3975 2399 com-

2267 2431 2575 2486 mendabat
2631 2431 2808 2500 (Ibid.
2858 2449 2912 2486 n.
2963 2432 3073 2502 41).
3135 2433 3272 2486 Cum
3320 2433 3590 2487 volumen
3638 2434 3750 2488 hoc
3809 2450 3974 2487 erro-

2267 2521 2426 2574 ribus
2486 2521 2762 2574 refertum
2838 2523 3166 2590 prostaret,
3238 2521 3563 2592 complures
3638 2521 3977 2575 curiositate

2266 2608 2422 2663 ducti
2461 2624 2526 2661 ac
2570 2607 2944 2662 delectatione
2989 2607 3490 2678 periculosissima,
3548 2609 3636 2664 vel
3690 2610 3833 2664 illud
3889 2612 3972 2664 le-

2266 2697 2494 2766 gebant,
2549 2697 2633 2750 vel
2691 2696 3012 2765 legentibus
3067 2711 3234 2751 aures
3263 2697 3651 2768 praebebant:
3709 2714 3827 2768 quo
3883 2714 3974 2752 co-

2267 2785 2427 2856 gnito
2486 2785 2680 2839 lideles
2753 2783 2986 2855 quidam
3051 2785 3242 2838 animo
3299 2801 3429 2840 vere
3480 2785 3792 2840 christiano
3828 2827 3843 2852 ,
3907 2787 3978 2840 li-

2267 2875 2435 2928 brum
2486 2873 2555 2927 ad
2606 2873 2990 2943 Augustinum
3043 2873 3338 2939 miserunt,
3395 2878 3653 2944 petentes
3693 2878 3759 2928 ut
3807 2875 3974 2928 illum

2267 2962 2477 3032 scripto
2541 2961 2971 3033 quamprimum
3028 2962 3316 3017 refutaret.
3375 2962 3569 3016 Paruit
3618 2961 3819 3034 itaque
3876 2981 3976 3016 eo-

2267 3067 2395 3104 rum
2456 3051 2774 3115 voluntati,
2831 3066 3107 3121 suamque
3167 3051 3302 3121 ipsis
3347 3051 3821 3120 responsionem,
3880 3053 3973 3106 cui

2267 3139 2498 3193 titulum
2544 3139 2695 3201 fecit,
2727 3140 2924 3195 Contra
2962 3139 3362 3195 Adversarium
3398 3142 3557 3208 Legis
3587 3145 3636 3194 et
3664 3141 3973 3209 Propheta-

2269 3243 2411 3292 rum,
2463 3227 2765 3298 inscripsit.
2818 3229 2971 3282 Hanc
3008 3227 3103 3281 ille
3149 3227 3380 3281 utilitati
3427 3229 3704 3282 lectorum
3755 3245 3980 3284 consu-

2267 3316 2412 3382 lens,
2453 3315 2514 3368 in
2540 3315 2708 3370 binos
2739 3315 2912 3370 libros
2941 3315 3184 3386 partitus
3213 3319 3297 3369 est
3340 3332 3354 3370 :
3382 3331 3627 3386 quorum
3670 3316 3732 3370 in
3781 3318 3978 3386 primo

2269 3420 2366 3458 eos
2404 3404 2557 3458 locos
2587 3404 2790 3458 veteris
2822 3404 3216 3470 Instrumenti,
3266 3421 3410 3474 quos
3451 3403 3557 3458 iste
3598 3405 3812 3459 nebulo
3842 3405 3976 3459 irri-

2267 3493 2454 3559 debat,
2486 3492 2628 3547 nihil
2673 3493 2965 3546 continere
2996 3509 3180 3564 neque
3211 3494 3348 3547 mali
3398 3509 3586 3564 neque
3615 3493 3846 3548 ridiculi
3875 3495 3975 3549 de-

2269 3581 2480 3648 fendit;
2534 3581 2594 3635 in
2639 3581 2886 3636 secundo
2917 3586 3107 3636 autem
3148 3581 3395 3636 Foederis
3443 3583 3572 3636 novi
3601 3582 3970 3648 testimoniis,

2271 3686 2400 3740 quas
2434 3669 2704 3724 adversus
2733 3675 2914 3734 vetus,
2954 3670 3107 3724 idem
3159 3670 3461 3725 hmreticus
3509 3671 3839 3737 adhibebat,
3883 3688 3974 3725 re-

2270 3757 2534 3827 spondet.
2567 3759 2628 3811 In
2659 3757 2846 3828 primo
2869 3759 3015 3813 libro
3039 3764 3306 3830 quartum
3336 3758 3622 3813 decimum
3638 3759 3708 3813 de
3731 3759 3974 3813 Civitate

2271 3847 2370 3901 Dei
2401 3847 2534 3901 citat
2565 3848 2748 3914 (Ibid,
2789 3849 2884 3902 lib.
2923 3851 2970 3912 l,
3013 3864 3066 3902 η.
3104 3850 3208 3916 18).
3237 3849 3411 3902 Porro
3439 3847 3486 3900 si
3515 3852 3763 3918 quatuor
3790 3849 3973 3902 libros

2270 3936 2339 3990 de
2369 3935 2601 4005 Origine
2623 3937 2829 3990 animae
2857 3937 2962 3990 sub
2977 3940 3293 3990 extremum
3317 3941 3657 3990 autumnum
3672 3936 3812 3990 anni
3828 3953 3972 4008 qna-

2269 4024 2703 4095 dringentesimi
2726 4024 2932 4079 decimi
2958 4025 3095 4079 noni
3113 4025 3446 4093 lucubrarit,
3470 4025 3782 4096 quominus
3802 4025 3972 4080 hosce

2268 4113 2410 4168 duos
2422 4113 2950 4168 circiterineuntem
2969 4113 3598 4185 quadringentesimum
3623 4113 3972 4184 vigesimum

2269 4201 2576 4272 scripserit,
2613 4201 2899 4256 afﬁrmare
2923 4202 3067 4256 nihil
3095 4201 3440 4273 prohibebit.

1510 4509 2024 4633 LIBER
2129 4509 2922 4635 OCTAVUS.

526 4687 598 4734 De
629 4687 840 4752 reliquis
866 4690 1141 4754 Augustini
1171 4691 1302 4740 actis
1329 4693 1394 4740 ab
1419 4693 1626 4742 Christo
1661 4707 1800 4742 anno
1827 4692 2342 4756 quadringentesimo
2367 4693 2637 4758 vigesimo,
2663 4693 2727 4742 ad
2751 4708 2939 4743 annum
2963 4692 3534 4757 quadringentesimum
3561 4691 3912 4755 trigesimum.

1035 4903 1259 4958 CAPUT
1297 4905 1590 4960 PRIMUM.

466 4990 483 5040 1
524 4989 818 5042 Donatista
861 4995 1089 5059 proprio
1139 4994 1327 5058 furore
1367 4996 1638 5061 emagitati
1675 5009 1730 5048 se
1765 4996 2083 5048 interimunt
2111 4999 2160 5047 et

533 5076 868 5132 comburunt.
896 5083 928 5132 2
965 5081 1229 5134 Dulcitius
1259 5082 1508 5135 tribunus
1546 5088 1596 5136 et
1627 5085 1879 5136 notarius
1908 5083 2159 5138 Gauden-

534 5167 669 5218 tium
699 5181 765 5218 επ)
795 5169 992 5220 Donati
1015 5173 1174 5236 parte
1215 5172 1524 5238 episcopum
1559 5187 1592 5222 α
1631 5172 1855 5224 consilio
1884 5169 2162 5223 cremandi

533 5269 782 5308 revocare
811 5255 1009 5320 studet,
1042 5261 1204 5324 atque
1233 5257 1299 5308 ab
1339 5259 1454 5325 ipso
1483 5260 1735 5327 epistolas
1757 5259 1896 5312 duas
1935 5259 2155 5325 accipit.

533 5345 563 5394 3
617 5343 840 5396 Dulcitii
878 5349 1073 5410 rogatu
1117 5345 1418 5399 Gaudentio
1466 5348 1748 5416 respondet
1793 5349 2156 5413 Augustinus.

532 5431 567 5482 4
595 5432 816 5484 Librum
867 5434 1145 5487 Consentio
1175 5434 1364 5486 scribit
1400 5440 1584 5488 contra
1612 5435 1970 5499 mendacium,
2017 5433 2162 5501 quod

533 5533 591 5570 eo
617 5535 710 5572 nec
746 5519 820 5573 ad
848 5521 1251 5588 iurestigandos
1285 5525 1732 5578 l'riscillianistas
1762 5526 1843 5576 uti
1873 5524 2027 5575 liceat
2065 5523 2160 5576 Ca-

2340 4905 2572 4960 tholicis.
2609 4908 2639 4958 5
2669 4903 2928 4973 Ejusdem
2961 4904 3231 4959 Consentii
3265 4903 3581 4971 quastiones
3609 4901 3875 4970 explicat,
3920 4903 3974 4952 in

2339 4997 2536 5064 primis
2566 4999 2747 5047 utrum
2784 5007 2924 5046 nunc
2954 5006 3147 5060 corpus
3181 4993 3394 5044 Domini
3422 5005 3544 5044 ossa
3571 4995 3622 5044 et
3655 4991 3975 5058 sanguinem

2341 5083 2535 5135 habeat
2587 5087 2637 5134 et
2665 5083 2875 5149 reliqua
2907 5083 3088 5134 carnis
3136 5082 3476 5134 lineamenta.
3525 5080 3557 5130 6
3588 5077 3682 5132 Ad
3711 5079 3974 5132 Ceretium

2342 5170 2534 5223 scribit
2580 5175 2766 5222 contra
2801 5171 3253 5223 Priscillianistas
3300 5167 3591 5235 scripturis
3640 5168 3974 5236 apocryphis

2347 5258 2625 5311 abutentes
2655 5274 2717 5311 ac
2741 5260 3009 5326 perjurio.

2343 5349 2392 5399 1.
2427 5344 2683 5399 Vidimus
2704 5346 2825 5415 jam
2853 5351 2988 5400 ante
3018 5362 3164 5417 quos
3192 5359 3528 5416 progressus
3553 5343 3614 5397 in
3649 5344 3969 5398 Donatista-

2268 5449 2398 5488 rum
2429 5433 2689 5499 schisma,
2721 5439 2844 5488 tum
2873 5434 3334 5504 Carthaginensis
3358 5432 3706 5499 collationis,
3739 5438 3869 5488 tum
3901 5435 3972 5487 le-

2267 5537 2407 5591 gum
2428 5521 2497 5576 ab
2522 5522 2768 5576 Honorio
2792 5522 3118 5577 muniendis
3142 5522 3293 5575 illius
3309 5520 3548 5574 decretis
3570 5520 3823 5574 latarum
3849 5537 3971 5590 ope,
