4062 6350
91 296 191 346 513

91 411 289 468 fecerit
315 413 604 468 catholica
635 413 892 467 Ecclesia.
935 411 1188 466 Vidimus
1220 411 1454 481 insuper
1481 411 1803 482 cuiusmodi

91 501 346 555 violenta
390 502 652 556 facinora
699 500 984 572 pepererit
1025 516 1228 554 eorum
1267 500 1448 565 dolor,
1503 500 1604 570 qui
1645 516 1806 554 suam

92 590 423 660 expugnari
449 590 868 654 contumaciam
900 588 1018 658 pati
1047 589 1360 642 noluerunt
1381 605 1394 642 :
1418 588 1579 658 atqui
1601 588 1809 642 furoris

91 679 354 749 ipsorum
404 695 777 749 nequaquam
809 677 916 731 fuit
960 677 1048 731 hic
1093 678 1388 731 terminus.
1449 678 1600 733 Sicut
1651 680 1804 741 enim,

91 767 170 820 ait
198 767 587 835 Augustinus,
620 767 861 820 Charitas
885 766 1096 819 laborat
1124 766 1372 819 Ecclesia
1399 767 1476 818 sic
1502 779 1586 818 eos
1613 765 1680 817 ab
1710 765 1809 818 illa

86 855 401 924 perditione
426 855 681 920 liberare,
711 859 771 908 ut
808 870 987 908 eorum
1012 869 1160 908 nemo
1192 856 1488 918 moriatur;
1528 856 1605 906 sic
1629 868 1809 906 eorum

91 944 311 998 laborat
358 945 546 1009 furor,
607 948 703 998 aut
747 958 842 997 nos
898 942 1153 1008 occidere,
1208 946 1268 994 ut
1311 957 1421 996 sum
1467 941 1809 995 crudelitatis

87 1036 326 1101 pascant
355 1031 670 1094 libidinem,
701 1037 798 1084 aut
826 1033 989 1084 etiam
1028 1046 1083 1084 se
1113 1033 1282 1098 ipsos,
1307 1045 1372 1082 ne
1397 1030 1702 1098 perdidisse
1728 1032 1809 1082 ri-

92 1121 333 1174 deantur
357 1120 774 1174 occidendorum
814 1120 1088 1172 hominum
1110 1123 1427 1187 potestatem
1455 1121 1648 1187 (Epist.
1688 1120 1807 1183 185,

95 1226 148 1263 n.
189 1209 296 1278 11).
326 1208 472 1262 Sunt
507 1207 687 1278 igitur
732 1207 791 1260 in
839 1223 1002 1260 usum
1035 1212 1309 1260 revocatw
1344 1223 1506 1260 neces
1536 1206 1646 1260 illae
1676 1205 1809 1259 hor-

94 1297 293 1352 ribiles
323 1313 389 1350 ac
429 1296 724 1365 lugendus,
769 1312 910 1365 quas
956 1294 1041 1348 illi
1089 1295 1376 1365 quondam
1420 1298 1810 1361 exercuerant,

95 1384 429 1456 quibusque
447 1381 991 1436 Circumcellionum
1014 1397 1222 1435 nomen
1245 1397 1347 1452 per
1369 1381 1564 1435 orbem
1597 1381 1813 1434 univer-

96 1489 225 1527 sum
254 1472 403 1526 adeo
452 1471 679 1525 celebre
705 1470 920 1525 factum
949 1470 1156 1530 fuerat,
1188 1469 1303 1523 imo
1335 1474 1386 1523 et
1417 1469 1750 1523 hominibus
1780 1487 1810 1524 e

97 1567 249 1617 secta
274 1578 379 1616 sua
409 1562 590 1631 paulo
608 1559 1084 1614 moderatioribus
1105 1559 1388 1612 odiosum.
1415 1559 1730 1628 Imperator
1751 1557 1812 1610 in

97 1667 194 1705 eos
221 1651 346 1704 solo
376 1649 583 1703 exsilio
611 1647 1103 1702 animadvertebat
1133 1647 1356 1715 (Contra
1384 1647 1676 1707 Gaudent.,
1710 1646 1805 1701 lib.

103 1743 152 1803 l,
174 1755 230 1791 n.
252 1741 340 1803 21)
367 1755 384 1791 :
413 1736 696 1791 Catholici
715 1753 844 1790 vero
867 1736 1095 1790 eosdem
1118 1735 1291 1788 latere
1309 1735 1672 1806 patiebantur
1694 1749 1813 1787 nou

98 1825 266 1880 inviti
295 1827 496 1894 (lbid.,
533 1842 587 1878 n.
623 1827 732 1894 41),
767 1824 980 1895 quippe
1010 1839 1153 1894 quos
1179 1822 1239 1876 in
1261 1823 1524 1877 exsilium
1549 1823 1682 1894 pelli
1707 1822 1814 1876 hoc

101 1915 292 1968 solum
324 1914 527 1968 animo
571 1913 960 1985 postulabant,
1009 1927 1082 1966 ne
1125 1911 1372 1966 aliorum
1420 1911 1592 1965 saluti
1627 1914 1816 1964 essent

101 2001 528 2072 impedimento
551 2002 738 2072 (Ibid.,
761 2017 817 2055 η.
848 2002 952 2070 12).
983 2001 1388 2054 Verumtamen
1409 2016 1539 2054 cum
1563 2003 1816 2053 extrema

101 2090 388 2160 supplicia
418 2091 626 2144 merito
648 2090 777 2160 jure
806 2089 1035 2144 illorum
1067 2089 1416 2143 facinoribus
1447 2090 1812 2154 deberentur,

103 2180 225 2233 haec
268 2178 332 2232 in
362 2194 426 2233 se
468 2178 582 2249 ipsi
629 2184 685 2232 et
714 2178 1038 2232 statuebant
1085 2182 1142 2231 et
1173 2178 1650 2249 exsequebantur,
1684 2176 1817 2231 facti

105 2268 192 2321 sui
223 2267 490 2336 ipsorum
501 2266 722 2337 judices
742 2265 911 2320 simul
942 2270 998 2319 et
1019 2265 1333 2320 carniﬁces.
1359 2267 1616 2336 Cumque
1638 2265 1817 2319 sancti
1857 2289 1876 2298 ι

106 2361 389 2426 martyres
448 2371 558 2426 pro
614 2355 847 2408 veritate
909 2359 1153 2408 mortem
1211 2358 1502 2424 oppetant,
1576 2353 1636 2407 hi
1699 2369 1814 2423 quo

107 2443 510 2513 prohiberent,
554 2458 625 2496 ne
663 2441 870 2496 veritas
908 2441 1364 2506 annuntiaretur,
1399 2457 1470 2494 ne
1500 2441 1704 2494 veritas
1733 2445 1816 2494 te-

108 2537 366 2596 neretur,
399 2547 476 2584 ne
507 2531 694 2584 unitas
715 2534 1023 2595 amaretur,
1057 2546 1128 2583 ne
1147 2529 1389 2583 charitas
1410 2529 1814 2598 susciperetur,

109 2636 180 2674 ne
230 2623 670 2690 compararetur
713 2619 1023 2680 mternitas,
1072 2617 1384 2672 interibant
1431 2620 1632 2686 (Serm.
1691 2619 1812 2684 325,

109 2725 163 2761 n.
193 2709 272 2776 2).
307 2707 369 2761 Si
400 2708 544 2761 ﬁdes
573 2706 831 2760 habenda
861 2705 1197 2767 Gaudentio,
1240 2705 1524 2759 inﬁnitam
1557 2705 1818 2760 multitu-

111 2794 306 2848 dinem
348 2794 589 2848 abstulit
618 2793 671 2847 id
707 2793 904 2847 mortis
934 2809 1114 2863 genus
1144 2793 1363 2860 (Contra
1395 2793 1686 2858 Gaudent.,
1719 2792 1814 2847 lib.

115 2886 164 2948 1,
193 2899 249 2937 n.
287 2884 403 2952 32).
436 2885 510 2936 At
536 2897 668 2935 vero
694 2881 1046 2951 Augustinus
1071 2880 1364 2935 contendit
1393 2897 1508 2934 non
1533 2881 1705 2934 fuisse
1734 2884 1820 2934 tot

111 2971 398 3034 homines,
427 2969 529 3040 qui
550 2969 656 3024 sibi
675 2985 876 3023 manus
896 2968 1170 3022 violentas
1192 2969 1479 3034 afferrent,
1502 2973 1643 3038 quot
1663 2969 1815 3038 pagi,

112 3064 252 3130 quot
279 3059 519 3130 oppida,
549 3061 690 3128 quot
717 3057 887 3110 urbes
915 3055 1154 3127 integrae
1182 3072 1244 3109 ac
1274 3056 1475 3126 populi
1500 3056 1694 3126 legum
1716 3055 1820 3109 im-

113 3147 422 3217 perialium
471 3151 631 3200 metu
679 3163 711 3200 a
752 3145 1053 3199 schismate
1101 3143 1460 3198 deﬁciebant.
1512 3143 1601 3197 Illi
1649 3159 1819 3214 porro

113 3252 242 3290 cum
289 3252 351 3290 se
399 3235 617 3290 ferrum
666 3235 729 3289 in
775 3234 948 3288 vitam
990 3233 1286 3304 propriam
1332 3249 1724 3299 conversuros,
1757 3250 1820 3287 ac

115 3322 438 3394 praecipitio
486 3323 572 3376 vel
616 3321 735 3393 igni
763 3322 1065 3376 tradituros
1093 3321 1482 3386 minabantur,
1518 3321 1820 3376 Catholicis

115 3413 221 3466 hac
269 3418 395 3466 arte
438 3411 821 3482 persequendi
865 3427 1083 3464 moram
1127 3427 1186 3464 se
1232 3410 1561 3481 injecturos,
1601 3427 1822 3464 necnon

117 3516 320 3554 eorum
353 3500 620 3553 ardorem
651 3498 1055 3553 imminuturos
1085 3499 1392 3568 sperabant
1425 3514 1438 3552 :
1471 3499 1568 3552 sed
1593 3499 1821 3553 videba-

118 3592 212 3641 tur
240 3587 552 3643 Catholicis
579 3587 754 3640 satius
779 3603 899 3641 esse
929 3603 1137 3656 paucos
1167 3587 1453 3658 exstingui
1479 3587 1732 3656 perditos
1760 3603 1824 3642 ac

118 3675 473 3745 desperatos,
505 3691 678 3746 quam
712 3674 770 3728 in
815 3675 1076 3729 lethit‘ero
1111 3674 1346 3729 discidio
1378 3674 1709 3730 innumeros
1736 3692 1824 3729 re-

119 3763 330 3834 linqui,
361 3779 507 3833 quos
529 3763 661 3817 inde
679 3763 892 3832 legum,
917 3779 1046 3833 quae
1067 3778 1180 3816 non
1203 3762 1324 3816 sine
1345 3762 1538 3816 divino
1557 3768 1700 3817 nutu
1717 3762 1825 3816 sibi

119 3851 530 3922 suppetebant,
576 3850 852 3905 beneﬁcio
889 3867 1088 3905 eruere
1116 3851 1430 3921 potuissent
1465 3853 1661 3921 (Epist.
1699 3855 1820 3918 204,

118 3956 210 3992 nn.
250 3943 300 4005 l,
326 3943 404 4004 2).
433 3939 685 4002 Quorum
714 3937 951 3991 consilio
981 3937 1060 3990 sic
1084 3937 1353 4008 aspiravit
1379 3938 1618 3991 caelestis
1646 3938 1822 4003 favor,

121 4031 182 4080 ut
212 4026 449 4080 nemine
478 4025 588 4079 sibi
627 4041 825 4079 necem
867 4025 1269 4090 consciscente,
1302 4025 1505 4094 ingens
1550 4041 1826 4078 numerus

117 4120 243 4168 tum
263 4113 324 4167 in
350 4113 640 4179 Numidia,
663 4117 787 4166 tum
811 4113 868 4166 in
891 4112 1124 4182 reliquis
1144 4112 1345 4166 Africae
1368 4112 1674 4183 provinciis
1694 4129 1825 4167 cum

124 4200 371 4256 Ecclesia
419 4199 479 4254 in
509 4217 707 4271 pacem
748 4199 996 4254 redierit.
1029 4199 1128 4253 Sin
1157 4205 1349 4253 autem
1382 4200 1442 4253 in
1481 4201 1674 4270 aliquo
1701 4201 1825 4254 loco

125 4290 183 4344 id
212 4288 350 4343 mali
390 4289 768 4358 contingeret,
803 4287 1064 4353 Ecclesia,
1099 4287 1322 4341 Davidis
1355 4287 1532 4342 instar
1562 4288 1631 4342 de
1661 4288 1828 4342 Absa—

126 4377 258 4430 Ione
290 4377 590 4432 interfecto
622 4375 950 4430 maestitiam
975 4390 1137 4429 suam
1167 4391 1304 4445 pace
1328 4375 1492 4445 regni
1522 4376 1608 4430 sui
1638 4376 1828 4446 acqui-

128 4465 234 4518 sita
262 4463 629 4530 consolantis,
681 4463 938 4518 dolorem
986 4463 1228 4517 materni
1267 4463 1452 4517 cordis
1475 4464 1743 4530 leniebat,
1772 4468 1828 4518 et

131 4554 368 4608 sanabat
395 4553 804 4608 instauratione
825 4553 1060 4606 unitatis
1082 4569 1146 4607 ac
1167 4557 1457 4608 tantorum
1489 4553 1826 4607 liberatione

131 4644 502 4710 populorum.
541 4643 774 4707 Quorum
811 4643 863 4695 si
884 4641 1088 4704 videas,
1133 4641 1212 4694 ait
1247 4641 1315 4694 ad
1353 4640 1724 4706 Bonifacium,
1769 4643 1827 4694 in

135 4729 337 4782 Christi
363 4745 494 4798 pace
515 4731 753 4793 laetitias,
791 4731 1148 4796 frequentias,
1181 4729 1513 4794 alacritates,
1547 4732 1597 4781 et
1626 4729 1700 4781 ad
1728 4729 1826 4795 hy-

136 4832 284 4871 mnos
308 4817 606 4871 audiendos
633 4822 682 4871 et
709 4817 992 4881 canendos,
1017 4822 1068 4870 et
1092 4816 1166 4869 ad
1185 4816 1401 4868 verbum
1423 4818 1520 4869 Dei
1537 4818 1829 4884 percipien-

137 4903 265 4958 dum
301 4905 526 4959 celebres
572 4907 875 4972 hilaresque
911 4909 1213 4971 conventus,
1245 4904 1638 4971 multorumque
1666 4907 1722 4956 in
1753 4906 1827 4957 eis

137 5007 256 5047 cum
302 4993 482 5048 dolore
522 5008 714 5059 magno
756 4994 1177 5048 recordationem
1203 4994 1472 5061 praeteriti
1508 4993 1728 5057 erroris,
1779 4996 1828 5045 et

137 5095 253 5134 cum
297 5081 500 5150 gaudio
543 5081 1019 5135 considerationem
1055 5083 1280 5147 cognitae
1312 5082 1581 5141 veritatis,
1632 5085 1682 5133 et
1711 5095 1829 5134 cum

137 5167 510 5234 indignatione
555 5172 605 5220 et
649 5167 994 5222 detestatione
1038 5169 1377 5223 mendacium
1420 5170 1826 5236 magistrorum,

138 5255 279 5320 quod
300 5256 455 5311 modo
479 5260 798 5322 cognoscant
822 5256 886 5308 de
902 5259 1102 5312 nostris
1122 5260 1475 5311 sacramentis
1497 5273 1659 5326 quam
1680 5259 1829 5322 falsa

134 5341 488 5408 jactarerint;
521 5345 808 5397 multorum
839 5347 1001 5396 etiam
1044 5347 1102 5397 in
1149 5347 1224 5398 eis
1263 5347 1636 5412 confessiones,
1687 5343 1831 5412 quod

139 5431 260 5484 olim
284 5433 474 5485 vellent
503 5447 612 5485 esse
642 5432 921 5492 Catholici,
953 5447 1046 5484 nec
1075 5433 1218 5484 inter
1245 5433 1479 5486 homines
1511 5433 1652 5487 tanti
1675 5434 1827 5497 furo-

144 5519 217 5569 ris
268 5522 526 5575 auderent
573 5537 588 5572 :
636 5519 823 5573 horum
866 5535 990 5587 ergo
1027 5519 1350 5588 populorum
1397 5521 1828 5588 congregationes

1585 290 1798 345 LIBER
1854 288 2199 346 OCTAVUS.

3510 294 3611 346 514

1910 445 2012 497 per
2034 429 2304 498 plurimas
2321 429 2527 494 Africae
2548 430 2788 494 regiones
2814 429 2882 483 ab
2908 430 3004 482 illa
3031 429 3332 498 perditione
3363 431 3613 486 liberato-

1916 533 2058 585 rum,
2088 520 2138 570 si
2165 517 2262 571 sub
2288 533 2392 570 uno
2427 523 2707 585 conspectu
2744 518 2953 571 videres
2978 537 2994 582 ;
3026 524 3151 572 tunc
3181 519 3406 580 dice-res,
3436 523 3618 574 nimiae

1915 606 2084 670 fuisse
2114 605 2474 672 crudelitatis,
2515 606 2564 658 si
2595 605 2723 658 dum
2754 608 3032 658 timeretur
3062 621 3126 659 ne
3165 607 3399 659 homines
3430 607 3615 675 despe-

1914 695 2047 758 rati,
2081 698 2129 745 et
2157 695 2384 746 istorum
2412 693 2798 746 innumerabili
2823 693 3167 747 multitudini
3194 695 3347 747 nulla
3374 697 3615 748 estima-

1917 783 2057 834 tione
2089 780 2460 848 comparandi,
2488 783 2602 834 suis
2631 786 2682 834 et
2710 782 3032 834 voluntariis
3064 783 3279 848 ignibus
3311 798 3613 836 cremaren-

1915 873 2026 933 tur,
2057 870 2154 921 isti
2193 871 2252 920 in
2297 873 2554 922 aeternum
2597 869 2884 937 perdendi,
2925 875 2974 922 et
3015 871 3353 938 sempiternis
3397 871 3616 938 ignibus

1916 957 2198 1010 cruciandi
2225 957 2658 1026 relinquerentur
2689 958 2884 1026 (Epist.
2923 960 3041 1021 185,
3073 974 3126 1011 n.
3164 959 3274 1026 32).

1985 1052 2038 1097 2.
2087 1045 2148 1098 1η
2195 1044 2308 1098 illis
2355 1049 2569 1110 autem,
2623 1057 2886 1115 quorum'
2919 1045 3168 1098 amentia
3209 1045 3458 1098 maxime
3506 1044 3617 1099 fuit

1916 1131 2178 1201 insignis,
2236 1131 2557 1185 nobilitavit
2613 1148 2672 1185 se
2729 1132 3075 1186 Gaudentius
3129 1133 3663 1204 Thamugadensis'

1918 1220 2235 1290 episcopus,
2281 1219 2521 1272 celebris
2557 1219 2708 1272 illius
2739 1219 2928 1290 Optati
2957 1220 3281 1274 Gildoniani
3308 1236 3611 1285 successor,

1919 1311 1975 1360 et
2001 1323 2150 1360 unus
2179 1322 2209 1360 e
2241 1310 2478 1376 septem,
2497 1323 2642 1377 quos
2674 1307 2982 1360 Donatista:
3013 1324 3244 1362 suarum
3274 1308 3524 1378 partium
3556 1308 3617 1362 in

1918 1394 2220 1448 collatione
2269 1393 2702 1464 Carthaginensi
2748 1399 3020 1463 patronos
3070 1395 3358 1465 elegerant
3401 1396 3619 1462 (Contra

1919 1483 2218 1551 Gaudent.,
2239 1484 2330 1538 lib.
2363 1487 2412 1548 1,
2434 1500 2490 1537 η.
2517 1487 2582 1536 52
2601 1485 2862 1549 ;Retract.
2890 1484 2983 1537 lib.
3007 1488 3060 1543 2,
3082 1499 3200 1552 cap.
3226 1483 3334 1552 59).
3360 1484 3410 1536 Is
3432 1483 3618 1552 primo

1919 1587 2048 1625 cum
2076 1571 2331 1642 fugisset,
2352 1571 2718 1642 postmodum
2734 1570 2980 1624 redierat
3002 1573 3172 1641 (Cont.
3207 1571 3497 1635 Gaudent.,
3517 1570 3613 1623 lib.

1926 1663 1973 1725 l,
2003 1675 2058 1712 η.
2093 1662 2197 1727 l7),
2231 1660 2514 1729 dejerans,
2546 1658 2591 1712 si
2621 1663 2922 1729 cogeretur
2949 1657 3373 1712 communicare
3405 1658 3616 1712 Catho-

1920 1746 2063 1812 Iicis,
2091 1763 2149 1800 se
2188 1747 2419 1801 incensa
2445 1747 2677 1816 propria
2701 1745 2933 1799 ecclesia
2963 1761 3093 1798 cum
3121 1744 3247 1798 aliis
3273 1745 3492 1815 aliquot
3528 1745 3618 1798 fu-

1921 1833 2110 1900 riosis,
2143 1834 2243 1904 qui
2273 1834 2458 1888 adhuc
2489 1833 2676 1886 eidem
2716 1832 3101 1895 adhzerebant,
3136 1832 3618 1900 conﬁagraturum

1925 1922 2107 1989 (lbid.,
2130 1937 2186 1977 n.
2217 1925 2328 1989 l,et
2348 1923 2584 1975 Retract.
2608 1921 2701 1972 lib.
2719 1923 2774 1984 2,
2799 1935 2919 1988 cap.
2945 1921 3051 1986 59).
3081 1919 3357 1972 Honorius
3375 1919 3617 1988 impera-

1923 2012 2012 2063 tor
2040 2011 2231 2079 legum
2265 2025 2367 2079 pro
2387 2007 2608 2061 unitate
2633 2007 2878 2061 latarum
2905 2021 3099 2060 curam
3123 2005 3364 2060 Dulcitio
3390 2008 3620 2061 manda-

1925 2103 2100 2164 verat,
2136 2097 2276 2151 laico
2308 2101 2366 2150 et
2402 2095 2636 2149 militari
2674 2095 2818 2163 viro,
2849 2094 3140 2148 catholica:
3169 2094 3616 2159 communionis,

1923 2186 2156 2256 quique,
2185 2189 2248 2239 ut
2281 2184 2476 2255 paucis
2515 2188 2644 2236 ante
2684 2182 2847 2236 annis
2890 2183 3263 2246 Marcellinus,
3297 2181 3514 2237 tribuni
3556 2196 3621 2236 ac

1923 2273 2132 2327 notarii
2155 2272 2433 2342 dignitate
2463 2275 2698 2324 ornatus
2727 2275 2844 2324 erat
2876 2272 3093 2326 (Contra
3121 2270 3410 2336 Gaudent.,
3437 2271 3531 2322 lib.
3568 2272 3618 2335 i,

1924 2377 1980 2415 n.
2017 2361 2130 2429 12).
2162 2359 2301 2414 Huic
2339 2359 2594 2413 muneris
2632 2358 2718 2411 sui
2758 2357 2904 2411 ratio
2952 2373 3067 2411 non
3115 2357 3477 2428 irrogandam
3511 2356 3623 2410 illis

1924 2449 2124 2518 capitis
2153 2464 2400 2519 pennam,
2429 2447 2526 2502 sed
2556 2452 2782 2500 tantum
2807 2445 3008 2510 exsilii,
3041 2445 3405 2515 permittebat
3425 2448 3619 2514 (Epist.

1924 2539 2050 2602 204,
2094 2553 2151 2590 n.
2205 2541 2278 2606 3).
2327 2537 2514 2589 Inerat
2550 2534 2661 2605 ipsi
2707 2533 2953 2588 lenitatis
2993 2534 3336 2604 plurimum;
3383 2534 3619 2604 ejusque

1929 2640 2104 2693 opera
2123 2641 2235 2678 non
2254 2640 2466 2694 paucos
2495 2640 2529 2676 a
2559 2621 2860 2676 schismate
2883 2621 2953 2674 ad
2985 2622 3320 2676 catholicam
3348 2621 3623 2676 unitatem

1929 2713 2078 2765 Deus
2107 2711 2458 2765 traduxerat.
2489 2711 2630 2764 Cum
2661 2714 2850 2763 essent
2878 2709 3376 2780 Thamugadenses
3403 2709 3624 2764 caeteris

1927 2799 2360 2869 pertinaciores,
2392 2796 2670 2852 Dulcitius
2715 2798 2980 2851 adversus
3029 2813 3125 2850 eos
3164 2798 3626 2865 mansuetudine,

1925 2892 1990 2941 ut
2037 2887 2291 2951 decebat,
2322 2886 2409 2939 uti
2447 2884 2725 2954 cogitans,
2758 2885 2884 2938 illos
2927 2883 3101 2938 ofﬁcii
3145 2884 3234 2936 sui
3279 2885 3460 2938 edicto
3501 2901 3625 2938 mo-

1926 2975 2086 3041 nuit;
2117 2973 2178 3028 in
2206 2990 2320 3044 quo
2350 2973 2499 3026 inter
2536 2971 2663 3032 alia,
2697 2986 2827 3024 cum
2858 2986 2952 3023 eos
2990 2969 3158 3023 sciret
3185 2985 3306 3024 sese
3337 2969 3626 3024 cremandi

1927 3064 2184 3118 animum
2213 3061 2444 3127 habere,
2479 3059 2819 3120 declarabat,
2841 3058 2996 3128 ipsos
3018 3063 3280 3119 mortem,
3311 3075 3482 3129 quam
3511 3075 3626 3114 me-

1926 3155 2208 3212 rerentur,
2269 3149 2648 3203 toleraturos:
2705 3163 2818 3217 quo
2875 3146 3147 3200 nimirum
3197 3147 3347 3201 dicto
3405 3163 3624 3214 necem,

1929 3255 2102 3308 quam
2131 3237 2378 3309 propriis
2408 3235 2673 3290 manibus
2703 3234 2810 3289 sibi
2853 3235 2988 3304 ipsis
3017 3237 3304 3299 atl'errent,
3338 3235 3626 3306 signiﬁca-

1927 3327 2024 3381 bat
2053 3346 2068 3381 :
2113 3325 2195 3380 illi
2228 3330 2421 3380 autem
2451 3324 2560 3378 hoc
2597 3323 2677 3378 ita
2708 3328 2841 3378 sunt
2867 3323 3250 3393 interpretati,
3283 3323 3446 3393 quasi
3474 3325 3628 3394 capi-

1929 3415 2041 3468 tale
2075 3413 2422 3484 supplicium
2452 3412 2588 3484 ipsis
2635 3411 2987 3465 intentasset.
3019 3415 3093 3466 At
3125 3411 3246 3481 ipse
3293 3411 3404 3465 alio
3447 3410 3628 3465 edicto

1931 3504 2290 3574 promulgato
2333 3506 2584 3556 mentem
2627 3499 2962 3570 explicatius
3003 3499 3244 3570 aperuit.
3279 3500 3425 3564 Quin
3455 3500 3628 3554 etiam

1931 3592 2146 3646 litteras
2175 3591 2249 3644 ad
2277 3589 2682 3652 Gaudentium,
2715 3588 2924 3659 quibus
2964 3603 3096 3640 eum
3133 3588 3205 3642 ad
3236 3588 3507 3642 unitatem
3537 3605 3628 3642 ca-

1931 3679 2202 3733 tholicam
2242 3679 2658 3742 adhortaretur,
2689 3682 2746 3730 et
2785 3675 3136 3740 incendium,
3168 3691 3281 3745 quo
3323 3692 3380 3728 se
3409 3691 3472 3729 ac
3501 3693 3630 3729 suos

1931 3784 2060 3821 cum
2091 3767 2214 3837 ipsa
2250 3767 2310 3820 in
2342 3782 2456 3836 qua
2490 3769 2612 3820 erat
2647 3763 2880 3818 ecclesia
2915 3779 3248 3817 consumere
3281 3763 3626 3830 minabatur,

1931 3856 2282 3910 dissuaderet
2303 3855 2558 3924 (Retract.
2575 3853 2666 3906 lib.
2695 3855 2750 3919 2,
2771 3867 2891 3920 cap.
2919 3852 3026 3920 59).
3054 3850 3286 3904 Dicebat
3305 3867 3426 3905 esse
3448 3850 3525 3905 ibi
3547 3851 3631 3905 in-

1932 3947 2220 4008 nocentes,
2252 3958 2394 4012 quos
2423 3940 2518 3995 ille
2565 3940 2633 3994 ad
2663 3939 2901 3994 exitium
2937 3943 3154 3993 teneret
3182 3939 3407 4005 invitos,
3436 3939 3493 3993 id
3525 3945 3628 4004 est,

1933 4032 2032 4102 qui
2062 4031 2169 4085 nisi
2201 4029 2552 4085 auctoritatis
2572 4030 2695 4098 ejus
2719 4027 3197 4098 contemplatione
3221 4043 3284 4080 ac
3313 4027 3631 4080 reverentia

1932 4120 2346 4183 inhiberentur,
2399 4118 2470 4172 ad
2519 4117 2851 4171 catholicam
2899 4115 3203 4170 Ecclesium
3251 4119 3451 4184 sponte
3500 4115 3630 4168 red-

1932 4209 2083 4262 irent
2103 4209 2323 4278 (Contra
2340 4206 2632 4267 Gaudent.,
2651 4205 2746 4259 lib.
2768 4208 2787 4258 1
2805 4247 2818 4272 ,
2835 4221 2889 4258 n.
2914 4205 2987 4274 6).
3012 4203 3292 4268 Addebat,
3315 4208 3538 4257 caveret
3556 4219 3629 4258 ne

1932 4301 2153 4352 tantum
2179 4294 2426 4349 basilica:
2457 4292 2785 4360 aediﬁcium,
2811 4291 2909 4346 ubi
2939 4291 3145 4362 saepius
3175 4307 3386 4344 nomen
3417 4291 3517 4344 Dei
3547 4291 3630 4344 in-

1933 4389 2246 4450 vocaverat,
2296 4385 2718 4438 concrematum
2776 4380 2848 4434 ab
2901 4379 3024 4450 ipso
3082 4377 3250 4432 fuisse
3307 4377 3630 4441 diceretur;

1932 4472 2191 4526 laztatum
2235 4487 2314 4538 se,
2363 4471 2517 4541 quod
2561 4469 2621 4523 in
2667 4467 3022 4538 provinciam
3064 4469 3163 4520 aut
3199 4467 3344 4520 forte
3375 4465 3634 4519 etiamin

1937 4560 2135 4614 urbem
2182 4559 2719 4628 Thamugadensem
2773 4556 3080 4610 adveniens
3129 4554 3419 4608 absentem
3470 4553 3631 4608 illum

1933 4643 2238 4712 reperisset
2269 4658 2282 4695 :
2334 4647 2530 4695 contra
2561 4657 2716 4702 vero,
2759 4639 2911 4709 quod
2943 4654 3230 4692 reversum
3262 4637 3525 4691 eumdem
3553 4637 3633 4690 vi-

1934 4729 2114 4797 deret,
2149 4730 2385 4782 moleste
2415 4729 2595 4794 ferre;
2639 4728 2793 4781 nolle
2823 4727 3104 4797 siquidem
3143 4725 3249 4779 sibi
3293 4727 3415 4796 ejus
3444 4742 3633 4797 perse-

1936 4816 2134 4887 quenti
2162 4817 2517 4870 occasionem
2549 4815 2691 4882 dari,
2724 4831 2910 4885 neque
2940 4814 3094 4868 illius
3123 4813 3487 4884 praesentiam
3515 4814 3635 4867 obi-
3706 4828 3709 4830 ·

1942 4922 2067 4959 cem
2095 4905 2297 4958 atl‘erre
2327 4903 2496 4957 saluti
2523 4903 2768 4957 aliorum
2797 4919 2811 4956 :
2844 4901 2891 4956 si
2920 4919 2978 4956 se
3003 4903 3098 4956 ille
3127 4901 3488 4957 innocentem
3514 4920 3632 4955 cre-

1939 4993 2118 5059 deret,
2164 4992 2388 5061 fugeret
2435 4990 2624 5061 potius
2659 4991 2824 5061 juxta
2869 4989 3218 5044 dominicum
3259 4994 3630 5060 praeceptum,

1935 5096 2108 5150 quam
2138 5095 2196 5132 se
2240 5079 2359 5148 ipse
2391 5084 2670 5132 cremaret
2714 5078 2898 5148 (Ibid.,
2931 5095 2989 5132 n.
3046 5081 3148 5146 12).
3195 5079 3528 5132 Testabatur
3573 5093 3632 5128 se

1936 5165 2319 5236 quorumdam
2350 5165 2532 5219 relatu
2560 5166 2910 5236 cognovisse,
2939 5165 3122 5219 virum
3155 5165 3319 5218 illum
3348 5179 3466 5217 esse
3496 5179 3634 5232 pru-

1937 5253 2132 5308 dentia
2181 5255 2511 5324 praeditum;
2566 5269 2630 5307 ac
2699 5270 2922 5324 semper
2985 5269 3115 5308 eum
3166 5249 3634 5305 honoriﬁcentius

1937 5341 2232 5406 tractabat,
2267 5358 2440 5412 quam
2487 5341 2821 5395 haereticum
2863 5341 3094 5395 deberet
3131 5337 3438 5392 catholicus
3472 5349 3486 5387 :
3535 5336 3634 5390 sed

1938 5430 2088 5483 hunc
2139 5447 2205 5483 ea
2261 5431 2479 5483 ratione
2539 5429 2823 5483 redditum
2873 5427 2938 5480 iri
2990 5425 3314 5480 dociliorem
3373 5422 3636 5492 sperabat

1941 5517 2123 5588 (lbid.,
2145 5534 2200 5572 n.
2227 5522 2298 5582 3).
2337 5522 2578 5588 Accepta
2598 5514 2944 5572 Gaudentius
2967 5515 3072 5568 hac
3094 5510 3354 5580 epistola,
3377 5515 3630 5566 actutum
