4062 6348
437 300 537 349 515

435 413 790 481 brevissime,
820 429 893 467 ne
920 427 1162 480 moram,
1192 418 1253 466 ut
1289 412 1532 477 dicebat,
1564 413 1795 468 afferret
1821 412 2128 484 perlatori-

435 505 564 573 bus,
593 499 883 573 rescripsit
906 501 1132 570 (Contra
1158 501 1359 567 Gaud.,
1381 501 1417 554 l.
1446 504 1496 568 1,
1524 517 1583 556 η.
1615 502 1720 571 t2).
1744 501 1940 556 Ibiille
1960 501 2132 572 proﬁ-

434 593 680 657 tebatur,
712 590 820 645 sibi
850 589 1083 660 quidem
1108 589 1409 644 deﬁnitum
1431 594 1487 644 et
1514 591 1889 645 constitutum
1918 607 2059 655 esse,
2082 588 2132 643 si

431 680 551 735 vim
567 680 747 734 ullam
766 676 1163 733 imminentem
1184 682 1460 748 cerneret,
1484 678 1635 733 intra
1650 679 1937 734 dominica
1952 682 2133 733 castra

433 768 565 823 vita:
587 767 804 822 exitum
827 766 1156 833 terminare,
1189 767 1295 821 hoc
1316 770 1420 836 est,
1442 770 1621 822 semet
1641 783 1773 822 cum
1788 767 2024 822 ecclesia
2042 767 2132 821 in-

434 857 676 911 cendere
699 871 712 910 :
746 855 898 928 quod
918 871 1051 910 vero
1084 854 1155 910 ad
1175 854 1339 923 alios,
1362 859 1588 910 tantum
1610 856 1824 923 abesse,
1848 860 1912 910 ut
1930 870 2133 927 cogere

433 945 562 999 illos
598 944 706 998 sibi
750 947 1119 1015 proponeret,
1148 947 1212 999 ut
1251 943 1443 1015 potius
1481 944 1769 1013 omnibus,
1800 944 1900 1016 qui
1943 960 2008 999 ex
2041 960 2134 999 ec-

435 1032 606 1088 clesia
634 1032 905 1088 decedere
949 1035 1247 1104 cuperent,
1277 1036 1475 1087 auctor
1519 1033 1738 1099 fuisset,
1769 1032 1912 1087 illud
1940 1032 2133 1103 palam

436 1138 500 1176 ac
527 1121 707 1176 libere
733 1121 1086 1175 declararent
1123 1120 1305 1191 (Ibid,
1334 1137 1390 1175 η.
1432 1122 1506 1191 7).
1540 1120 1819 1176 Postridie
1866 1121 1990 1192 ejus
2018 1120 2133 1176 diei

436 1209 592 1266 aliud
617 1226 958 1280 responsum
982 1208 1165 1280 priori
1192 1208 1483 1263 verbosius
1508 1208 1658 1277 fecit,
1689 1209 1749 1263 in
1774 1225 1889 1280 quo
1921 1209 2135 1263 niteba-

437 1303 532 1354 tur
558 1299 812 1353 furorem
854 1313 1022 1353 suum
1064 1297 1378 1364 Scriptura;
1427 1297 1729 1352 defendere
1764 1296 2131 1364 testimoniis,

435 1385 500 1441 in
520 1386 722 1457 hisque
744 1386 1002 1457 exemplo
1024 1384 1201 1450 Razii,
1234 1386 1395 1456 cujus
1416 1390 1663 1440 mortem
1682 1386 1827 1441 liber
1852 1388 2134 1441 secundus

437 1474 890 1530 Machahasorum
943 1477 1138 1527 narrat
1178 1473 1363 1543 (Ibid.,
1411 1490 1469 1527 η.
1526 1476 1630 1542 l2).
1681 1475 2027 1529 Memorabat
2074 1473 2135 1528 id

438 1577 691 1632 quoque,
732 1561 889 1631 quod
936 1560 1183 1614 Emerito
1226 1559 1559 1630 contigerat,
1610 1577 1740 1615 cum
1782 1561 2135 1632 Augustinus

435 1653 693 1703 vertente
721 1665 872 1703 anno
899 1647 1463 1720 quadringentesimo
1495 1648 1717 1703 decimo
1736 1654 1929 1704 octavo
1958 1651 2136 1705 Caesa-

435 1753 595 1793 ream
613 1736 885 1808 petierat;
903 1736 1002 1790 sed
1022 1735 1104 1789 rei
1119 1735 1477 1790 dissimulata
1494 1737 1729 1790 veritate
1750 1737 1910 1805 (Ibid.
1924 1778 1936 1803 ,
1950 1754 2003 1791 η.
2027 1737 2129 1806 15).

507 1828 560 1879 3.
602 1822 879 1878 Dulcitius
926 1827 1229 1895 utramque
1276 1823 1578 1895 epistolam
1615 1823 1935 1893 Augustino
1978 1823 2134 1877 defe-

436 1911 671 1967 rendam
709 1910 947 1979 curavit,
975 1927 1146 1965 orans
1183 1911 1310 1965 illas
1339 1915 1402 1965 ut
1443 1912 1727 1965 refelleret
1758 1914 2009 1977 (Retract.
2066 1912 2135 1965 li-

438 2002 532 2056 bro
570 2003 624 2067 2,
656 2016 778 2071 cap.
828 1999 939 2071 59),
972 2015 1037 2053 ac
1080 1999 1189 2053 sibi
1243 1999 1597 2070 praeciperet,
1644 2016 1758 2071 quo
1811 2004 1973 2070 pacto
2026 1998 2136 2069 ipsi

437 2093 585 2144 esset
613 2087 896 2143 haareticis
923 2087 1389 2158 respondendum
1421 2089 1623 2157 (Epist.
1668 2088 1794 2157 204,
1826 2104 1882 2143 η.
1946 2087 1993 2158 1)
2031 2103 2043 2141 :
2076 2086 2137 2142 id

437 2182 542 2245 est,
576 2177 687 2232 nisi
704 2194 806 2231 nos
826 2176 975 2231 fallit
1001 2178 1350 2248 conjectura,
1372 2192 1547 2247 quam
1568 2176 1852 2231 rationem
1880 2192 2013 2230 eum
2040 2176 2137 2230 ha-

436 2267 571 2322 bere
612 2269 906 2337 oporteret
948 2264 1260 2331 minarum,
1312 2264 1521 2336 quibus
1561 2264 1623 2318 in
1670 2281 1728 2318 se
1776 2264 1931 2335 ipsos
1982 2264 2134 2318 ferro

437 2356 783 2425 flammaque
833 2369 1035 2406 usuros
1077 2351 1434 2423 jactitabant.
1485 2352 1570 2407 Ad
1613 2353 1722 2406 hoc
1765 2352 1959 2406 retulit
2001 2368 2137 2406 san-

438 2447 560 2497 ctus
601 2441 869 2505 Antistes,
902 2440 1089 2495 minas
1133 2440 1463 2511 hujusmodi
1491 2440 1660 2494 nihili
1689 2439 1996 2506 faciendas;
2034 2455 2137 2493 ne-

439 2545 549 2600 que
570 2528 781 2583 debere
803 2527 968 2581 illum
984 2530 1142 2581 metu
1172 2526 1331 2581 exitii
1349 2526 1695 2581 miserorum
1722 2526 1939 2597 aliquot
1957 2527 2138 2581 deter-

440 2617 578 2683 reri,
612 2615 921 2687 quominus
945 2614 1189 2669 aliorum
1212 2614 1400 2681 saluti,
1430 2614 1616 2686 quoad
1638 2616 1759 2686 ejus
1788 2614 1911 2669 ﬁeri
1933 2619 2133 2685 potest,

441 2706 717 2759 consulat.
778 2705 855 2758 De
904 2702 1234 2758 refellendis
1277 2707 1469 2758 autem
1517 2703 1819 2759 Gaudentii
1864 2703 2136 2775 epistolis,

437 2792 516 2848 alt
539 2792 596 2848 id
626 2792 733 2847 sibi
761 2808 866 2863 per
891 2792 1293 2862 occupationes
1320 2791 1411 2847 vix
1436 2791 1624 2859 licere,
1656 2792 1896 2863 aliisque
1920 2794 1981 2847 in
2007 2807 2138 2863 ope-

435 2881 594 2937 ribus
616 2882 739 2952 jam
784 2898 842 2935 se
887 2881 1250 2952 respondisse
1297 2881 1368 2935 iis
1412 2882 1786 2952 argumentis,
1837 2897 1967 2953 qua:
2010 2881 2136 2935 ista;

437 2970 798 3025 continerent
837 2970 1027 3039 (Ibid,
1059 2986 1115 3025 n.
1144 2970 1197 3041 4)
1233 2987 1247 3024 :
1280 2970 1406 3024 illas
1446 2974 1639 3024 tamen
1672 2987 1730 3025 se
1760 2976 1973 3037 exacte,
2005 2987 2137 3025 cum

434 3061 557 3131 ejus
581 3064 753 3130 atque
786 3058 1055 3123 Eleusini,
1088 3059 1190 3130 qui
1217 3058 1371 3113 idem
1404 3074 1439 3113 a
1470 3076 1528 3113 se
1557 3059 1899 3130 postulabat,
1932 3059 2136 3130 gratia,

434 3152 558 3203 tum
571 3148 741 3202 suain
752 3147 1159 3218 Thamugaden
1167 3163 1284 3201 sem
1301 3146 1583 3218 populum
1601 3147 1872 3201 charitate
1885 3147 2138 3201 confuta-

436 3242 630 3291 turum
662 3236 849 3306 (Ibid,
873 3251 929 3290 η.
964 3236 1041 3304 9).
1081 3235 1230 3299 Quin
1254 3235 1426 3289 etiam
1456 3236 1708 3301 easdem,
1734 3238 1907 3306 atque
1936 3236 1994 3289 in
2024 3235 2137 3306 pri-

436 3323 546 3378 mis
575 3323 885 3379 adductum
923 3322 1085 3377 Razii
1114 3323 1462 3393 exemplum,
1498 3323 1740 3377 strictim
1777 3323 2040 3378 dissolvit
2075 3324 2137 3378 in

439 3429 507 3467 ea
536 3411 659 3482 ipsa
684 3412 754 3466 ad
781 3411 1088 3465 Dulcitium
1113 3410 1371 3483 epistola.
1399 3413 1559 3466 Hunc
1578 3428 1752 3483 porro
1783 3411 2133 3479 Eleusinum,

435 3515 609 3572 quem
639 3499 992 3570 Augustinus
1019 3499 1410 3555 honorabilem
1435 3505 1493 3554 et
1522 3500 1920 3555 charissimam
1950 3501 2136 3555 ﬁlium

435 3604 605 3642 suum
642 3592 821 3652 vocat,
871 3603 1095 3642 necnon
1144 3588 1295 3660 apud
1336 3589 1837 3659 Thamugadenses
1880 3589 2135 3643 tribuna-

434 3681 560 3731 tum
607 3676 815 3731 obiisse
864 3680 1124 3744 testatur,
1177 3677 1329 3732 haud
1379 3678 1625 3732 absurde
1673 3677 1802 3749 quis
1852 3677 2135 3749 putaverit

435 3764 701 3819 eumdem
748 3764 913 3820 illum
961 3781 1083 3820 esse
1132 3764 1482 3829 Eleusinum,
1522 3766 1708 3821 virum
1747 3765 2133 3834 tribunitium,

434 3852 533 3923 qui
570 3853 852 3924 praedium
892 3852 952 3907 in
992 3870 1130 3925 agro
1172 3854 1524 3926 Hipponensi
1563 3855 1912 3925 possidebat,
1943 3854 2042 3908 ubi
2080 3858 2136 3907 et

431 3941 582 3997 beati
603 3942 882 4014 Stephani
900 3943 1143 3998 aedicula
1162 3960 1261 3998 seu
1284 3943 1565 3999 memoria
1585 3948 1723 3999 erat.
1749 3945 1801 3999 Is
1826 3944 2010 3998 ﬁlium
2041 3943 2135 3997 ad-

432 4030 543 4086 huc
570 4031 940 4100 infantulum,
963 4031 1066 4102 qui
1088 4032 1291 4085 morbo
1310 4032 1496 4085 fuerat
1516 4032 1792 4099 sublatus,
1817 4040 1988 4102 super
2018 4047 2135 4085 me-

432 4118 695 4187 moriam,
725 4135 826 4173 seu
854 4119 1000 4173 forte
1032 4118 1334 4173 aediculam
1360 4135 1545 4174 sacras
1577 4120 1835 4190 Martyris
1863 4118 2134 4190 reliquias

430 4205 821 4260 continentem
851 4206 1084 4275 posuit;
1112 4221 1358 4277 cumque
1390 4209 1506 4261 Deo
1543 4206 1791 4261 ubertim
1817 4208 2133 4279 lacrymans

433 4293 828 4363 supplicasset,
863 4293 1133 4347 eumdem
1172 4294 1365 4348 vivum
1403 4311 1468 4348 ac
1506 4296 1776 4365 sospitem
1814 4296 2011 4350 retulit
2040 4296 2135 4367 (De

431 4382 599 4437 Civit.
637 4383 755 4448 Dei,
791 4381 885 4435 lib.
918 4383 1006 4442 2'2.
1040 4397 1161 4451 cap.
1195 4385 1248 4448 8,
1280 4398 1337 4436 n.
1372 4384 1476 4451 19).
1510 4384 1712 4438 Narrat
1740 4382 1975 4455 insuper
2004 4401 2131 4438 san-

430 4473 552 4523 ctus
571 4470 809 4535 Praesul,
836 4469 1110 4524 dilectum
1132 4474 1304 4541 atque
1329 4471 1726 4526 honorabilem
1757 4471 1943 4527 ﬁlium
1963 4488 2132 4527 suum

432 4558 757 4612 Eleusinum
780 4557 1133 4628 Hipponensi
1156 4559 1500 4613 monasterio
1524 4558 1716 4614 villam
1737 4560 1885 4615 dono
1908 4560 2130 4616 dedisse

431 4646 624 4714 (Serm.
661 4649 783 4713 356,
815 4663 871 4702 n.
927 4647 1047 4718 15),-
1093 4664 1267 4719 quam
1314 4648 1403 4702 vel
1450 4648 1585 4703 hinc
1630 4648 1915 4720 intelligas
1957 4649 2131 4704 fuisse

430 4740 738 4803 proventus
761 4750 879 4790 non
911 4736 1232 4803 mediocris,
1259 4737 1414 4809 quod
1435 4737 1482 4791 is
1504 4737 1661 4791 illam
1684 4737 1966 4792 diceretur
1993 4754 2129 4792 vcn-

430 4822 660 4889 didisse,
690 4840 822 4878 cum
858 4824 964 4879 hoc
995 4826 1249 4880 muneris
1281 4826 1349 4881 ab
1381 4843 1447 4881 eo
1478 4826 1653 4897 gratis
1682 4827 1998 4897 profectum
2029 4844 2128 4881 ne-

430 4927 525 4965 mo
555 4912 716 4967 facile
747 4914 1002 4968 crederet
1030 4931 1044 4968 :
1074 4916 1172 4969 sed
1202 4916 1356 4970 hunc
1388 4931 1678 4970 rumorem
1705 4916 1913 4970 falsum
1942 4916 2127 4970 decla-

430 4999 590 5065 ravit,
623 5004 795 5071 atque
823 5001 994 5071 hujus
1033 5002 1361 5056 donationis
1392 5007 1595 5057 testem
1635 5020 1694 5057 se
1726 5003 2016 5073 professus
2047 5006 2130 5057 est

429 5087 799 5159 Augustinus.
833 5090 888 5143 Is
917 5093 981 5143 ut
1009 5089 1263 5159 primum
1293 5090 1402 5145 sibi
1432 5090 1614 5157 licuit,
1656 5091 1830 5145 ﬁdem
1860 5107 2018 5145 suam
2061 5091 2129 5145 de

429 5177 792 5231 confutandis
834 5177 1136 5232 Gaudentii
1178 5178 1399 5233 duabus
1450 5180 1702 5249 epistolis
1728 5180 2009 5245 liberavit,
2040 5180 2128 5233 in-

432 5281 542 5336 que
568 5281 695 5319 eam
721 5280 844 5319 rem
872 5264 1082 5319 librum
1106 5281 1291 5320 unum
1321 5267 1692 5335 elucubravit,
1732 5268 1794 5323 in
1826 5284 1940 5338 quo
1983 5284 2127 5338 prte-

431 5352 667 5407 missum
696 5352 1005 5407 adversarii
1034 5358 1360 5409 contextum
1390 5373 1491 5410 sua
1510 5356 1691 5427 ipsius
1722 5356 2016 5426 responsio
2047 5372 2131 5409 se-

431 5440 742 5511 quebatur;
776 5447 841 5496 ut
885 5441 1099 5496 scilicet
1135 5442 1589 5514 imperitioribus
1633 5459 1865 5515 quoque
1911 5445 2128 5499 clarum

432 5528 611 5595 ﬁeret,
642 5546 676 5582 a
705 5545 761 5583 se
794 5528 913 5583 sine
941 5545 1218 5600 responso
1244 5530 1389 5586 nihil
1420 5531 1872 5603 praetermissum
1905 5533 2128 5600 (Contra

1696 291 1863 346 Vl'l‘A
1904 293 1956 345 S.
2002 288 2384 347 AUGUSTINI
2427 287 2762 345 EPISGOPI.

3844 291 3949 343 516

2241 412 2529 479 Gaudent,
2580 412 2672 466 lib.
2729 415 2779 477 1,
2828 426 2882 465 n.
2939 412 3009 480 1).
3058 411 3220 465 Lecto
3267 412 3373 465 hoc
3412 411 3555 465 libro
3584 411 3952 467 Gaudentius

2239 498 2469 571 ipsimet
2495 498 2815 569 Augustino
2844 498 3153 569 rescripsit,
3183 514 3302 552 non
3333 514 3467 553 eum
3493 505 3560 554 ut
3588 500 3946 567 confutaret,

2241 588 2337 642 sed
2367 587 2769 641 tantummodo
2799 602 2871 640 ne
2896 586 3217 641 convictum
3264 602 3323 641 se
3369 586 3597 642 silentio
3629 603 3736 642 suo
3774 588 3948 643 fateri

2240 676 2564 730 crederetur
2596 675 2790 747 (ξιὸὶάη
2833 676 2928 730 lib.
2969 678 3034 742 2,
3070 691 3126 731 η.
3180 679 3199 729 1
3233 691 3246 742 ;
3288 677 3524 747 Retract.
3572 676 3671 731 lib.
3709 679 3776 744 2,
3818 693 3942 747 cap.

2241 765 2349 835 59).
2382 766 2785 819 Verumtamen
2816 764 2951 818 dum
3001 764 3322 818 inﬁrmitati
3353 781 3470 819 suae
3508 766 3702 820 velum
3739 765 3945 820 obten-

2241 852 2375 908 dere
2417 852 2717 924 cogitabat,
2763 852 2922 906 illam
2962 852 3143 907 multo
3189 853 3641 908 manifestiorem
3671 852 3941 909 reddidit.

2242 940 2464 1012 Quippe
2490 939 2975 995 animadvertebat
3000 939 3259 1010 quilibet,
3280 940 3529 995 voluisse
3552 941 3792 1013 quidem
3810 957 3945 996 eum

2240 1029 2607 1101 respondere,
2643 1034 2895 1083 attamen
2924 1028 3067 1082 nihil
3096 1027 3219 1083 sani
3248 1032 3347 1083 aut
3377 1028 3541 1084 solidi
3583 1030 3941 1101 opposuisse.

2243 1118 2365 1182 Quo
2397 1118 2591 1189 ﬁebat,
2619 1122 2685 1172 ut
2712 1118 3070 1188 desperatam
3111 1116 3293 1188 ipsius
3322 1133 3549 1172 causam
3594 1134 3717 1173 esse
3768 1118 3947 1173 ambi-

2243 1211 2402 1276 geret
2425 1223 2617 1261 nemo.
2652 1206 2814 1261 Haud
2845 1209 2965 1259 erat
2986 1205 3181 1276 magni
3210 1206 3427 1276 negotii
3446 1206 3615 1260 etiam
3635 1206 3946 1261 mediocris

2241 1294 2564 1367 prudentiae
2589 1294 2744 1361 viris,
2777 1310 2950 1366 quam
2969 1293 3164 1364 inepte
3182 1294 3499 1365 Augustino
3522 1294 3616 1349 ille
3638 1294 3949 1366 responde-

2241 1388 2348 1451 ret,
2381 1383 2599 1437 collatis
2631 1382 2926 1454 utriusque
2971 1381 3194 1453 scriptis
3242 1398 3581 1452 cognoscere
3614 1400 3628 1437 :
3658 1382 3816 1438 istud
3843 1399 3947 1437 au-

2242 1475 2359 1527 tem
2404 1476 2468 1526 ut
2496 1487 2597 1543 per
2639 1471 2863 1541 singula
2892 1468 3078 1541 capita
3113 1470 3616 1538 demonstraretur,
3647 1471 3951 1542 prolixiori

2244 1561 2629 1631 disputatione
2676 1559 2993 1630 indigebat.
3028 1559 3158 1614 Erat
3199 1558 3552 1631 Augustinus
3583 1560 3652 1614 ad
3681 1560 3841 1615 hunc
3868 1560 3951 1614 la-

2246 1650 2465 1715 borem,
2499 1648 2546 1702 si
2573 1649 2864 1703 videretur
2888 1647 2967 1701 ita
2986 1648 3394 1716 necessarium,
3414 1647 3815 1719 paratissimus
3846 1665 3862 1704 :
3896 1653 3956 1703 at

2243 1754 2317 1793 ne
2360 1736 2591 1792 interim
2634 1736 2756 1791 sine
2797 1752 3071 1807 responso
3119 1735 3470 1790 Gaudentius
3497 1736 3951 1807 relinqueretur,

2244 1824 2645 1880 brevissimum
2674 1824 2851 1892 dedit,
2879 1824 2979 1894 qui
3000 1824 3281 1879 secundus
3302 1828 3387 1878 est
3404 1824 3467 1878 in
3486 1824 3754 1879 eumdem
3781 1825 3950 1879 liber.

2248 1916 2325 1969 Eo
2355 1914 2703 1968 satisfactum
2733 1929 2852 1967 esse
2883 1912 3187 1967 hominum
3218 1913 3624 1983 exspectationi
3652 1913 3789 1969 inde
3812 1930 3952 1968 con-

2239 2001 2421 2073 jicias,
2453 2002 2605 2073 quod
2627 2002 2724 2055 Vir
2744 2005 2970 2055 sanctus
2991 2000 3045 2055 ei
3062 1998 3206 2056 nihil
3229 2006 3423 2073 postea
3443 2001 3767 2071 reperiatur
3786 2001 3953 2056 addi-

2246 2091 2421 2147 disse.
2483 2092 2593 2144 Hos
2638 2089 2733 2144 ille
2779 2090 2922 2145 duos
2969 2090 3147 2144 libros
3172 2088 3337 2160 quasi
3368 2089 3684 2145 Gaudentio
3713 2089 3952 2161 ipsimet

2246 2176 2545 2248 inscriptos
2577 2181 2871 2232 memorat.
2904 2176 3158 2232 Possidio
3186 2192 3318 2232 vero
3347 2176 3409 2231 in
3438 2177 3694 2233 Indiculo
3721 2194 3953 2250 separa-

2246 2265 2350 2320 tim
2380 2270 2634 2333 notatur,
2668 2268 3087 2335 Responsionum
3130 2271 3317 2321 contra
3344 2268 3596 2335 epistolas
3625 2266 3763 2321 duas
3796 2268 3952 2323 Gau-

2246 2354 2420 2409 dentii
2446 2357 2683 2424 episcopi
2723 2357 3149 2421 Donatistarum,
3194 2355 3328 2409 liber
3356 2370 3522 2420 unus;
3556 2358 3633 2423 et,
3663 2354 3759 2409 Ad
3792 2357 3951 2412 Gau-

2246 2443 2488 2497 dentium
2518 2446 2925 2498 Donatistarum
2943 2447 3263 2513 episcopum,
3291 2447 3517 2515 epistola
3546 2461 3657 2499 una
3686 2446 3949 2515 (Possid,

2246 2534 2304 2585 in
2338 2532 2526 2597 Indic.,
2564 2548 2684 2601 cap.
2726 2533 2797 2603 3).
2837 2532 2985 2597 Quid
3034 2532 3348 2587 Gaudentio
3390 2534 3726 2606 ueterisque
3754 2536 3950 2590 Dona-

2247 2619 2394 2674 tistis
2424 2620 2558 2675 inde
2583 2622 2653 2675 ad
2682 2626 2929 2676 mortem
2959 2638 3140 2694 usque
3167 2622 3472 2695 Augustini
3504 2623 3719 2680 factum
3747 2624 3948 2693 fuerit,

2249 2723 2535 2779 nusquam
2564 2709 2903 2781 reperimus.

2317 2798 2369 2850 4.
2418 2798 2561 2851 Dum
2599 2798 2948 2869 Augustinus
2990 2798 3306 2854 Gaudentio
3336 2800 3735 2871 respondebat,
3769 2799 3949 2856 simul

2246 2884 2418 2939 etiam
2462 2901 2699 2955 operam
2737 2886 2908 2941 dabat
2936 2886 3081 2941 libro
3120 2892 3318 2942 contra
3356 2889 3736 2958 Mendacium,
3767 2906 3949 2961 quem

2247 2973 2568 3041 Consentio,
2620 2990 2737 3028 non
2765 2974 2963 3045 procul
2992 2974 3137 3029 forte
3167 2966 3237 3029 ab
3267 2975 3558 3047 Hispania,
3587 2977 3686 3032 ubi
3716 2977 3948 3033 Priscil-

2244 3062 2605 3117 lianistarum
2650 3063 2882 3118 haeresis
2927 3063 3174 3134 vigebat,
3225 3065 3435 3135 agenti,
3475 3066 3778 3120 destinavit
3833 3068 3950 3134 (Re-

2246 3156 2405 3205 tract.
2458 3152 2552 3206 lib.
2608 3156 2663 3221 2,
2703 3168 2822 3222 cap.
2866 3154 2972 3221 60).
3026 3152 3121 3208 Hic
3151 3154 3467 3224 Augustino
3495 3154 3739 3225 legenda
3758 3155 3948 3209 multa

2245 3239 2498 3305 miserat,
2531 3256 2710 3310 eaque
2740 3240 2808 3294 de
2835 3239 3394 3296 Priscillianistarum
3415 3241 3948 3314 dogmatibus,qua:

2246 3327 2597 3398 singillatim,
2652 3335 2782 3398 post
2835 3334 3152 3383 accuratam
3212 3329 3640 3401 inquisitionem
3672 3334 3728 3385 et
3767 3347 3948 3401 quam

2244 3414 2494 3487 plurima
2519 3433 2587 3470 ex
2617 3418 2865 3488 quodam
2898 3419 3179 3473 Frontone
3208 3417 3456 3490 cognita,
3482 3418 3767 3473 referebat
3791 3418 3950 3489 (Con-

2247 3510 2334 3559 tra
2376 3506 2738 3575 Mendacium,
2781 3523 2874 3560 nn.
2912 3510 2961 3573 1,
3011 3509 3084 3571 4).
3135 3507 3222 3562 Ad
3250 3507 3419 3562 hosce
3448 3506 3745 3561 haereticos
3775 3507 3948 3561 inve-

2245 3592 2557 3663 stigandos,
2600 3593 2701 3664 qui
2728 3593 2990 3648 haeresim
3033 3610 3192 3648 suam
3223 3610 3339 3649 non
3370 3594 3663 3650 mendacio
3689 3599 3946 3662 tantum,

2244 3682 2341 3736 sed
2370 3682 2622 3752 perjurio
2652 3698 2880 3753 quoque
2929 3682 3183 3737 adhibito
3216 3683 3622 3739 existimabant
3648 3684 3948 3738 occultan-

2244 3769 2397 3837 dam,
2428 3769 2727 3824 videbatur
2756 3772 3055 3826 Consentio
3097 3770 3461 3826 simulatione
3500 3772 3785 3827 utendum
3826 3789 3949 3827 esse

2244 3857 2560 3922 Catholicis,
2619 3857 2889 3927 ﬁngendo
2941 3874 2999 3912 se
3052 3874 3170 3913 esse
3200 3858 3670 3926 Priscillianistas,
3717 3875 3837 3930 quo
3869 3860 3951 3914 sic

2243 3962 2444 4000 eorum
2494 3946 2738 4000 latebras
2780 3950 3165 4017 penetrarent.
3215 3947 3276 4002 Id
3325 3964 3554 4019 prorsus
3595 3948 3949 4018 improbavit

2240 4033 2615 4105 Augustinus,
2650 4034 2860 4104 scripto
2885 4034 3032 4089 hanc
3054 4034 3112 4088 in
3134 4051 3252 4089 rem
3276 4035 3442 4103 libro,
3471 4035 3563 4090 cui
3588 4035 3826 4091 titulum
3858 4036 3949 4091 in-

2242 4122 2407 4191 didit,
2466 4123 2665 4178 Contra
2719 4123 3061 4179 Mendacium
3117 4124 3375 4193 (Retract.
3416 4124 3509 4178 lib.
3562 4127 3613 4193 l,
3661 4140 3788 4194 cap.
3831 4125 3947 4195 27),

2242 4226 2308 4265 eo
2337 4211 2493 4282 quod
2521 4215 2717 4281 aperto
2748 4216 2927 4266 marte
2957 4212 3062 4265 hoc
3088 4211 3291 4266 vitium
3318 4212 3947 4283 aggrediatur,solvens

2243 4298 2548 4369 Scriptura:
2578 4299 2730 4353 locos
2760 4315 2877 4367 cos,
2911 4300 3120 4371 quibus
3160 4301 3443 4370 nonnulli,
3474 4304 3530 4355 et
3557 4301 3617 4354 in
3651 4300 3744 4355 his
3774 4301 3945 4356 forsi-

2241 4390 2338 4441 tan
2369 4386 2487 4457 ipse
2519 4386 2879 4456 Consentius,
2923 4375 3109 4442 eidem
3156 4388 3502 4459 patrocinari
3530 4389 3945 4445 moliebantur.

2240 4475 2348 4530 Sed
2373 4474 2512 4529 illud
2547 4474 2601 4529 in
2625 4475 2824 4546 primis
2852 4475 3227 4545 demonstrat,
3260 4482 3323 4532 ut
3347 4479 3592 4532 maxime
3620 4493 3824 4532 verum
3856 4495 3945 4533 es-

2241 4569 2326 4619 set
2379 4564 2686 4635 aliquando
2753 4565 2984 4619 mentiri
3045 4565 3267 4621 licitum
3324 4582 3468 4635 esse,
3524 4566 3581 4621 id
3631 4570 3833 4621 tamen
3881 4566 3947 4621 in

2239 4653 2428 4719 rebus,
2505 4669 2634 4723 quae
2707 4653 2781 4708 ad
2850 4653 3193 4724 religionem
3262 4654 3572 4726 pertinent,
3626 4654 3782 4709 haud
3836 4671 3947 4709 un-

2241 4758 2413 4814 quam
2462 4740 2582 4795 sine
2625 4758 2834 4812 magno
2883 4743 3123 4797 crimine
3165 4759 3228 4796 ac
3272 4744 3527 4814 periculo
3576 4759 3742 4814 posse
3770 4759 3945 4797 usur-

2239 4830 2382 4902 pari.
2448 4831 2716 4885 Hortatur
2762 4830 3153 4899 Consentium,
3218 4836 3283 4886 ut
3325 4836 3520 4887 contra
3578 4830 3945 4886 Priscilliani-

2239 4924 2371 4984 stas,
2402 4919 2633 4990 quando
2676 4918 2893 4973 viribus
2941 4919 3008 4973 ad
3056 4919 3203 4974 hanc
3240 4936 3365 4975 rem
3393 4920 3728 4974 necessariis
3759 4937 3791 4973 a
3824 4921 3942 4974 Deo

2239 5009 2385 5060 esset
2423 5006 2752 5074 instructus,
2805 5008 2932 5063 stilo
2964 5008 3249 5077 decertet;
3281 5026 3410 5064 cum
3453 5025 3943 5080 supervacaneum

2238 5093 2404 5160 foret,
2433 5094 2663 5148 illorum
2691 5096 2987 5166 explorare
3018 5100 3187 5168 atque
3214 5113 3415 5151 eruere
3435 5097 3723 5168 dogmata,
3748 5097 3797 5151 si
3821 5097 3945 5152 sine

2240 5181 2632 5235 confutatione
2674 5183 3141 5253 relinquerentur
3185 5186 3402 5254 (Contra
3429 5186 3700 5255 Mendac.,
3733 5202 3789 5240 η.
3822 5189 3941 5255 25).

2238 5270 2310 5322 At
2349 5285 2480 5322 vero
2527 5269 2582 5324 id
2634 5275 2764 5324 ante
2811 5271 3007 5325 omnia
3046 5272 3227 5341 jubet,
3273 5289 3471 5328 eorum
3502 5273 3829 5328 doctrinam
3872 5275 3945 5329 de

2240 5357 2536 5411 mendacio
2566 5358 2627 5411 in
2653 5374 2823 5413 causa
2852 5359 3146 5431 religionis
3174 5363 3501 5432 usurpando
3530 5362 3947 5433 oppugnet,in-

2240 5459 2351 5514 que
2376 5458 2502 5500 eam
2527 5461 2649 5499 rem
2681 5446 2910 5502 Dictinii
2947 5448 3198 5519 episcopi
3228 5450 3670 5504 Priscillianistae
3703 5450 3939 5515 librum,

2240 5532 2333 5587 cui
2359 5533 2542 5587 Libras
2553 5549 2788 5603 nomen,
2815 5536 3037 5590 refellat
3058 5536 3245 5605 (Ibid.,
3269 5554 3324 5592 η.
3352 5538 3425 5609 5).
3444 5536 3588 5591 Illud
3612 5554 3786 5609 porro
3804 5555 3944 5593 con-
