4062 6346
162 286 256 338 517
1599 285 1812 343 LIBER
1852 284 2194 342 OCTAVUS.

159 410 244 460 tra
264 403 626 459 mendacium
656 420 800 476 opus
824 419 996 460 verno
1024 404 1248 459 circiter
1266 409 1545 477 tempore,
1587 406 1745 473 anni,
1788 410 1854 462 ut

159 493 403 561 videtur,
436 493 734 564 praesentis
758 494 1156 549 elucubratum
1178 493 1305 549 fuit.
1341 496 1453 549 Nec
1480 498 1564 549 est
1590 495 1850 561 dubium,

161 582 300 655 quin
318 583 426 637 hoc
447 582 633 652 ipsum
658 598 806 652 opus
826 582 1081 637 innuerit
1099 582 1473 653 Augustinus,
1496 583 1595 638 ubi
1625 582 1811 638 aiebat
1837 599 1851 638 :

168 674 360 727 Verum
377 672 468 726 hic
483 672 818 739 difficillima
831 676 881 725 et
900 672 1324 725 latebrosissima
1342 673 1591 741 gignitur
1610 674 1849 742 questio,

160 762 225 815 de
253 775 363 828 qua
392 759 514 827 jam
540 758 801 826 grandem
830 759 1051 829 librum,
1087 775 1206 815 cum
1244 760 1602 829 respondendi
1626 762 1854 815 necessi-

160 855 243 904 tas
295 863 391 903 nos
433 852 666 916 urgeret,
708 848 1031 903 absolvimus
1064 848 1396 918 (Enchirid.,
1453 864 1508 903 η.
1557 850 1635 919 6).
1694 849 1854 913 Quod

160 936 311 993 enim
363 935 567 991 attinet
609 936 682 990 ad
728 936 941 991 librum
982 936 1053 991 de
1108 936 1418 1004 Mendacio,
1472 937 1855 1008 compositum

159 1041 289 1080 eum
318 1024 491 1079 fuisse
518 1024 588 1079 ad
614 1024 1080 1095 respondendum
1110 1023 1359 1096 cuipiam
1407 1040 1523 1079 non
1574 1024 1852 1080 videmus.

163 1112 279 1165 Huc
325 1111 493 1179 adde,
538 1112 803 1166 eumdem
857 1128 975 1166 non
1025 1117 1158 1167 ante
1220 1112 1498 1184 prodiisse
1539 1112 1601 1167 in
1643 1114 1852 1182 lucem,

160 1216 333 1271 quam
374 1200 730 1271 Augustinus
766 1201 838 1256 ad
879 1216 1053 1272 opera
1090 1218 1193 1256 sua
1220 1201 1581 1257 retractanda
1616 1217 1853 1257 manum

160 1288 499 1343 admovisset
520 1291 772 1357 (Retract.
805 1290 900 1344 lib.
937 1293 987 1352 1,
1018 1306 1145 1360 cap.
1183 1292 1297 1361 27).

230 1380 280 1431 5.
304 1376 613 1447 Epistolam
642 1377 801 1448 cujus
822 1376 1053 1431 initium
1073 1382 1177 1445 est,
1197 1379 1467 1445 Quantum
1482 1379 1557 1433 ad
1575 1379 1749 1434 oculos
1767 1383 1853 1433 at-

162 1468 292 1523 tinet
327 1467 630 1535 corporales
662 1467 857 1535 (Epist.
890 1469 1035 1535 205),
1067 1482 1187 1521 non
1230 1466 1395 1521 inviti
1425 1466 1852 1534 crediderimus,

160 1557 216 1607 et
243 1554 316 1607 ad
361 1554 628 1608 eumdem
669 1554 1056 1621 Consentium,
1088 1558 1145 1609 et
1186 1555 1390 1610 eodem
1438 1571 1671 1627 quoque
1703 1571 1854 1610 anno

159 1640 431 1712 scriptum
460 1657 473 1696 :
504 1642 793 1698 Consentii
817 1658 950 1697 vero
973 1643 1290 1713 epistolam,
1324 1643 1485 1713 cujus
1505 1642 1721 1698 ibidem
1745 1646 1856 1698 Au-

159 1732 422 1802 gustinus
443 1732 728 1800 meminit,
763 1749 892 1788 eam
920 1732 1106 1804 ipsam
1135 1749 1278 1801 esse,
1311 1750 1441 1806 quae
1470 1733 1763 1788 scribendo
1793 1732 1855 1787 li-

158 1820 278 1887 bro,
307 1820 380 1875 de
406 1837 521 1893 quo
553 1820 949 1889 narrabamus,
981 1820 1338 1877 occasionem
1369 1821 1609 1877 dederit.
1642 1824 1857 1877 Praeter

158 1909 302 1964 hanc
332 1909 660 1976 epistolam,
703 1914 964 1979 separata
1009 1911 1265 1965 chartula
1294 1910 1630 1967 Consentius
1657 1913 1854 1982 Augu-

158 1998 368 2053 stinum
399 1999 779 2071 quarumdam
807 1999 1191 2071 quiestionum
1217 1999 1555 2055 solutionem
1585 2003 1814 2071 rogarat
1837 2015 1850 2053 :

162 2095 221 2144 ut
242 2097 405 2160 puta,
431 2093 627 2144 utrum
648 2105 802 2144 nunc
821 2105 1029 2162 corpus
1051 2089 1276 2144 Domini
1294 2106 1420 2144 ossa
1439 2094 1495 2144 et
1512 2089 1854 2159 sanguinem

158 2178 385 2248 habeat,
417 2182 516 2233 aut
539 2177 761 2250 reliqua
788 2178 975 2233 carnis
1014 2177 1360 2233 lineamenta
1393 2194 1407 2232 :
1438 2182 1631 2232 utrum
1654 2176 1853 2248 singil-

162 2267 318 2323 latim
338 2283 372 2321 a
392 2271 647 2321 creatore
667 2268 782 2321 Deo
814 2283 1140 2338 corporum,
1167 2284 1293 2339 quae
1316 2283 1468 2322 nunc
1490 2267 1656 2333 ﬁunt,
1684 2266 1855 2321 linea-

164 2360 353 2412 menta
400 2354 719 2410 formentur
760 2370 775 2410 :
810 2359 1004 2421 utrum
1059 2355 1327 2427 baptizati
1386 2366 1583 2409 omnes
1629 2354 1854 2409 veniam

163 2443 473 2516 aliquando
516 2444 751 2498 tandem
797 2443 1156 2499 consecuturi
1202 2443 1338 2511 sint,
1384 2442 1609 2498 etiamsi
1640 2443 1854 2513 absque

162 2530 501 2603 paenitentia
530 2531 701 2586 variis
733 2531 1068 2587 criminibus
1109 2531 1333 2597 irretiti,
1366 2532 1435 2587 de
1473 2547 1713 2603 corpore
1758 2547 1853 2586 ex-

162 2619 333 2674 ierint
366 2635 380 2674 :
411 2623 607 2673 utrum
635 2619 736 2673 Dei
758 2620 926 2675 ﬂatus
947 2620 1009 2673 in
1029 2619 1232 2686 Adam,
1260 2619 1384 2690 ipsa
1401 2619 1473 2673 sit
1493 2619 1615 2690 ejus
1637 2618 1848 2673 anima.

163 2707 256 2760 llis
277 2706 348 2761 de
371 2706 540 2761 rebus
571 2706 637 2761 ad
664 2722 795 2761 eum
816 2706 1107 2778 rescripsit
1144 2706 1497 2778 Augustinus
1532 2722 1545 2760 :
1578 2706 1676 2761 sed
1708 2722 1853 2777 prae-

158 2793 322 2865 cipue
375 2810 548 2865 super
585 2798 735 2849 statu
775 2794 1058 2850 Dominici
1087 2795 1344 2866 corporis
1369 2811 1431 2849 ac
1455 2795 1755 2850 beatorum
1792 2792 1852 2847 in

161 2883 298 2937 coelo
332 2881 620 2937 disseruit.
656 2884 895 2938 Istarum
928 2884 1307 2955 quaestionum
1337 2888 1536 2939 auctor
1560 2883 1713 2938 idem
1758 2882 1855 2937 ille

162 2971 306 3025 forte
346 2975 432 3025 est
460 2971 818 3038 Consentius,
861 2971 960 3043 qui
994 2975 1125 3027 ante
1173 2972 1369 3026 decem
1413 2972 1642 3027 circiter
1672 2986 1855 3026 annos

161 3058 271 3113 alia
300 3060 565 3130 quaedam
626 3059 695 3114 de
739 3059 1013 3115 Trinitate
1061 3059 1404 3132 inquirebat,
1457 3060 1551 3114 cui
1593 3059 1857 3114 videlicet

160 3148 513 3219 Augustinus
549 3152 685 3203 tunc
730 3149 1078 3219 respondens
1112 3148 1333 3203 dicebat
1382 3164 1395 3204 :
1445 3150 1509 3204 In
1553 3149 1709 3203 libris
1749 3149 1856 3202 tuis

162 3238 316 3291 valde
339 3252 458 3291 sum
489 3241 578 3292 tuo
618 3238 910 3292 delectatus
940 3240 1173 3306 ingenio.
1201 3239 1337 3306 Ejus
1367 3239 1569 3306 quippe
1598 3252 1651 3290 es
1677 3235 1857 3303 facul-

163 3327 312 3391 tatis,
354 3330 416 3379 ut
443 3328 618 3395 possis
656 3342 718 3380 ea
756 3342 873 3396 quae
914 3330 1144 3381 senseris
1192 3327 1465 3395 explicare
1493 3326 1695 3396 (Epist.
1734 3325 1853 3389 l20,

163 3428 216 3466 n.
253 3412 323 3483 1).
352 3413 844 3477 Quemadmodum
862 3418 918 3468 et
942 3413 1051 3485 ipsi
1073 3430 1227 3468 nunc
1255 3414 1324 3468 de
1350 3413 1645 3468 mendacio
1664 3410 1860 3467 rescri-

163 3498 324 3566 bens,
355 3499 494 3555 dicit
537 3517 552 3554 :
594 3501 762 3556 Valde
794 3517 913 3556 sum
944 3506 1033 3556 tuo
1073 3502 1363 3557 delectatus
1392 3503 1620 3571 eloquio,
1654 3506 1704 3556 et
1730 3516 1859 3556 san-

163 3592 373 3642 ctarum
402 3591 657 3644 memoria
679 3590 1109 3660 Scripturarum,
1136 3592 1446 3660 ingeniique
1465 3591 1685 3644 solertia
1706 3590 1860 3657 (Con-

164 3680 251 3729 tra
279 3677 548 3743 Mendac.,
579 3693 635 3731 n.
673 3680 747 3746 1).
785 3677 884 3731 Ille
913 3694 1066 3732 anno
1098 3677 1663 3749 quadringentesimo
1705 3677 1855 3732 deci-

162 3778 256 3818 mo
298 3764 514 3819 insulas
544 3765 820 3835 quasdam
870 3765 1154 3820 incolebat
1197 3765 1395 3835 (Epist.
1432 3769 1552 3833 119,
1584 3782 1639 3820 n.
1692 3768 1773 3837 6),
1803 3769 1861 3820 et

160 3849 220 3905 in
252 3852 499 3905 Africam
526 3851 833 3922 Augustini
864 3852 1091 3907 videndi
1128 3869 1298 3907 causa
1333 3853 1630 3923 navigarat
1663 3854 1856 3923 (lbid.,

157 3954 212 3993 η.
251 3940 296 4008 1)
325 3957 341 3992 :
374 3940 472 3993 sed
502 3954 635 3993 eum
670 3954 767 3993 rus
795 3938 989 4010 aliqua
1018 3939 1348 3994 necessitate
1378 3941 1719 4009 profectum,
1774 3940 1856 3994 vi-

157 4027 294 4081 dere
338 4025 444 4079 sibi
483 4042 600 4080 non
645 4026 901 4080 licuerat.
954 4028 1029 4081 Eo
1077 4031 1272 4081 tamen
1302 4032 1556 4098 tempore
1587 4027 1859 4082 narrabat

153 4112 530 4184 Augustinus,
563 4128 620 4167 se
651 4112 946 4183 quidpiam
979 4113 1048 4168 ab
1076 4113 1175 4167 illo
1199 4113 1453 4181 audisse;
1479 4115 1624 4186 quod
1649 4114 1757 4169 nisi
1778 4115 1857 4169 ita

156 4202 384 4268 dixerit,
433 4207 497 4257 ut
528 4218 647 4256 non
688 4216 901 4270 coram,
950 4201 1049 4256 sed
1079 4201 1190 4255 alio
1222 4202 1469 4273 quodam
1497 4203 1667 4257 modo
1697 4202 1750 4257 id
1784 4203 1855 4257 ab

159 4289 256 4345 illo
295 4288 559 4345 didicisse
586 4288 966 4359 intelligatur,
994 4305 1109 4344 non
1138 4290 1405 4345 convenit
1435 4290 1494 4345 in
1532 4307 1664 4346 eum
1708 4293 1857 4347 Con-

159 4378 428 4443 sentium,
451 4378 614 4449 cujus
636 4378 804 4432 modo
825 4378 1167 4449 quaestiones
1184 4378 1455 4449 expendit
1474 4379 1850 4450 Augustinus.

161 4468 322 4522 Hunc
352 4466 507 4522 enim
548 4467 610 4522 in
657 4482 857 4521 eorum
888 4482 1127 4521 numero
1158 4466 1337 4539 ponit,
1373 4484 1516 4539 quos
1544 4483 1674 4521 cum
1707 4484 1856 4523 nun-

162 4571 336 4626 quam
364 4554 609 4621 vidisset,
643 4554 872 4609 amabat
898 4558 1114 4621 tamen;
1134 4558 1190 4609 et
1210 4571 1459 4626 quorum
1489 4561 1855 4627 conspectum

164 4661 229 4698 eo
259 4642 452 4697 animo
478 4642 838 4714 peroptabat,
860 4647 924 4697 ut
940 4658 1106 4697 suum
1122 4641 1185 4696 in
1207 4659 1305 4697 eos
1325 4659 1582 4699 amorem
1604 4646 1857 4715 expleret

165 4735 358 4803 (Epist.
392 4735 512 4798 120,
540 4747 596 4785 n.
636 4730 701 4801 1).

232 4824 285 4875 6.
318 4820 586 4875 Eamdem
618 4819 1177 4875 Priscillianistarum
1196 4818 1464 4874 hmresim
1503 4821 1856 4891 Augustinus

165 4924 264 4963 sua
312 4908 382 4963 ad
428 4906 713 4963 Ceretium
760 4908 1096 4979 episcopum
1162 4906 1404 4978 epistola
1462 4909 1659 4977 (Epist.
1709 4908 1854 4976 237),

165 4996 324 5067 cujus
345 5011 450 5050 nos
468 4998 696 5049 aetatem
714 4995 1069 5067 ignoramus,
1092 4994 1444 5067 aggreditur.
1461 4994 1712 5049 Ceretius
1737 4995 1852 5058 ille,

165 5083 232 5138 de
262 5084 515 5156 quodam
544 5081 771 5152 Argirio
794 5082 881 5138 illi
909 5083 1345 5154 signiﬁcaverat,
1370 5087 1428 5137 et
1454 5081 1527 5137 ad
1557 5098 1689 5137 eum
1710 5082 1858 5137 volu-

165 5171 321 5227 mina
362 5171 474 5226 duo
521 5170 773 5237 miserat,
821 5187 1022 5242 eaque,
1075 5170 1161 5225 uti
1203 5171 1448 5237 videtur,
1492 5172 1858 5243 apocrypha;

164 5260 352 5314 addito
381 5261 596 5332 hymno
627 5274 766 5325 uno,
792 5259 894 5331 qui
917 5258 1203 5313 ferebatur
1232 5275 1351 5313 esse
1383 5260 1589 5315 Christi
1607 5260 1853 5327 Domini,

166 5353 220 5402 et
245 5365 415 5421 super
434 5365 548 5421 quo
578 5347 889 5419 praecipue,
920 5346 1054 5420 quid
1085 5348 1181 5402 ille
1212 5349 1576 5404 sentiendum
1604 5349 1853 5417 duceret,

167 5453 234 5490 ex
282 5437 537 5507 ejusdem
580 5436 785 5491 litteris
836 5452 1179 5507 cognoscere
1233 5435 1518 5507 cupiebat.
1562 5437 1763 5507 Magna
1800 5442 1858 5494 et

168 5525 433 5581 continua
462 5523 709 5597 negotia,
749 5523 957 5596 quibus
985 5523 1082 5577 Vir
1110 5528 1577 5593 sanctustantum
1606 5540 1722 5581 non
1754 5542 1856 5597 op-

3554 300 3656 350 518

1962 406 2338 477 primebatur,
2370 408 2424 462 ei
2469 408 2560 462 vix
2596 409 2733 464 satis
2782 410 2884 466 otii
2934 410 3312 482 reliquerunt,
3344 418 3409 468 ut
3446 415 3656 470 horum

1960 495 2318 551 voluminum
2347 496 2591 551 alterum
2624 497 2977 553 decurreret:
3010 500 3162 571 quod
3199 501 3353 556 enim
3400 503 3466 558 ad
3516 505 3655 558 alte-

1960 600 2112 652 rum,
2142 584 2203 640 id
2231 584 2423 657 aliquo
2454 584 2781 640 distractum
2808 590 2913 653 est,
2938 591 3002 642 ut
3019 587 3163 643 illud
3185 593 3386 660 postea
3404 590 3656 662 reperire

1959 689 2076 727 non
2104 672 2344 729 licuerit.
2379 675 2583 729 Exacto
2613 674 2789 746 igitur
2814 691 2931 730 non
2959 675 3041 730 ita
3065 676 3226 731 brevi
3244 677 3542 733 intervallo
3571 695 3657 733 re-

1960 761 2189 833 spondit
2220 761 2462 830 Ceretio,
2502 762 2668 834 eique
2697 779 2756 817 se
2786 763 3109 819 existimare
3140 766 3443 834 nuntiavit,
3491 767 3655 839 Argi-

1959 849 2112 905 rium
2142 855 2243 905 aut
2269 850 2826 906 Priscillianistarum
2855 857 3023 907 sectae
3045 869 3258 908 nomen
3286 854 3527 922 dedisse,
3558 859 3658 911 aut

1962 939 2165 993 saltem
2193 955 2393 993 eorum
2424 956 2644 994 errores
2676 941 2878 995 sectari
2919 940 3381 1013 imprudentem;
3437 944 3657 1016 sibique

1961 1026 2297 1099 neutiquam
2315 1027 2498 1083 videri
2522 1028 2785 1099 dubium,
2821 1029 2960 1101 quin
2989 1030 3197 1101 scripta
3224 1030 3341 1099 illa,
3374 1048 3503 1103 quae
3532 1033 3657 1104 ejus

1960 1115 2136 1169 missu
2176 1116 2251 1171 ad
2271 1132 2329 1171 se
2359 1118 2584 1187 perlata
2620 1117 2867 1185 fuerant,
2898 1134 3017 1173 non
3044 1119 3158 1173 alia
3188 1124 3375 1175 essent
3401 1121 3472 1176 ab
3500 1121 3654 1177 hisce

1960 1205 2320 1277 apocryphis,
2351 1206 2559 1277 quibus
2578 1207 2813 1279 perinde
2835 1212 3004 1279 atque
3022 1208 3228 1263 divinis
3252 1208 3651 1267 abutebantur.

1959 1294 2155 1349 Refert
2181 1294 2326 1349 bene
2348 1294 2531 1350 multa
2555 1295 2728 1350 verba
2754 1312 2823 1351 ex
2845 1312 2911 1350 eo
2940 1296 3175 1367 hymno,
3207 1314 3380 1370 quem
3396 1298 3507 1370 ipsi
3534 1300 3652 1355 ha:-

1959 1379 2119 1434 retici
2146 1380 2336 1453 ipsum
2362 1381 2516 1437 hunc
2547 1399 2667 1438 esse
2704 1384 3064 1455 jactitabant,
3104 1386 3203 1457 qui
3241 1387 3405 1442 ﬁnita
3456 1388 3658 1443 ultima

1959 1484 2119 1523 caena
2143 1468 2330 1524 fuerat
2358 1486 2389 1524 a
2431 1470 2652 1525 Christo
2690 1471 2894 1539 dictus,
2935 1489 3166 1545 quoque
3200 1474 3483 1546 ejusmodi
3526 1493 3656 1548 my-

1961 1557 2130 1612 steria
2157 1558 2803 1630 comprehenderentur,
2834 1559 3043 1631 quibus
3080 1561 3368 1632 capiendis
3404 1565 3657 1635 vulgaris

1959 1649 2110 1700 notae
2144 1645 2405 1702 homines
2435 1663 2602 1718 pares
2650 1664 2765 1702 non
2814 1653 3021 1703 essent.
3074 1650 3149 1703 Eo
3187 1650 3333 1705 nihil
3378 1652 3656 1707 contineri

1962 1734 2231 1797 ostendit,
2265 1735 2418 1806 quod
2448 1734 2738 1790 canonicae
2768 1736 3118 1791 auctoritatis
3162 1736 3292 1791 libri
3329 1754 3445 1792 non
3477 1739 3653 1794 habe-

1958 1826 2107 1889 rent,
2130 1822 2177 1877 si
2201 1823 2345 1878 ratio
2375 1839 2490 1894 qua
2525 1823 2689 1877 illum
2717 1822 2942 1893 publice
2967 1822 3507 1894 interpretabantur,
3536 1843 3658 1898 spe-

1960 1915 2247 1965 ctaretur:
2281 1927 2412 1965 vero
2443 1916 2637 1966 tamen
2676 1910 3035 1965 simillimum
3079 1928 3222 1982 esse,
3261 1912 3389 1967 illos
3425 1914 3658 1969 haeresis

1960 2015 2077 2054 suae
2107 1999 2378 2070 dogmata
2407 1998 2573 2054 isthic
2601 1998 2902 2065 occultare,
2937 2015 3066 2071 quas
3111 1999 3227 2054 suis
3264 2003 3657 2059 tantummodo

1961 2087 2238 2159 prodant;
2272 2086 2409 2158 quia
2440 2102 2638 2141 revera
2684 2086 2904 2141 nefaria
2931 2091 3063 2142 sunt
3105 2091 3161 2143 et
3189 2088 3554 2145 detestanda:
3588 2091 3657 2146 iis

1959 2180 2311 2248 praeceptum
2330 2191 2582 2247 quoque,
2604 2179 2670 2230 ut
2689 2175 3157 2230 occultandorum
3169 2176 3504 2247 dogmatum
3534 2195 3661 2233 suo-

1961 2280 2089 2320 rum
2106 2280 2293 2331 causa,
2328 2263 2502 2319 etiam
2530 2280 2659 2318 cum
2681 2263 2821 2318 falsa
2842 2263 3130 2334 juratione
3149 2265 3519 2335 mentiantur,
3541 2272 3660 2323 tra-

1960 2352 2019 2407 di
2047 2352 2107 2406 in
2134 2352 2256 2407 haec
2280 2352 2454 2407 verba
2478 2369 2491 2406 :
2524 2356 2680 2419 Iura,
2708 2354 2962 2422 perjura,
2991 2359 3249 2408 secretum
3270 2355 3498 2424 prodere
3523 2355 3657 2412 noli.

1962 2440 2223 2494 Testatur
2266 2439 2492 2494 abunde
2549 2456 2609 2495 se
2662 2440 2721 2494 id
2751 2439 2975 2511 aliaque
3019 2439 3171 2494 illius
3228 2446 3393 2495 secta:
3449 2442 3661 2497 scelera

1961 2527 2172 2583 habere
2202 2527 2432 2599 cognita
2469 2543 2536 2583 ex
2568 2527 2639 2582 iis
2669 2527 2826 2593 viris,
2861 2528 2961 2599 qui
2991 2544 3123 2583 cum
3152 2528 3214 2583 in
3231 2529 3330 2584 illa
3358 2529 3519 2601 prius
3547 2531 3661 2585 hae-

1963 2617 2188 2684 sissent,
2217 2616 2349 2672 inde
2394 2622 2593 2689 postea
2623 2616 2815 2671 divino
2867 2617 3141 2672 beneﬁcio
3181 2619 3363 2689 erepti
3401 2619 3653 2675 fuerant.

2644 2705 2868 2759 CAPUT
2909 2706 2978 2760 ΙΙ.

1969 2794 1988 2846 1
2013 2793 2263 2847 Julianus
2284 2793 2447 2847 libros
2472 2793 2731 2847 adversus
2750 2794 3092 2861 Augustinus
3113 2798 3367 2861 quatuor,
3391 2799 3441 2849 et
3453 2797 3661 2865 aliquot

2029 2897 2130 2951 pro
2152 2882 2461 2947 Pelagianis
2478 2882 2731 2949 epistolas
2752 2882 2959 2934 scribit.
2980 2885 3013 2934 2
3028 2883 3367 2949 Augustinus
3380 2889 3660 2952 excerptas

2031 2985 2099 3023 ea:
2115 2970 2294 3038 primo
2324 2969 2585 3022 librorum
2611 2967 2825 3022 Iuliani
2837 2968 3127 3023 sententias
3158 2972 3381 3037 refellit,
3413 2971 3556 3026 edito
3587 2972 3662 3025 ad

2034 3057 2323 3113 Valerium
2348 3057 2482 3110 libro
2503 3056 2749 3119 secundo;
2772 3072 2971 3110 necnon
2993 3062 3179 3111 contra
3198 3058 3337 3112 duas
3349 3059 3663 3126 Pelagiano-

2032 3161 2154 3199 rum
2179 3145 2644 3214 Epistolas,libris
2658 3149 2891 3215 quatuor
2904 3145 3334 3213 adBoni/‘acium
3363 3149 3602 3216 scriptis.
3630 3149 3660 3201 3

2034 3237 2141 3289 Hos
2170 3249 2345 3288 omnes
2369 3235 2672 3302 Augustini
2697 3234 2861 3288 libros
2887 3236 2945 3287 in
2971 3235 3191 3288 Italiam
3210 3234 3659 3304 defertAlgpius.

2033 3324 2067 3377 4
2094 3323 2248 3378 Alios
2280 3338 2375 3377 sea:
2396 3322 2558 3376 libros
2584 3324 2641 3375 in
2668 3322 2960 3376 Julianum
2989 3323 3330 3390 Augustinus
3355 3323 3487 3378 edit.
3520 3326 3549 3377 5
3572 3326 3665 3379 Re-

2034 3412 2298 3480 scriptum
2322 3410 2389 3464 ab
2410 3410 2721 3467 Constantio
2740 3412 3062 3479 imperatore
3077 3413 3459 3480 promulgatur
3478 3416 3665 3467 contra

2036 3499 2395 3566 Pelagianos;
2427 3504 2477 3553 et
2502 3499 2734 3555 Czelcstis
2774 3499 2885 3553 dea:
2929 3500 3184 3568 templum
3236 3500 3345 3553 solo
3391 3505 3657 3568 aequatur.

2040 3589 2093 3640 1.
2134 3585 2390 3640 Vidimus
2419 3603 2568 3641 anno
2602 3586 2907 3657 superiori,
2940 3586 3428 3657 quemadmodum
3465 3589 3661 3655 Augu-

1966 3671 2147 3726 stinus
2176 3673 2245 3727 ad
2262 3673 2549 3727 Valerium
2571 3674 2837 3728 comitem
2867 3674 3076 3728 librum
3096 3675 3167 3728 de
3184 3675 3410 3745 Nuptiis
3438 3680 3495 3730 et
3521 3677 3665 3730 Con-

1964 3759 2312 3831 cupiscentia
2355 3760 2606 3832 primum
2651 3762 2937 3816 direxerit.
2970 3762 3022 3815 ls
3051 3762 3195 3816 liber
3230 3762 3292 3816 in
3342 3764 3529 3817 lucem
3572 3763 3665 3818 vix

1962 3848 2275 3919 prodierat,
2320 3864 2452 3903 cum
2478 3848 2737 3904 Julianus
2768 3865 2798 3903 e
2831 3849 3047 3919 Pelagii
3078 3849 3321 3905 factione
3361 3849 3662 3921 episcopus

1966 3936 2286 3991 Eclanensis
2324 3937 2501 3992 libros
2543 3937 2604 3991 in
2648 3937 2811 3992 illum
2856 3954 3040 3992 unum
3082 3940 3327 4009 quatuor
3354 3939 3658 4011 evulgavit.

1964 4024 2124 4080 Illius
2162 4029 2355 4080 tamen
2383 4025 2571 4096 reipsa
2598 4042 2671 4080 ne
2702 4025 2935 4097 quidem
2961 4031 3224 4097 quartam
3261 4031 3483 4097 partem
3530 4043 3661 4098 per-

1964 4113 2300 4184 stringebat,
2315 4117 2614 4168 contentus
2627 4130 2755 4186 qua:
2784 4114 3064 4169 debiliora
3082 4119 3327 4185 putaret,
3354 4116 3659 4186 exagitare,

1963 4202 2128 4273 quasi
2156 4202 2381 4256 futurus
2421 4207 2570 4256 esset
2598 4218 2767 4256 nemo
2806 4202 2905 4274 qui
2951 4207 3136 4257 totum
3175 4208 3485 4276 utrumque
3517 4221 3662 4276 opus

1963 4290 2245 4345 evolveret
2262 4291 2434 4360 (Cont.
2457 4293 2689 4357 Julian,
2720 4291 2814 4346 lib.
2852 4295 2898 4352 l.
2921 4307 2977 4346 n.
3006 4292 3078 4363 2).
3106 4292 3354 4347 Veritate
3383 4293 3659 4360 desertus,

1965 4379 2036 4433 ad
2055 4378 2360 4433 maledicta
2374 4379 3005 4449 convertebatur(lbid.,
3036 4396 3091 4434 n.
3113 4381 3162 4448 3)
3190 4396 3203 4433 :
3228 4379 3543 4435 Catholicos
3573 4381 3661 4435 in-

1958 4467 2175 4538 juriose
2190 4467 2634 4523 Manichaeorum
2645 4467 2875 4522 nomine
2889 4468 3377 4538 appellans,atque
3392 4468 3450 4523 in
3462 4469 3663 4540 primis

1963 4554 2370 4626 Augustinum,
2404 4571 2577 4626 quem
2607 4554 2778 4610 etiam
2809 4560 3168 4626 contemptus
3190 4572 3357 4611 causa
3382 4559 3666 4613 vocitabat

1965 4645 2205 4698 Poenum
2231 4642 2849 4714 disputatorem(lbid.,
2883 4644 2976 4697 lib.
3007 4647 3059 4709 3,
3091 4645 3268 4713 n.32).
3304 4644 3667 4700 Obtrectabat

1966 4747 2195 4802 quoque
2222 4732 2538 4795 nonnullis,
2566 4730 2667 4802 qui
2688 4730 2990 4802 Pelagiana
3004 4730 3454 4801 ejuratabzeresi,
3490 4734 3561 4787 ad
3583 4750 3665 4788 or-

1966 4820 2274 4873 thodoxam
2296 4819 2470 4873 tidem
2491 4819 2796 4886 redierant,
2813 4835 3056 4890 quorum
3082 4820 3302 4892 aliquos
3313 4822 3663 4893 Augustinus
3706 4819 3709 4822 ’

1964 4924 2215 4962 asserere
2242 4907 2467 4962 videtur
2486 4906 2594 4962 sibi
2623 4912 2788 4961 notos
2816 4923 2956 4974 esse,
2986 4924 3049 4962 ac
3077 4908 3253 4964 vitam
3280 4909 3468 4966 vivere
3493 4911 3663 4983 longe

1964 4996 2377 5062 castissimam;
2415 4996 2567 5067 quod
2604 5013 2738 5051 vero
2779 4997 2849 5052 ad
2899 4998 3059 5064 alios,
3101 4998 3337 5071 quinam
3386 5005 3571 5055 essent
3598 5000 3661 5070 ii,

1963 5085 2183 5139 nescire
2211 5101 2271 5139 se
2296 5085 2488 5156 (lbid.,
2521 5087 2617 5141 lib.
2650 5090 2703 5153 6,
2726 5102 2780 5140 η.
2800 5088 2921 5158 3ὕ);
2954 5087 3051 5142 sed
3083 5089 3366 5143 Valerium
3397 5089 3661 5143 comitem

1965 5174 2245 5229 tractabat
2271 5174 2741 5229 honoriﬁcentius
2756 5178 2928 5244 (Oper.
2948 5175 3166 5246 imperf.
3197 5177 3291 5231 lib.
3330 5180 3378 5241 l,
3412 5192 3531 5245 cap.
3553 5176 3657 5247 10).

1967 5261 2132 5317 Irrito
2162 5266 2367 5317 conatu
2399 5262 2712 5317 desudabat
2750 5264 2946 5334 (Ibid,
2975 5282 3095 5334 cap.
3130 5265 3240 5334 67),
3269 5280 3381 5334 quo
3408 5262 3467 5316 in
3493 5279 3659 5318 suum

1967 5367 2194 5405 sensum
2226 5350 2591 5422 detorqueret
2626 5350 2869 5405 celebria
2893 5351 2991 5405 illa
3020 5351 3191 5405 verba
3220 5349 3500 5419 Apostoli,
3531 5350 3660 5416 Quis

1965 5455 2046 5493 me
2074 5439 2326 5493 liberabit
2354 5440 2420 5493 de
2457 5455 2674 5509 corpore
2706 5441 2899 5495 mortis
2944 5440 3106 5508 hujus
3134 5442 3160 5491 Ξ)
3184 5439 3355 5507 (Rom.
3407 5454 3504 5504 vn,
3535 5439 3658 5509 24.)

1966 5527 2236 5592 Quaedam
2269 5527 2460 5582 Basilii
2497 5531 2554 5582 et
2580 5524 2959 5596 Chrysostomi
2990 5524 3157 5592 dicta,
3196 5540 3324 5595 quae
3353 5525 3658 5582 contende.
