4062 6352
400 244 501 296 519

396 366 497 420 bat
544 362 748 418 haeresi
801 378 918 418 suae
963 363 1171 429 favere,
1220 361 1577 433 proponebat
1602 361 1827 431 (Contra
1861 360 2091 429 Julian,

398 455 493 509 lib.
529 456 581 519 6,
610 470 673 508 η.
709 453 821 523 69).
859 450 1112 522 Denique
1142 467 1200 505 se
1225 449 1581 522 argumentis
1618 449 1887 504 omnibus
1924 465 1959 503 a
1999 450 2095 504 Ca-

399 540 623 596 tholicis
651 540 722 595 ad
752 539 1105 611 probandam
1136 538 1474 610 originalem
1503 538 1733 609 culpam
1761 536 1949 592 allatis
1985 552 2099 601 res-

400 644 721 701 ponsurum
758 627 1132 699 pollicebatur
1176 628 1389 696 (Operis
1436 629 1654 696 imperf.
1693 627 1787 680 lib.
1833 628 1882 692 1,
1920 641 1978 678 n.
2025 625 2092 694 l).

401 720 515 773 Hos
543 721 793 788 quatuor
820 716 991 770 libros
1015 715 1324 770 Turbantio
1358 714 1727 785 nuncupavit,
1760 730 1878 768 sua:
1913 712 2104 767 factio-

400 806 490 862 nis
518 805 817 877 episcopo:
852 819 1027 874 quem
1064 803 1252 858 virum
1298 819 1510 874 magno
1551 802 1827 857 virtutum
1878 801 2099 872 fulgore

399 894 771 965 conspicuum
797 891 1064 964 praedicat
1115 890 1176 946 in
1228 891 1355 946 aliis
1414 891 1484 946 ad
1537 892 1766 946 Florum
1807 888 1987 944 libris.
2027 891 2101 943 At

399 981 657 1054 proxime
703 985 831 1051 post
891 979 1073 1034 editos
1111 978 1277 1033 hosce
1331 978 1679 1049 posteriores
1708 977 1902 1043 libros,
1935 980 2098 1046 post-

401 1086 513 1140 que
543 1069 645 1123 has
674 1085 706 1122 a
732 1067 962 1124 Juliano
992 1066 1209 1130 laudes,
1238 1066 1505 1122 eumdem
1528 1065 1901 1122 Turbantium
1928 1065 2099 1133 Deus,

401 1156 663 1212 Ecclesiae
717 1172 821 1229 pro
877 1156 976 1211 illo
1028 1154 1291 1227 precibus
1339 1159 1627 1220 exoratus,
1676 1153 1745 1208 ab
1793 1151 2099 1223 Pelagiano

403 1261 597 1300 errore
622 1245 951 1310 liberatum,
979 1243 1051 1298 ad
1081 1242 1255 1297 fidem
1285 1242 1623 1297 catholicam
1651 1258 1753 1295 sua
1807 1241 2100 1311 operatio-

401 1350 475 1388 ne
506 1337 563 1387 et
597 1332 963 1387 miseratione
1002 1330 1296 1397 convertit,
1340 1330 1440 1384 illo
1486 1330 1608 1400 ipso
1646 1329 1884 1385 forsitan
1931 1330 2003 1384 ad
2040 1329 2101 1383 id

400 1438 539 1476 usus
568 1437 763 1492 opere,
796 1437 911 1492 quo
959 1435 1092 1474 eum
1135 1418 1395 1474 Julianus
1441 1418 1501 1473 in
1541 1419 1745 1473 haeresi
1795 1419 2099 1473 obﬁrmare

400 1510 695 1564 studuerat
736 1508 936 1581 (Ibid,
960 1508 1060 1564 lib.
1088 1510 1143 1575 2,
1167 1524 1292 1577 cap.
1314 1511 1401 1578 11,
1428 1513 1478 1562 et
1496 1508 1591 1562 lib.
1619 1511 1747 1577 5,11.
1773 1508 1845 1577 4).
1868 1506 2099 1563 Sanctus

400 1599 544 1664 forte
577 1597 929 1663 Turbantius,
961 1596 1041 1651 ait
1065 1596 1437 1667 Augustinus,
1471 1599 1588 1665 ipso
1627 1612 1782 1666 opere
1812 1600 1901 1651 tuo
1948 1596 2096 1661 lecto,

402 1684 548 1751 quod
574 1684 647 1737 ad
676 1699 794 1737 cum
824 1689 872 1738 te
899 1685 1178 1753 scripsisse
1205 1698 1599 1748 commemoras,
1624 1685 1787 1737 etiam
1817 1687 2102 1752 propterea

399 1773 458 1824 in
486 1770 806 1825 catholicam
833 1770 994 1838 ﬁdem
1022 1772 1342 1839 respiravit,
1373 1772 1629 1839 quoniam
1642 1775 1691 1824 te
1719 1773 1777 1825 in
1808 1772 1909 1825 tali
1936 1786 2101 1825 causa

399 1859 657 1926 defecisse
683 1860 928 1927 cognovit
954 1858 1150 1927 (Ibid,
1184 1859 1276 1912 lib.
1310 1859 1366 1924 4,
1396 1874 1454 1912 n.
1483 1860 1599 1928 30).
1634 1858 1963 1929 Conscripto
1993 1858 2102 1912 hoc

398 1963 568 2018 opere
597 1946 874 2012 Julianus,
892 1951 1147 2000 actutum
1176 1945 1477 2016 epistolam
1506 1946 1569 2000 in
1600 1945 1803 2001 Urbem
1818 1944 1972 2000 misit
2001 1961 2102 2017 per

400 2050 572 2105 quam
606 2050 749 2105 quos
780 2037 991 2104 posset,
1024 2038 1090 2088 ut
1128 2034 1265 2088 dicit
1301 2039 1529 2088 sanctus
1571 2035 1796 2101 Doctor,
1827 2051 1958 2089 suos
2004 2038 2103 2089 aut

395 2121 700 2191 inveniret,
730 2126 829 2176 aut
857 2122 1064 2176 faceret
1086 2122 1258 2191 (Cant.
1291 2125 1437 2176 Duas
1467 2124 1646 2191 Epist.
1670 2124 1878 2190 Pelag.,
1912 2122 2008 2178 lib.
2047 2125 2098 2188 1,

395 2213 546 2281 π.3).
573 2210 792 2265 Ibidem
818 2209 1143 2272 audientiae,
1168 2209 1275 2264 hoc
1306 2214 1390 2263 est
1404 2210 1622 2280 synodi,
1647 2226 1821 2281 quam
1851 2209 2101 2280 Pelagia-

401 2315 477 2353 na
504 2297 674 2353 factio
706 2297 1018 2368 flagitabat,
1050 2296 1313 2351 meminit
1350 2297 1544 2366 (Ibid.,
1575 2313 1630 2352 η.
1665 2298 1771 2367 12).
1804 2298 1960 2352 Hanc
1986 2296 2101 2366 epi-

402 2387 606 2440 stolam
632 2384 989 2456 Augustinus
1017 2384 1205 2456 primo
1235 2401 1337 2439 suo
1357 2384 1502 2439 libro
1531 2384 1604 2438 ad
1637 2384 1987 2439 Bonifacium
2020 2400 2101 2438 re—

398 2473 564 2528 fellit.
623 2474 960 2543 Quanquam
1008 2472 1229 2527 videtur
1264 2472 1521 2527 Julianus
1558 2488 1697 2526 vana
1734 2472 1983 2543 quadam
2031 2473 2099 2526 de

401 2577 568 2615 causa
595 2560 837 2615 voluisse
856 2561 1014 2614 illam
1042 2560 1342 2627 abdicare;
1376 2575 1479 2614 nec
1510 2560 1805 2631 prohibuit
1834 2559 2099 2631 Augusti-

342 2701 353 2708 .
401 2667 547 2706 nus:
580 2652 643 2707 Si
696 2667 832 2715 eam,
882 2632 1088 2722 inquit,
1120 2666 1226 2705 non
1268 2653 1530 2719 agnoscis,
1576 2666 1689 2705 ccce
1712 2666 1820 2705 non
1873 2653 1947 2706 sit
2006 2655 2100 2704 tua

397 2740 838 2811 (Operisimperf.
870 2739 962 2793 lib.
988 2742 1037 2805 1,
1071 2756 1130 2794 n.
1174 2740 1276 2807 18).
1312 2739 1377 2792 In
1417 2738 1617 2793 eadem
1660 2737 1901 2809 epistola
1948 2737 2099 2792 istud

398 2829 586 2900 ipsum
616 2829 807 2899 legere
840 2833 981 2895 erat,
1015 2828 1168 2899 quod
1189 2827 1628 2899 Pelagianorum
1643 2826 1953 2882 octodecim
1977 2828 2098 2898 epi-

401 2933 702 2987 scoporum
716 2917 947 2971 nomine
968 2916 1037 2971 ad
1059 2914 1616 2971 Thessalonicensem
1630 2914 1948 2970 antistitem
1968 2915 2101 2970 mis-

397 3025 457 3062 sa
488 3008 727 3079 epistola
756 3006 1103 3072 continebat,
1137 3005 1352 3061 scilicet
1378 3004 1682 3077 Augustini
1711 3005 1859 3060 dicta
1886 3005 1956 3060 ab
1984 3006 2101 3060 suis

396 3093 915 3165 ipsoruminimicis
930 3094 988 3148 in
1012 3093 1206 3148 odium
1220 3092 1472 3147 veritatis
1494 3109 1616 3147 esse
1645 3098 1908 3163 suscepta
1921 3094 2092 3163 (Cont.

397 3186 542 3237 Duas
571 3185 749 3251 Epist.
772 3183 954 3247 Pelag.
979 3181 1075 3235 lib.
1104 3184 1153 3246 1,
1183 3197 1240 3235 n.
1271 3184 1303 3235 9
1326 3196 1341 3245 ς
1362 3181 1456 3234 lib.
1479 3182 1536 3248 4,
1561 3196 1616 3235 n.
1648 3182 1735 3248 20)
1763 3197 1905 3251 :quo
1927 3181 2099 3234 eloco

396 3273 671 3333 utrasque
698 3269 801 3323 sub
832 3269 942 3322 hoc
960 3267 1114 3322 idem
1137 3273 1366 3338 tempus
1390 3261 1627 3337 scriptas
1641 3267 1814 3321 fuisse
1835 3266 2101 3338 conjicias

397 3357 561 3411 licet:
597 3355 756 3427 atqui
776 3357 881 3410 hoc
897 3356 1100 3409 saltem
1130 3354 1366 3433 minime
1385 3355 1723 3425 ambiguum
1746 3359 1849 3422 est,
1874 3355 2101 3410 easdem

395 3444 844 3515 haudquaquam
873 3442 1091 3497 tardius
1120 3443 1179 3496 in
1209 3442 1395 3509 lucem
1424 3442 1719 3513 prodiisse.

470 3535 527 3588 2.
561 3533 705 3588 Cum
737 3537 978 3603 utraque
1024 3531 1146 3585 haec
1192 3531 1435 3602 epistola
1483 3531 1541 3585 in
1591 3547 1794 3586 manus
1826 3532 2100 3587 Bonifacii

397 3637 582 3692 papae,
613 3636 729 3675 non
750 3636 884 3674 sane
924 3618 1033 3673 nisi
1072 3618 1509 3691 vigilantissima
1538 3619 1958 3675 Catholicorum
1990 3621 2098 3675 Ro-

397 3723 701 3776 manorum
733 3706 1030 3778 diligentia
1061 3747 1076 3774 ,
1104 3706 1353 3763 venisset
1378 3707 1558 3778 (Ibid,
1591 3708 1685 3765 lib.
1725 3711 1774 3776 l,
1804 3724 1861 3763 η.
1895 3710 1978 3776 3);
2008 3708 2101 3763 hic

398 3794 525 3850 illas
556 3794 874 3867 Augustino
899 3794 1115 3850 curavit
1143 3795 1480 3850 deferendas
1519 3812 1623 3867 per
1652 3801 1910 3851 sanctum
1959 3797 2098 3867 Aly-

396 3884 581 3955 pium,
613 3885 713 3956 qui
735 3883 1178 3938 transmarinam
1189 3883 1604 3955 profectionem
1631 3885 1734 3938 hac
1761 3889 2099 3955 tempestate

393 3989 493 4027 cur
521 3973 854 4044 susceperit,
888 3972 1053 4027 nobis
1083 3972 1345 4043 ignotum
1392 3976 1494 4027 est.
1541 3973 1698 4026 Tunc
1740 3988 1914 4043 porro
1961 3971 2094 4043 ipsi,

393 4076 525 4114 cum
555 4061 841 4115 Ravenna;
859 4064 1025 4126 esset,
1056 4059 1273 4114 litteras
1293 4058 1364 4113 ad
1394 4058 1781 4130 Augustinum
1797 4058 1956 4114 dedit
1991 4060 2098 4113 Va-

392 4147 569 4202 lerius
596 4164 808 4216 comes,
855 4147 1063 4218 quibus
1112 4152 1168 4200 et
1209 4146 1421 4217 gratias
1459 4147 1529 4200 de
1566 4146 1741 4200 misso
1790 4147 1899 4201 sibi
1951 4147 2098 4201 libro

393 4235 598 4306 agebat
616 4239 808 4288 sancto
836 4233 1080 4301 Doctori,
1108 4238 1164 4288 et
1183 4250 1315 4287 eum
1340 4234 1512 4288 simul
1538 4234 1900 4301 admonebat,
1921 4239 1984 4288 ut
1998 4251 2101 4305 per

393 4326 710 4376 memoratu
719 4321 1048 4392 mAlypium
1066 4321 1301 4384 audiret,
1309 4321 1448 4394 quid
1461 4321 1716 4376 haeretici
1726 4326 1923 4377 contra
1936 4340 2100 4393 quos-

397 4410 531 4464 dam
560 4399 733 4479 hujus
758 4408 891 4464 libri
938 4410 1094 4464 locos
1115 4409 1403 4480 jactarent
1439 4409 1532 4481 (De
1559 4412 1730 4479 Nupt.
1761 4414 1810 4465 et
1837 4413 2095 4481 Concup.,

394 4498 489 4551 lib.
514 4498 570 4563 2,
600 4512 657 4551 η.
713 4496 784 4566 1).
812 4495 1009 4551 Eidem
1039 4496 1244 4568 Alypio
1291 4497 1559 4552 Ravenna
1602 4497 1834 4569 posthac
1858 4498 2098 4552 Romam

396 4584 652 4654 profecto
680 4583 939 4639 Valerius
960 4584 1277 4640 chartulam
1302 4584 1460 4640 misit
1484 4585 1555 4640 ad
1589 4584 1974 4657 Augustinum
2005 4586 2099 4641 de-

392 4672 708 4740 ferendam,
728 4690 841 4745 qua
853 4674 1293 4729 continebantur
1310 4673 1609 4728 sententiae
1640 4674 1708 4729 de
1737 4674 1886 4728 libro
1908 4674 2095 4745 primo

391 4759 740 4833 Juliani,per
756 4762 1086 4834 quempiam
1114 4762 1181 4817 ad
1198 4761 1424 4817 libitum
1455 4761 1748 4817 nonnullis
1761 4761 1936 4817 etiam
1965 4780 2093 4817 mu-

394 4846 528 4901 tatis
557 4847 857 4920 decerptze,
884 4854 1054 4922 atque
1088 4851 1158 4906 ad
1189 4851 1458 4906 eumdem
1489 4850 1790 4921 Comitem,
1823 4856 1884 4906 ut
1906 4853 2096 4923 Augu-

390 4933 523 4989 stini
540 4935 683 4990 libro
708 4952 1052 5007 responsum
1072 4939 1300 4993 brevius
1320 4944 1490 5011 atque
1505 4940 1824 5011 expeditius
1835 4939 2088 5004 haberet,

389 5024 739 5079 transmissa:
772 5025 978 5095 (Operis
991 5029 1212 5095 imperf.
1242 5029 1463 5098 Praef.)
1497 5029 1605 5082 Has
1623 5044 1760 5099 ergo
1783 5028 2094 5083 sententias

383 5112 761 5182 perferendas
778 5112 846 5167 ad
865 5114 1248 5183 Augustinum
1278 5114 1516 5180 curavit,
1541 5119 1742 5185 petens
1760 5119 1822 5169 ut
1841 5115 2090 5183 easdem,

391 5201 1035 5271 quammaximaposset
1049 5201 1358 5268 celeritate,
1399 5202 1695 5257 refutaret.
1729 5202 1969 5274 Alypius
1990 5205 2094 5259 Ro-

392 5303 500 5342 mie
530 5305 564 5342 a
595 5286 881 5342 Bonifacio
912 5304 1063 5358 papa
1091 5287 1502 5358 benignissime
1552 5294 1813 5360 acceptus
1861 5295 1965 5357 est,
1994 5289 2095 5345 ubi

394 5391 525 5429 cum
553 5392 620 5430 eo
651 5376 968 5440 convivens,
995 5392 1169 5447 parvo
1199 5376 1334 5429 licet
1361 5380 1637 5447 tempore,
1671 5393 1878 5448 magno
1900 5377 1951 5431 ei
1964 5378 2095 5448 jun-

390 5467 511 5517 ctus
543 5464 766 5533 affectu,
796 5464 1066 5520 eumdem
1086 5462 1195 5536 ipsi
1228 5478 1455 5535 quoque
1485 5464 1804 5535 Augustino
1825 5465 2095 5520 amicitiae

1646 237 1803 292 VITA
1839 236 1895 292 S.
1934 234 2310 291 AUGUSTINI
2351 235 2685 292 EPISCOPI.

3809 242 3923 294 320

2207 360 2561 416 strictissime
2588 375 2739 414 nexu
2769 357 3042 430 obligavit
3071 359 3245 428 (Cout.
3280 362 3427 414 Duas
3473 362 3652 430 Epist.
3693 362 3917 430 Pelay.,

2208 451 2303 505 lib.
2332 455 2458 517 l,n.
2490 451 2558 519 1.)
2603 450 2960 520 Quapropter
3000 447 3321 502 Bonifacius
3367 450 3569 519 Alypio
3597 450 3742 505 duas
3783 450 3923 506 illas

2208 538 2494 609 epistolas,
2528 542 2588 592 ut
2614 555 2648 592 a
2675 537 2839 592 nobis
2862 537 2986 607 jam
3017 537 3401 603 observatum,
3449 538 3689 593 alteram
3734 555 3923 611 quam

2205 626 2464 681 Julianus
2485 627 2748 693 Romam,
2772 626 3014 679 alteram
3039 641 3212 696 quam
3236 625 3551 681 octodecim
3563 627 3825 699 episcopi
3844 628 3922 682 ad

2208 716 2421 771 Rufum
2470 713 3031 771 Thessalonicensem
3060 713 3422 785 scripserant,
3456 715 3529 769 ob
3568 716 3678 770 hoc
3706 716 3924 787 preciu-

2207 819 2320 874 pne
2348 803 2604 871 tradidit,
2629 801 2786 874 quod
2812 802 2874 881 in
2904 807 3148 874 utraque
3179 807 3439 857 sanctum
3483 805 3790 860 Doctorem
3818 822 3917 860 ca-

2208 891 2489 947 lumniose
2519 891 2780 946 habitum
2809 896 3067 946 cerneret
3094 890 3279 961 (Ibid,
3305 891 3399 947 lib.
3425 895 3477 960 2,
3512 908 3569 947 η.
3598 895 3670 962 3).
3724 894 3920 950 Rediit

2208 980 2401 1052 itaque
2429 979 2666 1051 Alypius
2699 979 2761 1033 in
2788 978 3037 1033 Africam
3068 979 3296 1034 duobus
3324 978 3478 1035 hisce
3507 980 3669 1035 libris
3693 997 3759 1035 ac
3792 998 3915 1036 me-

2208 1075 2425 1123 morata
2465 1066 2879 1123 sententiarum
2908 1067 3170 1121 chartula
3213 1071 3469 1122 onustus.
3508 1069 3617 1123 Has
3644 1070 3918 1139 Augusti-

2208 1173 2318 1211 nus
2337 1156 2647 1211 sententias
2669 1172 2733 1209 ex
2755 1154 2914 1209 libris
2929 1155 2957 1210 J
2965 1154 3142 1209 uliaui
3157 1155 3422 1210 collectas
3438 1172 3560 1211 esse
3577 1158 3702 1228 conj
3714 1157 3916 1228 iniens,

2209 1244 2414 1298 melius
2443 1244 2565 1299 fore
2588 1243 2903 1315 judicabat,
2954 1242 3001 1296 si
3033 1242 3297 1296 universo
3326 1242 3437 1314 ipsi
3467 1245 3625 1316 operi
3649 1245 3776 1316 ejus
3813 1263 3916 1301 re-

2208 1332 2457 1387 fellendo
2508 1332 2666 1387 daret
2710 1346 2943 1402 operam
2989 1337 3431 1387 :verumtamen
3480 1332 3788 1389 arbitratus
3828 1340 3917 1389 est

2210 1419 2318 1475 sibi
2347 1419 2756 1487 festinandum,
2805 1423 2869 1472 ut
2911 1419 3131 1473 Valerio
3179 1420 3377 1474 comiti
3426 1421 3775 1477 satisfaceret
3811 1424 3917 1493 (De

2210 1509 2380 1576 Nupt.
2423 1512 2474 1561 et
2525 1507 2790 1575 Concup.,
2843 1506 2937 1559 lib.
2983 1509 3039 1572 2,
3070 1522 3126 1560 n.
3161 1507 3233 1575 3).
3262 1507 3649 1571 Quamobrem
3688 1508 3751 1564 in
3784 1509 3916 1564 illas

2211 1594 2523 1649 sententias
2543 1595 2786 1649 alterum
2805 1593 2990 1648 eidem
3012 1594 3232 1648 Valerio
3253 1594 3488 1663 librum,
3501 1596 3700 1651 eodem
3713 1597 3915 1667 titulo,

2211 1686 2285 1738 De
2311 1685 2532 1753 Nuptiis
2570 1686 2622 1737 et
2677 1684 3138 1751 Concupiscentia,
3169 1682 3528 1755 inscriptum,
3568 1685 3916 1756 quantocius

2212 1771 2408 1838 edidit,
2442 1787 2593 1826 anno
2639 1770 2758 1841 jam
2799 1787 2834 1824 a
2863 1770 3037 1841 primi
3081 1769 3215 1825 libri
3244 1770 3493 1825 editione
3522 1789 3640 1827 uno
3687 1773 3918 1836 circiter

2211 1865 2407 1915 exacto
2432 1876 2447 1914 :
2469 1864 2640 1931 atque
2661 1858 2741 1913 ibi
2759 1858 3063 1913 confutatis
3081 1858 3305 1913 Juliani.
3319 1858 3621 1914 calumniis
3640 1860 3914 1927 ostendit,

2211 1948 2549 2003 catholicum
2581 1947 2790 2019 dogma
2815 1947 2885 2001 de
2912 1946 3178 2019 originali
3202 1946 3352 2002 malo
3378 1947 3449 2002 ab
3472 1947 3917 2004 Manichaeorum

2210 2036 2415 2092 haeresi
2446 2035 2777 2106 longissime
2806 2034 3037 2090 distare.
3074 2035 3271 2091 Libros
3303 2035 3477 2090 etiam
3508 2040 3759 2107 quatuor
3778 2037 3919 2092 dua-

2210 2123 2315 2177 bus
2335 2124 2667 2179 memoratis
2697 2123 2950 2194 epistolis
2981 2123 3308 2179 refellendis
3330 2124 3712 2192 elucubravit;
3742 2125 3825 2181 ita
3854 2129 3917 2180 ut

2209 2211 2396 2282 primo
2416 2212 2562 2267 libro
2583 2210 2883 2282 epistolam
2907 2228 3035 2282 qua:
3053 2210 3251 2282 ipsius,
3273 2211 3652 2280 utferebatur,
3672 2213 3911 2281 Juliani,

2209 2300 2388 2355 tribus
2418 2300 2787 2372 sequentibus
2811 2299 3004 2365 aliam,
3024 2317 3153 2372 quae
3172 2299 3484 2355 octodecim
3508 2299 3915 2373 episcoporum

2211 2393 2352 2455 erat,
2384 2389 2771 2459 redargueret.
2808 2388 3110 2443 Enimvero
3141 2404 3270 2443 cum
3320 2388 3521 2459 gratiae
3554 2389 3914 2446 adversarios

2210 2494 2244 2531 a
2262 2476 2633 2531 sollicitandis
2656 2493 2761 2548 per
2784 2475 2967 2532 varias
2992 2476 3500 2531 commentationes
3520 2477 3917 2534 infirmior-um

2210 2565 2418 2620 animis
2447 2565 2666 2620 videret
2694 2581 2809 2620 non
2845 2564 3313 2636 interquiescere,
3345 2563 3520 2620 ofﬁcii
3549 2564 3637 2619 sui
3666 2581 3790 2619 esse
3814 2566 3915 2637 ju-

2209 2653 2435 2720 dicavit,
2468 2652 2671 2708 iisdem
2700 2653 2898 2708 eadem
2933 2652 3152 2707 ratione
3183 2668 3481 2708 occurrere
3506 2670 3520 2720 ;
3542 2656 3665 2707 tum
3684 2670 3794 2708 nec
3815 2656 3918 2708 Ca-

2207 2741 2548 2796 tholicorum
2585 2757 2937 2813 quemquam
2966 2740 3150 2810 decipi
3192 2740 3263 2795 ab
3309 2740 3379 2795 iis
3418 2745 3732 2812 pateretur,
3785 2746 3915 2797 tum

2209 2844 2281 2882 ne
2311 2826 2421 2899 ipsi
2450 2844 2509 2882 se
2545 2828 2630 2882 vel
2680 2843 2811 2882 suos
2836 2826 2910 2898 i,in
2963 2826 3062 2881 illo
3090 2826 3306 2882 nefario
3345 2843 3536 2881 errore
3587 2827 3910 2882 firmarent.

2210 2916 2354 2971 Illud
2378 2915 2567 2987 operis
2594 2915 2706 2986 ipsi
2725 2913 3091 2986 potissimum
3123 2915 3410 2969 Bonifacio
3442 2914 3669 2970 mittere
3701 2916 3916 2970 consti-

2209 3004 2340 3070 tuit,
2374 3010 2435 3060 ut
2462 3004 2623 3071 illud,
2646 3021 2764 3059 non
2783 3009 2900 3059 tam
2921 3003 3173 3058 discendi
3210 3003 3393 3076 gratia
3414 3006 3714 3071 evolveret,
3734 3021 3917 3076 quam

2211 3092 2579 3147 examinandi
2600 3092 3075 3162 emendandique,
3099 3092 3323 3163 quoties
3344 3092 3403 3146 in
3425 3093 3613 3147 locum
3633 3092 3914 3164 aliquem,

2211 3180 2312 3251 qui
2341 3180 2450 3235 sibi
2471 3180 2661 3236 minus
2682 3181 3038 3253 probaretur,
3072 3180 3368 3235 incideret.
3396 3181 3541 3234 Dum
3570 3181 3651 3235 ibi
3672 3180 3919 3252 injuria-

2210 3285 2330 3323 sam
2371 3268 2551 3338 illam,
2596 3284 2711 3340 qua
2753 3284 2946 3323 secum
2988 3267 3234 3338 agebant
3262 3267 3573 3338 Pelagiani,
3630 3267 3916 3323 rationem

2210 3362 2622 3413 commemorat
2653 3373 2666 3411 :
2697 3359 2884 3427 Spero,
2938 3356 3148 3429 inquit,
3199 3357 3264 3411 de
3301 3360 3524 3412 Domino
3570 3360 3675 3412 Deo
3703 3364 3912 3423 nostro,

2211 3444 2356 3513 quod
2375 3460 2483 3499 non
2507 3447 2622 3499 sine
2645 3445 2899 3513 mercede,
2924 3460 3043 3514 qua
3070 3446 3129 3498 in
3148 3445 3289 3498 cretis
3314 3449 3410 3512 est,
3444 3444 3531 3497 illi
3556 3459 3639 3498 me
3667 3444 3916 3497 lacerant

2213 3533 2368 3586 dente
2405 3533 2686 3595 maledico,
2725 3533 2920 3601 quibus
2948 3548 3031 3586 me
3045 3548 3148 3601 pro
3169 3533 3443 3602 parvulis,
3473 3546 3539 3585 ne
3565 3532 3761 3598 fallaci
3786 3533 3917 3585 lau-

2212 3620 2396 3675 datori
2417 3622 2636 3688 Pelagio
2652 3620 2865 3690 perditi
2883 3621 3284 3689 relinquantur,
3306 3619 3400 3673 sed
3423 3619 3604 3673 veraci
3631 3620 3919 3675 Saluatori

2211 3709 2425 3765 Christo
2455 3709 2727 3763 liberandi
2746 3709 3068 3778 offerantur,
3099 3723 3305 3778 oppono
3345 3708 3517 3778 (Cont.
3552 3709 3695 3761 Duas
3727 3709 3913 3777 Epist.

2210 3797 2420 3865 Pclag.,
2447 3797 2542 3851 lib.
2572 3800 2622 3862 l,
2648 3812 2743 3851 nn.
2775 3800 2828 3865 2,
2853 3799 2926 3866 3).

2283 3888 2334 3939 3.
2367 3884 2599 3955 Alypius
2627 3885 2687 3939 in
2718 3885 2939 3940 Italiam
2962 3885 3171 3940 iterum
3192 3883 3297 3938 sub
3320 3883 3576 3955 ejusdem
3604 3882 3745 3937 anni
3776 3899 3918 3954 qua-

2210 3972 2920 4044 dringentesimivigesimi
2942 3974 3117 4028 tinem
3135 3977 3233 4028 aut
3261 3973 3365 4027 sub
3390 3971 3647 4044 proxime
3663 3966 3919 4042 sequen-

2211 4061 2282 4114 tis
2311 4060 2545 4116 initium
2574 4061 2885 4133 trajiciens,
2917 4078 3093 4116 novas
3130 4060 3256 4116 illas
3286 4058 3592 4132 Augustini
3635 4059 3915 4115 adversus

2210 4148 2543 4220 Pelagianos
2572 4149 3015 4214 lucubrationes,
3052 4154 3299 4220 quatuor
3332 4148 3543 4203 scilicet
3579 4147 3651 4202 ad
3681 4147 3914 4201 Bonifa-

2209 4235 2362 4290 cium
2390 4236 2563 4291 libros
2605 4236 2814 4307 (Operis
2857 4239 3075 4306 imperf.
3122 4237 3219 4291 lib.
3275 4240 3321 4302 l,
3350 4253 3403 4291 n.
3461 4234 3549 4307 85)
3593 4239 3651 4289 et
3698 4252 3909 4290 secun-

2210 4323 2349 4379 dum
2378 4324 2451 4379 ad
2497 4324 2804 4392 Valerium,
2853 4324 3057 4379 detulit
3107 4324 3287 4393 (1bid.,
3317 4340 3373 4377 η.
3404 4324 3478 4389 ’7).
3538 4323 3749 4378 Contra
3790 4340 3920 4378 nio-

2208 4411 2546 4466 lestissimos
2575 4411 2840 4467 inimicos
2891 4412 3091 4483 gratiae
3133 4411 3233 4467 Dei
3270 4409 3463 4465 venire
3502 4414 3639 4464 tunc
3676 4426 3917 4473 necesse

2208 4504 2351 4567 erat,
2385 4500 2613 4571 quando
2644 4500 2704 4554 in
2734 4500 2848 4555 illis
2878 4500 3125 4554 maxime
3159 4499 3416 4571 partibus
3447 4498 3713 4553 haeresim
3746 4516 3918 4553 suam

2209 4586 2277 4642 ab
2306 4587 2543 4642 interitu
2586 4587 2870 4643 vindicare
2912 4587 3070 4642 omni
3110 4586 3299 4642 studio
3330 4586 3703 4641 conabantur.
3756 4586 3917 4641 Hauc

2208 4691 2342 4730 sane
2370 4675 2572 4747 Alypio
2595 4676 2890 4730 vel‘solam
2919 4676 3008 4730 vel
3036 4675 3389 4746 praecipuam
3420 4673 3695 4729 iterandre
3744 4674 3916 4728 navi-

2207 4763 2453 4834 gationis
2483 4780 2712 4820 causam
2730 4764 2900 4819 fuisse
2914 4763 3174 4819 arbitrati
3202 4762 3309 4832 illi,
3339 4763 3470 4817 hinc
3489 4762 3555 4817 ad
3578 4762 3915 4817 obtrectan-

2207 4851 2346 4905 dum
2377 4852 2706 4908 orthodoxis
2735 4869 2932 4907 ansam
2963 4852 3353 4922 arripuerunt,
3376 4849 3589 4906 Juliani
3618 4849 3753 4904 stilo
3781 4866 3914 4905 eam

2206 4938 2269 4993 in
2299 4954 2422 4994 rem
2454 4938 2793 4994 insolentius
2822 4940 3140 4994 abutentes.
3170 4936 3597 4993 Criminabatur
3624 4936 3744 5004 ille,
3785 4938 3922 5010 Aly-

2204 5027 2370 5098 pium
2395 5027 2501 5082 hac
2537 5027 2893 5098 profectione
2914 5025 3204 5098 octoginta
3235 5029 3291 5079 et
3312 5025 3559 5096 amplius
3585 5041 3767 5096 equos
3796 5030 3921 5080 tota

2205 5115 2396 5169 Africa
2424 5115 2712 5185 saginatos
2739 5114 2985 5169 tribunis
3010 5113 3305 5168 adduxisse
3336 5112 3526 5181 (Ibid,
3554 5129 3613 5167 η.
3642 5114 3739 5183 42)
3762 5131 3779 5176 ς
3807 5112 3921 5167 sibi

2205 5218 2339 5257 vero
2370 5202 2571 5257 exinde
2596 5202 2998 5257 blandiebatur
3034 5202 3092 5256 in
3117 5202 3269 5256 hunc
3289 5201 3523 5256 modum
3558 5216 3571 5254 :
3609 5201 3922 5271 Amplissi-

2206 5307 2353 5345 mam
2380 5306 2491 5345 esse
2517 5291 2692 5345 nostri
2724 5292 2928 5356 negotii
2963 5291 3304 5358 dignitatem,
3332 5293 3392 5343 ut
3418 5293 3543 5358 ipsa
3566 5305 3754 5343 rerum
3785 5306 3919 5345 con-

2207 5378 2468 5433 sideratio
2479 5383 2529 5433 et
2548 5380 2805 5447 appensio
2818 5378 3049 5445 indicat,
3068 5393 3204 5447 quas
3218 5382 3452 5443 tuemur,
3470 5381 3550 5431 ita
3562 5381 3729 5432 etiam
3742 5384 3926 5433 vester

2202 5482 2377 5535 pavor
2397 5484 2415 5532 ,-
2453 5467 2550 5535 qui
2592 5468 2780 5521 contra
2830 5471 3136 5523 nostrorum
3180 5468 3519 5533 sanguinem,
3555 5470 3928 5534 pecuniarum
