4062 6366
126 298 212 349 524
1256 282 1269 290 ’
1571 295 1779 353 LIBER
1816 295 2142 352 OCTAVUS.

126 412 395 481 effusione,
410 410 788 465 hereditatum
809 412 1083 480 largitate,
1110 427 1365 481 equorum
1388 416 1818 486 transmissione,

119 500 435 572 populorum
480 499 765 569 seditione,
792 505 1120 569 potestatum
1135 505 1473 572 corruptione
1487 510 1817 575 pugnantes,

124 596 171 645 et
204 589 360 656 ﬁdem
385 593 643 659 vestram,
685 605 804 659 quae
832 606 867 644 a
892 590 1065 646 nobis-
1095 593 1469 661 impugnatur,
1510 595 1820 649 erubescitis

120 681 358 750 profiteri
378 678 560 748 (Oper.
591 681 728 748 Imp.
756 680 793 733 l.
820 682 872 748 l,
901 696 955 734 η.
984 680 1186 749 74).Λο
1212 684 1338 751 post
1358 682 1538 737 multa
1568 684 1638 739 ad
1670 700 1821 739 eam-

126 768 250 823 dem
262 766 891 822 calumniandicausam
906 784 1162 823 reversus
1188 785 1202 823 :
1234 770 1350 823 Cur
1361 786 1504 837 ergo,
1528 771 1627 837 ait,
1651 775 1819 826 tantis

125 860 285 911 totam
297 856 517 911 Italiam
536 856 867 924 factionibus
882 860 1239 912 commovistis
1260 859 1286 911 ?
1306 874 1402 912 cur
1416 860 1700 915 seditiones
1720 864 1818 917 Ito-

122 960 217 999 ma:
241 944 516 1029 cqnductis
536 947 750 1014 populis
776 948 1056 1001 ercitastis
1082 946 1107 1001 ’ἲ
1128 962 1224 1000 cur
1250 946 1315 1001 de
1341 949 1643 1016 sumptibus
1678 966 1818 1019 pau-

122 1049 305 1103 perum
340 1036 637 1101 saginastis
664 1050 763 1103 per
792 1038 958 1089 totam
975 1050 1108 1103 pene
1139 1035 1389 1102 Africam
1415 1052 1673 1104 equorum
1704 1055 1814 1107 gre-

64 1116 69 1119 ⁷
124 1137 231 1188 ges,
261 1136 393 1189 quos
446 1126 800 1192 prcsequente
840 1123 1045 1191 Alypio
1074 1123 1310 1177 tribunis
1339 1128 1387 1177 et
1417 1126 1820 1181 centurionibus

121 1211 428 1265 destinastis
462 1212 491 1263 ?
517 1226 614 1264 cur
659 1214 1032 1265 matronarum
1056 1211 1250 1266 oblatis
1280 1212 1686 1267 hereditatibus
1716 1229 1818 1281 po-

123 1304 330 1353 testates
370 1300 553 1354 saeculi
599 1301 941 1369 corrupistis,
991 1304 1053 1353 ut
1103 1303 1161 1353 in
1211 1315 1308 1354 nos
1352 1302 1558 1369 stipula
1608 1303 1818 1367 furoris

119 1388 321 1457 publici
347 1388 616 1443 arderet?
660 1403 757 1442 cur
786 1388 1099 1456 dissipastis
1126 1388 1486 1443 Ecclesiarum
1537 1393 1766 1459 quietem
1791 1392 1818 1445 ἱ)

121 1492 213 1530 cur
239 1477 488 1545 religiosi
514 1478 791 1546 Principis
826 1481 1081 1545 tempora,
1090 1478 1519 1545 persecutionum
1547 1480 1821 1547 impietate

122 1565 429 1620 maculastis
458 1568 487 1619 ?
528 1565 719 1635 (lbid.,
748 1565 844 1619 lib.
897 1568 948 1633 3,
992 1581 1047 1620 η.
1101 1566 1208 1634 35.)
1257 1566 1364 1620 Sed
1419 1565 1818 1637 impotentiam

121 1653 368 1709 hominis
400 1658 569 1726 atque
588 1653 876 1725 insignem
900 1653 1319 1724 impudentiam
1340 1655 1691 1723 Augustinus
1711 1656 1817 1710 hac

118 1742 485 1813 responsione
515 1743 806 1798 retundit:
830 1745 945 1797 Aut
973 1745 1346 1811 calumniaris,
1369 1749 1466 1799 ant
1488 1748 1660 1799 nescis
1682 1745 1818 1814 quid

121 1833 390 1899 loquaris:
415 1836 465 1885 et
492 1831 611 1885 ideo
640 1836 737 1886 aut
750 1832 1005 1899 mendam,
1030 1837 1125 1887 aut
1157 1836 1472 1888 temerarius
1505 1836 1612 1888 ista
1641 1835 1819 1902 loque-

120 1923 214 1974 ris.
243 1920 389 1986 Quid
427 1924 476 1974 te
504 1926 681 1975 autem
712 1924 961 1990 nequius,
994 1924 1046 1976 si
1085 1923 1192 1976 haec
1224 1924 1337 1991 ipse
1378 1922 1634 1993 [ἱππίδιίῖ
1683 1923 1817 1991 quid

119 2008 390 2075 stolidius,
421 2011 473 2064 si
496 2010 820 2078 ﬁngentibus
849 2010 1311 2065 credidistii'lam
1330 2028 1452 2066 vero
1477 2010 1621 2081 quod
1648 2013 1816 2064 etiam

115 2099 343 2153 scribere
371 2113 536 2153 ausus
562 2114 635 2165 es,
660 2114 829 2168 neque
855 2102 1058 2153 veritus
1089 2115 1154 2153 ne
1190 2100 1265 2153 ad
1294 2115 1357 2154 ea
1387 2100 1500 2154 loca
1529 2100 1661 2154 libri
1682 2116 1815 2168 per-

113 2188 355 2240 venirent
384 2188 485 2249 tui,
518 2202 637 2255 quae
668 2192 815 2241 terra
843 2190 1087 2256 marique
1130 2192 1494 2243 transeuntem
1552 2203 1643 2242 seu
1672 2190 1816 2242 veni-

114 2280 280 2329 entem
322 2277 579 2342 collegam
608 2292 781 2330 meum
836 2277 1102 2345 Alypium
1156 2281 1524 2344 susceperunt,
1580 2278 1674 2330 ubi
1714 2278 1820 2344 legi

115 2366 450 2433 apertissime
481 2368 576 2418 tua
598 2366 940 2433 falsiloquia,
971 2366 1085 2419 sine
1111 2369 1204 2419 tua
1236 2367 1507 2429 irrisione,
1537 2365 1619 2419 vel
1636 2367 1816 2434 potius

114 2454 482 2519 detestatione,
530 2468 636 2507 non
685 2459 949 2523 possunt;
1003 2454 1092 2508 cui
1136 2469 1243 2507 non
1298 2453 1417 2507 dico
1446 2453 1814 2522 impudentiae,

113 2530 205 2593 sed
232 2540 514 2595 dementiae
542 2546 889 2610 comparatur
910 2545 938 2596 ἒ)
970 2541 1159 2612 (Ibid.,
1198 2542 1293 2596 lib.
1340 2546 1388 2609 1,
1420 2555 1537 2611 cap.
1572 2541 1679 2610 42.)
1706 2542 1817 2595 De—

113 2628 289 2701 nique
303 2629 630 2701 improbam
648 2630 1233 2685 Julianidicacitatem
1255 2647 1482 2685 rursum
1514 2630 1814 2701 castigans,

115 2718 221 2772 ait:
250 2720 401 2773 Sicut
421 2720 569 2786 falsa
598 2724 724 2773 sunt
753 2722 987 2773 crimina
1013 2735 1130 2789 quae
1155 2720 1508 2788 objicisnobis
1530 2739 1546 2785 ;
1573 2721 1649 2773 ita
1668 2720 1818 2785 falsa

114 2812 239 2862 sunt
263 2808 521 2875 dogmata
550 2824 670 2878 qua
697 2811 905 2878 ﬁngitis
933 2809 1083 2863 vobis
1122 2808 1310 2879 (lbid.,
1346 2808 1439 2863 lib.
1498 2811 1550 2875 3,
1603 2824 1657 2863 η.
1705 2810 1814 2878 35).

185 2900 238 2951 4.
273 2896 532 2961 Quatuor
556 2895 769 2951 Juliani
799 2897 972 2951 libros
1000 2896 1258 2950 nondum
1300 2895 1522 2950 viderat
1546 2895 1815 2965 Augusti-

116 3000 246 3055 nus,
276 3001 412 3039 cum
434 3000 635 3040 eorum
662 2989 924 3056 excerpta
943 2984 1236 3039 refutavit:
1260 2984 1359 3039 sed
1385 2999 1499 3038 non
1532 2984 1609 3038 ita
1636 2984 1817 3039 multo

116 3077 244 3145 post
272 3074 333 3128 in
359 3074 481 3145 ejus
504 3090 710 3128 manus
741 3075 868 3128 illos
892 3072 1108 3128 venisse
1132 3073 1263 3127 hinc
1281 3072 1641 3143 intelligitur,
1662 3072 1817 3143 quod

116 3178 322 3217 eorum
351 3163 804 3218 confutationem
830 3162 1088 3234 proxime
1130 3165 1257 3234 post
1288 3161 1465 3218 libros
1496 3162 1567 3217 ad
1598 3162 1817 3217 Bonifa-

115 3251 267 3306 cium
283 3256 464 3323 ponat
487 3253 1085 3321 (Retractationumlib.
1124 3255 1181 3321 2,
1211 3267 1329 3320 cap.
1364 3253 1474 3319 62),
1507 3250 1817 3322 Episcopus

116 3340 355 3411 quidam
382 3340 637 3411 (Claudio
656 3357 868 3396 nomen
892 3345 1013 3396 erat
1042 3340 1241 3413 [Epist.
1261 3338 1442 3410 207]).
1467 3340 1571 3394 hos
1591 3339 1658 3393 ad
1683 3356 1817 3394 eum

114 3428 455 3501 priusquam
492 3434 730 3502 peteret,
755 3430 928 3485 misit.
960 3432 1235 3499 Acceptos
1264 3428 1440 3499 igitur
1460 3432 1687 3483 sanctus
1719 3430 1818 3483 Do-

112 3522 235 3573 ctor
264 3518 461 3573 sedulo
512 3519 775 3586 excussit,
818 3535 882 3573 ac
911 3519 1051 3574 tales
1085 3518 1328 3589 legendo
1359 3517 1592 3588 reperit,
1623 3516 1817 3587 quales

110 3624 236 3662 esse
268 3612 578 3678 antequam
603 3624 700 3662 eos
724 3607 980 3675 haberet,
1011 3606 1448 3668 existimaverat,
1480 3604 1695 3659 scilicet
1716 3604 1816 3659 fal-

112 3694 272 3749 laciis
295 3711 360 3748 ac
383 3694 697 3749 mendaciis
726 3694 998 3749 refertos:
1032 3698 1089 3749 et
1116 3710 1251 3748 sane
1282 3710 1398 3748 non
1428 3696 1692 3763 poterant
1710 3691 1819 3745 nisi

108 3782 400 3852 ejusmodi
454 3782 579 3837 telis
600 3782 917 3851 veritatem,
944 3798 1119 3854 quam
1137 3781 1575 3853 impugnabant,
1606 3778 1820 3835 adoriri

108 3874 326 3940 (Operis
392 3873 599 3940 imperf
638 3871 731 3925 lib.
790 3872 840 3940 1,
890 3887 945 3925 n.
1002 3872 1108 3940 l7).
1162 3870 1368 3923 Eadem
1423 3868 1520 3922 illa
1576 3868 1820 3923 lectione

106 3959 519 4031 deprehendit,
541 3963 807 4029 excerpta
848 3975 978 4029 qua:
1017 3957 1125 4011 sibi
1183 3956 1417 4011 miserat
1453 3956 1726 4023 Valerius,
1760 3956 1822 4010 in

106 4047 412 4104 nonnullis
450 4047 519 4101 ab
545 4046 756 4102 Iuliani
795 4061 969 4117 opere
1015 4045 1357 4115 discrepare.
1412 4044 1567 4099 Unde
1609 4044 1822 4098 veritus

106 4141 217 4203 est,
254 4150 331 4190 ne
358 4134 545 4205 ipsum
576 4134 855 4201 Julianus,
900 4134 987 4189 vel
1017 4132 1163 4188 alius
1192 4131 1500 4204 quispiam,
1532 4132 1822 4203 vulgatam

110 4226 182 4280 ad
214 4240 288 4279 ea
312 4222 745 4293 responsionem
773 4220 1146 4293 conspiciens,
1190 4220 1405 4276 fraudis
1434 4236 1598 4275 reum
1628 4225 1822 4291 ageret

111 4310 600 4371 (Retractationum
639 4313 731 4367 lib.
773 4315 828 4379 2,
861 4326 980 4380 cap.
1031 4308 1142 4381 62).
1182 4310 1306 4364 Non
1343 4308 1696 4364 omisitcerte
1724 4310 1820 4364 lu-

112 4402 308 4457 lianus
336 4400 394 4456 id
424 4399 476 4455 ei
506 4398 762 4454 criminis
790 4398 868 4469 inj
880 4397 1227 4453 uriosissime
1244 4396 1586 4468 impingere,
1619 4413 1823 4469 quam-

110 4492 201 4546 vis
231 4476 387 4546 illius
418 4487 844 4544 criminationes
872 4503 976 4558 per
1004 4502 1064 4542 se
1110 4486 1414 4541 confractoe
1443 4490 1777 4541 corruerent
1802 4505 1818 4541 :

110 4582 234 4637 imo
293 4595 428 4635 vero
485 4582 746 4632 sanctum
794 4578 1091 4632 Doctorem
1121 4592 1237 4630 non
1283 4575 1492 4630 obcure
1530 4579 1822 4646 excerpto-

109 4687 269 4737 rum,
302 4667 511 4739 quibus
539 4666 933 4738 responderat,
974 4668 1270 4719 auctorem
1309 4663 1644 4734 designabat
1669 4664 1823 4732 (Ope-

106 4762 189 4813 ris
221 4756 534 4825 imperfecti
571 4755 666 4811 lib.
726 4758 773 4821 1,
810 4770 866 4808 n.
915 4753 1027 4823 l9).
1065 4750 1151 4806 Ad
1189 4750 1610 4805 confutandam
1647 4748 1824 4821 igitur

104 4843 331 4903 Juliani
369 4860 536 4914 opus,
567 4846 778 4914 praeter
805 4841 938 4909 alia,
985 4840 1162 4911 hujus
1201 4839 1373 4894 etiam
1421 4838 1824 4893 acccusationis

108 4938 306 4991 metus
334 4947 467 4987 eum
499 4928 763 5001 impulit:
815 4927 877 4983 id
918 4930 1113 4982 autem
1152 4942 1250 4981 sex
1297 4925 1461 4980 libris
1511 4926 1826 4982 luculenter

105 5020 405 5095 praestitit.
457 5021 537 5073 Ac
588 5017 846 5088 primum
893 5016 1127 5088 quidem
1157 5014 1295 5087 quia
1326 5013 1587 5070 Julianus
1626 5014 1687 5069 in
1729 5031 1825 5070 eos

108 5127 339 5177 omnes,
369 5108 471 5180 qui
499 5123 565 5162 ex
612 5106 795 5161 Adam
824 5106 976 5160 trahi
1012 5109 1313 5177 peccatum
1351 5102 1629 5175 originale
1667 5103 1822 5159 dice-

110 5205 264 5269 rent,
297 5195 625 5253 conferebat
652 5193 895 5265 impium
927 5193 1366 5249 Manichaeorum
1403 5192 1630 5264 dogma,
1679 5192 1826 5247 hanc

112 5290 176 5344 in
228 5285 576 5342 clarissimos
627 5297 889 5354 quosque
928 5281 1185 5337 Ecclesia:
1224 5283 1418 5337 Patres
1446 5280 1696 5337 recidere
1726 5297 1825 5336 ca-

109 5374 406 5433 lumniam
433 5371 703 5438 ostendit,
730 5369 915 5426 allatis
946 5369 1007 5425 in
1036 5384 1166 5425 eam
1194 5386 1319 5425 rem
1348 5373 1466 5425 tam
1497 5370 1824 5426 Graecorum

112 5480 301 5539 quam
321 5461 653 5518 Latinorum
676 5457 1051 5516 testimoniis:
1075 5458 1217 5530 quin
1232 5457 1403 5514 etiam
1430 5457 1612 5529 ipsius
1633 5455 1826 5529 potius

110 5550 336 5611 Juliaui
370 5548 692 5608 temerariis
747 5546 1093 5621 quibusdam
1140 5544 1435 5603 sententiis
1483 5546 1824 5603 Manichaeos

433 5646 709 5712 PATROL.
760 5644 1007 5712 XXXII.

3532 309 3635 363 522

1929 415 2189 487 adjuvari
2214 418 2589 476 demonstrat.
2613 421 2904 478 Secundus
2934 424 3106 480 etiam
3132 426 3278 482 liber
3305 442 3374 483 ex
3404 431 3632 487 Patrum

1931 506 2249 574 sententiis,
2283 523 2412 578 quas
2439 509 2650 566 Juliani
2678 511 2916 583 argutiis
2948 528 3013 569 ac
3042 515 3409 586 sophismatis
3429 518 3510 574 ibi
3539 536 3634 591 op-

1929 597 2244 663 ponuntur,
2272 601 2513 652 constat.
2549 599 2690 654 Cum
2720 604 2913 655 autem
2942 603 3296 674 Augustinus
3325 611 3632 677 vereretur,

1934 685 1997 735 ut
2024 686 2108 737 tot
2136 686 2256 737 tam
2272 689 2604 742 sanctorum
2625 692 2857 761 tamque
2883 691 3238 748 eruditorum
3269 696 3502 751 Patrum
3534 712 3635 752 au-

1930 770 2180 827 ctoritati
2210 773 2435 830 cederet
2462 776 2751 846 Julianus;
2784 778 2901 834 imo
2946 798 3129 853 neque
3158 783 3463 848 dubitaret,
3493 785 3633 857 quin

1928 860 2101 916 etiam
2137 863 2293 933 ipsos
2323 866 2428 920 hac
2450 866 2510 920 in
2535 883 2594 921 re
2621 883 2835 923 errasse
2849 868 3101 925 dicturus
3121 875 3302 939 esset;
3331 878 3635 945 propterea

1927 965 1999 1003 ne
2030 952 2346 1023 quidquam
2377 970 2441 1008 ex
2473 960 2591 1010 toto
2623 956 2775 1010 illius
2816 973 2990 1028 opere
3030 975 3144 1014 non
3192 962 3486 1030 explosum
3532 962 3632 1016 de-

1926 1042 2318 1111 structumque
2344 1049 2682 1112 remaneret,
2728 1044 2987 1117 singulos
3030 1051 3277 1119 quatuor
3303 1048 3513 1105 Iuliani
3562 1049 3632 1104 li-

1927 1127 2057 1181 bros
2088 1128 2331 1200 singulis
2362 1132 2599 1187 totidem
2654 1133 2772 1188 suis
2808 1134 3039 1202 refellit,
3084 1136 3381 1208 exquisitis
3424 1138 3632 1193 contir-

1928 1230 2089 1270 mans
2120 1219 2471 1288 argumentis
2494 1225 2551 1275 et
2582 1237 2772 1276 veram
2802 1238 2922 1277 esse
2935 1223 3254 1280 doctrinam
3274 1226 3633 1294 catholicam,

1926 1307 1981 1357 et
2007 1304 2323 1376 Pelagianis
2341 1307 2567 1378 placitis
2599 1309 3051 1367 Manichaeorum
3081 1314 3348 1369 haeresim
3380 1300 3625 1370 stabiliri

1930 1390 2150 1459 (Contra
2177 1396 2476 1460 lulianum,
2515 1397 2607 1451 lib.
2644 1401 2696 1464 3,
2728 1415 2784 1453 η.
2821 1400 2892 1469 1).
2926 1400 3211 1472 Principio
3240 1402 3415 1458 totius
3444 1404 3633 1474 operis

1926 1485 2120 1550 aperte
2148 1483 2473 1552 profitetur,
2508 1502 2565 1539 se
2593 1486 2808 1541 Juliani
2840 1490 3214 1546 contumelias
3252 1508 3366 1547 non
3396 1508 3634 1563 prorsus

1925 1573 2307 1627 contemnere.
2333 1574 2541 1628 Verum
2562 1574 2746 1647 (quod
2761 1576 3082 1633 Catholicos
3101 1579 3500 1651 disputatores,
3526 1581 3627 1652 qui

1927 1672 1958 1710 a
1984 1658 2181 1727 gratiae
2214 1660 2311 1714 Dei
2340 1661 2588 1717 inimicis
2617 1665 2766 1719 male
2820 1665 3124 1728 habentur,
3172 1668 3625 1724 animadvertere
3701 1709 3709 1717 .

1918 1744 2101 1815 juvat)
2132 1764 2250 1802 non
2280 1750 2355 1804 ob
2384 1750 2541 1806 aliud
2577 1768 2698 1807 sese
2722 1752 2792 1807 iis
2821 1760 3174 1810 commotum
3213 1756 3476 1822 declarat,
3521 1758 3632 1813 nisi

1926 1834 2076 1904 quod
2122 1835 2255 1890 inde
2292 1837 2399 1893 sibi
2437 1839 2677 1895 materia
2712 1841 3089 1911 praeberetur,
3130 1847 3256 1899 tum
3300 1845 3514 1900 laetitia:
3571 1850 3630 1902 et

1926 1924 2321 1979 exsultationis
2345 1931 2584 1997 propter
2608 1930 2928 1985 mercedem
2952 1947 3123 2002 quam
3143 1931 3390 1988 habebat
3409 1934 3633 1989 uberio-

1923 2027 2047 2065 rem
2076 2011 2139 2066 in
2189 2012 2362 2081 caelis,
2396 2018 2518 2070 tum
2554 2017 2816 2073 maeroris
2836 2022 2894 2074 et
2921 2019 3167 2075 tristitiae
3212 2025 3447 2093 propter
3474 2024 3628 2094 peri-

1926 2100 2118 2154 culum
2138 2100 2373 2170 Iuliani,
2400 2104 2563 2174 cujus
2586 2104 2766 2161 vicem
2794 2123 2913 2179 prae
2944 2124 3047 2163 sua
3076 2107 3138 2163 in
3168 2125 3301 2164 eum
3330 2110 3629 2179 charitate,

1928 2204 2149 2243 necnon
2163 2206 2364 2246 eorum
2390 2192 2491 2263 qui
2510 2194 2580 2248 ab
2602 2194 2698 2250 illo
2710 2195 3165 2268 decipiebantur,
3183 2198 3414 2254 dolebat
3438 2198 3630 2269 (Ibid.,

1926 2277 2021 2331 lib.
2060 2281 2110 2344 1,
2139 2294 2192 2332 n.
2240 2279 2306 2349 l).
2338 2279 2499 2344 Quod
2553 2282 2624 2337 ad
2656 2284 3117 2340 monomachiam
3158 2285 3268 2341 sibi
3313 2287 3567 2343 oblatam
3594 2304 3629 2343 a

1923 2366 2148 2421 Iuliano
2174 2368 2396 2436 attinet,
2428 2386 2558 2425 eam
2586 2371 2708 2442 ipse
2747 2388 3117 2445 nequaquam
3152 2379 3319 2445 putat
3346 2376 3628 2448 accipien-

1925 2454 2079 2509 dam.
2121 2456 2300 2523 Absit,
2333 2457 2539 2529 inquit,
2576 2465 2637 2515 ut
2671 2464 2811 2517 mihi
2850 2462 3001 2533 apud
3031 2464 3338 2521 Catholicos
3358 2481 3627 2533 arrogem,

1926 2544 2070 2613 quod
2100 2548 2149 2599 te
2186 2546 2287 2599 tibi
2311 2547 2462 2615 apud
2485 2549 2802 2615 Pelagianos
2836 2560 3095 2619 arrogare
3122 2567 3228 2606 non
3254 2554 3446 2622 pudet.
3485 2556 3629 2611 Unus

1924 2647 2042 2686 sum
2069 2648 2095 2685 e
2122 2634 2327 2699 multis,
2354 2637 2452 2702 qui
2478 2639 2750 2705 profanas
2794 2643 3002 2694 vestras
3029 2642 3317 2708 novitates,
3341 2647 3402 2696 ut
3426 2658 3629 2712 possu-

1923 2736 2062 2785 mus,
2094 2723 2418 2789 refutamus,
2457 2726 2597 2778 sicut
2626 2728 2917 2795 unicuique
2944 2732 3188 2783 nostrum
3220 2732 3360 2785 Deus
3387 2734 3632 2799 partitus

1928 2813 2005 2863 est
2034 2824 2339 2864 mensuram
2357 2810 2489 2878 ﬁdei
2507 2812 2695 2880 (lbid.,
2720 2815 2819 2869 tib.
2850 2818 2904 2881 6,
2933 2831 2989 2869 n.
3009 2815 3122 2886 22).
3154 2816 3318 2871 Absit
3345 2822 3407 2872 ut
3425 2818 3499 2873 ad
3521 2836 3633 2877 mo-

1926 2898 2265 2951 nomachiam
2302 2912 2394 2952 vos
2444 2914 2743 2967 provocem,
2772 2917 2923 2969 quos,
2955 2903 3276 2972 ubicumque
3303 2911 3628 2975 apparueri-

1925 2985 2015 3050 tis,
2039 2984 2237 3053 ubique
2266 2985 2502 3054 diffusus
2533 2988 3277 3060 Christijdebetlatemercitus
3300 3008 3314 3058 ;
3339 2995 3438 3061 qui
3452 2994 3627 3051 debel-

1927 3068 2063 3122 lavit
2081 3069 2235 3138 apud
2264 3070 2649 3137 Carthaginem
2677 3073 2995 3142 Caelestium,
3020 3075 3237 3143 quando
3264 3078 3377 3132 illic
3396 3080 3505 3147 ipsi
3522 3091 3630 3135 non

1926 3172 2072 3211 eram
2097 3173 2110 3225 ;
2134 3162 2183 3212 et
2212 3174 2404 3214 rursus
2423 3159 2915 3231 Constantinopoli,
2949 3168 3059 3218 tam
3080 3164 3232 3234 longe
3260 3181 3294 3220 a
3319 3168 3630 3234 regionibus

1926 3247 2248 3313 Africanis:
2304 3250 2403 3318 qui
2444 3250 2730 3305 debellavit
2774 3254 2833 3305 in
2875 3253 3167 3308 Palaestina
3205 3255 3504 3326 Pelagium,
3535 3258 3632 3312 ubi

1927 3351 2147 3390 causam
2168 3342 2400 3392 vestram
2415 3353 2525 3393 sum
2541 3339 2908 3396 damnationis
2927 3343 3115 3397 timore
3134 3345 3416 3401 damnavit
3440 3345 3627 3416 (Ibid.,

1928 3424 2022 3478 lib.
2052 3428 2197 3494 3,11.
2236 3425 2313 3494 4).
2373 3426 2439 3479 In
2496 3426 2685 3497 primo
2729 3428 2876 3484 libro
2918 3429 3248 3502 Hieronymi
3292 3435 3628 3490 commemi-

1925 3512 2012 3566 nit
2082 3516 2357 3584 tanquam
2421 3515 2765 3571 mortalitate
2821 3517 2945 3588 jam
3010 3518 3263 3575 defuncti
3325 3522 3512 3593 (Ibid,
3567 3541 3625 3580 η.

1928 3600 2040 3670 34).
2098 3600 2271 3672 Atqui
2325 3607 2553 3656 sanctus
2605 3603 2701 3657 ille
2748 3604 3045 3676 presbyter
3087 3606 3240 3662 diem
3288 3608 3432 3663 obiit
3477 3627 3629 3667 anno

1928 3692 2151 3743 tantum
2208 3689 2768 3761 quadringentesimo
2824 3692 3097 3763 vigesimo
3144 3695 3330 3765 pridie
3355 3697 3632 3755 kalendas

1930 3775 2216 3832 octobris:
2250 3793 2365 3847 quo
2398 3778 2481 3844 ﬁt,
2513 3781 2577 3832 ut
2603 3778 2771 3833 hosce
2800 3778 2976 3833 libros
3003 3782 3064 3834 in
3093 3797 3311 3837 annum
3354 3785 3632 3855 quadrin-

1930 3863 2315 3934 gentesimum
2344 3863 2684 3936 vigesimum
2723 3865 2976 3938 primum
3030 3867 3242 3925 referre
3291 3886 3408 3925 non
3463 3872 3633 3929 dubi-

1930 3957 2138 4007 temus.

2001 4047 2052 4096 ὅ.
2084 4042 2461 4097 Consentiunt
2487 4041 2639 4098 inter
2675 4060 2734 4098 se
2764 4044 3207 4117 chronographi,
3240 4048 3630 4106 Constantium

1928 4130 2335 4201 imperatorem
2367 4131 2602 4186 Honorii
2631 4132 2873 4187 levirum
2898 4150 2928 4187 e
2961 4133 3077 4188 vita
3125 4134 3235 4189 hoc
3290 4152 3442 4192 anno
3494 4155 3634 4210 qua-

1930 4218 2386 4290 dringentesimo
2400 4220 2674 4291 vigesimo
2698 4220 2883 4291 primo
2914 4220 3213 4292 migrasse,
3239 4238 3369 4278 cum
3399 4224 3633 4281 omnino

1931 4323 2029 4361 sex
2059 4323 2286 4362 menses
2314 4307 2672 4379 imperasset,
2716 4308 2958 4379 septimo
2988 4311 3303 4366 secundum
3333 4311 3632 4385 Olympio-

1932 4395 2138 4451 dorum
2166 4396 2330 4453 inito.
2352 4396 2528 4468 Hujus
2544 4396 2692 4452 inter
2722 4397 2854 4467 alia,
2876 4414 3007 4469 qua)
3045 4399 3134 4454 sui
3165 4416 3301 4471 erga
3328 4401 3633 4459 Ecclesium

1932 4484 2155 4540 ardoris
2183 4485 2415 4556 reliquit
2461 4490 2810 4555 monmenta,
2840 4491 3022 4542 exstat
3049 4488 3388 4559 rescriptum
3417 4490 3490 4546 ad
3521 4492 3631 4546 Vo-

1929 4572 2219 4628 lusianum
2268 4574 2596 4645 praefectum
2650 4573 2808 4643 Urbi,
2855 4578 2920 4629 ut
2949 4574 3128 4630 Roma
3162 4577 3412 4646 pellatur
3457 4578 3635 4635 Coale-

1931 4662 2090 4717 stius.
2137 4662 2242 4719 Cui
2296 4662 2573 4733 rescripto
2628 4661 2967 4717 Volusianus
3020 4662 3420 4736 obtemperans
3468 4667 3637 4738 jubet

1931 4750 2278 4819 leestium,
2309 4766 2479 4821 quem
2510 4749 2717 4805 divinas
2747 4750 2882 4805 ﬁdei
2909 4754 2965 4806 et
2985 4750 3192 4822 quietis
3221 4753 3467 4823 publica:
3495 4773 3631 4828 per-
3719 4819 3723 4823 _

1931 4839 2288 4894 turbatorem
2311 4840 2578 4910 appellat,
2612 4840 2795 4894 Roma
2811 4842 2981 4910 atque
3003 4840 3161 4895 omni
3176 4841 3364 4898 vicina
3391 4845 3631 4916 regione

1929 4927 2240 4996 exturbari,
2271 4925 2702 4998 proscriptionis
2741 4942 2915 4999 paena
2941 4927 3076 4999 illis,
3112 4929 3213 5002 qui
3242 4933 3512 4989 eumdem
3541 4952 3635 4992 oc-

1932 5015 2293 5085 cultaverint,
2321 5015 2619 5071 intentata.
2645 5016 2763 5072 Sub
2774 5017 3030 5088 ejusdem
3059 5017 3336 5090 principis
3363 5020 3634 5093 imperio,

1930 5103 2198 5159 tribunus
2238 5102 2472 5160 nomine
2538 5105 2710 5159 Ursus
2764 5105 2961 5160 omnia
3012 5105 3252 5162 aedilicia
3278 5108 3636 5164 celeberrimi

1930 5191 2135 5263 templi
2163 5191 2417 5249 Caelestis
2446 5192 2569 5248 deae
2589 5193 3134 5266 Carthaginensium
3162 5194 3237 5251 ad
3261 5195 3636 5253 fundamenta

1930 5296 2114 5353 usque
2143 5279 2340 5347 diruit,
2372 5297 2438 5335 ac
2482 5280 2669 5336 solum
2698 5280 2853 5338 illius
2881 5283 3223 5355 sepeliendis
3261 5284 3504 5339 mortuis
3541 5286 3638 5341 de-

1932 5369 2162 5425 stinavit
2206 5370 2477 5441 (Prosper,
2529 5370 3029 5440 Prwdestinatione,
3084 5373 3180 5427 lib.
3234 5374 3287 5439 3,
3345 5388 3465 5442 cap.
3523 5376 3631 5445 38).

1935 5459 2063 5513 HtBC
2092 5457 2240 5514 asdes
2271 5458 2394 5529 jam
2437 5458 2622 5515 fuerat
2658 5459 2988 5516 Christianis
3014 5458 3247 5523 tradita,
3299 5476 3528 5517 necnon
3570 5464 3635 5520 in

1938 5546 2231 5603 ecclesiam
2259 5548 2330 5604 ab
2382 5548 2616 5607 Aurelio
2645 5553 3009 5606 consecrata:
3062 5547 3158 5602 sed
3216 5547 3399 5604 nihilo
3452 5549 3637 5608 secius

2971 5640 3368 5731 (Die-Sept.)
