4062 6378
434 314 535 367 523

431 431 693 488 inﬁdeles
722 446 792 485 ex
817 429 950 485 vani
975 429 1269 502 cujusdam
1320 427 1573 483 vaticinii
1628 427 1961 483 auctoritate
2010 427 2132 481 fore

432 522 757 593 sperabant,
812 523 877 574 ut
904 519 1118 590 priscas
1155 534 1283 573 suas
1340 515 1773 587 superstitiones
1819 514 2131 587 aliquando

431 610 493 663 in
536 609 642 664 hoc
680 608 925 680 superbo
964 606 1199 662 aediﬁcio
1244 606 1522 660 redivivas
1574 610 1908 672 cernerent;
1963 609 2132 675 atque

431 697 574 752 adeo
597 713 889 752 necessum
919 700 1057 767 erat,
1092 699 1154 750 ut
1187 696 1332 749 Deus
1362 694 1506 749 hanc
1536 693 1649 749 illis
1678 693 1943 749 ﬁduciam
1973 708 2134 763 pror-

433 802 528 842 sus
554 786 854 841 adimeret.
1160 824 1167 829 ο

1104 872 1330 928 CAPUT
1355 874 1455 928 IIl.

435 969 450 1018 l
496 964 755 1021 Nonnulli
807 963 1228 1017 Mariichzeomm
1270 963 1465 1016 detecti
1508 961 1854 1027 Carthagine.
1887 962 1917 1013 2
1956 960 2132 1015 Victo-

494 1055 675 1106 rinum
713 1052 1071 1106 Manicheum
1102 1050 1252 1116 ejicit
1292 1050 1654 1116 Augustinus.
1694 1053 1723 1103 3
1773 1048 2131 1103 Enchirid-ion

496 1144 554 1195 in
581 1141 819 1207 gratiam
846 1140 1131 1194 Laurmtii
1164 1141 1430 1208 componit
1480 1142 1512 1192 4
1542 1138 1770 1192 Paulino
1795 1152 1911 1190 eum
1937 1151 2131 1191 consu-

495 1231 626 1300 lenti
644 1229 833 1283 scribit
854 1229 1051 1282 librum
1071 1228 1136 1281 de
1165 1230 1308 1283 Cura
1315 1242 1416 1296 pro
1447 1228 1670 1281 mortuis
1690 1225 1943 1293 gerenda.
1981 1230 2010 1279 ὅ
2038 1226 2130 1280 Ad

489 1323 602 1372 octo
624 1320 938 1386 quastiones
977 1318 1197 1371 Dulcitii
1222 1316 1526 1384 respondet.

500 1413 546 1462 l.
582 1408 655 1461 Ex
703 1406 962 1478 proxime
1006 1406 1177 1460 allato
1223 1404 1488 1485 Prosperi
1534 1405 1674 1469 loco,
1723 1403 1877 1457 unde
1920 1403 2121 1457 Ursum

424 1495 718 1549 tribunum
744 1495 803 1549 id
832 1494 1108 1565 temporis
1138 1494 1199 1548 in
1226 1494 1412 1547 Africa
1450 1491 1670 1562 degisse
1714 1490 2005 1556 discimus,
2038 1488 2127 1542 in-

425 1599 601 1654 super
634 1583 1034 1650 admonemur,
1063 1585 1129 1636 ut
1165 1598 1294 1652 quae
1324 1580 1537 1634 ibidem
1582 1579 1731 1633 circa
1785 1578 2127 1633 Manichaeos

422 1672 594 1741 hujus
644 1672 825 1741 ipsius
866 1672 991 1725 Ursi
1042 1686 1217 1741 opera
1254 1674 1412 1739 gesta
1448 1672 1600 1735 sunt,
1649 1668 1742 1722 hic
1791 1667 2124 1721 referamus.

426 1760 567 1814 Cum
591 1759 709 1827 ille,
742 1776 914 1831 quem
943 1775 1061 1814 non
1083 1759 1250 1813 modo
1265 1758 1587 1826 tribunum,
1613 1772 1810 1811 verum
1834 1755 2007 1810 etiam
2037 1771 2125 1808 rc-

425 1848 533 1919 giee
565 1848 765 1903 domus
786 1852 1211 1918 procuratorem
1227 1850 1585 1917 nuncupant,
1600 1845 1773 1899 ﬁdem
1786 1843 2122 1899 catholicam

423 1935 810 2007 proﬁteretur,
857 1936 1201 2005 interceptos
1257 1934 1475 2005 aliquot
1531 1949 1561 1987 e
1606 1948 1848 1987 numero
1904 1948 2123 1999 eorum,

424 2040 568 2095 quos
624 2025 841 2078 Electos
889 2028 1060 2094 atque
1108 2023 1320 2077 Electas
1360 2022 1643 2075 vocabant
1691 2020 2005 2087 Manichazi,
2066 2020 2126 2074 in

424 2112 631 2184 quibus
643 2116 765 2167 erat
788 2112 977 2183 puella
999 2112 1262 2182 quasdam
1283 2109 1517 2164 nomine
1541 2109 1841 2178 Margarita
1868 2108 2125 2163 nondum

422 2205 556 2256 nata
573 2216 754 2255 annos
775 2198 1098 2265 duodecim,
1123 2203 1179 2252 et
1207 2197 1447 2252 Eusebia
1471 2197 1739 2268 quaedam
1792 2196 1959 2267 quasi
1998 2213 2124 2251 san-

423 2289 788 2357 ctimonialis,
821 2286 1057 2363 adduxit
1083 2287 1144 2341 in
1183 2287 1475 2342 ecclesiam
1507 2286 1660 2357 apud
1688 2285 2124 2355 Carthaginem,

422 2377 523 2432 ubi
547 2381 603 2431 et
632 2378 702 2431 ab
733 2375 1015 2446 episcopis
1043 2374 1383 2446 interrogati
1420 2375 1599 2436 fuere,
1633 2379 1804 2445 atque
1834 2373 1893 2428 in
1922 2374 2125 2445 primis

421 2465 877 2536 abAugustino;
934 2463 1034 2534 qui
1086 2479 1215 2518 cum
1273 2480 1393 2534 prae
1450 2462 1665 2517 caeteris
1721 2462 2123 2517 exsecrabilem

421 2553 570 2608 hanc
600 2557 807 2608 sectam
857 2552 1141 2622 cognitam
1189 2552 1443 2614 haberet,
1492 2567 1714 2606 necnon
1766 2566 1967 2605 eorum
1997 2551 2124 2605 bla-

420 2641 707 2712 sphemias
732 2657 795 2695 ex
825 2640 1072 2712 propriis
1101 2640 1357 2711 ipsorum
1388 2640 1547 2695 libris
1575 2639 2007 2706 demonstraret,
2028 2656 2124 2693 eos

425 2729 495 2785 ad
521 2729 648 2784 illas
676 2730 1024 2784 conﬁtendas
1042 2728 1256 2799 adegit,
1280 2745 1344 2783 ac
1364 2728 1778 2800 ﬁagitiosarum
1795 2726 2120 2795 libidinum,

420 2833 563 2889 quas
592 2818 744 2871 inter
772 2834 830 2871 se
874 2817 1231 2885 exercebant,
1280 2822 1337 2871 et
1389 2832 1632 2888 quarum
1671 2816 1957 2871 levissima
2002 2819 2124 2869 erat

419 2906 710 2977 virginum
759 2906 1167 2977 constupratio,
1209 2906 1620 2960 confessionem
1654 2921 1721 2959 ex
1770 2920 1868 2959 ore
1906 2905 2120 2959 Electa-

416 3011 547 3050 rum
573 2995 871 3067 expressit.
898 2995 1201 3065 Margarita
1220 2994 1605 3065 turpitudines
1627 2993 1751 3047 illas
1776 2993 1965 3063 prima
1992 3010 2122 3047 con-

418 3084 567 3139 fessa
595 3089 697 3151 est,
721 3101 753 3139 a
782 3100 897 3156 qua
920 3085 1289 3155 postmodum
1310 3083 1570 3149 Eusebia,
1604 3098 1733 3153 quae
1751 3098 1811 3137 se
1839 3081 2119 3151 virginem

417 3188 538 3226 esse
554 3173 977 3242 praedicaverat,
1018 3172 1263 3226 dedecus
1283 3188 1347 3225 ac
1362 3170 1710 3242 propudium
1743 3185 1910 3223 suum
1956 3169 2118 3224 fateri

418 3264 627 3327 coacta,
689 3260 800 3314 alia
842 3260 1017 3314 etiam
1057 3264 1220 3313 sectae
1275 3276 1392 3313 suae
1440 3259 1826 3313 abominanda
1868 3258 2122 3312 facinora

417 3347 663 3418 aperuit.
696 3348 803 3401 Per
820 3362 1052 3401 omnem
1077 3347 1236 3400 illam
1266 3346 1697 3418 inquisitionem
1728 3351 1929 3400 cuncta
1949 3347 2122 3401 eccle-

418 3436 658 3490 siasticis
689 3436 864 3507 gestis
897 3436 1352 3502 mandabantur;
1386 3440 1441 3491 et
1464 3436 1610 3490 forte
1641 3436 1773 3490 hinc
1822 3440 1924 3505 est,
1968 3437 2121 3507 quod

417 3523 704 3578 Possidius
731 3524 805 3577 ad
835 3524 1049 3579 tabulas
1095 3524 1318 3578 auditos
1371 3541 1490 3578 esse
1540 3524 1876 3579 Manichaeos
1923 3525 2122 3581 tradit.

416 3612 575 3667 Idem
606 3612 778 3668 etiam
800 3613 1115 3685 subjungit,
1148 3630 1282 3668 cura
1305 3630 1370 3668 ac
1408 3614 1725 3685 diligentia,
1770 3630 1942 3685 quam
1997 3615 2118 3685 epi-

418 3702 575 3771 scopi
630 3702 941 3757 adhibuere
972 3702 1033 3756 in
1084 3702 1191 3757 hoc
1237 3702 1491 3774 negotio,
1545 3703 1849 3757 Ecclesium
1891 3703 2121 3758 Domini

414 3805 563 3845 nova
591 3791 908 3845 accessione
949 3791 1374 3862 locupletatam,
1432 3807 1655 3846 necnon
1700 3792 1874 3846 armis
1934 3792 2118 3860 novis,

415 3878 624 3951 quibus
641 3879 911 3934 adversus
929 3879 1083 3934 fures
1109 3884 1282 3951 atque
1310 3880 1560 3934 latrones
1579 3879 2005 3950 defenderetur,
2037 3880 2119 3934 in-

415 3970 706 4022 structam.
739 3967 895 4022 Idem
935 3968 1120 4022 adhuc
1147 3972 1344 4038 postea
1387 3968 1615 4023 illorum
1646 3985 1763 4023 non
1798 3985 2117 4023 sacramen-

411 4060 556 4124 tum,
593 4056 712 4121 sed,
739 4063 805 4110 ut
832 4072 964 4110 cum
994 4055 1314 4125 Augustino
1353 4056 1683 4126 loquamur,
1715 4073 2115 4111 exsecramen-

411 4150 536 4198 tum
549 4142 802 4213 episcopi
829 4143 1093 4197 detexere
1117 4142 1469 4197 confessione
1481 4144 1781 4213 cujusdam
1806 4143 1957 4198 inter
1977 4145 2118 4199 alios

414 4231 711 4286 Manichaai
739 4230 974 4285 nomine
1005 4230 1278 4296 Viatoris;
1320 4232 1481 4301 cujus
1511 4232 1596 4285 rei
1624 4236 1747 4285 acta
1775 4236 1967 4286 sancto
1995 4235 2115 4288 Au-

413 4318 645 4386 gustino
678 4317 1105 4381 Quodvultdeus
1136 4318 1597 4387 Carthaginensis
1651 4319 1921 4373 diaconus
1962 4320 2118 4375 misit

415 4406 732 4473 (Possidius,
760 4412 819 4458 in
854 4407 982 4460 Vita
1021 4407 1339 4473 Augustini,
1384 4421 1431 4459 c.
1485 4409 1587 4473 16;
1638 4408 2002 4475 Augustinus,
2044 4412 2117 4463 De

410 4494 735 4558 Haeresibus,
766 4494 896 4547 ἧξεν.
943 4495 1051 4562 46).
1088 4494 1201 4547 hoc
1248 4493 1438 4565 ipsum
1483 4494 1789 4550 verisimile
1840 4500 1924 4550 est
1968 4498 2114 4551 desi-

410 4581 575 4651 gnari
603 4582 673 4635 ab
708 4581 1041 4653 Augustino,
1074 4597 1205 4636 cum
1234 4598 1384 4637 anno
1414 4583 1638 4637 circiter
1667 4584 2111 4656 quadringente-

413 4660 557 4724 simo
587 4670 863 4741 vigesimo
893 4670 1139 4741 septimo
1187 4671 1454 4726 eumdem
1494 4672 1799 4728 diaconum
1840 4678 2023 4744 rogat,
2056 4692 2113 4730 se

410 4758 480 4812 de
536 4758 872 4828 Theodosio,
930 4760 1030 4831 qui
1083 4760 1421 4815 Manichaeos
1476 4761 1696 4833 aliquot
1755 4755 2108 4832 prodiderat,

409 4846 711 4901 certiorem
738 4848 963 4909 faceret,
1001 4864 1139 4903 num
1183 4854 1236 4903 et
1267 4848 1388 4921 ipse
1420 4855 1477 4905 et
1515 4851 1616 4922 qui
1646 4851 1851 4905 detecti
1882 4853 1952 4905 ab
1984 4853 2108 4924 ipso

407 4934 652 4998 fuerant,
686 4952 829 5007 quos
858 4937 1079 4991 dicebat
1107 4954 1325 4993 errores
1351 4940 1703 5009 emendasse,
1733 4940 1795 4994 in
1832 4941 2112 4996 catholica

402 5023 516 5079 ﬁde
544 5034 970 5094 perseverarent
1000 5028 1200 5094 (Epist.
1232 5030 1357 5094 222,
1387 5044 1442 5082 η.
1471 5031 1554 5094 2).
1604 5029 1796 5083 Exstat
1813 5029 2110 5101 fragmen-

405 5118 537 5167 tum'
557 5118 815 5167 actorum
839 5114 1219 5184 quorumdam
1251 5116 1552 5185 ejusmodi,
1582 5115 1644 5170 in
1673 5117 1883 5188 quibus
1895 5119 1965 5172 de
1995 5119 2107 5173 Ma-

405 5201 643 5257 nicbaais
671 5201 1011 5271 indagendis
1032 5202 1507 5275 explorandisque
1546 5205 1823 5275 agebatur
1849 5206 2104 5277 (Admon.

403 5292 462 5344 in
490 5291 585 5345 lib.
614 5291 680 5346 de
707 5292 862 5345 Actis
902 5306 1022 5345 cum
1064 5293 1251 5358 Felice,
1301 5297 1426 5347 tom.
1468 5292 1557 5363 8);
1599 5294 1883 5364 siquidem
1928 5296 2105 5367 Felix,

401 5383 611 5434 sectam
638 5379 799 5434 illam
827 5380 1166 5450 ejuraverat,
1218 5397 1338 5436 sese
1367 5382 1740 5454 jurejurando
1774 5383 1989 5455 obligat
2034 5386 2105 5440 ad

401 5482 497 5522 eos
521 5483 739 5535 omnes,
773 5485 917 5540 quos
946 5468 1132 5522 eidem
1170 5471 1560 5539 superstitioni
1601 5472 1858 5528 addictos
1888 5477 2101 5539 nosset,

401 5552 771 5622 deferendos;
804 5571 978 5627 quam
1022 5556 1082 5611 in
1113 5572 1234 5612 rem
1262 5557 1526 5614 homines
1566 5559 1709 5614 duos
1752 5576 1816 5614 ac
1853 5559 2097 5614 feminas

1609 305 1781 361 VlTA
1835 304 1888 359 S.
1950 300 2335 360 AUGUSTINI
2394 298 2732 356 EPISCOPI.
2816 358 2827 367 ο

3846 294 3969 347 524

2243 426 2477 497 aliquot,
2510 424 2610 495 qui
2635 421 2846 494 partim
2876 420 3141 476 intractu
3165 418 3531 485 Ctesareensi,
3562 417 3778 489 partim
3801 418 3963 489 Hip-
4023 414 4031 419 ’

2241 531 2388 585 pone
2413 513 2589 584 Regio
2610 510 2965 577 habitabant,
2983 508 3264 563 nominat.
3279 505 3967 562 llliusdenuntiationem

2242 602 2506 674 sequitur
2531 598 3047 656 Commonitorium
3068 594 3377 667 Augustini
3395 610 3605 649 nomen
3633 610 3754 666 prae
3783 610 3849 649 se
3877 594 3968 649 fe-

2239 708 2391 759 rens,
2422 707 2527 744 nec
2558 690 2681 762 ipso
2730 692 2959 742 auctore
2989 685 3317 757 indignum,
3349 683 3410 738 in
3454 700 3569 756 quo
3607 682 3749 755 quid
3784 682 3963 763 circa

2240 781 2542 835 redeuntes
2580 778 2650 833 ad
2708 776 3011 832 Ecclesiam
3042 772 3824 830 Manichaaos'observandum
3866 787 3959 827 es-

2240 874 2342 936 set,
2369 866 2703 940 praecipitur
2733 868 2812 937 (In
2855 864 3171 935 Appendice
3214 868 3341 919 tom.
3375 862 3446 931 8).
3508 861 3625 917 illic
3673 877 3771 917 eos
3808 865 3957 916 ante

2239 957 2435 1011 omnia
2487 955 2746 1010 libellum
2802 952 3025 1007 tradere
3070 951 3255 1022 jubet,
3299 966 3519 1005 errores
3564 965 3698 1004 suos
3748 950 3953 1033 pristi-

2238 1062 2344 1099 nos
2372 1046 2866 1115 complectentem,
2898 1056 3144 1112 quorum
3195 1038 3527 1110 suppliciter
3578 1038 3810 1093 veniam
3839 1055 3950 1110 pe-

2237 1137 2379 1200 tent,
2414 1138 2472 1187 et
2501 1130 2873 1187 Manichamm
2904 1145 3033 1183 cum
3063 1128 3361 1199 flagitiosis
3388 1126 3571 1198 ipsius
3599 1127 3953 1183 deliramen~

2238 1222 2309 1276 tis
2341 1238 2407 1276 ea
2436 1221 2741 1275 verborum
2771 1220 2954 1273 forma
2980 1216 3433 1283 detestabantur,
3466 1232 3596 1288 quae
3626 1216 3955 1288 praescribi-

2238 1315 2332 1365 tur
2360 1310 2420 1365 in
2466 1308 2943 1365 Commonitorio.
2975 1307 3032 1361 Si
3073 1306 3326 1360 libellum
3356 1314 3557 1361 eorum
3588 1306 3797 1378 probet
3822 1306 3954 1377 epi-

2239 1414 2463 1469 scopus,
2496 1396 2565 1451 iis
2593 1396 2695 1467 qui
2721 1396 2905 1451 solum
2935 1394 3239 1449 Auditores
3266 1394 3415 1448 inter
3442 1393 3570 1447 illos
3588 1391 3829 1459 fuerint,
3855 1391 3957 1446 lit-

2236 1490 2386 1541 teras
2401 1485 2558 1541 dabit
2573 1485 2665 1539 die
2683 1488 2739 1538 et
2756 1484 3053 1538 consulatu
3069 1481 3337 1554 praesenti
3353 1482 3706 1548 subnotatas,
3729 1481 3956 1552 quibus

2238 1575 2468 1629 eosdem
2496 1574 2567 1628 ad
2596 1572 2851 1628 Ecclesiae
2884 1571 3331 1626 misericordiam
3355 1569 3675 1640 confugisse
3706 1569 3954 1623 testabi-

2236 1668 2361 1718 tur:
2396 1680 2467 1717 ne
2496 1663 2759 1717 videlicet
2787 1665 2887 1716 aut
2900 1661 2973 1715 ad
2999 1657 3719 1725 ecclesiasticatribunalia,
3748 1662 3857 1712 aut
3880 1659 3955 1712 ad

2237 1753 2409 1808 laicos
2436 1752 2803 1822 magistratus
2832 1749 2993 1804 citari
3048 1751 3307 1820 possent;
3341 1747 3491 1819 quod
3525 1746 3659 1802 huic
3714 1746 3950 1812 haeresi,

2237 1858 2411 1913 quam
2442 1839 2796 1895 severissime
2827 1839 3020 1893 civiles
3050 1839 3201 1908 leges
3221 1837 3290 1893 ab
3305 1838 3430 1907 ipso
3453 1836 3625 1891 etiam
3639 1836 3952 1891 Diocletia-

2237 1947 2310 1984 no
2333 1930 2462 1984 lataz
2491 1928 2826 2000 puniebant,
2859 1927 2928 1982 ad
2948 1927 3002 1981 id
3027 1926 3302 1997 temporis
3329 1925 3720 1980 adhaesissent.
3754 1924 3870 1989 Qui
3901 1924 3951 1978 si

2235 2019 2425 2073 denuo
2455 2018 2708 2072 redirent
2752 2017 2823 2071 ad
2855 2015 3162 2083 vomitum;
3205 2015 3328 2086 jam
3359 2015 3421 2069 in
3471 2030 3584 2080 eos,
3618 2030 3734 2085 qua
3778 2013 3951 2085 digni

2234 2112 2386 2170 sunt,
2401 2107 2546 2178 juris
2565 2104 2862 2161 severitate
2890 2104 3263 2159 animadverti
3312 2102 3839 2158 Commonitorium
3855 2103 3947 2173 ju-

2234 2198 2350 2262 bet,
2384 2198 2490 2252 hoc
2515 2201 2619 2251 est.
2651 2195 2847 2250 ﬁdeles
2877 2194 2946 2248 ab
2977 2210 3179 2248 eorum
3207 2192 3517 2258 consortio,
3545 2192 3632 2246 vel
3662 2191 3946 2259 amicitia,

2234 2288 2321 2340 vel
2346 2300 2706 2357 quacumque
2740 2283 3002 2337 societate
3031 2282 3340 2337 christiana
3354 2298 3413 2337 se
3434 2281 3740 2336 abstinere.
3775 2281 3947 2346 Quod

2233 2391 2365 2430 vero
2392 2374 2464 2429 ad
2496 2374 2636 2428 alios
2662 2376 2897 2443 spectat,
2924 2371 3165 2443 acceptis
3177 2370 3431 2442 episcopi
3448 2369 3941 2425 testimonialibus

2232 2462 2457 2528 litteris,
2491 2461 2760 2517 statuitur
2788 2478 2886 2516 eos
2912 2460 3024 2532 piis
3054 2459 3341 2532 aliquibus
3371 2459 3524 2526 viris,
3547 2458 3661 2512 sive
3692 2458 3945 2525 clericis,

2233 2551 2348 2605 sive
2380 2551 2556 2617 laicis,
2589 2550 2975 2605 commendari
3006 2552 3289 2620 oportere,
3333 2547 3432 2619 qui
3482 2564 3597 2601 una
3641 2547 3729 2601 vel
3772 2536 3947 2617 juxta

2230 2639 2572 2703 habitantes,
2602 2640 2752 2710 ipsos
2782 2639 2855 2694 ad
2883 2638 3120 2693 verbum
3156 2636 3414 2692 divinum
3443 2636 3806 2707 frequentius
3835 2651 3945 2690 au-

2230 2728 2505 2783 diendum
2563 2728 2945 2799 impellerent,
3004 2724 3516 2796 testimoniumque
3583 2724 3786 2779 reddet
3851 2741 3948 2778 eo-

2230 2834 2359 2872 rum
2375 2818 2523 2884 vitae,
2542 2823 2607 2871 ut
2623 2817 3040 2887 intelligeretur
3054 2815 3423 2886 quandonam
3450 2814 3520 2869 ad
3553 2812 3940 2884 Baptismum,

2231 2906 2278 2960 si
2298 2906 2537 2961 necdum
2562 2922 2629 2960 eo
2663 2910 2849 2960 essent
2871 2904 3081 2959 initiati
3112 2904 3268 2975 (nam
3287 2903 3584 2958 videbatur
3613 2902 3941 2958 Manichaeis

2230 2995 2657 3051 Sacramentum
2700 2995 2807 3049 hoc
2831 2992 3355 3064 supervacaneum),
3388 2991 3606 3048 admitti
3637 2990 3940 3058 deberent,

2232 3089 2333 3137 aut
2369 3084 2439 3139 ad
2478 3082 3019 3149 reconciliationem,
3053 3081 3100 3136 si
3127 3081 3344 3136 redacti
3370 3081 3431 3135 in
3461 3080 3726 3135 ordinem
3754 3080 3941 3151 poeni-

2228 3172 2476 3227 tentium
2506 3171 2775 3226 fuissent:
2832 3175 2890 3225 at
2943 3170 3287 3241 generaliter
3334 3174 3606 3224 neutrum
3646 3168 3727 3223 eis
3771 3169 3939 3223 facile

2228 3261 2671 3326 concedendum,
2705 3260 2815 3314 nisi
2844 3260 2891 3313 si
2920 3260 3122 3314 mortis
3151 3258 3471 3330 periculum
3499 3258 3656 3313 aliud
3693 3273 3938 3329 persua-

2231 3350 2374 3405 deat.
2405 3350 2486 3405 Ad
2520 3351 2736 3405 Electos
2765 3365 2934 3420 porro
2965 3348 3117 3420 quod
3148 3352 3382 3418 spectat,
3416 3351 3634 3413 monet,
3664 3345 3936 3400 testimo-

2230 3438 2393 3493 nium
2433 3438 2837 3508 resipiscentiae
2868 3436 3098 3492 nonnisi
3135 3435 3442 3491 difﬁculter
3466 3434 3547 3489 eis
3575 3434 3835 3489 dandum
3864 3435 3939 3489 ab

2230 3525 2517 3597 episcopo,
2548 3531 2611 3581 ut
2641 3542 2711 3581 ne
2741 3527 2867 3581 loca
2896 3526 2995 3580 ubi
3048 3523 3408 3596 probationis
3451 3539 3621 3578 causa
3673 3524 3940 3581 collocati

2227 3614 2461 3683 fuerint,
2495 3631 2702 3687 nempe
2733 3614 3081 3670 monasteria
3108 3614 3197 3669 vel
3223 3612 3596 3683 xeuodochia,
3626 3612 3687 3667 in
3725 3612 3938 3685 quibus
4026 3598 4029 3675 Ῐ

2228 3706 2347 3758 tam
2376 3703 2472 3757 diu
2505 3719 2736 3758 manere
2758 3702 2985 3769 debent,
3020 3702 3209 3774 quoad
3240 3701 3590 3773 Baptismum
3612 3705 3713 3756 aut
3738 3717 3938 3756 recon-
4025 3720 4027 3737 <

2229 3789 2577 3847 ciliationem
2607 3791 2721 3846 illis
2733 3791 2857 3862 jam
2882 3791 3205 3862 negandam
3226 3806 3339 3846 nou
3361 3806 3482 3846 esse
3502 3794 3746 3856 constet,
3770 3789 3934 3844 facile

2228 3879 2508 3935 deserant.

2296 3971 2346 4022 2.
2402 3968 2533 4023 Erat
2551 3967 2870 4023 Victorinus
2912 3967 3101 4022 nescio
3157 3967 3285 4039 quis
3325 3984 3357 4022 e
3400 3969 3552 4022 secta
3580 3965 3926 4023 Manichaeo-

2226 4071 2380 4124 rum,
2414 4054 2515 4127 qui
2544 4055 2806 4110 simnlata
2831 4054 2944 4109 ﬁde
2974 4055 3251 4110 catholica
3275 4054 3704 4127 hypodiaconus
3737 4056 3928 4112 Eccle-

2226 4144 2325 4197 siae
2355 4143 2734 4199 Mallianensis
2759 4143 2819 4198 in
2849 4143 3182 4199 Mauritania
3213 4144 3560 4199 Cmsareensi
3580 4144 3775 4198 fuerat
3802 4161 3931 4200 con-

2225 4232 2455 4287 stitutus
2488 4233 2691 4303 (Epist.
2731 4234 2856 4295 236,
2886 4248 2942 4287 η.
2981 4234 3049 4302 l).
3079 4233 3178 4287 Hic
3209 4233 3531 4303 Hipponem
3551 4236 3811 4300 venerat,
3835 4234 3928 4288 ubi

2225 4337 2446 4376 errores
2478 4337 2610 4375 suos
2634 4321 2907 4377 docuerat
2935 4320 3090 4376 haud
3135 4337 3346 4392 paucos
3387 4320 3676 4387 homines,
3716 4322 3929 4392 quibus

2222 4414 2476 4464 mentem
2506 4426 2665 4464 suam
2696 4410 2824 4465 ideo
2865 4410 3175 4481 aperiebat,
3225 4410 3376 4482 quod
3434 4411 3508 4465 ad
3562 4426 3620 4464 se
3665 4408 3925 4466 discendi

2222 4498 2407 4569 gratia
2454 4514 2551 4552 eos
2578 4498 2857 4553 ventitare
2896 4498 3286 4554 arbitraretur.
3337 4499 3697 4571 Quapropter
3727 4487 3819 4554 re.
3835 4516 3927 4555 co-

2221 4586 2381 4657 gnita
2422 4586 2774 4657 Augustinus
2801 4586 2864 4641 in
2901 4604 2969 4642 eo
3017 4587 3405 4643 convincenda
3454 4604 3570 4643 non
3619 4588 3924 4643 laboravit.

2222 4674 2364 4730 Cum
2395 4675 2551 4729 enim
2567 4675 2635 4730 de
2648 4675 2911 4730 doctrina
2935 4675 3232 4731 hominem
3263 4676 3688 4748 interrogasset,
3712 4677 3814 4731 ille
3830 4678 3927 4750 qui

2220 4779 2418 4817 sensus
2448 4779 2579 4816 suos
2609 4758 2781 4817 nimis
2834 4764 3028 4818 multis
3057 4763 3417 4835 patefecerat,
3450 4780 3623 4836 quam
3655 4769 3719 4818 ut
3747 4781 3923 4835 nega-

2219 4851 2439 4905 tionem
2470 4857 2726 4923 speraret
2767 4852 2875 4906 sibi
2912 4853 3295 4922 profuturam,
3347 4860 3552 4925 sponte
3593 4869 3698 4908 sua
3745 4854 3925 4908 Mani-

2219 4940 2443 4995 chasum
2474 4956 2532 4995 se
2572 4957 2693 4995 esse
2724 4941 3015 4996 confessus
3058 4945 3177 4996 est:
3225 4945 3496 4997 caeterum
3538 4957 3657 4996 non
3698 4942 3922 5009 Electis,

2218 5029 2316 5083 sed
2338 5034 2561 5083 tantum
2591 5029 2963 5084 Auditoribus
2991 5030 3341 5102 adscriptum
3363 5048 3422 5085 se
3438 5030 3748 5086 contendit.
3773 5031 3923 5096 Quin

2218 5116 2391 5171 etiam
2420 5118 2602 5173 oravit
2633 5122 2892 5173 sanctum
2919 5119 3268 5185 Antistitem,
3307 5124 3367 5174 ut
3397 5136 3455 5174 se
3485 5119 3547 5174 in
3574 5119 3828 5175 veritatis
3857 5137 3922 5175 ac

2216 5205 2488 5261 doctrinae
2508 5206 2801 5261 catholicae
2819 5210 2967 5263 viam
2984 5209 3298 5263 reduceret.
3321 5211 3395 5264 At
3422 5224 3555 5263 vero
3585 5206 3681 5262 hic
3701 5208 3765 5263 in
3786 5225 3922 5264 sene

2216 5293 2635 5348 dissimulatam
2680 5295 2784 5349 sub
2820 5312 2981 5351 sacro
3036 5298 3254 5353 honore
3302 5296 3601 5352 clericatus
3648 5297 3916 5352 haeresim

2213 5383 2543 5439 exhorruit:
2574 5383 2740 5439 illum
2762 5385 3010 5441 coerceri
3046 5386 3240 5458 jussit,
3271 5391 3443 5459 atque
3478 5402 3544 5442 ex
3576 5387 3719 5442 urbe
3761 5388 3912 5459 ejici.

2212 5464 2278 5527 Et
2304 5487 2374 5525 ne
2409 5472 2763 5543 provinciam
2794 5474 3146 5530 Mauritaniae
3174 5475 3455 5542 inﬁceret,
3489 5477 3764 5531 Deuterio
3795 5478 3918 5531 Cte-

2210 5560 2459 5616 sareensi
2487 5560 2753 5635 episcopo
2782 5563 3225 5635 metropolitano
3255 5580 3376 5621 rem
3404 5564 3770 5634 signiﬁcavit,
3802 5582 3917 5637 quo
