4062 6396
165 341 254 393 525

161 457 411 514 videlicet
463 456 842 526 praemonitus
897 456 1049 508 malo
1099 460 1461 522 occurreret;
1515 460 1738 509 caveret
1775 471 1848 510 ne

160 545 481 620 paenitentia
512 545 616 607 illi,
642 544 752 598 nisi
780 543 940 614 prius
971 543 1206 599 detectis
1234 543 1521 610 omnibus,
1550 560 1695 615 quos
1725 560 1853 598 nos-

161 641 256 702 set,
279 635 555 689 Mallianaa
590 638 762 705 atque
794 633 936 687 adeo
967 633 1141 687 totius
1169 632 1477 704 provinciae
1509 632 1848 714 Manichteis’

161 724 555 779 concederetur
579 723 780 792 ;§illum
814 722 1064 794 denique
1091 723 1278 788 vitari,
1301 739 1364 777 ac
1391 723 1669 793 dignitate
1694 723 1850 777 abdi-

161 815 286 880 cari,
321 829 416 868 seu
447 812 775 867 denuntiari
816 813 1072 883 Hippone
1113 812 1457 879 abdicatum,
1498 812 1727 882 juberet
1756 813 1852 882 (De

163 905 326 959 Gestis
356 918 472 956 cum
497 903 751 966 Emerita,
773 916 828 954 η.
852 901 937 970 'l).
961 901 1141 956 Simul
1175 901 1360 955 eidem
1393 900 1652 954 Deuterio
1685 916 1850 970 expo-

164 990 258 1056 nit,
288 1005 430 1059 quas
460 988 847 1058 blasphemias
875 989 1191 1058 crederent,
1223 1004 1462 1060 quamve
1494 988 1850 1060 disciplinam

166 1079 524 1132 observarent
549 1075 988 1131 Manichaeorum
1017 1076 1335 1131 Auditores.
1685 1080 1688 1082 ⁷

229 1171 278 1220 3.
330 1165 695 1219 Enchiridion
735 1181 902 1219 suum
949 1179 1050 1219 seu
1086 1166 1340 1219 Manuale
1378 1181 1492 1220 non
1531 1169 1661 1219 ante
1698 1165 1850 1218 hunc

163 1269 372 1308 annum
408 1253 616 1308 Christi
661 1253 1299 1325 quadringentesimum
1337 1253 1680 1323 vigesimum
1730 1253 1848 1322 pri-

164 1358 312 1396 mum
359 1341 718 1412 composuit:
764 1341 1230 1413 quandoquidem
1270 1342 1328 1396 in
1373 1358 1440 1396 eo
1478 1341 1852 1410 Hieronymus

162 1447 285 1486 cum
301 1435 507 1485 sanctae
523 1430 812 1484 memoriae
825 1431 1088 1485 laudatur
1104 1431 1286 1501 elogio
1308 1430 1616 1500 (Enchirid.
1629 1473 1643 1493 ,
1670 1446 1724 1483 η.
1742 1429 1848 1497 23).

167 1518 494 1573 lnscribitur
524 1519 629 1573 hoc
659 1535 801 1589 opus
841 1519 912 1574 ad
954 1519 1324 1572 Laurentium
1358 1519 1583 1573 Dulcitii
1620 1519 1854 1572 fratrem

163 1611 247 1676 (De
285 1613 398 1663 octo
432 1609 658 1662 Dulcitii
697 1609 1115 1674 Quwstionibus,
1157 1613 1342 1676 quaest.
1395 1612 1445 1676 l,
1487 1624 1523 1661 η
1597 1609 1702 1676 10),
1754 1606 1854 1678 qui

163 1697 544 1766 Augustinum
574 1712 680 1766 per
709 1696 925 1750 litteras
954 1696 1215 1767 petierat,
1251 1701 1315 1749 ut
1345 1695 1451 1749 sibi
1484 1695 1691 1750 librum
1719 1711 1854 1748 con-

161 1785 430 1840 scriberet
462 1784 765 1840 enchiridii
803 1785 1005 1850 forma,
1061 1801 1232 1854 quem
1263 1800 1488 1854 semper
1524 1783 1760 1838 haberet
1796 1783 1855 1836 in

161 1873 426 1929 manibus
457 1890 470 1927 :
504 1874 562 1927 in
595 1889 708 1944 quo
741 1872 980 1928 disceret
1009 1872 1148 1943 quid
1178 1873 1426 1926 maxime
1461 1888 1562 1926 nos
1593 1871 1857 1942 amplecti

161 1965 439 2032 oporteat,
473 1962 678 2032 quidve
703 1961 776 2015 ob
795 1961 979 2015 varias
1000 1961 1244 2015 hmreses
1260 1978 1377 2032 prae
1399 1960 1618 2016 caeteris
1636 1961 1854 2030 fugere;

161 2051 368 2121 quibus
398 2050 455 2104 in
487 2051 654 2104 rebus
677 2050 849 2103 fidem
883 2050 1024 2104 ratio
1055 2055 1326 2120 sequatur
1358 2067 1419 2104 ac
1445 2049 1711 2116 stabiliat,
1736 2049 1858 2119 qui-

158 2139 262 2192 bus
292 2142 490 2193 contra
525 2138 609 2192 illi
656 2138 994 2208 refragetur,
1039 2142 1096 2192 et
1139 2139 1340 2206 solam,
1387 2142 1585 2209 utpote
1625 2137 1696 2192 ad
1735 2137 1857 2207 ejus

160 2227 472 2297 premenda
494 2226 729 2297 vestigia
758 2226 966 2298 impar,
988 2227 1210 2281 deserat
1234 2247 1248 2293 ;
1270 2227 1478 2296 quibus
1506 2226 1718 2280 ﬁnibus
1733 2229 1859 2296 Spes

156 2321 350 2370 nostra
412 2315 814 2382 contineatur;
875 2331 1002 2386 quae
1069 2315 1142 2368 sit
1191 2315 1516 2369 christiana:
1583 2314 1856 2369 doctrina:

159 2421 408 2470 summa,
447 2405 671 2476 quodve
709 2408 928 2458 certum
961 2420 1026 2458 ac
1065 2403 1359 2474 proprium
1390 2404 1525 2459 fidei
1569 2403 1859 2457 catholicae

157 2492 614 2546 fundamentum.
635 2491 809 2562 Atqui
826 2492 944 2545 haec
958 2495 1117 2545 tanta
1142 2496 1375 2562 tamque
1395 2493 1572 2546 ardua
1592 2490 1698 2545 sibi
1719 2506 1859 2560 pau-

158 2581 236 2634 cis
266 2581 462 2634 omnia
479 2580 705 2635 definiri
729 2580 1064 2651 peroptabat
1090 2577 1418 2649 (Enchirid.,
1442 2596 1498 2633 η.
1530 2582 1596 2649 l).
1622 2580 1862 2634 Sanctus

157 2669 532 2740 Augustinus,
576 2669 674 2740 qui
704 2685 833 2723 cum
865 2670 987 2739 ejus
1016 2668 1340 2722 eruditione
1370 2669 1685 2738 plurimum
1715 2669 1862 2722 dele-

161 2760 446 2823 ctabatur,
478 2763 602 2812 tum
632 2757 816 2811 multo
847 2757 1240 2812 vehementius
1284 2774 1414 2810 eum
1452 2756 1689 2828 adjungi
1716 2757 1864 2810 veris

161 2847 521 2918 sapientibus
569 2846 851 2917 cupiebat,
899 2846 1245 2916 postulatam
1287 2845 1706 2900 institutionem
1756 2844 1863 2916 ipsi

161 2952 378 3006 negare
419 2935 622 2990 noluit.
669 2936 928 3005 Cumque
977 2949 1173 2987 omnes
1221 2933 1370 2987 illius
1421 2934 1766 3004 quaestiones
1797 2949 1864 2987 eo

154 3025 534 3097 pertinerent,
567 3029 629 3079 ut
658 3023 796 3094 quid
826 3023 1172 3078 credendum
1197 3022 1289 3086 sit,
1323 3021 1463 3093 quid
1489 3022 1856 3094 sperandum,

163 3114 310 3185 quid
344 3113 651 3168 amandum
682 3103 926 3182 denique
961 3115 1354 3181 cognosceret;
1381 3115 1607 3165 sanctus
1628 3113 1864 3180 Prazsul,

164 3206 240 3255 De
280 3202 433 3266 Fide,
453 3202 557 3270 Spe
589 3206 638 3254 et
662 3202 939 3257 Charitate
965 3200 1023 3253 in
1045 3199 1529 3254 commentatione
1557 3215 1658 3254 sua
1686 3199 1866 3254 disse-

163 3291 328 3355 ruit;
370 3289 462 3343 cui
492 3289 661 3343 etiam
695 3289 846 3343 hunc
888 3289 1077 3359 ipsum
1107 3287 1340 3341 titulum
1378 3287 1584 3342 indidit
1609 3287 1669 3341 in
1699 3288 1868 3342 variis

166 3379 309 3433 locis
331 3395 344 3432 :
370 3378 596 3432 tametsi
617 3378 905 3432 Laurentii
927 3378 1244 3448 prudentiae
1273 3377 1586 3447 permittat,
1618 3380 1680 3430 ut
1706 3377 1866 3443 illud,

162 3468 210 3522 si
225 3467 518 3536 maluerit,
543 3467 897 3521 Enchiridion
910 3467 1155 3537 appellet
1168 3466 1423 3534 (Retract.
1448 3465 1520 3518 lib
1535 3507 1547 3520 .
1567 3468 1621 3520 2.
1643 3481 1763 3534 cap.
1779 3467 1867 3529 63;

161 3557 352 3624 Epist.
413 3557 554 3620 23l;
617 3557 683 3608 De
733 3559 860 3609 .octo
916 3555 1142 3608 Dulcitii
1188 3554 1502 3618 Quzestion.,
1557 3557 1742 3619 quaest.
1801 3555 1862 3612 l).

161 3645 436 3697 Testatur
469 3646 659 3696 autem
697 3641 792 3696 hic
838 3657 896 3696 se
941 3642 1245 3712 diligenter
1279 3643 1349 3696 de
1387 3641 1605 3695 ratione
1645 3640 1866 3695 colendi

171 3732 300 3797 Dei,
343 3747 472 3802 qua:
512 3747 646 3785 vera
693 3729 944 3784 hominis
983 3729 1265 3800 sapientia
1301 3733 1404 3796 est,
1438 3729 1774 3800 disputasse.
1806 3731 1876 3783 In

163 3819 499 3892 quaestione
531 3835 701 3888 super
745 3818 833 3872 his
866 3834 994 3888 quas
1020 3833 1123 3887 pro
1153 3818 1396 3872 mortuis
1425 3817 1748 3888 frequentat
1779 3818 1874 3870 Ec-

163 3908 370 3974 clesia,
403 3923 542 3962 num
571 3907 782 3960 scilicet
812 3922 879 3960 ea
908 3921 1022 3959 non
1051 3909 1241 3959 essent
1277 3905 1602 3976 apostolica:
1645 3905 1879 3959 adversa

161 3993 475 4051 sententias
505 3993 676 4062 (quod
705 3997 841 4046 tunc
859 3991 1132 4060 temporis
1160 3991 1230 4045 ab
1261 4007 1328 4045 eo
1360 3991 1628 4045 Paulinus
1658 4007 1879 4061 quaere-

160 4081 320 4150 bat),
344 4081 590 4134 aftirmat
617 4083 840 4134 sanctus
862 4081 1086 4139 Doctor,
1108 4078 1206 4132 illa
1231 4078 1439 4149 quibus
1466 4083 1719 4148 prosunt,
1747 4078 1880 4149 quia

159 4185 311 4228 cum
342 4167 612 4232 viverent,
663 4171 729 4220 ut
769 4165 875 4220 sibi
925 4169 1155 4237 possent
1199 4166 1471 4237 prodesse
1523 4172 1880 4233 meruerunt,

163 4265 277 4316 aut
311 4257 381 4311 ad
412 4257 518 4310 hoc
548 4256 816 4325 prodesse
835 4259 902 4309 ut
921 4253 993 4308 sit
1020 4254 1191 4324 plena
1219 4254 1498 4321 remissio,
1533 4259 1631 4309 aut
1656 4259 1804 4310 certe
1823 4259 1883 4309 ut

165 4344 538 4403 tolerabilior
567 4345 666 4398 ﬁat
691 4345 814 4414 ipsa
837 4343 1149 4398 damnatio.

243 4439 304 4490 4.
338 4433 659 4488 Enchiridio
690 4432 1045 4503 Augustinus
1076 4432 1286 4486 librum
1319 4431 1482 4486 illum
1508 4431 1754 4501 subjicit,
1785 4447 1882 4486 cu-

159 4527 270 4593 jus
305 4520 601 4595 inscriptio
647 4524 767 4574 est:
816 4523 890 4574 De
928 4520 1072 4575 Cura
1104 4535 1207 4588 pro
1247 4521 1472 4573 mortuis
1502 4519 1738 4586 gerenda
1763 4519 1888 4590 (Re-

169 4613 574 4667 tractationum
605 4609 702 4663 lib.
740 4610 795 4675 2,
827 4624 951 4677 cap.
993 4607 1105 4674 64).
1146 4607 1275 4676 Ejus
1321 4611 1722 4676 argumentum
1756 4622 1888 4676 sug-

169 4698 363 4772 gessit
384 4698 673 4763 Paulinus,
707 4695 807 4767 qui
827 4695 1001 4750 dubio
1021 4696 1220 4766 procul
1251 4695 1556 4749 amicitiam
1587 4696 1890 4765 Augustini

178 4803 495 4857 nunquam
523 4801 638 4840 non
664 4785 950 4850 coluerat;
978 4799 1308 4854 quanquam
1338 4800 1370 4836 a
1397 4782 1590 4836 multis
1615 4788 1768 4836 retro
1795 4799 1892 4837 an-

172 4882 278 4936 nis
315 4878 541 4932 nullum
569 4877 693 4947 ejus
721 4875 805 4931 rei
835 4875 1121 4947 specimen
1152 4873 1520 4928 advertimus.
1565 4873 1893 4944 Contigerat

173 4971 388 5022 autem
408 4970 473 5019 ut
493 4970 752 5019 matrona
777 4962 1042 5036 quadam
1067 4964 1229 5018 Flora
1248 4962 1502 5029 nomine,
1519 4961 1707 5028 vidua,
1723 4966 1893 5032 atque

173 5057 240 5110 in
276 5053 470 5108 Africa
519 5052 753 5122 degens,
810 5053 1063 5106 humano
1105 5051 1246 5120 ﬁlio,
1287 5067 1458 5121 quem
1497 5055 1581 5104 sat
1625 5050 1894 5105 credibile

172 5147 274 5197 est
303 5141 459 5194 haud
499 5139 699 5209 procul
752 5139 892 5192 Nola
944 5139 1098 5193 diem
1128 5139 1357 5205 obiisse,
1397 5139 1587 5192 locum
1625 5139 1684 5192 in
1717 5138 1896 5192 sancti

171 5229 516 5300 cujuspiam
543 5227 663 5282 aede
695 5243 725 5280 a
748 5225 985 5280 Paulino
1016 5230 1252 5296 peteret.
1288 5228 1442 5280 Hanc
1466 5225 1560 5280 ille
1591 5226 1761 5280 missa
1781 5226 1899 5297 epi-

172 5319 340 5373 stola
367 5317 578 5371 solatus
608 5319 712 5382 est,
745 5314 805 5369 id
830 5314 997 5368 simul
1027 5315 1321 5381 nuntians,
1355 5315 1423 5369 de
1454 5314 1724 5369 cadavere
1755 5315 1896 5369 fide-

1624 333 1827 388 ΗΒΕιῖ
1867 331 2199 388 OCTAVUS.

3547 339 3648 390 526

1964 453 2158 508 Felicis
2195 453 2448 521 basilica,
2502 469 2674 525 quam
2724 454 2994 510 Paulinus
3035 460 3445 522 construxerat,
3488 463 3650 513 erant

1961 559 2134 598 sacras
2165 543 2340 607 cellar,
2393 543 2508 596 sive
2539 544 2741 598 sacella
2779 544 3026 598 orationi
3066 548 3121 598 et
3159 549 3526 612 mortuorum
3565 563 3648 600 se-

1959 631 2208 701 pulturae
2239 631 2538 687 destinata.
2570 633 2708 687 Cum
2739 649 2906 704 porro
2938 634 3117 687 Florae
3148 635 3416 689 Paulinus
3449 633 3649 690 rescri-

1961 721 2138 786 beret,
2183 721 2379 776 eadem
2423 738 2558 776 usus
2601 727 2686 777 est
2732 723 3178 794 opportunitate,
3223 729 3286 779 ut
3325 724 3542 780 litteras
3580 726 3650 780 ad

1959 810 2345 881 Augustinum
2393 810 2571 864 daret.
2622 811 2684 863 In
2729 810 2818 864 his
2859 811 2929 864 ab
2972 827 3037 865 eo
3069 811 3481 881 sciscitabatur,
3511 829 3652 868 num

1960 898 2149 952 credat
2199 898 2460 968 prodesse
2507 899 2713 969 cuique
2759 903 2887 969 post
2937 905 3204 969 mortem,
3248 902 3400 971 quod
3446 919 3652 973 corpus

1960 986 2083 1056 ejus
2104 985 2253 1057 apud
2275 986 2453 1040 sancti
2482 987 2720 1057 alicujus
2749 988 3086 1042 memoriam
3113 990 3384 1060 sepelitur
3409 1008 3420 1044 :
3444 1007 3507 1044 ac
3544 991 3653 1046 sibi

1961 1074 2195 1145 quidem
2225 1074 2404 1128 videri
2431 1075 2670 1141 dicebat,
2696 1091 2814 1130 non
2844 1093 2964 1130 esse
2988 1077 3184 1132 inanes
3213 1083 3403 1133 motus
3429 1080 3651 1135 animo-

1960 1179 2087 1216 rum
2121 1163 2520 1233 religiosorum
2551 1168 2721 1235 atque
2747 1164 3005 1219 ﬁdelium
3035 1182 3138 1236 pro
3168 1166 3284 1220 suis
3312 1167 3421 1222 ista
3444 1183 3654 1224 curan-

1960 1252 2106 1305 tium
2131 1268 2143 1305 :
2167 1257 2223 1305 et
2251 1251 2593 1321 adjungebat
2620 1268 2814 1307 vacare
2845 1269 2962 1308 non
2989 1270 3176 1324 posse,
3212 1255 3362 1326 quod
3391 1256 3656 1310 universa

1961 1356 2066 1410 pro
2098 1339 2378 1394 defunctis
2425 1341 2667 1394 Ecclesia
2710 1342 3025 1412 supplicare
3065 1344 3390 1410 consuevit;
3431 1348 3496 1398 ut
3524 1343 3658 1398 hinc

1963 1433 2019 1482 et
2048 1428 2188 1482 illud
2217 1427 2420 1498 conjici
2449 1427 2646 1498 possit,
2686 1429 2908 1483 homini
2936 1431 3206 1501 prodesse
3236 1436 3362 1502 post
3387 1437 3655 1498 mortem,

1965 1515 2011 1569 si
2041 1516 2151 1570 fide
2182 1532 2414 1570 suorum
2444 1517 2770 1587 sepeliendo
2801 1518 2921 1588 ejus
2950 1520 3171 1590 corpori
3201 1519 3328 1575 talis
3355 1520 3658 1590 providea-

1964 1608 2059 1658 tur
2084 1605 2261 1676 locus,
2295 1605 2354 1660 in
2384 1622 2498 1677 quo
2525 1611 2798 1677 appareat
2822 1608 3121 1678 opitulatio
3150 1609 3322 1663 etiam
3352 1609 3458 1662 isto
3491 1609 3658 1664 modo

1962 1695 2200 1764 quaesita
2220 1699 2543 1749 sanctorum
2567 1698 2658 1764 (De
2682 1697 2825 1750 Cura
2851 1712 2950 1766 pro
2970 1699 3196 1750 mortuis
3220 1697 3543 1765 gerenda,n.
3573 1697 3652 1767 l).

1966 1783 2208 1838 Aliunde
2257 1800 2390 1839 vero
2443 1783 2548 1837 sibi
2597 1784 3011 1838 dubitationem
3060 1785 3120 1838 id
3174 1783 3408 1854 injicere
3451 1784 3658 1853 aiebat,

1967 1872 2120 1942 quod
2153 1888 2264 1925 non
2304 1871 2434 1925 satis
2463 1871 2697 1937 videret,
2746 1887 2998 1942 quonam
3037 1875 3202 1942 pacto
3232 1871 3330 1926 illa
3369 1872 3661 1926 conciliari

1969 1964 2142 2031 queat
2179 1959 2372 2030 opinio
2419 1975 2550 2013 cum
2592 1959 2698 2012 hoc
2730 1959 2990 2028 Apostoli
3034 1959 3448 2030 pronuntiato:
3486 1963 3660 2016 Unus-

1969 2051 2196 2117 quisque
2224 2050 2444 2117 recipiet
2474 2052 2638 2116 prout
2665 2050 2829 2115 gessit
2866 2050 2926 2102 in
2963 2064 3180 2118 corpore
3212 2049 3279 2118 (II
3309 2050 3428 2105 Cor.
3461 2065 3514 2116 v,
3549 2050 3658 2118 l0).

1969 2137 2214 2191 Modesta
2243 2137 2338 2190 illa
2368 2135 2662 2208 inquisitio
2713 2141 2829 2190 tam
2857 2137 3094 2191 illustris
3123 2137 3395 2208 episcopi,
3427 2141 3662 2210 tamque

1968 2225 2029 2279 in
2058 2225 2230 2279 sacris
2263 2225 2486 2279 Litteris
2515 2224 2746 2294 eruditi,
2795 2225 3006 2280 mirum
3051 2230 3331 2297 quantum
3377 2226 3548 2281 distat
3592 2227 3663 2282 ab

1971 2329 2168 2368 eorum
2194 2313 2558 2380 conﬁdentia,
2592 2313 2689 2384 qui
2719 2314 2792 2368 ob
2823 2315 3081 2369 eamdem
3113 2314 3507 2370 difﬁcultatem
3535 2331 3667 2370 ora-

1969 2401 2156 2456 tiones
2184 2419 2287 2474 pro
2318 2401 2613 2473 spiritibus
2634 2402 3043 2457 dormientium
3065 2403 3191 2457 fieri
3211 2403 3404 2457 solitas
3421 2405 3663 2474 proscri-

1969 2507 2154 2562 psere.
2191 2491 2313 2545 Vim
2345 2490 2692 2546 difficultatis
2717 2491 2812 2545 ille
2843 2508 3006 2562 reque
3027 2491 3186 2559 vidit,
3212 2495 3380 2563 atque
3410 2492 3542 2559 isti;
3567 2493 3664 2548 sed

1972 2598 2089 2652 prae
2119 2580 2238 2636 istis
2267 2579 2480 2649 abjecte
2526 2579 2595 2634 de
2644 2596 2702 2633 se
2734 2579 3012 2635 sentiebat
3050 2579 3148 2634 Vir
3184 2586 3410 2636 sanctus
3442 2598 3454 2636 :
3489 2581 3664 2652 siqui-

1973 2670 2104 2724 dem
2155 2684 2339 2740 neque
2387 2669 2648 2736 Paulum,
2695 2684 2882 2739 neque
2932 2669 3234 2723 Ecclesiam
3285 2669 3666 2724 condemnare

1974 2774 2166 2824 ausus,
2191 2757 2384 2810 animo
2405 2756 2738 2827 tranquillo,
2762 2757 2949 2827 quoad
2972 2757 3080 2811 sibi
3105 2775 3234 2812 cum
3258 2759 3367 2812 ﬁde
3391 2759 3671 2829 quaerenti

1975 2862 2098 2901 rem
2130 2847 2278 2899 Deus
2305 2845 2604 2912 revelaret,
2647 2844 3026 2914 exspectavit;
3067 2861 3131 2898 ac
3169 2846 3400 2899 tandem
3445 2847 3516 2899 ad
3556 2847 3672 2900 voti

1975 2935 2151 2990 ﬁnem
2181 2932 2482 3003 Augustini
2530 2931 2804 2986 beneficio
2851 2932 3130 3002 pervenit.
3173 2933 3270 2986 llic
3313 2934 3552 2987 Paulino
3582 2950 3672 2988 re-

1977 3023 2260 3096 spondere
2284 3020 2380 3075 diu
2412 3019 2627 3074 distulit
2656 3024 2748 3087 ;et
2776 3019 2922 3074 forte
2948 3019 3122 3074 etiam
3152 3021 3321 3090 hujus
3350 3021 3523 3074 officii
3553 3037 3672 3076 om-

1977 3113 2116 3168 nino
2145 3111 2342 3165 fuisset
2369 3108 2596 3175 oblitus,
2638 3108 2780 3162 adeo
2829 3108 3190 3179 negotiorum
3235 3110 3481 3164 aliorum
3523 3111 3674 3164 mole

1977 3199 2364 3273 premebatur,
2396 3197 2518 3251 nisi
2548 3196 2736 3267 ipsum
2767 3197 2836 3252 ad
2877 3197 2934 3251 id
2974 3197 3354 3252 Candidianus
3385 3197 3678 3269 presbyter

1980 3289 2150 3344 nullis
2189 3287 2334 3342 datis
2371 3285 2614 3340 induciis
2633 3285 3000 3356 compulisset
3031 3287 3121 3356 (Dc
3150 3287 3293 3342 Cura
3317 3303 3418 3356 pro
3452 3290 3680 3344 mortuis

1980 3375 2236 3446 gerenda,
2282 3390 2374 3429 nn.
2427 3378 2476 3441 l,
2521 3372 2632 3444 23).
2685 3373 2807 3428 Illic
2849 3374 3205 3445 propositum
3251 3375 3358 3429 sibi
3407 3392 3470 3429 ex
3520 3375 3681 3430 Pauli

1981 3464 2262 3520 sententia
2304 3463 2547 3517 dubium
2589 3462 2736 3517 circa
2777 3463 3063 3518 orationes
3109 3477 3212 3534 pro
3251 3464 3492 3519 mortuis
3520 3465 3684 3518 solvit

1984 3552 2166 3622 (Ibid,
2192 3568 2246 3606 η.
2279 3552 2353 3619 2).
2377 3549 2540 3616 Quod
2561 3567 2692 3605 vero
2715 3550 2784 3605 ad
2811 3552 3163 3621 sepulturam
3193 3553 3347 3623 apud
3377 3553 3683 3607 memorias

1983 3645 2301 3711 martyrum
2331 3640 2548 3702 attinet,
2574 3655 2700 3693 eam
2721 3643 2982 3694 autumat
3002 3657 3116 3694 non
3133 3640 3202 3694 ad
3234 3641 3386 3695 aliud
3416 3641 3683 3712 prodesse

1986 3729 2274 3795 defuncto,
2306 3727 2420 3781 nisi
2448 3731 2512 3781 ut
2541 3727 2772 3781 affectus
2800 3744 2907 3798 pro
2945 3728 3043 3781 illo
3073 3728 3519 3798 supplicationis,
3552 3745 3684 3784 eum

1988 3817 2159 3871 etiam
2207 3819 2523 3885 martyrum
2572 3815 2890 3884 patrocinio
2934 3815 3364 3882 commendans,
3408 3822 3689 3888 augeatur

1987 3906 2180 3977 (lbid.,
2226 3921 2286 3959 η.
2344 3904 2455 3963 22).
2503 3905 2633 3960 Cum
2681 3918 2794 3970 ego,
2831 3903 2931 3973 ait,
2960 3905 3136 3972 ﬁdelis
3165 3909 3338 3958 mater
3382 3905 3557 3973 ﬁdelis
3583 3906 3691 3974 ﬁlii

1989 3995 2235 4060 defuncti
2260 4007 2453 4061 corpus
2482 3992 2812 4046 desideravit
2831 3995 2889 4046 in
2916 3993 3138 4047 basilica
3159 3996 3422 4061 martyris
3439 3995 3591 4062 poni,
3619 3995 3691 4047 si-

1991 4083 2208 4153 quidem
2237 4081 2471 4135 credidit
2492 4082 2605 4150 ejus
2627 4083 2865 4135 animam
2881 4085 3088 4136 meritis
3117 4085 3380 4154 martyris
3405 4082 3689 4152 adjuvari;

1993 4173 2088 4225 hoc
2118 4170 2263 4238 quod
2291 4172 2370 4223 ita
2402 4169 2657 4236 credidit,
2689 4172 3019 4239 supplicatio
3045 4171 3292 4239 quadam
3320 4173 3471 4238 fuit;
3503 4175 3554 4224 et
3584 4172 3692 4226 haec

1987 4261 2224 4330 profuit,
2256 4259 2304 4312 si
2335 4258 2470 4326 quid
2493 4260 2720 4327 profuit.
2751 4261 2821 4312 Et
2852 4259 2996 4327 quod
3023 4259 3098 4312 ad
3118 4259 3259 4313 idem
3277 4261 3579 4329 sepulcrum
3607 4275 3693 4314 re-

1994 4350 2165 4402 currit
2191 4349 2390 4412 animo,
2415 4351 2465 4400 et
2479 4346 2658 4416 ﬁlium
2673 4348 2925 4418 precibus
2944 4350 3120 4416 magis
3148 4351 3430 4417 magisque
3441 4365 3698 4404 commen-

1997 4437 2114 4502 dat,
2147 4435 2383 4504 adjuvat
2411 4435 2658 4502 defuncti
2685 4438 2961 4505 spiritum,
2992 4453 3097 4491 non
3126 4440 3326 4492 mortui
3362 4441 3600 4508 corporis
3618 4439 3696 4493 lo-

1996 4539 2110 4591 cus,
2133 4524 2226 4577 sed
2238 4540 2304 4577 ea:
2317 4525 2418 4578 loci
2438 4526 2696 4578 memoria
2707 4527 2864 4579 vivus
2885 4528 3078 4580 matris
3096 4527 3318 4594 affectus
3343 4526 3525 4597 (lbid.,
3544 4543 3600 4581 η.
3622 4527 3696 4594 7).

2000 4613 2203 4667 Narrat
2232 4611 2420 4664 oblata
2447 4610 2587 4664 vivis
2626 4612 2936 4666 multorum
2963 4612 3364 4667 defunctorum
3398 4618 3454 4668 et
3479 4618 3697 4669 sancto-

1998 4717 2128 4754 rum
2168 4699 2285 4753 visa
2319 4716 2331 4753 :
2367 4703 2423 4754 et
2451 4700 2685 4754 tandem
2709 4716 2837 4771 quae
2867 4717 2969 4754 sua
2998 4705 3143 4755 esset
3163 4701 3343 4756 animi
3370 4702 3700 4758 constitutio

2002 4788 2061 4842 in
2104 4788 2171 4842 iis
2212 4787 2662 4854 difﬁcultatibus,
2705 4805 2948 4858 quarum
2997 4785 3404 4845 enodatibnem
3448 4792 3704 4846 nondum
3742 4821 3746 4824 -

2003 4879 2314 4945 acceperat,
2330 4874 2542 4929 mirum
2564 4875 2622 4929 in
2645 4877 2882 4932 modum
2901 4877 2980 4932 ibi
3002 4879 3286 4948 expromit
3306 4880 3492 4949 (lbid.,
3516 4896 3570 4935 η.
3590 4880 3700 4951 21).

2163 4963 2436 5018 Dnlcitius
2465 4963 2526 5017 in
2554 4963 2742 5019 Africa
2770 4965 2991 5020 circiter
3018 4983 3233 5022 annum
3267 4969 3707 5040 quadringente-

2006 5051 2215 5106 simum
2253 5051 2613 5122 vigesimum,
2659 5057 2724 5107 ut
2771 5069 2941 5125 supra
2985 5055 3254 5126 vidimus,
3295 5056 3499 5127 agebat
3550 5072 3705 5110 exse-

2004 5139 2249 5212 quendis
2296 5140 2564 5194 adversus
2620 5142 2935 5198 Donatistas
2978 5144 3200 5215 legibus
3243 5145 3314 5199 ab
3357 5146 3702 5215 Imperatore

2005 5229 2325 5301 praefectus.
2360 5229 2516 5284 Idem
2547 5229 2762 5286 ibidem
2784 5232 2970 5287 adhuc
2990 5235 3337 5299 morabatur,
3367 5248 3497 5286 cum
3519 5233 3708 5302 Augu-

2008 5317 2224 5372 stinum
2253 5317 2322 5372 de
2351 5318 2522 5373 variis
2543 5319 2958 5390 quaestionibus
2986 5338 3091 5393 per
3123 5321 3337 5376 litteras
3367 5319 3711 5391 Carthagine

173 5409 257 5464 lis
285 5405 518 5475 juvenis
549 5402 805 5475 Cynegii,
833 5402 986 5472 quod
1017 5406 1276 5456 materno
1305 5407 1360 5458 et
1388 5403 1483 5474 pio
1514 5404 1720 5458 affectu
1747 5403 1903 5459 desi-
2009 5406 2168 5461 datos
2182 5407 2486 5477 consuluit,
2502 5423 2631 5479 quas
2653 5408 2737 5463 illi
2748 5425 2854 5481 per
2866 5409 3154 5464 Paschalia
3167 5409 3304 5462 festa
3321 5411 3454 5460 sunt
3473 5406 3712 5462 redditas

177 5494 439 5561 deravit,
501 5509 620 5548 esse
665 5491 1035 5562 completum,
1094 5494 1158 5545 ut
1212 5490 1424 5547 scilicet
1475 5492 1538 5547 in
1589 5492 1901 5548 beatissimi

185 5582 403 5640 Felicis
440 5581 778 5638 confessoris
827 5579 1060 5636 basilica
1097 5583 1426 5653 poneretur.
1483 5582 1547 5636 In
1587 5581 1694 5638 hac
1723 5582 1899 5637 sancti

2009 5493 2110 5566 (De
2131 5500 2245 5551 octo
2269 5497 2496 5553 Dulcitii
2533 5500 2849 5569 Question,
2882 5500 3150 5564 Prae/am.
3182 5498 3336 5550 Tunc
3362 5495 3597 5567 quidem
3616 5512 3713 5552 re-

2020 5599 2295 5653 sponsum
2317 5586 2397 5641 eis
2427 5585 2670 5642 scribere
2701 5592 2894 5641 sancto
2923 5586 3145 5641 Doctori
3169 5583 3507 5655 neutiquam
3535 5586 3718 5654 licuit;
