4062 6372
406 338 505 389 527

403 474 470 511 eo
492 454 647 527 quod
676 456 807 525 post
829 466 1015 505 sacros
1044 449 1172 503 illos
1199 448 1319 501 dies
1343 445 1530 501 statim
1562 462 1682 510 sese
1700 443 1944 498 contulit
1960 444 2092 496 Car-

402 543 716 613 thaginem,
749 539 900 595 unde
947 538 1177 593 nonnisi
1214 537 1398 591 tribus
1445 534 1736 588 mensibus
1776 532 1985 587 exactis
2029 530 2098 583 ad

402 649 534 686 suos
563 629 769 685 reverti
799 629 1109 700 permissus
1140 630 1239 679 est.
1263 624 1413 689 Quin
1435 628 1623 677 autem
1656 638 1723 676 eo
1751 620 2099 692 gravissimis

401 720 649 792 negotiis
678 722 995 790 pertractus
1015 716 1106 783 sit,
1131 715 1273 768 nulli
1302 712 1713 783 ambigendum
1737 728 1750 777 ;
1774 708 1996 764 tametsi
2029 708 2096 761 de

402 811 491 864 his
520 808 666 863 nihil
695 810 1051 878 compertum
1081 804 1379 865 habeatur,
1422 802 1531 855 nisi
1562 800 1717 871 quod
1749 799 1869 870 ipse
1895 795 2097 851 litteris

401 896 667 969 prodidit,
698 896 778 949 ibi
801 911 859 949 se
896 892 1353 962 occupationum,
1387 905 1516 960 quae
1554 888 1661 942 sibi
1707 887 1767 941 in
1805 887 1911 940 hac
1954 885 2096 938 urbe

399 1002 698 1057 nunquam
720 985 973 1049 deerant,
1002 979 1373 1035 multitudine
1401 977 1722 1032 districtum
1742 975 1882 1028 adeo
1902 972 2092 1039 fuisse,

405 1080 471 1129 ut
490 1075 559 1129 ad
581 1073 912 1129 dictandum
935 1069 1230 1142 quidpiam
1257 1066 1439 1121 otium
1466 1064 1701 1119 omnino
1724 1063 1946 1116 nullum
1969 1077 2098 1131 sup-

405 1164 637 1230 peteret.
657 1161 971 1214 Reversum
992 1155 1148 1222 inde,
1167 1153 1412 1224 negotiis
1436 1167 1566 1222 qua:
1588 1149 1769 1219 magis
1789 1147 2093 1218 urgebant,

400 1247 675 1302 nimirum
717 1245 967 1318 propriae
1011 1244 1337 1307 dioeceseos,
1389 1245 1641 1294 mentem
1695 1236 1939 1307 adjicere
1992 1251 2097 1305 per

402 1335 523 1390 dies
552 1334 879 1407 quindecim
909 1332 1199 1404 oportuit:
1232 1330 1439 1401 quibus
1469 1325 1682 1398 peracti
1707 1323 1966 1379 nonnihil
1996 1323 2097 1377 otii

397 1428 615 1491 nactus,
647 1423 770 1477 sine
790 1439 951 1477 mora
970 1422 1042 1475 ad
1072 1417 1528 1474 satisfaciendum
1554 1413 1795 1468 Dulcitio
1815 1410 2090 1467 incubuit.

404 1513 655 1581 Rogatus
685 1510 754 1565 ab
784 1525 850 1564 eo
878 1510 1061 1564 fuerat
1082 1522 1251 1577 super
1263 1509 1386 1559 octo
1407 1500 1821 1574 quaestionibus
1842 1497 2094 1568 Scriptu-

401 1612 479 1650 ra;
510 1613 611 1651 seu
641 1596 1032 1651 ecclesiasticae
1064 1594 1376 1659 doctrinae;
1410 1608 1550 1663 quas
1580 1605 1798 1654 omnes,
1841 1588 1889 1641 si
1927 1586 2095 1657 quin-

395 1690 515 1739 tam
544 1684 856 1754 exceperis,
880 1684 940 1739 in
960 1682 1131 1737 variis
1163 1696 1401 1752 operum
1423 1695 1656 1732 suorum
1687 1676 1825 1731 locis
1855 1674 2096 1745 explica-

396 1777 501 1826 rat.
523 1771 881 1843 Quapropter
908 1787 1038 1841 quae
1061 1770 1187 1839 jam
1209 1769 1278 1822 de
1302 1772 1520 1838 septem
1541 1765 1668 1819 aliis
1688 1764 2093 1833 disputaverat,

397 1858 533 1913 satis
559 1858 762 1914 habuit
788 1874 1113 1928 excerpere,
1143 1872 1257 1928 quo
1287 1856 1458 1909 simul
1489 1859 1545 1908 et
1576 1851 1803 1907 Dulcitii
1832 1855 1949 1905 tam
1981 1852 2098 1903 lau-

400 1948 586 2003 dabile
619 1948 967 2004 desiderium
996 1947 1270 2018 expleret,
1312 1950 1368 1999 et
1403 1961 1461 1998 se
1500 1943 1694 1998 labore
1734 1941 2000 1995 liberaret
2027 1939 2096 1993 de

395 2038 618 2108 integro
649 2037 848 2093 eadem
875 2035 1224 2102 recudendi;
1256 2050 1384 2105 qua).
1415 2048 1549 2087 sane
1568 2048 1676 2095 res,
1710 2045 1841 2084 cum
1868 2044 2096 2099 permo-

397 2128 536 2181 lesta
561 2127 692 2195 sibi,
715 2132 839 2182 tum
864 2125 1085 2181 inutilis
1111 2124 1354 2179 Dulcitio
1371 2126 1494 2177 erat
1522 2122 1731 2176 futura.
1760 2120 1873 2173 Hoc
1902 2121 2095 2172 autem

396 2216 455 2270 in
512 2215 720 2287 scripto
777 2213 1076 2270 historiam
1131 2211 1439 2267 admodum
1494 2209 1844 2279 singularem
1900 2206 2092 2271 refert,

393 2318 567 2376 quam
585 2303 884 2374 ipsiusmet
903 2301 1089 2356 verbis
1107 2300 1496 2371 subjiciemus.
1516 2300 1702 2353 Dicam
1718 2296 1863 2364 quod
1879 2297 2094 2362 factum

392 2397 491 2454 est,
522 2391 729 2462 inquit,
775 2394 833 2444 in
877 2392 1219 2446 Mauritania
1256 2389 1522 2454 Sitifensi.
1573 2388 1754 2454 Neque
1782 2386 1923 2437 enim
1957 2385 2096 2437 Deus

395 2484 704 2534 sanctorum
733 2482 982 2547 Patrum,
1012 2494 1118 2533 non
1148 2480 1264 2547 ipse
1283 2480 1361 2530 est
1398 2478 1559 2529 etiam
1589 2477 1727 2527 Deus
1754 2477 1953 2527 noster.
1993 2474 2095 2527 Vi-

397 2569 561 2621 duam
595 2570 655 2621 in
685 2570 963 2637 proposito
1008 2568 1348 2622 continentia:
1386 2566 1731 2619 constitutam
1779 2561 2095 2617 Celtica/tius

395 2656 619 2724 quidam
642 2656 1044 2710 catechumenus
1054 2654 1273 2723 juvenis
1286 2655 1496 2722 rapuit,
1527 2655 1589 2705 ut
1617 2650 1834 2704 haberet
1850 2664 2091 2702 umorem.

397 2745 703 2813 Antequam
741 2744 1161 2809 concumberent,
1196 2756 1415 2812 pressus
1459 2755 1640 2795 somno
1672 2744 1722 2793 et
1753 2740 1975 2793 territus
2013 2753 2095 2791 so-

394 2835 556 2902 mnio,
585 2834 840 2899 Sitifensi
864 2834 1108 2902 episcopo
1146 2832 1386 2885 eamdem
1421 2830 1879 2884 vehementissime
1912 2828 2094 2894 requi-

394 2924 551 2988 renti,
569 2923 836 2976 revocavit
850 2923 1127 2975 intactam.
1158 2922 1361 2975 Vivunt
1376 2920 1554 2972 adhuc
1577 2918 1641 2971 de
1661 2917 1857 2986 quibus
1884 2917 2088 2983 loquor.

392 3011 485 3065 Ille
512 3011 840 3081 baptizatus,
874 3015 923 3064 et
948 3013 1066 3080 ipso
1095 3012 1153 3065 in
1171 3026 1226 3065 sc
1245 3013 1394 3077 facto
1416 3009 1679 3062 miraculo
1709 3020 1991 3061 conversus
2018 3004 2093 3057 ad

393 3100 694 3162 Dominum,
717 3098 793 3152 ad
811 3100 1177 3167 episcopatum
1204 3096 1503 3150 venerabili
1525 3096 1799 3164 probitate
1825 3094 2087 3162 pervenit,

394 3186 492 3239 illa
519 3187 577 3238 in
608 3192 798 3239 sancta
825 3186 1093 3239 viduitate
1106 3186 1353 3253 persistit
1370 3182 1464 3253 (De
1479 3187 1590 3236 octo
1617 3182 1841 3235 Dulcitii
1863 3179 2084 3244 Quaest,

397 3278 586 3342 quaest.
616 3278 669 3339 7,
701 3289 758 3328 n.
793 3276 868 3340 3).
909 3273 973 3327 In
1003 3271 1464 3342 Carthaginensis
1493 3268 1715 3324 concilii
1748 3268 1983 3338 epistola
2019 3268 2090 3322 ad

397 3359 766 3415 Caelestinum
783 3359 1118 3414 undecimus
1137 3360 1287 3413 inter
1315 3358 1605 3429 episcopos
1627 3356 1964 3411 Celticchius
1984 3372 2088 3411 no-

398 3446 669 3502 minatur.
702 3446 880 3516 Hujus
904 3444 1038 3499 libri
1064 3449 1361 3499 contextus
1390 3445 1570 3511 docet,
1604 3443 1952 3499 dominicum
1982 3446 2089 3499 Pa-

395 3533 602 3588 schalis
630 3533 783 3588 diem
812 3532 922 3587 hoc
952 3548 1102 3586 anno
1150 3530 1415 3585 incidisse
1454 3529 1513 3583 in
1556 3529 1791 3583 tertium
1818 3530 2088 3585 kalendas

394 3623 602 3692 apriles
630 3639 643 3676 :
677 3622 826 3693 quod
857 3636 961 3692 per
1002 3620 1364 3692 epicopatum
1391 3616 1695 3689 Augustini
1726 3618 1888 3672 annis
1918 3636 2089 3690 supra

394 3708 1022 3779 quadringentesimum
1055 3709 1276 3763 decimo
1313 3724 1465 3762 nono
1496 3708 1681 3762 solum
1712 3712 1767 3762 et
1796 3708 2087 3778 trigesimo

391 3798 648 3868 contigit.
670 3798 838 3869 Atqui
872 3798 942 3853 de
964 3797 1167 3852 ultimo
1188 3798 1294 3852 hoc
1321 3796 1377 3851 id
1398 3797 1590 3851 nullus
1624 3796 1925 3868 intelligat,
1956 3814 2086 3851 cum

390 3887 668 3942 secundus
689 3886 1171 3942 Retractationum
1191 3886 1351 3948 liber,
1370 3887 1556 3957 inquo
1580 3887 1778 3941 eadem
1795 3887 1915 3940 haec
1936 3903 2087 3941 com-

389 3976 662 4032 mentatio
685 3982 1031 4043 recensetur,
1055 3992 1122 4030 eo
1145 3991 1326 4042 usque
1347 3992 1464 4029 non
1485 3976 1794 4040 perveniat.
1818 3975 2087 4045 Superest

388 4064 566 4133 igitur
591 4069 655 4118 ut
672 4064 815 4119 illud
835 4081 987 4118 anno
1016 4063 1582 4135 quadringentesimo
1595 4063 1814 4117 decimo
1828 4078 1978 4117 nono
1989 4064 2086 4117 tri-

386 4153 647 4218 buamus,
671 4169 784 4223 quo
802 4169 950 4207 anno
966 4168 1160 4206 mense
1172 4151 1324 4204 maio
1338 4155 1591 4204 vertente
1612 4150 1950 4220 Carthagine
1962 4156 2084 4204 erat

386 4246 613 4296 sanctus
637 4241 870 4295 Praesul.
904 4242 1114 4295 Verum
1145 4238 1453 4309 quominus
1482 4238 1817 4309 opinionem
1833 4240 1997 4305 hanc,
2019 4239 2083 4293 li-

386 4333 478 4383 cet
513 4328 735 4383 ratione
761 4334 880 4383 tam
909 4327 1201 4397 plausibili
1248 4327 1472 4393 fultam,
1516 4326 1906 4393 admittamus,
1948 4327 2083 4382 facit

385 4416 752 4471 Enchiridion
789 4417 851 4470 in
886 4416 994 4471 hoc
1032 4415 1233 4469 eodem
1262 4419 1498 4470 tractatu
1539 4415 1849 4485 allegatum
1892 4415 2077 4485 (Ibid.,

383 4509 572 4574 quaest.
610 4510 660 4569 l,
690 4521 746 4560 .
785 4505 868 4574 l0,
896 4510 946 4559 et
977 4510 1165 4574 quaest.
1199 4508 1253 4571 2,
1283 4520 1340 4558 n.
1380 4505 1452 4574 4),
1485 4504 1641 4575 quod
1690 4509 1818 4558 ante
1863 4521 2078 4559 annum

383 4593 1015 4665 quadringentesimum
1045 4593 1385 4664 vigesimum
1415 4593 1692 4663 primum,
1723 4597 1936 4663 quanto
1962 4593 2078 4647 illic

382 4681 759 4754 Hieronymus
819 4690 1029 4738 sanctae
1075 4682 1370 4737 memoriae
1402 4681 1700 4748 vocitatur,
1753 4681 1923 4736 scribi
1961 4698 2077 4736 non

380 4770 585 4840 potuit.
639 4772 914 4827 Eumdem
962 4772 1116 4826 enim
1160 4771 1568 4842 Hieronymum
1617 4770 1791 4824 tradit
1836 4772 2078 4840 Prosper

377 4874 528 4913 anno
557 4864 774 4914 tantum
816 4860 1380 4931 quadringentesimo
1425 4859 1699 4931 vigesimo
1742 4858 1927 4931 pridie
1966 4860 2076 4914 ka-

377 4949 575 5004 lendas
614 4949 861 5004 octobris
907 4949 1135 5016 obiisse,
1190 4965 1363 5020 quem
1408 4953 1465 5003 et
1500 4948 1854 5018 Augustinus
1890 4948 2073 5003 adhuc

376 5054 570 5093 mense
600 5037 907 5107 septembri
928 5037 1063 5092 anni
1085 5037 1634 5108 quadringentesimi
1662 5036 1869 5091 decimi
1890 5037 2073 5092 octavi

374 5126 437 5182 in
460 5126 597 5181 vivis
620 5142 787 5196 agere
815 5125 1084 5195 ponebat,
1109 5130 1164 5179 et
1192 5142 1293 5179 nos
1319 5125 1491 5179 etiam
1512 5141 1663 5179 anno
1685 5124 2070 5197 quadringen-

370 5214 575 5269 tesimo
619 5214 839 5269 decimo
865 5213 1347 5284 nonojepistolam
1393 5213 1462 5267 ad
1493 5213 1760 5267 eumdem
1799 5214 2068 5285 Augusti-

373 5319 512 5357 num
549 5302 770 5357 misisse
810 5301 1186 5357 ostendimus.
1226 5301 1538 5355 Fatendum
1568 5306 1762 5356 tamen
1791 5308 1877 5356 est
1904 5319 2066 5357 men-

371 5391 509 5446 dum
540 5391 602 5446 in
630 5390 936 5466 Augustini
973 5394 1297 5446 contextum
1330 5390 1641 5461 irrepsisse,
1673 5407 1738 5445 ac
1766 5408 1871 5462 pro
1899 5391 2065 5446 tertio

368 5479 640 5534 kalendas
668 5479 864 5550 aprilis
898 5478 1289 5550 reponendum
1317 5494 1437 5533 esse
1467 5478 1552 5532 vel
1587 5478 1832 5548 septimo
1863 5478 2063 5533 kalen-

367 5568 465 5622 das
488 5568 703 5639 aprilis,
737 5585 852 5640 quo
881 5569 973 5624 die
1002 5569 1214 5624 Pascha
1252 5568 1361 5622 hoc
1385 5583 1538 5623 anno
1565 5565 2061 5638 quadringentesi-

1622 323 1794 380 VITA
1834 322 1894 376 S.
1942 315 2326 377 AUGUSTINI
2369 313 2702 371 EPISCOPI.

3812 307 3918 358 5'28

2214 453 2308 491 mo
2339 433 2612 505 vigesimo
2642 430 2887 485 secundo
2916 432 3215 493 evenerat;
3250 427 3336 480 vel
3376 426 3599 480 decimo
3630 425 3913 479 kalendas

2210 524 2428 595 aprilis,
2450 539 2563 594 quo
2596 520 2687 575 die
2710 519 3019 574 Bucherius
3040 516 3242 572 asserit
3270 514 3443 570 fuisse
3464 530 3614 568 anno
3644 514 3918 586 quadrin-

2207 611 2525 683 gentesimo
2567 608 2845 679 vigesimo
2886 606 3088 678 quinto
3126 604 3476 658 celebratum
3504 618 3537 655 a
3567 601 3917 673 quibusdam

2210 700 2565 765 Latinorum,
2629 696 2793 769 queis
2846 695 3273 767 Hipponensem
3323 690 3623 767 Ecclesiam
3674 690 3914 761 adjungi

2207 792 2468 860 oportere
2498 786 2805 841 verisimile
2836 790 2940 839 est.

2881 872 3107 928 CAPUT
3139 872 3227 925 IV.

2211 971 2229 1021 l
2279 967 2446 1023 Curat
2488 966 2852 1032 Augustinus,
2900 966 2959 1016 ut
3004 962 3284 1030 episcopus
3331 957 3570 1012 Fussala
3628 956 3915 1011 ordinetur

2277 1056 2568 1111 Antonius.
2600 1056 2634 1108 2
2664 1052 2923 1121 Ejusdem
2949 1050 3194 1104 Ecclesia
3225 1048 3759 1101 administrationem
3788 1046 3913 1099 adi-

2275 1159 2415 1197 mere
2442 1143 2529 1196 illi
2551 1143 2778 1207 cogitur.
2816 1143 2845 1193 3
2868 1140 3140 1193 Antonius
3172 1136 3446 1192 Numidia:
3472 1137 3707 1203 primati
3735 1138 3788 1187 et
3814 1136 3912 1188 Bo-

2276 1233 2478 1297 nifacio
2502 1245 2663 1299 papae
2688 1230 2875 1295 fucum
2902 1230 3061 1295 facit,
3086 1232 3148 1280 ut
3174 1228 3232 1279 in
3256 1227 3527 1293 integrum
3556 1227 3907 1278 restituatur.

2275 1322 2308 1373 4
2720 1318 2962 1373 obsecrat
2999 1318 3364 1384 Augustinus,
3406 1320 3468 1368 ut
3504 1316 3823 1369 sententiam
3852 1317 3910 1366 in

2276 1409 2431 1461 illum
2477 1409 2645 1461 latam
2683 1408 2865 1473 vigere
2901 1407 3067 1467 sinat,
3119 1419 3185 1458 ac
3218 1418 3392 1457 secum
3433 1417 3536 1471 pro
3576 1404 3913 1457 Fussalensis

2276 1498 2523 1551 Ecclesia
2542 1510 2673 1565 pace
2689 1494 2993 1548 collaboret.
3026 1497 3056 1546 5
3089 1491 3359 1561 Alioquin
3377 1496 3595 1546 sanctus
3624 1493 3743 1557 Vir,
3767 1491 3916 1559 quod

2274 1586 2423 1638 illius
2454 1583 2789 1637 ordinationi
2828 1598 2926 1650 per
2954 1580 3379 1649 imprudentiam
3420 1580 3760 1648 suffragatus
3812 1583 3908 1645 sit,

2271 1675 2557 1742 prepriam
2587 1672 2909 1739 dignitatem
2936 1685 3129 1724 eruere
3157 1671 3377 1736 cogitat.

2282 1766 2329 1816 t.
2365 1761 2642 1815 Baronius
2666 1776 2816 1814 anno
2848 1758 3416 1830 quadringentesimo
3437 1757 3712 1827 vigesimo
3736 1757 3910 1811 tertio

2210 1855 2454 1905 mortem
2510 1848 2780 1903 Bonifacii
2808 1864 2973 1919 papa:
3004 1852 3201 1901 octavo
3250 1846 3526 1901 kalendas
3555 1846 3911 1913 novembris,

2209 1939 2496 1995 Coelestini
2525 1956 2659 1993 vero
2706 1938 2827 2007 ejus
2874 1936 3212 1991 successoris
3246 1936 3577 1990 electionem
3606 1936 3778 1989 tertio
3809 1952 3916 1990 no-

2208 2044 2308 2082 nas
2331 2027 2657 2082 novembris
2686 2026 2867 2097 ponit.
2901 2026 3008 2080 Sed
3039 2025 3211 2095 hujus
3245 2024 3327 2078 rei
3357 2024 3655 2078 veritatem
3696 2040 3913 2095 cogno-

2207 2132 2360 2170 scere
2389 2115 2545 2171 baud
2574 2116 2635 2169 in
2655 2120 2920 2185 promptu
2956 2118 3073 2168 est:
3110 2130 3211 2167 nec
3238 2113 3431 2167 minus
3462 2113 3659 2167 saltem
3684 2113 3916 2167 videtur

2207 2198 2524 2276 probabile,
2556 2205 2660 2258 sub
2690 2204 2863 2258 nem
2896 2202 3032 2257 anni
3061 2202 3608 2273 quadringentesimi
3644 2202 3914 2273 vigesimi

2207 2294 2440 2349 secundi
2469 2294 2703 2348 desiisse
2732 2293 2919 2347 vivere
2951 2291 3329 2359 Bonifacium,
3362 2292 3730 2347 Caelestinum
3773 2309 3910 2348 vero

2204 2384 2265 2437 in
2292 2383 2414 2453 ejus
2445 2384 2634 2437 locum
2662 2397 2814 2435 anno
2836 2380 3400 2451 quadringentesimo
3427 2380 3708 2451 vigesimo
3732 2382 3911 2436 tertio

2205 2472 2502 2526 suffectum
2543 2486 2687 2525 esse.
2723 2471 2788 2524 Et
2830 2470 2954 2523 haec
2994 2469 3229 2540 quidem
3266 2485 3435 2525 causa
3475 2475 3580 2535 est,
3622 2485 3725 2524 cur
3753 2487 3911 2524 anno

2204 2577 2377 2632 supra
2406 2558 3032 2631 quadringentesimum
3063 2557 3339 2628 vigesimo
3380 2558 3624 2612 secundo
3651 2557 3911 2613 historiae

2203 2650 2437 2703 Antonii
2469 2648 2831 2715 Fussalensis,
2873 2662 2988 2718 qua
3028 2662 3144 2700 non
3190 2646 3351 2701 facile
3387 2645 3558 2700 aliam
3586 2650 3908 2699 memoratu

2203 2738 2526 2807 digniorem
2571 2738 2631 2791 in
2666 2735 2969 2807 Augustini
3006 2735 3120 2789 vita
3166 2733 3437 2805 reperias,
3474 2733 3699 2788 exordia
3731 2734 3910 2787 collo-

2205 2844 2414 2881 cemus.
2451 2827 2675 2880 Fussala
2705 2825 2999 2879 castellum
3024 2840 3123 2877 seu
3163 2823 3441 2894 oppidum
3485 2827 3608 2877 erat
3642 2822 3704 2876 in
3732 2824 3911 2877 conti-

2203 2917 2299 2971 nio
2331 2916 2710 2987 Hipponensis
2739 2908 3014 2969 territorii
3042 2914 3296 2985 positum
3328 2916 3538 2983 (Epist.
3572 2916 3693 2980 209,
3730 2930 3789 2968 .
3833 2914 3908 2983 2),

2204 3010 2373 3077 atque
2402 3006 2472 3059 ab
2499 3006 2624 3076 ipsa
2656 3005 2915 3075 Hippone
2954 3002 3334 3075 quadraginta
3360 3003 3636 3089 millibus,
3676 3002 3784 3056 hoc
3814 3008 3912 3056 est

2202 3095 2378 3148 lcucis
2427 3093 2735 3163 sexdecim,
2783 3092 3033 3159 distans;
3082 3092 3234 3163 quod
3274 3096 3467 3148 tamen
3523 3090 3906 3162 Hipponensis

2195 3184 2500 3238 dioeceseos
2529 3183 2741 3237 finibus
2773 3182 3385 3253 comprehendebatur,
3417 3197 3549 3235 cum
3577 3181 3643 3235 ad
3701 3182 3907 3250 Augu-

2198 3271 2332 3325 stini
2361 3276 2620 3342 tempora
2644 3270 2943 3342 proprium
2973 3270 3302 3341 episcopum
3345 3285 3623 3340 nunquan
3672 3268 3910 3323 habuis-

2198 3363 2298 3413 set.
2332 3357 2555 3412 Litteris
2583 3356 2935 3429 consignavit
2963 3356 3183 3428 aliquot
3211 3356 3500 3411 miracula.
3539 3369 3669 3426 qua:
3698 3354 3812 3409 hoc
3847 3355 3913 3410 in

2198 3448 2341 3510 loco,
2370 3447 2509 3502 dum
2538 3447 2702 3501 illum
2740 3446 2891 3501 idem
2920 3446 3285 3517 gubernaret,
3331 3449 3389 3498 et
3439 3448 3571 3515 post
3613 3442 3914 3499 Maximini

2197 3535 2495 3590 Sinitensis
2524 3534 2974 3603 conversionem,
3003 3534 3060 3588 id
3089 3538 3192 3595 est,
3219 3535 3589 3604 postiannnm
3629 3532 3912 3603 quadrin-

2197 3624 2579 3695 gentesimum
2601 3623 3144 3694 quintum,evenere
3174 3624 3266 3690 (De
3292 3622 3520 3677 Civitate
3542 3623 3657 3687 Dei,
3689 3621 3785 3675 lib.
3813 3625 3908 3688 ,

2196 3728 2315 3781 cap.
2341 3715 2393 3779 8,
2425 3728 2480 3766 .
2506 3714 2575 3778 6).
2604 3713 2732 3766 Erat
2755 3712 2994 3766 Fussala:
3025 3710 3276 3781 locisque
3306 3708 3568 3764 finitimis
3594 3724 3913 3763 numerosa

2196 3801 2388 3870 plebs;
2412 3801 2510 3854 sed
2542 3817 2606 3853 ea
2637 3800 2825 3854 omnis
2856 3800 3179 3854 miserrimo
3209 3814 3343 3853 casu
3382 3798 3443 3852 in
3469 3797 3715 3852 schisma
3758 3815 3912 3869 prae-

2196 3905 2325 3959 ceps
2354 3888 2496 3942 ierat
2523 3890 2722 3958 (Epist.
2764 3891 2892 3958 209,
2921 3905 2976 3943 .
3018 3887 3091 3959 2).
3134 3888 3440 3942 Restabant
3470 3887 3657 3941 solum
3686 3886 3751 3940 in
3781 3888 3912 3957 ejus

2195 3994 2333 4048 agro
2359 3977 2525 4047 pauci
2557 3976 2830 4032 Catholici
2865 3993 2879 4044 ;
2912 3982 2970 4031 at
3010 3977 3067 4030 in
3105 3976 3316 4047 oppido
3359 3991 3431 4029 ne
3460 3991 3608 4030 unus
3631 3976 3903 4046 quidem.

2195 4066 2369 4119 Primi
2399 4065 2881 4136 presbyterorum,
2911 4081 3053 4136 quos
3081 4065 3296 4119 ibidem
3317 4062 3665 4135 Augustinus
3691 4056 3908 4118 consti~

2192 4154 2319 4222 tuit,
2354 4154 2601 4226 spoliati,
2654 4154 2804 4222 cassi,
2849 4153 3155 4221 debilitati,
3199 4152 3483 4219 excmcati,
3527 4156 3698 4222 atque
3726 4155 3909 4208 etiam

2191 4242 2458 4298 trucidati
2495 4246 2627 4296 sunt
2660 4259 2673 4296 :
2707 4258 2906 4297 verum
2937 4242 3168 4296 inutiles
3199 4256 3263 4295 ac
3292 4242 3512 4296 steriles
3545 4257 3744 4295 eorum
3771 4258 3910 4296 cru-

2190 4330 2367 4385 ciams
2398 4347 2511 4384 non
2532 4331 2689 4384 fuere
2719 4347 2732 4397 ;
2761 4335 2816 4385 et
2849 4336 2982 4401 post
3006 4330 3260 4385 innitos
3291 4331 3514 4385 labores
3542 4346 3607 4383 ac
3633 4329 3911 4400 pericula

2189 4417 2419 4472 tandem
2466 4418 2774 4488 aliquando
2802 4418 2992 4472 divina
3020 4418 3308 4489 aspirante
3350 4417 3654 4473 clementia
3705 4417 3911 4473 nullus

2189 4503 2342 4558 illius
2370 4504 2622 4577 regionis
2640 4506 2797 4560 locus
2820 4523 2949 4561 cum
2976 4507 3220 4561 Ecclesia
3248 4506 3308 4561 in
3334 4523 3534 4578 pacem
3554 4520 3671 4560 non
3701 4506 3906 4572 rediit,

2193 4609 2255 4647 ac
2282 4594 2465 4665 pauci,
2498 4594 2599 4666 qui
2622 4601 3022 4650 remanserunt
3050 4596 3380 4663 Donatistae,
3414 4610 3532 4649 non
3554 4596 3677 4665 jam
3706 4595 3781 4648 de
3800 4611 3904 4649 ve-

2186 4683 2384 4736 xandis
2431 4683 2578 4750 aliis,
2620 4684 2717 4737 sed
2756 4684 2826 4739 de
2869 4684 3216 4739 occultandis
3265 4701 3325 4739 se
3372 4683 3511 4755 ipsis
3539 4683 3905 4755 cogitabant.

2185 4769 2423 4825 Sanctus
2454 4770 2833 4841 Hipponensis
2861 4770 3128 4838 Antistes,
3170 4771 3270 4843 qui
3302 4771 3602 4828 timoribus
3631 4788 3697 4826 ac
3728 4772 3907 4828 dolo-

2184 4858 2344 4913 ribus
2372 4860 2489 4913 suis
2517 4860 2661 4914 alios
2706 4859 3074 4930 parturierat,
3116 4861 3219 4915 hos
3248 4876 3479 4932 quoque
3512 4859 3736 4915 Christo
3776 4863 3899 4917 Do

2182 4948 2339 5003 mino
2364 4949 2571 5003 lucrari
2597 4949 2864 5021 cupiebat
2909 4948 3103 5020 (Ibid,
3149 4965 3211 5005 n.
3251 4951 3328 5020 4).
3363 4950 3547 5015 Quare
3578 4966 3710 5004 cum
3752 4967 3902 5022 pro-

2181 5039 2308 5108 pter
2339 5038 2441 5093 loci
2493 5037 2975 5109 longinquitatem
3018 5054 3077 5092 se
3119 5042 3345 5093 tantum
3372 5054 3544 5107 curua,
3594 5044 3897 5110 quantum

2180 5127 2497 5196 oportebat,
2528 5125 2663 5180 huic
2691 5126 2774 5180 rei
2802 5120 3136 5197 impendere
3165 5143 3283 5182 non
3314 5144 3482 5198 posse
3516 5127 3898 5199 intelligeret,

2178 5212 2338 5266 nulla
2366 5229 2484 5265 sua:
2513 5212 2825 5282 dignitatis,
2856 5230 3027 5284 quam
3049 5219 3213 5285 parte
3244 5215 3346 5269 illa
3366 5213 3785 5286 jurisdictionis
3812 5231 3906 5269 re-

2178 5303 2363 5354 secata
2389 5299 2507 5354 ibat
2526 5299 2920 5370 imminutum,
2944 5302 3167 5357 ratione
3188 5303 3405 5370 habita,
3428 5302 3629 5358 statuit
3650 5319 3901 5375 operam

2175 5389 2329 5455 dare,
2374 5392 2439 5444 ut
2489 5388 2570 5444 ibi
2616 5390 3058 5446 constitueretur
3105 5392 3405 5463 episcopus
3454 5391 3639 5462 (Ibid.,
3690 5409 3747 5447 n.
3812 5395 3896 5465 2).

2174 5476 2445 5542 Quaesivit
2470 5493 2607 5550 ergo
2638 5477 2886 5550 aliquem
2935 5496 3054 5534 non
3085 5472 3377 5551 imparem
3407 5478 3461 5533 ei
3506 5477 3762 5545 muneri,
3797 5479 3899 5533 cui

2175 5565 2348 5622 etiam
2365 5566 2627 5624 obeundo
2653 5568 2968 5624 necessaria
2990 5568 3103 5624 sive
3127 5567 3504 5623 conducibilis
3524 5573 3650 5622 erat
3664 5568 3897 5639 linguae
