4062 6346
200 273 307 325 329

198 394 421 464 punicae
446 394 695 465 cognitio
724 394 920 466 (Epist.
953 399 1075 459 209,
1112 412 1167 451 η.
1219 397 1291 466 3).
1322 398 1406 452 Ad
1451 398 1507 453 id
1539 413 1569 453 e
1612 400 1761 454 clero
1797 417 1898 455 suo

197 481 614 553 presbyterum,
631 482 731 554 qui
747 483 799 538 ei
811 487 1042 554 paratus
1062 484 1382 550 videbatur,
1400 484 1733 557 designavit.
1756 489 1895 543 Tum

193 570 505 640 provinciae
525 571 804 627 Numidiae
823 571 1053 643 primati
1072 572 1138 642 (is
1160 589 1292 627 vero
1315 577 1470 643 tunc,
1492 574 1605 628 nisi
1626 576 1895 645 fallimur,

193 660 455 716 Silvanus
497 660 850 715 Summensis
893 662 1055 733 erat),
1099 662 1260 732 cujus
1304 663 1463 717 sedes
1508 664 1578 718 ab
1618 665 1896 738 Hippone-

194 748 375 819 Regio
407 749 571 819 longe
611 756 733 803 erat
770 749 984 815 dissita,
1028 750 1271 821 scripsit,
1303 755 1500 820 petens
1538 756 1601 805 ut
1639 753 1706 807 ad
1746 754 1896 808 ordi-

193 836 490 890 nationem
521 836 668 890 hanc
697 837 1297 909 accederet.‘Cumque
1327 838 1422 891 ille
1454 838 1702 893 venisset
1729 857 1897 911 para-

194 926 263 978 tis
296 924 417 994 jam
456 925 625 979 rebus
663 925 947 992 omnibus,
978 926 1293 996 presbyter,
1323 942 1496 996 quem
1540 927 1633 981 Vir
1670 932 1897 983 sanctus

192 1012 326 1067 huic
370 1012 722 1084 episcopatui
771 1014 1103 1078 destinabat,
1149 1015 1384 1069 omnino
1433 1014 1595 1069 illum
1644 1016 1897 1087 accipere

192 1101 396 1156 noluit.
432 1102 633 1156 Docuit
669 1106 902 1156 eventus
933 1108 1149 1173 postea,
1182 1101 1358 1156 satius
1396 1103 1653 1158 futurum
1701 1105 1893 1172 fuisse,

192 1205 314 1244 rem
337 1190 479 1245 tanti
504 1189 779 1244 momenti
802 1190 1018 1245 differri
1042 1190 1101 1244 in
1120 1190 1273 1245 aliud
1294 1194 1541 1261 tempus,
1561 1208 1731 1261 quam
1754 1209 1897 1262 prae-

191 1279 418 1350 cipitari
449 1296 464 1335 :
490 1280 588 1334 sed
615 1284 752 1333 tunc
774 1279 1125 1349 Augustinus
1154 1279 1259 1333 sibi
1282 1295 1396 1333 non
1420 1280 1894 1336 committendum

193 1370 435 1439 putavit,
466 1374 531 1425 ut
558 1386 689 1425 cum
727 1369 1124 1441 gravissimum
1167 1374 1224 1424 ct
1251 1368 1671 1424 sanctissimum
1699 1387 1894 1425 senem

189 1458 523 1513 accercisset
546 1475 576 1513 e
592 1463 707 1513 tam
730 1459 1062 1529 longinquo,
1086 1474 1218 1512 eum
1243 1474 1303 1511 re
1334 1458 1540 1511 infecta
1557 1458 1891 1514 dimitteret.

186 1550 550 1617 Quapropter
576 1548 993 1602 adolescentem
1024 1546 1451 1601 Fussalensibus
1489 1564 1603 1600 non
1643 1548 1890 1617 petenti-

187 1637 294 1690 bus
321 1636 525 1691 obtulit
554 1636 787 1691 nomine
823 1635 1157 1702 Antonium,
1191 1652 1365 1706 quem
1402 1652 1593 1690 secum
1624 1641 1760 1691 tunc
1789 1638 1890 1692 ha-

186 1723 360 1778 bebat
391 1724 514 1793 (hoc
540 1723 695 1779 enim
724 1724 918 1779 forsan
941 1724 1185 1778 Fussala:
1207 1728 1426 1793 gestum
1456 1726 1579 1795 est),
1603 1742 1890 1798 quemque

180 1814 300 1879 jam
334 1812 468 1867 inde
498 1829 531 1867 a
560 1828 740 1884 puero
782 1814 1144 1879 educaverat;
1176 1829 1374 1867 verum
1414 1814 1576 1883 cujus
1613 1832 1717 1868 nec
1754 1821 1890 1870 tetas

184 1898 324 1953 satis
370 1900 555 1955 adhuc
602 1905 827 1955 matura
865 1906 1007 1967 erat,
1053 1916 1157 1955 nec
1200 1900 1420 1955 indoles
1468 1902 1603 1955 satis
1650 1902 1890 1973 probata

185 1987 369 2056 (Ibid.,
396 2005 450 2042 π.
481 1990 567 2058 9);
594 2005 723 2043 cum
751 2005 883 2043 eum
905 1989 963 2043 in
995 1990 1155 2044 nullo
1184 1989 1370 2044 officio
1397 1990 1714 2059 clericatus,
1746 2008 1889 2062 prae-

185 2079 449 2146 terquam
480 2077 728 2143 lectoris,
762 2078 1111 2148 explorasset
1154 2078 1334 2147 (Ibid.,
1375 2095 1431 2131 η.
1488 2083 1557 2141 3).
1595 2080 1753 2133 Hunc
1796 2085 1885 2134 ta-

183 2179 317 2217 men
334 2164 406 2218 ab
436 2164 700 2219 Antistite
731 2182 832 2219 suo
865 2165 972 2219 sibi
997 2166 1354 2236 propositum
1387 2168 1675 2221 Fussalani
1706 2168 1888 2223 obviis

181 2251 449 2305 manibus
488 2257 849 2322 exceperunt,
892 2270 1053 2324 azque
1099 2253 1378 2316 videlicet,
1420 2260 1592 2325 atque
1635 2255 1747 2320 ille,
1785 2272 1886 2311 ne-

180 2339 281 2394 scii
305 2356 503 2394 eorum
524 2357 652 2411 qua:
682 2346 877 2411 postea
906 2340 1178 2395 accidere.
1213 2343 1289 2396 Ac
1319 2358 1386 2395 eo
1416 2347 1580 2412 pacto
1606 2344 1886 2399 Antonius

180 2426 475 2481 ordinatus
514 2427 641 2493 fuit,
676 2428 850 2499 inque
882 2429 1189 2499 episcopali
1227 2430 1359 2484 sede
1397 2432 1721 2485 collocatus.
1764 2434 1885 2497 Quo

183 2520 444 2586 tempore
471 2516 621 2570 facta
649 2517 819 2571 fuerit
846 2518 969 2571 haec
989 2517 1298 2588 ordinatio,
1321 2518 1679 2589 ignoramus;
1709 2538 1885 2592 quan-

179 2622 357 2676 quam
389 2608 579 2665 tamen
611 2623 645 2660 a
665 2606 882 2661 ratione
909 2623 1025 2661 non
1052 2607 1275 2661 videtur
1295 2608 1568 2671 alienum,
1600 2626 1724 2663 eam
1758 2610 1885 2664 Car-

176 2694 841 2766 thaginensicollatione,
858 2695 916 2749 in
929 2712 1042 2766 qua
1055 2695 1285 2750 Antonii
1299 2712 1508 2750 nomen
1525 2713 1638 2751 non
1653 2698 1883 2768 legitur,

179 2781 559 2853 posteriorem
587 2782 793 2837 dicere.
822 2784 980 2837 Ilunc
1001 2783 1189 2854 ipsum
1209 2783 1269 2837 in
1301 2784 1621 2839 Milevitana
1642 2787 1880 2856 synodo,

179 2887 333 2925 anno
363 2871 1176 2942 quadringentesimodecimo
1200 2876 1355 2925 sexto
1379 2873 1677 2939 celebrata,
1702 2874 1884 2928 nomi-

176 2958 307 3013 nari
333 2958 487 3013 inter
513 2958 766 3025 ultimos,
797 2958 993 3028 opinio
1024 2963 1135 3025 est;
1168 2964 1342 3029 atque
1370 2958 1447 3013 ita
1473 2976 1676 3014 manus
1705 2961 1754 3014 ei
1783 2961 1883 3016 Sil-

177 3062 392 3101 vanum
421 3047 820 3102 Summensem
849 3046 1213 3117 imposuisse,
1244 3063 1540 3101 necessum
1571 3049 1697 3103 erit.

248 3137 304 3190 2.
339 3134 399 3189 Id
431 3151 605 3207 porro
656 3136 915 3190 dolorem
957 3134 1259 3204 Augustini
1298 3134 1488 3188 animo
1534 3135 1769 3189 incussit
1812 3151 1878 3190 eo

177 3222 481 3291 acriorem,
514 3224 670 3294 quod
698 3224 789 3287 iis,
827 3240 971 3295 quos
1005 3223 1257 3278 filiorum
1289 3223 1414 3277 loco
1443 3223 1707 3289 habebat,
1742 3240 1877 3278 con-

178 3312 365 3367 sulere
393 3313 532 3367 dum
559 3313 838 3380 voluerat,
862 3329 892 3366 e
918 3311 1199 3367 contrario
1226 3312 1472 3366 maxima
1502 3311 1713 3366 damna
1740 3312 1881 3366 iuvi-

175 3404 267 3455 tus
295 3401 596 3456 attulisset.
631 3402 811 3471 Negat
847 3417 905 3455 se
938 3399 1192 3468 Antonii,
1225 3416 1395 3472 quem
1438 3401 1676 3469 aluerat,
1706 3402 1877 3455 vitam

178 3489 473 3544 traducere
497 3490 670 3556 velle;
704 3494 763 3544 at
790 3489 1001 3544 fatetur
1030 3493 1223 3544 tamen
1248 3489 1550 3559 rationem,
1581 3506 1749 3560 quam
1784 3490 1879 3545 ille

176 3580 459 3644 tenuerat,
494 3582 609 3632 tam
639 3594 837 3649 graves
866 3578 1152 3649 peperisse
1182 3578 1542 3646 otfensiones,
1572 3584 1638 3632 ut
1660 3579 1727 3633 de
1757 3578 1879 3649 ipsa

169 3665 450 3733 judicium
484 3665 801 3720 necessario
840 3665 1257 3720 instituendum
1295 3665 1469 3720 fuerit
1500 3666 1684 3735 (Ibid.,
1713 3684 1771 3720 η.
1806 3668 1875 3733 li).

178 3754 242 3808 In
272 3770 341 3809 eo
373 3771 566 3809 rerum
594 3753 927 3825 capitalium
958 3758 1125 3825 atque
1156 3754 1573 3808 adulteriorum
1602 3754 1672 3808 ab
1698 3754 1881 3808 homi-

175 3841 348 3896 nibus
373 3859 490 3896 non
519 3858 636 3896 sua:
678 3842 937 3897 dioecesis
984 3846 1275 3896 accusatus
1323 3846 1436 3909 est;
1483 3859 1515 3896 a
1563 3843 1879 3898 Fussalanis

173 3946 311 3985 vero
359 3930 732 3985 intolerabilis
778 3929 1204 3997 dominationis,
1263 3930 1614 4000 rapinarum,
1666 3931 1875 3983 multo-

173 4033 422 4087 rumque
452 4033 556 4087 per
594 4017 708 4071 vim
755 4017 1131 4071 admissorum
1170 4018 1585 4086 postulabatur,
1619 4018 1877 4088 neganti-

175 4107 304 4172 bus,
355 4112 420 4160 ut
462 4106 586 4176 ejus
623 4105 1018 4160 auctoritatem
1060 4106 1276 4160 diutius
1316 4106 1547 4170 ferrent,
1581 4107 1775 4162 induci
1821 4125 1878 4162 se

175 4210 380 4266 posse;
411 4198 469 4249 et
489 4209 624 4249 sane
653 4194 953 4249 dubitabat
971 4209 1162 4262 nemo,
1185 4192 1324 4265 quin
1340 4194 1497 4263 justo
1523 4195 1715 4249 dolore
1737 4212 1879 4265 pun-

174 4288 453 4353 gerentur
483 4282 640 4353 (Ibid.
683 4299 735 4347 η,
772 4283 844 4351 5).
886 4283 1287 4336 Verumtamen
1318 4298 1448 4337 cum
1485 4282 1593 4337 alia
1622 4288 1880 4354 graviora

175 4370 441 4440 crimina,
473 4387 717 4441 quorum
756 4370 1218 4439 insimulabatur,
1248 4371 1481 4441 probari
1510 4372 1878 4443 nonIpotuis-

176 4463 326 4527 sent,
371 4476 438 4515 ea
466 4475 557 4514 res
596 4464 822 4514 tantum
868 4459 953 4514 illi
999 4459 1318 4513 conciliavit
1358 4458 1785 4527 misericordias,
1820 4465 1881 4516 ut

178 4553 386 4603 caetera
423 4564 552 4620 qua;
583 4549 938 4620 deprehensa
966 4547 1382 4619 manifestaque
1414 4553 1595 4615 erant,
1622 4548 1742 4618 jam
1769 4549 1877 4603 mi-

177 4651 287 4691 nus
308 4636 530 4691 animos
551 4637 957 4708 percellerent;
982 4652 1085 4690 nec
1107 4637 1301 4691 omnia
1330 4636 1496 4691 simul
1524 4637 1880 4692 abdicatione

179 4724 353 4797 digna
374 4724 721 4780 viderentur.
750 4727 1058 4780 Damnatus
1079 4724 1255 4795 igitur
1279 4725 1677 4779 tantummodo
1698 4726 1765 4780 ad
1790 4742 1882 4780 eo-

178 4828 310 4868 rum
340 4812 622 4882 omnium,
652 4830 781 4886 quae
820 4814 1248 4868 Fussalensibus
1286 4813 1618 4878 abstulerat,
1653 4814 1878 4868 restitu-

181 4900 423 4968 tionem,
456 4905 513 4955 et
543 4900 965 4967 communione,
997 4901 1187 4973 quoad
1219 4900 1328 4955 illis
1360 4901 1737 4971 satisfecisset,
1770 4902 1882 4972 pri-

183 4993 345 5044 vatus
399 4992 486 5043 est
538 4989 720 5059 (Ibid.,
781 5005 837 5045 n.
884 4990 962 5061 4).
1013 4989 1404 5044 Consentienti
1447 4990 1699 5045 Antonio
1748 4989 1882 5045 huic

181 5076 479 5132 sententia:
498 5076 684 5131 honor
709 5077 1066 5150 episcopatus
1087 5078 1310 5149 integer
1340 5078 1567 5133 relictus
1590 5083 1672 5132 est
1694 5079 1880 5148 (Ibid.,

182 5183 236 5221 η,
293 5168 380 5237 6);
441 5165 597 5237 quod
658 5170 982 5236 speraretur
1046 5167 1260 5222 scilicet
1310 5167 1452 5234 fore,
1505 5171 1568 5222 ut
1640 5167 1740 5239 qui
1788 5168 1881 5238 ju-

183 5258 477 5308 ventutem
510 5253 754 5308 necdum
801 5259 951 5307 esset
990 5271 1270 5325 egressus,
1311 5263 1379 5310 ad
1420 5257 1630 5311 bonam
1659 5258 1884 5326 frugem

186 5356 479 5411 emergere
519 5343 733 5396 valeret
763 5342 947 5411 (Ibid.,
979 5358 1037 5396 η.
1082 5344 1151 5415 ὕ).
1203 5345 1351 5409 Quin
1396 5346 1566 5400 etiam
1611 5345 1753 5400 illud
1801 5350 1886 5400 est

185 5429 661 5498 animadvertere,
695 5431 764 5485 de
804 5432 1187 5502 permittenda
1215 5433 1323 5505 ipsi
1353 5435 1611 5489 Ecclesia:
1639 5451 1755 5489 sua:
1786 5434 1884 5488 ad-

189 5517 604 5574 ministratione
630 5523 819 5574 actum
858 5519 916 5573 in
958 5520 1197 5588 judicio,
1244 5538 1481 5592 eamque
1523 5540 1643 5578 rem
1688 5522 1887 5592 legatis

1664 277 1873 334 LIBER
1916 279 2255 335 OCTAVUS.

3603 285 3706 338 530

1988 402 2437 467 ,Fussalensibus
2468 416 2588 454 esse
2626 401 3004 472 propositam;
3038 401 3098 455 hi
3126 416 3259 456 vero
3288 403 3494 458 obnixe
3526 404 3703 459 recla-

2008 493 2258 555 marunt,
2293 489 2533 561 professi
2577 489 2763 557 citius,
2806 502 2995 562 quam
3024 489 3083 544 id
3126 490 3306 558 fieret,
3339 492 3411 546 ad
3456 496 3705 547 extrema

2007 576 2202 631 omnia
2231 594 2288 631 se
2320 576 2725 633 descensuros:
2750 578 3023 633 nimirum
3049 579 3138 634 vel
3158 578 3441 634 redituros
3460 580 3532 635 ad
3562 581 3704 635 schi—

2008 680 2129 718 sma
2170 666 2498 736 pristinum,
2528 667 2614 720 vel
2646 666 2789 721 forte
2837 668 3008 721 etiam
3037 667 3350 722 Antonium
3390 668 3576 739 ipsum
3614 669 3705 724 in-

2008 756 2407 824 terempturos.
2456 755 2616 808 Celer
2661 754 2747 808 vir
2785 755 3126 825 spectabilis,
3153 772 3325 827 quem
3365 757 3473 812 sibi
3510 758 3701 812 infen-

2007 858 2131 896 sum
2165 859 2284 897 esse
2316 848 2486 914 atque
2513 845 2653 897 alios
2682 844 2742 898 in
2782 862 2839 898 se
2870 846 3122 915 potentia
3152 863 3254 900 sua
3282 847 3589 901 concitasse
3617 848 3701 918 ja-

2005 931 2193 985 ctabat
2237 931 2540 999 Antonius,
2590 937 2723 987 tunc
2770 934 3044 1003 temporis
3089 940 3431 1005 potestatem
3482 937 3700 991 nullam

2005 1020 2241 1089 gerebat
2275 1036 2287 1073 :
2324 1021 2470 1075 unde
2503 1038 2617 1075 non
2650 1026 2772 1075 erat
2801 1022 3125 1089 obscurum,
3161 1023 3574 1079 Fussalensium
3605 1025 3705 1079 ah-

1956 1106 1961 1111 ’
2005 1108 2408 1162 alienationem
2461 1110 2528 1162 ab
2568 1110 2815 1163 Antonio
2862 1127 2924 1164 ex
2974 1109 3127 1164 illius
3173 1110 3538 1181 instigatione
3588 1129 3701 1167 non

2003 1196 2306 1267 proficisci.
2348 1197 2584 1252 Necesse
2614 1196 2807 1268 itaque
2843 1198 2953 1252 fuit
2983 1198 3035 1252 ei
3076 1198 3329 1253 dioecesis
3358 1216 3475 1253 sua:
3514 1200 3701 1255 admi-

2005 1284 2404 1339 nistrationem
2452 1284 2727 1352 adimere,
2769 1302 3031 1340 concessa
3073 1287 3237 1341 venia
3280 1287 3493 1342 ibidem
3539 1288 3701 1342 habi-

2003 1372 2189 1439 tandi;
2225 1389 2299 1427 ne
2344 1372 2391 1426 si
2420 1372 2555 1427 inde
2587 1374 2698 1427 alio
2744 1373 3088 1441 mitteretur,
3118 1374 3178 1428 in
3223 1375 3468 1430 alienam
3512 1377 3701 1431 cathe-

2004 1460 2166 1514 dram
2196 1465 2392 1515 contra
2422 1465 2634 1515 statuta
2663 1460 3034 1515 conciliorum
3064 1462 3370 1517 translatus
3401 1462 3596 1517 illicite
3617 1463 3706 1518 di~

2001 1553 2227 1602 ceretur
2254 1550 2438 1619 (Ibid,
2470 1566 2525 1604 π.
2558 1548 2641 1620 '7).
2678 1548 2966 1620 Quidquid
2991 1549 3050 1603 in
3082 1550 3380 1619 eojudicio
3411 1551 3699 1606 decretum

2001 1641 2103 1703 est,
2138 1637 2306 1701 simul
2347 1637 2410 1691 in
2438 1638 2660 1692 tabulas
2698 1638 3096 1692 referebatur:
3140 1638 3292 1707 quod
3334 1638 3395 1692 in
3438 1638 3703 1695 universa

1998 1724 2186 1779 Africa
2214 1725 2269 1780 id
2295 1724 2571 1796 temporis
2595 1742 2698 1779 usu
2728 1730 3019 1796 receptum
3048 1724 3241 1789 fuisse,
3266 1724 3487 1778 dubitet
3505 1740 3695 1779 nemo.

2004 1815 2228 1867 Fatetur
2255 1830 2427 1885 porro
2470 1813 2843 1883 Augustinus,
2874 1813 2980 1866 hoc
3009 1812 3289 1882 judicium
3334 1812 3402 1865 ad
3443 1816 3697 1866 exactam

1999 1901 2355 1955 severitatem
2396 1901 2584 1955 minus
2614 1899 2988 1971 compositum
3023 1899 3204 1953 videri
3242 1914 3434 1968 posse;
3477 1914 3697 1953 necnon

2000 1990 2164 2043 isthic
2194 2006 2360 2061 ecquo
2389 1989 2682 2043 remissius
2721 1994 2909 2043 actum
2947 2004 3068 2042 esse
3097 1992 3370 2054 testatur;
3405 2005 3478 2042 an
3505 1994 3697 2043 autem

1997 2079 2142 2132 alius
2191 2078 2493 2149 episcopus
2544 2078 2787 2132 Fussala:
2830 2076 3171 2131 constitutus
3219 2075 3449 2130 interim
3500 2076 3693 2143 fuerit,

1997 2182 2137 2220 anve
2182 2166 2415 2221 redierit
2459 2166 2528 2220 ad
2571 2182 2731 2233 suam
2772 2181 2985 2230 curam,
3028 2163 3254 2218 silentio
3284 2164 3689 2235 praetermittit.

1997 2255 2268 2309 l'ltimum
2297 2260 2489 2309 tamen
2516 2272 2545 2308 a
2576 2254 2686 2308 fide
2717 2254 2905 2308 minus
2936 2252 3188 2307 alienum
3218 2258 3318 2316 est,
3349 2253 3395 2307 si
3424 2269 3540 2307 non
3570 2269 3692 2307 om-

1993 2344 2132 2398 nino
2156 2348 2371 2398 certum
2401 2344 2715 2397 habeatur:
2751 2341 3218 2413 quandoquidem
3240 2342 3459 2396 honore
3481 2342 3694 2412 episco-

1993 2433 2109 2504 pali
2136 2432 2381 2486 Antonio
2413 2432 2472 2486 in
2503 2431 2735 2503 propria
2765 2432 2895 2485 sede
2926 2435 3278 2496 conservato,
3310 2431 3355 2483 si
3387 2430 3564 2485 alium
3594 2447 3693 2484 au-

1993 2521 2227 2575 tistitem
2256 2521 2388 2576 illuc
2418 2521 2793 2587 induxissent,
2824 2520 3016 2590 biceps
3047 2520 3237 2573 futura
3275 2523 3396 2573 erat
3432 2518 3555 2573 haec
3594 2520 3689 2572 Ec-

1992 2610 2176 2664 clesia.
2223 2611 2340 2664 Iluc
2388 2614 2444 2664 et
2489 2609 2632 2664 illud
2684 2609 2841 2670 adde,
2890 2609 3082 2678 ipsum
3144 2607 3530 2679 Augustinum
3587 2607 3689 2661 sub

1997 2702 2278 2751 extremos
2321 2696 2451 2751 vita:
2490 2712 2606 2751 suae
2645 2712 2823 2750 annos
2870 2695 3075 2749 litteris
3104 2695 3528 2749 commendasse
3558 2711 3691 2764 pre-

1992 2783 2281 2853 sbyterum
2321 2783 2629 2855 quemdam
2660 2784 3054 2837 Fussalensem
3085 2782 3145 2836 in
3175 2783 3297 2837 haec
3324 2783 3495 2836 verba
3529 2798 3540 2835 :
3576 2785 3687 2837 Non

1991 2874 2129 2925 enim
2156 2887 2437 2940 possumus
2463 2874 2799 2926 necessitates
2830 2872 3101 2925 hominum
3135 2870 3448 2939 hujusmodi
3476 2870 3654 2924 desere
3684 2903 3690 2909 -

1990 2977 2064 3026 re,
2089 2962 2185 3028 qui
2199 2963 2372 3015 nostri
2390 2976 2496 3014 non
2517 2961 2706 3028 coloni,
2720 2960 2832 3024 sed,
2849 2959 2993 3029 quod
3008 2960 3183 3026 majus
3205 2964 3303 3027 est,
3315 2960 3518 3024 fratres
3538 2965 3684 3024 sunt,

1988 3054 2037 3102 et
2060 3051 2115 3102 in
2137 3050 2403 3103 charitate
2423 3050 2628 3105 Christi
2643 3048 2717 3102 ad
2732 3064 2916 3103 curam
2932 3049 3207 3118 pertinent
3228 3052 3465 3101 nostram
3483 3047 3683 3118 (Epist.

1987 3139 2112 3204 2'24,
2145 3154 2238 3191 nn.
2278 3140 2325 3198 t,
2358 3138 2430 3207 3).
2484 3138 2621 3202 Quae
2667 3154 2757 3191 res
2804 3152 3169 3209 nequaquam
3211 3135 3496 3208 prohibet,
3539 3153 3685 3208 quo-

1989 3226 2178 3281 minus
2203 3227 2467 3281 defuncto
2489 3226 2738 3281 Antonio
2756 3226 2971 3281 ibidem
2997 3225 3336 3281 constitutus
3357 3225 3527 3280 fuerit
3541 3226 3684 3281 alius

1989 3315 2309 3386 cpiscopus.
2343 3315 2562 3386 Quippe
2610 3331 2674 3369 ex
2723 3315 2927 3369 notitia
2971 3314 3174 3369 Africae
3218 3330 3561 3385 cognoscere
3600 3318 3683 3369 est

1988 3404 2198 3458 sedisse
2232 3405 2476 3459 Fussalie
2509 3404 2841 3475 episcopum
2872 3402 3105 3457 nomine
3136 3403 3450 3457 Meliorem.

2060 3496 2110 3547 3.
2155 3493 2339 3547 Finito
2354 3493 2595 3564 judicio,
2620 3496 2899 3563 quantum
2920 3491 3344 3547 Fussalensibus
3372 3490 3683 3561 rependere

1987 3579 2267 3635 Antonius
2299 3581 2552 3646 deberet,
2584 3579 2931 3634 aestimatum
2956 3584 3068 3645 est;
3101 3580 3262 3650 isque
3289 3579 3589 3650 pecuniam
3622 3580 3684 3634 il-

1988 3668 2123 3733 lam,
2146 3672 2208 3722 ut
2235 3669 2700 3722 communionem
2732 3667 3036 3732 obtineret,
3059 3668 3337 3737 deposuit.
3364 3668 3521 3731 Quod
3552 3685 3682 3721 vero

1988 3756 2058 3810 ad
2087 3757 2321 3810 alteram
2351 3772 2536 3826 poma:
2569 3756 2675 3809 sibi
2713 3755 2993 3824 impositm
3034 3759 3277 3825 partem,
3306 3755 3429 3825 ipsa
3466 3755 3563 3809 illa
3593 3756 3678 3809 in~

1988 3843 2297 3914 dulgentia,
2329 3859 2457 3914 quas
2478 3841 2733 3897 adhibita
2758 3842 3021 3896 adversus
3046 3858 3176 3895 eum
3198 3842 3401 3903 fuerat,
3432 3841 3679 3896 colorem

1987 3932 2035 3985 ei
2068 3931 2463 4003 suppeditavit,
2488 3935 2553 3985 ut
2572 3931 2753 4001 ipsam
2776 3948 2807 3985 a
2829 3930 2973 3984 Sede
2992 3928 3302 4000 apostolica
3328 3930 3569 3984 rescindi
3591 3947 3681 3984 cu-

1989 4025 2158 4087 raret,
2192 4020 2503 4075 obtendens
2542 4019 2806 4074 videlicet
2844 4036 2963 4073 sese
3005 4018 3354 4090 episcopatu,
3398 4017 3677 4089 siquidem

1991 4125 2117 4162 reus
2145 4109 2342 4162 fuisset
2384 4109 2787 4179 deprehensus,
2831 4107 3149 4178 oportuisse
3198 4105 3476 4175 abdicari;
3527 4107 3678 4177 quod

1987 4201 2176 4251 autem
2217 4196 2275 4251 id
2326 4196 2537 4250 factum
2575 4212 2691 4250 non
2730 4200 2897 4261 esset,
2931 4199 3272 4265 argumento
3308 4209 3451 4259 esse,
3483 4210 3588 4248 nec
3624 4212 3681 4247 se

1986 4284 2199 4355 privari
2238 4285 2366 4339 sede
2412 4300 2513 4338 sua
2542 4283 2749 4338 merito
2792 4283 3047 4354 potuisse
3098 4283 3294 4354 (Epist.
3342 4285 3467 4348 209,
3506 4298 3558 4335 η.
3605 4288 3677 4349 7,.

1988 4374 2261 4431 Convenit
2289 4374 2479 4445 itaque
2500 4373 2826 4445 primatem,
2855 4371 3213 4427 Valentinum
3242 4372 3383 4426 forte
3406 4370 3681 4425 Baianen-

1987 4480 2128 4533 sem,
2159 4463 2260 4534 qui
2288 4463 2512 4518 Silvano
2542 4460 2868 4517 Summensi
2891 4461 2948 4515 in
2980 4477 3046 4514 ea
3076 4459 3352 4531 dignitate
3384 4461 3680 4523 successit;

1988 4556 2044 4606 et
2073 4568 2400 4623 quanquam
2432 4555 2659 4605 sanctus
2696 4551 2792 4605 ille
2824 4566 2885 4604 ac
2921 4548 3259 4604 venerabilis
3297 4564 3465 4602 senex
3496 4547 3679 4618 gravi-

1986 4643 2100 4694 tate
2143 4643 2263 4694 erat
2291 4639 2589 4710 praeditus,
2629 4638 2740 4708 ipsi
2784 4642 2980 4692 tamen
3028 4634 3237 4689 astutia
3280 4652 3400 4701 sua,
3431 4651 3495 4690 ac
3539 4636 3684 4690 forte

1988 4728 2159 4781 etiam
2198 4727 2568 4781 mendacibus
2608 4730 2778 4796 atque
2809 4724 3165 4795 interpolatis
3203 4723 3343 4777 actis
3381 4724 3682 4795 imposuit;

1988 4814 2064 4868 ita
2093 4817 2157 4868 ut
2199 4814 2292 4867 hic
2325 4829 2547 4879 eorum,
2580 4829 2708 4883 quae
2754 4811 2823 4866 ab
2863 4810 2960 4866 illo
3008 4811 3364 4877 dicebantur,
3396 4811 3538 4865 nihil
3567 4827 3695 4866 non

1988 4902 2241 4967 credens,
2273 4900 2437 4953 illum
2470 4899 2755 4953 Bonifacio
2787 4916 2951 4970 papa:
2984 4903 3254 4969 tanquam
3287 4899 3356 4953 ab
3387 4899 3546 4953 omni
3565 4899 3685 4953 cul-

1988 5005 2062 5059 pa
2098 4987 2348 5043 alienum
2397 4987 2877 5042 commendaverit
2928 4986 3110 5057 (Ibid.,
3142 5003 3196 5041 η.
3243 4990 3312 5058 6).
3363 4987 3683 5042 Secundum

1988 5074 2301 5131 Antonium
2326 5074 2599 5146 judicavit
2632 5073 2971 5141 Bonifacius,
3004 5075 3188 5146 deque
3213 5072 3310 5129 illo
3341 5074 3398 5127 in
3424 5076 3555 5145 jura
3582 5088 3685 5127 sua

1990 5163 2363 5230 restituendo,
2389 5163 2436 5216 si
2457 5169 2649 5218 tamen
2680 5163 2787 5219 sibi
2809 5180 3003 5218 rerum
3032 5168 3241 5218 statum
3272 5162 3330 5215 in
3361 5178 3463 5215 suo
3493 5160 3685 5214 libello

1991 5254 2207 5308 sincere
2252 5254 2588 5324 aperuisset,
2620 5253 2847 5325 scripsit
2896 5253 2955 5307 in
2993 5252 3239 5307 Africam
3290 5249 3475 5320 (Ibid.,
3519 5264 3576 5303 η.
3609 5248 3681 5316 9).

1996 5343 2325 5398 Fussalanis'
2329 5345 2448 5415 jam
2471 5344 2613 5400 nihil
2631 5344 2785 5399 aliud
2810 5341 3215 5406 intentabatur,
3239 5353 3408 5408 quam
3426 5336 3685 5407 judicum

1992 5449 2057 5486 ac
2099 5432 2538 5505 magistratuum
2588 5431 2971 5504 imperialium
3008 5431 3284 5500 potestas;
3329 5429 3499 5495 atque
3544 5425 3685 5479 adeo

1996 5520 2255 5576 militaris
2298 5539 2499 5576 manus
2531 5520 2869 5583 adhibenda,
2905 5534 3031 5588 quia
3070 5516 3135 5568 ad
3176 5513 3494 5584 parendum
3525 5513 3685 5568 Sedis
