4062 6360
384 301 477 354 531

380 419 710 491 apostolicae
740 418 954 491 judicio
980 419 1220 474 miseros
1251 419 1505 491 adigeret
1537 435 1549 473 :
1578 418 1659 473 ita
1677 422 1744 474 ut
1766 418 1961 474 infelix
1984 419 2110 474 ille-

380 508 649 583 populus,
682 508 835 565 intra
865 508 1168 564 Ecclesiam
1197 507 1557 575 catholicam,
1590 508 1660 563 ab
1690 508 1958 580 episcopo
1988 524 2084 562 ca-

387 598 598 653 tholico
629 597 861 653 timeret
897 596 1187 652 acerbiora
1232 596 1322 664 iis,
1349 612 1478 667 quas
1506 595 1567 651 in
1606 596 1909 652 schismate
1935 613 1968 651 a
2001 598 2085 651 le-

393 702 533 759 gum
559 684 927 758 Imperatoris
955 683 1218 739 catholici
1245 683 1577 739 auctoritate
1598 683 1885 739 timuerat.

458 778 511 831 4.
553 776 784 830 Sublato
815 773 1047 828 interim
1078 788 1109 827 e
1130 773 1298 827 rebus
1325 772 1595 828 humanis
1621 772 1931 841 Bonifacio,
1965 775 2087 829 Ca:-

388 864 578 919 Iestini
607 864 669 918 in
690 864 811 934 ejus
831 864 1019 917 locum
1047 861 1267 916 suffecti
1294 878 1465 932 opem
1494 862 1850 916 Fussalenses
1881 862 2087 933 implo-

390 968 605 1019 ravere,
638 952 804 1006 illum
842 966 946 1021 per
983 949 1196 1005 Christi
1235 949 1682 1005 misericordiam
1721 951 2090 1019 obtestantes,

390 1044 451 1096 ut
483 1057 540 1095 se
570 1057 635 1095 ex
664 1040 744 1095 eis
760 1039 926 1095 malis
944 1038 1212 1110 eriperet,
1242 1055 1371 1110 quas
1395 1039 1501 1093 sibi
1527 1038 1826 1106 inferebat,
1849 1044 1950 1094 aut
1972 1039 2092 1094 illa-

391 1135 582 1186 turum
613 1128 985 1184 minitabatur
1014 1126 1294 1183 Antonius
1322 1130 1520 1198 (Epist.
1558 1130 1698 1189 209).
1740 1125 1889 1191 Quin
1918 1125 2092 1181 etiam

389 1219 459 1275 de
483 1217 821 1290 Augustino,
854 1234 887 1272 a
916 1232 1031 1289 quo
1063 1215 1341 1287 ejusmodi
1371 1216 1705 1286 episcopum
1735 1220 2091 1286 acceperant,

392 1307 783 1380 querebantur
811 1322 823 1360 :
849 1307 1002 1377 quod
1026 1306 1157 1376 jure
1185 1304 1254 1358 ab
1281 1304 1362 1359 eis
1391 1305 1601 1359 factum
1634 1320 1774 1372 esse,
1798 1304 2094 1359 humiliter

392 1413 456 1450 ac
487 1395 743 1450 modeste
774 1394 1028 1465 agnoscit
1066 1396 1290 1447 sanctus
1328 1392 1597 1447 Antistes.
1629 1395 1826 1464 Itaque
1858 1409 1976 1448 non
2005 1409 2095 1447 so-

392 1485 514 1541 lum
545 1483 627 1538 eis
666 1483 798 1538 inde
836 1498 950 1536 non
987 1482 1165 1537 factus
1204 1480 1494 1549 offensior,
1525 1482 1621 1536 sed
1660 1485 1857 1536 contra
1895 1497 2095 1536 eorum

394 1572 695 1644 postulatis
723 1572 1005 1626 fautorem
1043 1587 1101 1626 se
1131 1570 1282 1642 apud
1312 1570 1681 1626 Caelestinum
1707 1586 1917 1642 papam
1947 1587 2094 1641 prae-

394 1661 540 1726 buit,
597 1660 669 1714 ad
715 1676 884 1730 quem
933 1664 991 1714 et
1033 1659 1368 1730 praeclaram
1427 1675 1493 1713 ea
1549 1659 1619 1714 de
1663 1675 1726 1713 re
1772 1658 2093 1729 epistolam,

396 1764 570 1821 quam
614 1747 929 1803 etiamnum
970 1748 1249 1803 habemus
1292 1747 1502 1818 (Ibid.),
1532 1763 1774 1819 quaeque
1814 1747 1920 1801 hoc
1949 1763 2098 1802 anno

401 1835 973 1908 quadringentesimo
1001 1835 1278 1907 vigesimo
1304 1836 1497 1898 tertio,
1521 1852 1625 1908 pro
1646 1835 1910 1891 instituto
1938 1852 1971 1890 a
2000 1853 2099 1889 no-

397 1924 486 1979 bis
514 1923 733 1989 ordine,
762 1923 1032 1994 ponenda
1061 1927 1165 1986 est,
1197 1922 1369 1977 misit.
1392 1923 1541 1988 Quin
1562 1922 1735 1977 etiam
1762 1922 1987 1977 videtur
2018 1923 2101 1994 ip-

400 2017 580 2069 semet
607 2013 820 2085 primas
851 2012 1134 2078 fraudem,
1165 2028 1277 2083 qua
1306 2013 1576 2082 deceptus
1602 2011 1672 2066 ab
1702 2011 1947 2065 Antonio
1976 2011 2097 2066 fue-

401 2106 508 2169 rat,
539 2101 915 2156 intellexisse:
947 2100 1163 2171 quippe
1202 2100 1303 2170 qui
1332 2104 1456 2154 acta
1486 2103 1541 2154 et
1569 2103 1948 2155 monumenta
1975 2116 2097 2154 om-

401 2190 585 2256 nium,
617 2205 746 2261 quas
771 2190 844 2243 ad
882 2204 1115 2243 causam
1142 2188 1289 2242 hanc
1326 2187 1710 2259 pertinebant,
1742 2186 1814 2244 ad
1844 2187 2101 2243 Ccelesti-

402 2292 543 2331 num
593 2276 936 2347 perferenda
980 2275 1288 2330 curaverit.
1342 2275 1693 2347 Augustinus
1744 2276 1807 2331 in
1861 2276 1978 2331 suis
2033 2276 2099 2329 ad

401 2364 666 2420 eumdem
693 2364 859 2419 illum
897 2363 1229 2435 pontificem
1266 2363 1467 2419 litteris
1505 2364 1787 2436 principio
1826 2365 1879 2420 ei
1906 2369 2101 2437 gratu-

401 2454 573 2521 latur,
603 2452 757 2523 quod
788 2452 907 2506 sine
933 2451 1114 2506 turbis
1143 2456 1242 2507 aut
1261 2453 1379 2507 ullo
1409 2452 1645 2507 discidio
1675 2453 1747 2508 ad
1774 2453 2101 2524 apostolica:

402 2538 695 2611 dignitatis
726 2538 945 2609 apicem
973 2539 1146 2594 fuerit
1166 2545 1392 2595 evectus
1416 2556 1429 2594 :
1456 2540 1664 2595 deinde
1691 2546 1906 2612 quanto
1929 2541 2105 2603 εειρο-

404 2629 527 2684 lore
555 2627 789 2682 Antonii
827 2644 995 2682 causa
1032 2628 1263 2695 efﬁciat,
1295 2629 1546 2700 exponit.
1589 2630 1710 2684 Mox
1750 2634 1981 2685 narrata
2017 2629 2103 2683 rei

405 2716 581 2772 totius
608 2714 863 2782 historia,
897 2718 1111 2788 Papam
1139 2717 1471 2784 obtestatur,
1504 2722 1568 2772 ut
1596 2718 1855 2789 ejusdem
1892 2734 2097 2773 monu-

408 2809 603 2860 menta
632 2805 702 2859 ad
730 2821 861 2860 eum
890 2821 924 2860 a
959 2806 1205 2876 primate
1244 2806 1577 2860 transmissa
1604 2806 1759 2877 legat
1788 2806 2103 2878 expendat-

406 2910 536 2966 que.
569 2895 752 2965 Rogat
780 2897 990 2965 postea,
1021 2895 1352 2966 aegritudini
1381 2912 1497 2949 suae
1525 2896 1935 2967 compatiatur;
1969 2898 2104 2951 Fus-

406 2984 683 3038 salensem
717 2982 1017 3037 Ecclesiam
1051 2983 1120 3038 ab
1152 3000 1240 3044 eo,
1274 3000 1303 3038 a
1330 2999 1445 3055 quo
1478 2984 1752 3039 miserum
1776 2984 1838 3039 in
1867 2985 2107 3041 modum

410 3068 797 3137 divexabatur,
822 3070 1054 3139 liberet;
1088 3086 1152 3125 ac
1180 3071 1325 3125 bene
1354 3071 1424 3126 de
1445 3072 1554 3126 hoc
1574 3072 1790 3143 populo
1819 3076 1875 3127 et
1903 3073 1972 3128 de
1998 3076 2107 3127 An-
2148 3060 2157 3069 ’

408 3157 569 3212 tonio
599 3157 723 3229 ipso
754 3158 955 3213 eadem
975 3175 1147 3230 opera
1167 3164 1475 3226 mereatur,
1498 3177 1569 3215 ne
1589 3160 1682 3215 hic
1709 3160 1966 3231 ingentia
1985 3176 2108 3215 ma-

411 3245 467 3299 la
493 3244 724 3314 inferat,
754 3261 895 3301 neve
924 3246 1009 3300 illi
1046 3246 1247 3301 eadem
1273 3246 1586 3318 patiantur,
1620 3248 1997 3319 prohibendo,
2030 3248 2106 3302 si-

408 3333 646 3404 mulque
676 3333 1023 3388 occurrendo
1047 3333 1163 3389 illis
1191 3334 1545 3402 criminibus,
1580 3351 1708 3407 quae
1733 3336 1913 3408 ipsius
1940 3336 2104 3392 resti-

408 3420 692 3475 tutionem
730 3425 894 3476 erant
926 3426 1209 3477 secutura.
1237 3423 1342 3478 Sed
1386 3439 1487 3494 per
1524 3423 1731 3479 Christi
1769 3425 2108 3497 sanguinem

410 3513 467 3563 et
493 3508 835 3564 memoriam
867 3510 1112 3581 apostoli
1144 3512 1319 3578 Petri,
1351 3511 1451 3584 qui
1480 3512 1929 3568 Christianorum
1957 3530 2107 3585 pra:-

408 3596 623 3668 positos
652 3599 996 3669 populorum
1036 3600 1279 3666 monuit,
1311 3616 1384 3655 ne
1422 3601 1705 3656 violenter
1741 3602 2109 3658 dominentur

410 3685 469 3740 in
495 3686 694 3742 fratres
720 3688 763 3754 (1
796 3690 939 3743 Petr.
972 3706 1028 3759 v,
1060 3693 1132 3757 3),
1164 3689 1528 3745 Caelestinum
1555 3691 1833 3759 obsecrat,
1866 3707 1937 3746 ne
1970 3693 2106 3747 Fus-

411 3774 657 3830 salenses
697 3776 765 3831 ad
808 3776 1196 3832 obediendum
1245 3778 1492 3833 Antonio
1536 3795 1639 3851 per
1680 3779 1798 3835 vim
1840 3781 2107 3853 compelli

409 3864 557 3919 sinat
584 3868 783 3935 (Epist.
812 3868 937 3935 209,
969 3883 1026 3921 η.
1060 3866 1135 3937 9).
1166 3868 1310 3922 Nam
1347 3874 1587 3940 apparet
1613 3868 1726 3923 illis
1756 3870 2108 3941 temporibus

408 3953 692 4020 accidisse,
728 3958 790 4008 ut
829 3954 1195 4010 mitterentur
1222 3957 1293 4011 ab
1324 3958 1632 4028 apostolica
1669 3958 1833 4024 Sede,
1865 3963 1967 4014 aut
1990 3960 2105 4014 sal-

408 4048 521 4098 tem
568 4046 923 4115 peterentur,
974 4059 1168 4098 eorum
1218 4061 1461 4116 quorum
1502 4046 1776 4100 intererat
1820 4048 2103 4117 precibus,

407 4131 671 4185 mittendi
699 4130 761 4184 in
784 4131 1029 4186 Africam
1059 4131 1249 4186 clerici
1277 4132 1543 4202 Romani,
1565 4134 1666 4204 qui
1696 4135 2108 4190 sententiarum

407 4217 561 4273 illius
590 4222 948 4272 exsecutores
977 4224 1165 4274 essent
1195 4219 1406 4290 (Codice
1433 4222 1707 4277 Canonum
1734 4222 1951 4291 Afric.,
1984 4240 2104 4278 can.

414 4306 527 4375 138)
562 4322 576 4360 :
626 4306 832 4377 quibus
871 4306 1023 4361 haud
1066 4306 1238 4381 dubie
1287 4307 1713 4379 injungebatur,
1749 4313 1815 4364 ut
1852 4310 2108 4367 civilium

408 4397 753 4465 potestatum
775 4409 966 4465 opem,
989 4394 1090 4450 ubi
1110 4411 1199 4450 res
1219 4400 1492 4467 posceret,
1518 4396 1914 4468 implorarent.
1948 4400 2006 4471 Ej
2016 4418 2105 4455 us-

407 4481 538 4537 dem
567 4481 800 4537 Antonii
830 4497 1129 4554 nunquam
1158 4482 1270 4539 nisi
1299 4500 1525 4541 summa
1553 4501 1683 4541 cum
1715 4488 2107 4544 moderatione

408 4574 466 4624 et
493 4573 768 4642 tanquam
793 4569 899 4625 ﬁlii
928 4571 1015 4626 sui
1053 4571 1407 4628 mentionem
1437 4574 1570 4629 facit
1601 4576 1981 4646 Augustinus;
2012 4594 2106 4631 ve-

407 4674 536 4713 rum
556 4675 671 4731 quo
698 4659 863 4715 illum
888 4660 1163 4733 diligebat
1181 4661 1594 4730 vehementius,
1620 4664 1729 4719 hoc
1752 4664 1933 4737 magis
1958 4666 2108 4721 dam-

407 4747 611 4803 nanda:
640 4747 793 4803 illius
813 4750 1109 4822 cupiditati
1135 4750 1466 4808 obsistebat.

476 4838 528 4891 5.
570 4836 751 4900 Quam
781 4837 1116 4910 imprudens
1150 4841 1381 4912 culpam
1420 4841 1760 4912 incurrerat,
1791 4843 2105 4899 Antonium

403 4922 466 4979 in
494 4924 875 4997 episcopalem
923 4928 1184 4985 ordinem
1223 4922 1561 5002 cooptando,
1596 4931 1810 5002 passim
1848 4932 2058 4987 fatetur
2089 4948 2103 4986 :

403 5018 463 5068 at
491 5029 606 5086 quo
635 5014 823 5085 potuit
848 5015 1000 5071 ultra
1035 5018 1304 5090 progredi
1346 5019 1525 5074 sancti
1565 5020 1681 5074 Viri
1718 5020 2013 5076 humilitas
2043 5037 2107 5075 ac

401 5103 738 5174 poenitudo?
768 5107 853 5161 Me
880 5120 1036 5175 sane,
1065 5106 1276 5178 inquit,
1309 5110 1453 5178 quod
1480 5110 1831 5179 confitendum
1858 5114 1937 5166 est
1964 5112 2106 5165 Bea—

403 5192 635 5248 titudini
664 5198 789 5263 tua,
820 5195 879 5248 in
912 5196 1015 5250 isto
1050 5200 1401 5264 utrorumque
1433 5199 1693 5267 periculo,
1724 5203 1906 5254 tantus
1947 5201 2106 5253 timor

403 5285 453 5335 et
476 5297 667 5337 maeror
697 5284 992 5350 emcruciat,
1015 5288 1076 5338 ut
1100 5284 1169 5338 ab
1197 5286 1374 5353 ofﬁcio
1403 5288 1625 5353 cogitem
1652 5287 1875 5353 gerendi
1901 5289 2103 5357 episco-

399 5377 562 5438 patus
598 5372 899 5440 abscedere,
931 5377 981 5427 et
1010 5389 1090 5427 me
1118 5374 1366 5428 lamentis
1403 5376 1577 5428 errori
1606 5390 1717 5430 meo
1745 5378 2103 5431 convenienti-

404 5459 499 5513 bus
529 5460 739 5531 dedere,
765 5463 817 5516 si
837 5477 939 5532 per
966 5478 1084 5517 eum
1121 5463 1276 5533 cujus
1304 5465 1641 5534 episcopatui
1663 5480 1760 5534 per
1788 5465 2104 5535 impruden-

404 5550 536 5602 tiam
579 5550 916 5617 su/fragatus
958 5566 1098 5616 sum,
1130 5553 1343 5605 vastari
1378 5552 1671 5608 Ecclesiam
1699 5555 1815 5618 Dei,
1847 5558 1917 5617 et,
1960 5553 2106 5621 quod

1582 296 1753 353 VITA
1805 296 1859 352 S.
1901 293 2288 354 AUGUSTINI
2347 294 2685 352 EPISCOPI.

3792 290 3907 344 532

2196 420 2312 489 ipse
2338 421 2473 473 Deus
2503 419 2733 479 avertat,
2764 418 2927 469 etiam
2955 428 3075 467 cum
3099 414 3365 467 vastantis
3387 410 3923 481 perditioneperirc

2197 521 2537 577 conspexero.
2560 505 2805 561 Recolens
2835 505 2973 557 enim
3000 501 3145 572 quod
3171 503 3250 555 ait
3276 500 3590 569 Apostolus,
3625 518 3655 549 (ι
3689 500 3755 554 Si
3784 513 3921 552 nos—

2197 598 2448 666 metipsos
2461 594 2855 664 judicaremus,
2871 608 2904 645 a
2919 593 3142 645 Domino
3152 606 3257 644 non
3272 589 3693 658 judicaremur»
3718 588 3763 656 (l
3788 588 3913 643 Cor.

2197 701 2274 751 χι,
2304 685 2389 747 31)
2411 700 2424 750 ;
2449 682 2712 753 judicabo
2740 697 2822 735 me
2850 682 3050 750 ipsum,
3079 682 3366 748 ut°parcat
3394 677 3533 732 mihi
3563 679 3662 745 qui
3684 675 3922 743 judica-

2199 778 2353 829 turus
2382 777 2460 827 est
2488 773 2636 825 vivos
2664 774 2716 824 et
2745 774 3001 823 mortuos.
3035 769 3097 823 Si
3124 770 3303 821 autem
3328 770 3377 821 et
3405 766 3646 820 membra
3676 765 3915 829 Christi,

2200 876 2319 931 quae
2342 863 2401 915 in
2430 861 2527 914 illa
2552 861 2769 927 regione
2796 862 2945 919 sunt,
2974 857 3041 910 ab
3071 856 3347 910 eaitiabili
3367 857 3555 909 timore
3577 869 3640 908 ac
3669 855 3915 908 tristitia

2200 951 2547 1016 recreaveris,
2573 954 2623 1002 et
2650 962 2823 1001 meam
2852 950 3169 1000 senectutem
3194 945 3293 999 hac
3321 943 3661 998 misericordi
3678 942 3921 1012 justitia

2199 1040 2376 1106 fueris
2392 1037 2715 1100 consolatus,
2740 1034 2996 1088 retribuet
3014 1033 3116 1087 tibi
3130 1037 3179 1087 et
3199 1034 3257 1086 in
3275 1033 3548 1102 presenti,
3571 1035 3621 1085 et
3636 1033 3696 1084 in
3715 1031 3923 1097 futura

2200 1130 2337 1193 vita,
2368 1126 2505 1181 bona
2530 1141 2632 1195 pro
2657 1124 2832 1190 nobis,
2855 1125 2952 1192 qui
2978 1138 3074 1192 per
3102 1126 3151 1177 te
3169 1122 3321 1177 nobis
3346 1122 3406 1175 in
3424 1122 3532 1175 ista
3553 1119 3921 1176 tribulatione

2202 1213 2494 1283 succurrit,
2516 1219 2567 1269 et
2596 1215 2692 1283 qui
2714 1217 2762 1267 te
2780 1214 2839 1267 in
2863 1212 2962 1266 illa
2976 1211 3098 1266 sede
3117 1211 3394 1265 constituit
3417 1210 3538 1279 (Ep.
3561 1210 3690 1274 209,
3712 1223 3770 1261 η.
3802 1206 3917 1278 10).

2206 1302 2545 1361 Coelestinus
2576 1301 2749 1357 dubio
2786 1300 2984 1372 procul
3025 1298 3265 1370 epistola
3301 1298 3402 1352 illa
3434 1301 3554 1353 tam
3583 1296 3921 1352 vehementi

2203 1398 2499 1464 permotus
2533 1395 2636 1459 est,
2667 1390 3019 1460 omninoque
3049 1388 3235 1443 noluit
3271 1388 3474 1442 orbare
3504 1385 3816 1441 Ecclesiam
3847 1401 3919 1440 eo

2208 1482 2475 1548 Praesule,
2496 1482 2659 1552 cujus
2676 1478 2994 1534 doctrinam
3016 1494 3079 1532 ac
3098 1478 3310 1531 famam
3332 1475 3608 1541 defendit,
3626 1479 3914 1546 patronus

2206 1571 2465 1626 omnium
2496 1570 2661 1639 longe
2690 1566 3127 1627 illustrissimus.
3161 1566 3368 1630 Quare,
3400 1580 3527 1618 cum
3553 1562 3919 1633 Augustinus

2207 1661 2279 1715 ad
2326 1663 2645 1714 extremum
2690 1672 2873 1727 usque
2930 1654 3196 1726 spiritum
3253 1653 3605 1724 Hipponensi
3651 1652 3919 1706 Ecclesiae

2208 1748 2521 1821 praefuerit,
2553 1751 2610 1801 et
2639 1746 3028 1801 Fussalensem
3058 1758 3288 1815 quoque
3316 1742 3529 1797 rexerit
3558 1757 3709 1795 anno
3735 1752 3919 1811 supra

2210 1836 2841 1913 quadringentesimum
2888 1832 3163 1904 vigesimo
3213 1830 3454 1901 septimo
3496 1830 3585 1883 vel
3628 1829 3917 1899 vigesimo

2212 1914 2435 1991 octavo°;
2465 1923 2599 1978 hinc
2613 1922 2905 1994 judicatur
2933 1920 3322 1986 Caelestinum,
3354 1923 3421 1974 ut
3434 1917 3718 1974 Antonius
3738 1918 3919 1988 hujus

2210 2014 2359 2070 sedis
2388 2012 2878 2068 administratione
2911 2010 3184 2080 spoliatus
3223 2011 3500 2073 maneret,
3532 2006 3915 2061 consensisse.

2212 2102 2374 2168 Quod
2404 2101 2579 2156 etiam
2616 2101 2917 2155 confirmat
2945 2098 3198 2169 ejusdem
3231 2097 3515 2168 pontificis
3544 2096 3604 2150 in
3632 2095 3917 2165 Augusti—

2211 2206 2349 2246 num
2374 2191 2495 2261 jam
2524 2190 2639 2243 vita
2666 2189 2923 2243 functum
2954 2202 3115 2240 amor
3138 2202 3202 2240 ac
3232 2184 3541 2239 veneratio.
3576 2183 3754 2255 Atqui
3783 2183 3923 2238 licet

2212 2300 2246 2335 a
2274 2282 2424 2351 Papa
2447 2279 2508 2334 in
2531 2279 2637 2333 hac
2666 2277 2993 2349 aequissima
3029 2275 3305 2347 petitione
3354 2275 3642 2345 repulsam
3669 2274 3916 2338 tulisset,

2214 2369 2267 2423 ei
2296 2374 2487 2423 tamen
2517 2366 2769 2422 licuisset
2797 2366 2866 2420 ab
2895 2365 2993 2419 illa
3017 2364 3301 2435 injustitia
3328 2362 3615 2417 vindicare
3646 2378 3705 2416 se
3735 2362 3917 2417 bene-

2214 2457 2341 2512 ficio
2366 2455 2732 2527 professionis
2763 2455 2902 2525 ejus,
2932 2470 3043 2524 qua
3086 2455 3278 2507 Patres
3314 2451 3564 2507 Africani
3594 2451 3923 2505 declarave-

2215 2550 2350 2600 runt
2378 2545 2527 2599 nolle
2568 2560 2626 2598 se
2665 2544 2909 2597 tolerare
2940 2541 3174 2608 diutius,
3207 2546 3270 2596 ut
3306 2541 3393 2595 vel
3430 2539 3542 2611 ipsi
3572 2539 3826 2611 episcopi
3857 2540 3920 2594 in

2215 2619 2508 2705 posterum
2545 2632 2617 2687 ad
2657 2631 2877 2685 curiam
2926 2632 3242 2685 Romanam
3286 2632 3662 2700 provocarent
3695 2628 3923 2698 (Codice

2216 2722 2491 2779 Canonum
2517 2721 2724 2788 Afric.,
2751 2735 2871 2773 can.
2910 2719 3057 2787 t38).

2896 2842 3122 2896 CAPUT
3159 2841 3222 2895 V.

2220 2972 2238 3024 1
2285 2966 2553 3037 Stephani
2579 2967 2843 3037 martyris
2880 2966 3124 3035 reliquiae
3158 2964 3257 3020 sub
3297 2979 3502 3020 annum
3538 2964 3755 3019 Christi
3784 2978 3929 3033 qua-

2288 3056 2767 3124 dringentesimum
2804 3056 3122 3122 vigesimum
3165 3058 3423 3123 quartum
3471 3052 3740 3107 habentur
3779 3054 3928 3121 Hip-

2286 3160 2440 3214 pone.
2492 3147 2527 3197 2
2562 3143 2875 3198 Januarius
2930 3144 3291 3212 Hipponensis
3328 3137 3630 3211 presbyter,
3671 3142 3928 3210 pecuniis

2289 3247 2425 3301 quas
2471 3235 2657 3286 contra
2704 3232 2994 3286 communis
3050 3233 3176 3285 vitm
3214 3231 3552 3301 propositum
3598 3232 3927 3299 retinuerat,

2287 3321 2533 3375 Ecclesiae
2560 3320 2771 3387 legatis,
2804 3320 3053 3374 moritur.
3089 3322 3120 3373 3
3161 3320 3465 3375 Sermonem
3503 3318 3568 3372 de
3606 3317 3707 3371 hac
3747 3333 3809 3371 re
3848 3317 3929 3372 ad

2287 3409 2545 3478 populum
2591 3409 2750 3463 habet
2798 3408 3173 3476 Augustinus;
3223 3406 3589 3462 hereditatem
3639 3407 3923 3461 Januarii

2287 3499 2513 3566 respuit,
2537 3501 2587 3552 et
2610 3497 2745 3567 ﬁliis
2772 3498 2945 3565 ipsius
2966 3497 3242 3564 relinquit,
3266 3510 3328 3548 ac
3359 3494 3601 3549 declarat
3614 3509 3670 3549 se
3688 3495 3929 3563 clericis,

2289 3588 2386 3655 qui
2403 3587 2691 3655 proprium
2710 3583 2926 3653 aliquid
2951 3583 3143 3637 habere
3170 3584 3357 3648 velint,
3380 3582 3660 3650 indulgere
3684 3585 3743 3634 ut
3762 3585 3932 3635 extra

2289 3674 2504 3728 domum
2546 3673 2900 3743 episcopalem
2943 3671 3247 3725 habitantes
3291 3669 3496 3738 gradus
3535 3672 3622 3723 sui
3671 3670 3927 3723 honorem

2287 3767 2518 3817 servent.
2552 3764 2585 3816 4
2623 3763 2810 3817 Altero
2850 3766 3036 3830 postea
3072 3775 3310 3814 sermone
3338 3762 3565 3814 testatur
3592 3771 3717 3812 suos
3744 3772 3929 3813 omnes

2288 3853 2503 3906 clericos
2532 3849 2591 3905 in
2628 3853 2751 3915 υεω
2785 3851 3079 3905 communis
3113 3850 3393 3918 proposito
3419 3862 3735 3917 permanere
3764 3847 3925 3913 velle,

2288 3945 2451 4011 atque
2477 3956 2513 3995 a
2547 3942 2773 4010 proprio
2807 3940 3115 4004 abhorrere,
3150 3952 3340 4006 eosque
3375 3936 3441 3991 de
3477 3936 3794 3994 clericorum
3839 3940 3927 3990 ta-

2288 4029 2414 4085 bula
2443 4029 2713 4096 delendas,
2746 4030 2843 4097 qui
2866 4027 3082 4096 aliquid
3112 4026 3222 4081 sibi
3248 4028 3566 4093 retinerent;
3599 4029 3714 4078 tum
3758 4026 3931 4080 etiam

2286 4132 2393 4186 eos,
2423 4120 2522 4185 qui
2548 4117 2743 4171 divites
2765 4114 3148 4186 pecuniosique
3169 4113 3487 4181 audiebant,
3510 4112 3661 4182 apud
3679 4111 3929 4167 eumdem

2281 4207 2544 4276 populum
2574 4209 2803 4275 purgat.
2852 4207 2882 4257 5
2929 4206 3115 4258 Decem
3159 4203 3468 4269 liberorum,
3511 4200 3709 4271 quibus
3747 4206 3930 4255 mater

2287 4295 2584 4363 imprecata
2610 4295 2814 4361 fuerat,
2852 4292 3128 4347 horribilis
3164 4306 3341 4361 paena.
3383 4294 3415 4345 6
3457 4292 3544 4347 Ea:
3590 4290 3705 4344 illis
3744 4288 3927 4343 decem

2292 4383 2488 4436 Paulus
2529 4382 2797 4436 divinitus
2842 4385 3071 4436 sanatur
3119 4380 3270 4449 apud
3315 4381 3637 4449 Hipponem.
3693 4382 3725 4431 7
3784 4377 3924 4431 Alia

2279 4475 2405 4540 post
2432 4471 2520 4525 die
2556 4475 2787 4525 sanatur
2823 4470 3025 4524 ibidem
3062 4469 3335 4525 Palladia.
3378 4470 3410 4523 8
3442 4468 3657 4525 Gallam
3692 4470 3746 4521 et
3776 4467 3921 4522 Sim-

2280 4560 2558 4629 pliciolam
2586 4559 2925 4625 Quintiliano
2954 4558 3292 4614 commendat
3320 4558 3681 4626 Augustinus.

2290 4669 2338 4721 1.
2382 4665 2647 4720 Nondum
2696 4668 2956 4719 exactum
3001 4668 3123 4720 erat
3163 4663 3484 4729 biennium,
3523 4678 3594 4717 ex
3641 4677 3759 4734 quo
3802 4662 3924 4716 Au-

2216 4753 2477 4825 gustinus
2499 4753 2761 4825 Hippone
2780 4754 3052 4825 Stephani
3072 4752 3340 4823 martyris
3359 4751 3629 4823 reliquias
3647 4748 3924 4819 habebat,

2213 4859 2343 4898 cum
2369 4843 2581 4898 librum
2620 4842 2887 4898 ultimum
2928 4843 2998 4897 de
3037 4840 3271 4897 Civitate
3306 4841 3427 4908 Dei,
3454 4855 3626 4913 quem
3661 4843 3924 4895 vertente

2214 4949 2365 4988 anno
2424 4931 2988 5005 quadringentesimo
3042 4929 3317 5002 vigesimo
3373 4933 3529 4984 sexto
3588 4928 3920 4985 absolutum

2212 5021 2387 5076 fuisse
2416 5037 2591 5092 supra
2628 5020 2872 5075 diximus
2902 5020 3087 5089 (Sup.,
3122 5020 3217 5073 lib.
3243 5023 3298 5083 7,
3332 5033 3452 5088 cap.
3499 5019 3554 5087 4,
3592 5033 3648 5071 n.
3679 5018 3761 5087 4),
3793 5018 3922 5073 elu-

2215 5110 2489 5165 cubrabat
2515 5110 2618 5179 (De
2647 5110 2766 5166 Civ.
2799 5110 2913 5174 Dei,
2938 5108 3038 5162 lib.
3068 5110 3159 5177 22,
3189 5123 3308 5177 cap.
3333 5108 3385 5172 8,
3408 5123 3470 5161 n.
3504 5107 3618 5176 20).
3641 5105 3923 5171 Quocirca

2211 5214 2326 5254 non
2356 5197 2540 5270 potuit
2570 5197 2795 5251 easdem
2840 5212 3023 5250 sacras
3065 5196 3360 5267 reliquias,
3390 5194 3502 5249 nisi
3540 5194 3646 5249 sub
3686 5194 3827 5248 anni
3859 5198 3925 5248 ut

2213 5286 2521 5342 minimum
2569 5284 3121 5356 quadringentesimi
3177 5283 3438 5356 vigesimi
3490 5283 3684 5355 quarti
3738 5282 3921 5338 tinem

2213 5373 2465 5445 adipisci.
2499 5375 2693 5444 Neque
2730 5374 2975 5428 multum
3013 5390 3045 5428 a
3083 5373 3193 5427 ﬁde
3232 5374 3555 5440 abhorreat,
3587 5388 3922 5427 sermonem

2214 5465 2283 5518 de
2310 5466 2502 5519 sancto
2551 5462 2841 5533 Stephano
2890 5466 3157 5534 quartum
3204 5464 3397 5532 (Serm.
3448 5463 3575 5531 317)
3599 5461 3677 5532 [in
3717 5478 3923 5518 earum

2214 5552 2571 5624 receptione;
2617 5567 2682 5607 ac
2727 5553 2797 5607 de
2846 5554 3045 5608 eodem
3093 5557 3340 5623 martyre
3386 5550 3653 5622 quintum
3717 5552 3924 5617 (Serm-
