4062 6346
153 310 252 361 533

150 427 298 501 318),
342 430 657 498 antequam
702 425 806 480 sub
849 441 947 480 ara
988 426 1389 487 conderentur,
1436 441 1555 481 esse
1601 442 1854 498 pronun-

148 515 375 570 tiatum.
414 515 638 570 Etenim
664 514 1057 569 venerandum
1100 514 1210 569 hoc
1249 515 1458 586 pignus
1488 519 1713 571 sanctus
1740 518 1854 571 An-

147 604 306 659 tistes
349 604 414 659 in
462 604 713 675 quadam
743 601 994 658 ecclesiae
1038 619 1155 657 suae
1196 604 1340 658 cella
1370 620 1546 670 sacra,
1581 604 1731 676 quod
1764 620 1853 658 sa-

145 695 356 749 cellum
411 708 704 751 vocamus,
758 692 1044 763 deposuit,
1107 692 1269 763 cujus
1320 692 1380 746 in
1436 693 1651 747 fornice
1687 693 1857 764 jussit

106 782 392 854 .insculpi
424 787 677 853 quatuor
703 796 913 847 versus,
944 785 1011 834 ut
1038 780 1171 835 inde
1201 780 1389 834 cuncti
1428 781 1622 836 ﬁdeles
1662 782 1854 836 admo-

144 876 448 937 nerentur,
491 869 722 925 insolita
760 869 859 924 illa
895 869 1156 940 prodigia
1191 873 1326 923 tunc
1363 869 1637 940 temporis
1675 867 1854 923 sancti

145 959 427 1032 Stephani
478 959 744 1030 precibus
789 974 851 1012 ac
894 957 1156 1030 reliquiis
1197 961 1542 1029 perpetrata,
1586 957 1697 1029 ipsi
1739 958 1852 1012 Deo

145 1053 377 1121 accepta
409 1047 610 1103 referri
641 1051 904 1118 oportere
936 1048 1123 1112 (Serm.
1174 1050 1298 1115 319,
1341 1064 1395 1100 n.
1440 1046 1519 1117 7).
1569 1047 1652 1101 Ad
1698 1047 1851 1101 evul-

146 1138 334 1210 ganda
354 1137 560 1193 eadem
578 1136 856 1190 miracula
873 1135 1227 1206 Augustinus
1245 1135 1303 1189 in
1325 1134 1570 1189 Africam
1593 1135 1851 1189 omnium

143 1227 369 1300 primus
413 1224 892 1280 consuetudinem
936 1224 1082 1279 hanc
1118 1222 1363 1291 induxit,
1406 1228 1469 1278 ut
1504 1223 1565 1278 in
1605 1240 1852 1296 quorum

142 1311 386 1380 gratiam
418 1311 572 1367 facta
599 1316 806 1379 essent,
841 1312 984 1368 illud
1025 1313 1218 1367 libello
1257 1328 1450 1367 coram
1492 1314 1650 1368 omni
1687 1313 1851 1385 plebe

143 1398 441 1454 recitando
476 1404 870 1472 proponerent
898 1416 962 1454 ac
993 1399 1435 1454 testiticareutur
1465 1400 1554 1469 (De
1584 1402 1699 1458 Civ.
1731 1404 1849 1467 Dei,

144 1488 235 1543 lib.
275 1491 364 1555 22,
409 1504 532 1558 cap.
578 1491 630 1556 8,
670 1505 727 1544 η.
772 1491 885 1560 20).
935 1489 1277 1560 Hujusmodi
1308 1488 1483 1543 libelli
1513 1489 1661 1543 infra
1690 1489 1850 1544 bieno

138 1575 302 1631 nium
337 1576 601 1649 Hippone
631 1579 701 1633 ad
731 1576 1093 1648 septuaginta
1122 1577 1298 1631 ferme
1320 1576 1457 1643 dati,
1482 1581 1647 1648 atque
1670 1594 1850 1632 unum

142 1681 208 1719 ex
246 1664 470 1720 eisdem
514 1664 631 1737 legi
662 1666 928 1737 jusserat,
972 1681 1087 1737 quo
1132 1665 1224 1720 die
1265 1681 1589 1720 sermonem
1629 1666 1698 1720 de
1728 1666 1851 1720 Ste-

140 1754 334 1823 phano
378 1758 638 1827 martyre
675 1758 898 1809 sextum
938 1753 1325 1826 pronuntiavit
1354 1755 1539 1825 (Serm.
1575 1757 1724 1824 319).
1757 1756 1847 1809 Ιη-

140 1847 226 1895 ter
274 1843 475 1897 omnia
519 1842 622 1898 illa
667 1843 944 1899 miracula
989 1843 1249 1914 Hippone
1295 1858 1398 1914 per
1444 1844 1585 1898 duos
1631 1843 1850 1914 primos

143 1946 341 1998 annos,
392 1947 464 1985 ex
512 1947 630 2003 quo
680 1931 866 1987 isthuc
906 1931 1058 1987 beati
1104 1931 1545 2003 Protomartyris
1589 1933 1847 2005 reliquias

142 2020 315 2075 illata:
348 2024 540 2088 erant,
576 2020 739 2088 facta,
782 2019 1128 2092 Augustinus
1166 2024 1283 2074 tres
1325 2023 1550 2074 tantum
1591 2022 1848 2072 mortuos

138 2109 211 2164 ad
231 2109 409 2164 vitam
428 2113 719 2165 revocatos
736 2109 1072 2164 nominatim
1094 2108 1305 2163 indicat
1324 2107 1489 2179 (Ibid.
1503 2150 1516 2176 ,
1543 2123 1601 2161 τι.
1637 2109 1757 2161 17-ι
1772 2107 1842 2174 9),

143 2197 336 2252 addita
358 2197 528 2253 Pauli
546 2214 610 2252 ac
632 2197 899 2253 Palladia:
919 2196 1211 2252 curatione
1238 2196 1423 2267 (Ibid,
1454 2213 1506 2250 η.
1535 2198 1646 2263 22),
1673 2211 1845 2267 quam

143 2301 245 2340 nos
271 2287 544 2358 sequenti
580 2303 731 2342 anno
760 2286 1228 2341 memorabimus.
1262 2287 1438 2340 Porro
1478 2283 1524 2338 si
1563 2300 1845 2357 ponamus

138 2373 257 2444 jam
287 2375 466 2431 dictas
497 2375 772 2447 reliquias
801 2375 909 2429 hoc
938 2374 1060 2445 ipso
1097 2390 1248 2429 anno
1279 2372 1842 2445 quadringentesimo

143 2463 420 2534 vigesimo
461 2468 668 2535 quarto
716 2463 1037 2535 Hipponem
1078 2463 1276 2517 allatas
1322 2462 1514 2528 fuisse,
1560 2461 1707 2516 nihil
1749 2477 1841 2515 ve-

141 2552 315 2606 tuerit
353 2552 668 2624 quominus
706 2553 775 2607 de
814 2552 1073 2619 aedicula,
1114 2551 1215 2606 ubi
1245 2551 1630 2618 servabantur,
1666 2549 1724 2605 id
1753 2548 1841 2603 in-

140 2640 496 2711 terpreteris,
541 2638 694 2711 quod
731 2643 959 2694 sanctus
1002 2639 1216 2694 Praesul
1247 2638 1307 2693 in
1335 2654 1598 2693 sermone
1630 2637 1699 2692 de
1728 2638 1844 2691 vita

136 2731 192 2783 et
238 2728 508 2783 moribus
551 2727 889 2783 clericorum
938 2744 1175 2783 suorum
1224 2728 1495 2786 secundo,
1541 2726 1686 2781 circa
1729 2726 1841 2781 ini-

136 2816 280 2872 tium
322 2818 470 2873 anni
514 2815 1065 2889 quadringentesimi
1106 2814 1367 2887 vigesimi
1402 2813 1588 2886 quinti
1620 2828 1733 2867 non
1764 2812 1842 2867 ita

138 2905 318 2959 multo
347 2909 487 2976 post
518 2904 894 2976 Epiphaniam
918 2903 1113 2959 habito
1145 2903 1335 2975 (Serm.
1371 2906 1493 2969 355,
1526 2918 1583 2956 τι.
1605 2902 1660 2973 7)
1682 2900 1837 2968 dicit,

142 2993 382 3048 Heraclii
412 2993 644 3049 diaconi
681 3008 851 3065 opere
896 3009 959 3047 ac
1000 2992 1243 3063 pecunia
1283 2991 1619 3045 memoriam
1663 2988 1839 3043 sancti

139 3079 412 3152 Stephani
462 3084 842 3136 constructam
884 3081 1076 3150 (Serm.
1128 3082 1253 3149 356,
1292 3095 1349 3133 η.
1393 3080 1465 3147 7).
1511 3078 1609 3133 Sin
1647 3081 1838 3131 autem

143 3184 293 3225 anno
350 3171 631 3226 duntaxat
683 3168 1249 3241 quadringentesimo
1308 3166 1583 3238 vigesimo
1638 3164 1838 3238 quinto

142 3258 320 3313 sancti
349 3258 626 3330 Stephani
655 3257 913 3330 reliquiae
952 3258 1271 3329 Hipponem
1304 3255 1686 3328 pervenerint,
1715 3256 1836 3326 jam

142 3345 430 3402 difﬁcilius
488 3347 746 3417 radicula,
807 3363 980 3419 quam
1038 3345 1297 3402 excitavit
1349 3345 1655 3411 Heraclius,
1714 3345 1855 3399 Stee

140 3434 333 3504 phano
360 3451 524 3491 sacra
552 3436 852 3491 diceretur.
888 3437 1044 3491 Tunc
1079 3435 1232 3490 enim
1268 3450 1455 3489 sermo
1483 3434 1599 3500 ille,
1632 3434 1690 3488 in
1723 3450 1836 3505 quo

141 3522 211 3578 de
254 3525 591 3580 memoratis
634 3523 891 3596 reliquiis
931 3523 1139 3595 agitur,
1196 3522 1395 3578 haberi
1447 3522 1557 3577 nisi
1606 3523 1837 3578 ineunte

143 3628 292 3667 anno
340 3617 474 3684 post
517 3612 1143 3685 quadringentesimum
1191 3612 1467 3683 vigesimo
1514 3615 1669 3667 sexto
1720 3628 1838 3667 non

142 3700 424 3769 potuisset
454 3718 467 3755 :
498 3717 626 3756 cum
657 3705 851 3755 tamen
879 3700 1035 3755 idem
1066 3699 1370 3765 Heraclius,
1405 3698 1504 3770 qui
1533 3703 1667 3754 tunc
1691 3704 1837 3753 tem-

141 3788 295 3858 poris
330 3788 557 3844 diaconi
593 3793 819 3843 tantum
862 3787 1047 3843 ofﬁcio
1078 3787 1382 3857 insignitus
1412 3790 1552 3852 erat,
1584 3790 1837 3857 postmo-

140 3876 278 3932 dum
301 3878 371 3932 ad
396 3876 734 3950 presbyterii
757 3877 998 3947 gradum
1020 3876 1193 3931 fuerit
1212 3881 1437 3930 evectus
1460 3875 1658 3944 (Epist.
1690 3877 1750 3927 21
1765 3874 1837 3941 3),

140 3981 205 4019 ac
245 3965 458 4020 deinde
497 3966 567 4019 ab
606 3964 925 4036 Augustino
968 3964 1060 4018 die
1096 3967 1251 4017 sexto
1280 3962 1552 4016 kalendas
1583 3960 1839 4015 octobres

136 4068 293 4107 anno
323 4052 894 4124 quadringentesimo
922 4051 1195 4122 vigesimo
1226 4054 1378 4104 sexto
1399 4048 1745 4120 designatus,
1780 4052 1840 4103 ut

139 4140 193 4195 ei
222 4141 574 4209 succederet,
614 4145 783 4213 atque
826 4140 1055 4195 interim
1102 4155 1192 4193 res
1233 4138 1610 4210 Hipponensis
1652 4137 1838 4192 Eccle-

141 4228 241 4284 sia:
270 4228 701 4284 administraret
725 4231 1194 4301 procuraretqiie.

210 4321 265 4372 2.
298 4317 592 4390 Quidquid
621 4319 712 4385 sit,
752 4318 922 4388 plane
971 4323 1192 4372 constat
1225 4320 1483 4372 sanctum
1513 4315 1838 4371 Antistitcm

144 4410 311 4461 astate
342 4421 574 4478 gravem
609 4411 780 4478 atque
819 4406 1056 4461 omnino
1095 4422 1301 4462 canum
1330 4405 1503 4461 fuisse
1535 4409 1680 4473 tum,
1712 4420 1841 4460 cum

145 4494 215 4550 de
244 4494 359 4550 vita
389 4494 725 4551 clericorum
758 4511 994 4550 suorum
1024 4495 1226 4551 habuit
1254 4496 1396 4550 duos
1431 4495 1682 4549 celebres
1716 4494 1845 4549 illos

146 4584 216 4638 ad
248 4584 678 4655 Hipponensem
718 4583 947 4655 plebem
987 4599 1279 4639 sermones
1316 4584 1503 4649 (Serm.
1537 4587 1661 4653 355,
1690 4598 1747 4637 η.
1778 4588 1840 4650 7;

147 4673 316 4728 Serm.
362 4676 487 4742 356,
525 4689 619 4728 nn.
670 4678 726 4740 7,
778 4675 881 4742 13).
933 4674 1149 4728 Horum
1205 4672 1401 4727 isthaec
1446 4672 1660 4727 occasio
1714 4670 1840 4726 fuit.

149 4761 406 4817 Vidimus
435 4762 540 4817 sub
583 4761 815 4817 exordia
858 4761 1217 4833 episcopatus
1245 4760 1572 4831 Augustini,
1605 4760 1846 4814 sanctis-

147 4849 356 4904 simum
400 4849 566 4904 illum
612 4849 799 4904 virum
841 4865 976 4904 suos
1019 4864 1219 4903 omnes
1255 4846 1490 4901 clericos
1518 4845 1579 4901 in
1611 4849 1847 4900 domum

149 4937 528 5009 episcopalem
562 4937 834 5009 coegisse,
879 4937 1217 5009 quibuscum
1261 4935 1519 4990 abdicata
1548 4933 1632 4988 rei
1658 4933 1847 5004 cujus-

150 5025 289 5081 libet
320 5025 671 5098 proprietate
705 5026 764 5079 in
794 5025 1041 5097 perfecta
1070 5025 1355 5080 bonorum
1384 5022 1644 5078 omnium
1674 5022 1849 5077 socie-

152 5117 266 5169 tate
300 5114 527 5169 vivebat
558 5114 751 5182 (Serm.
794 5116 919 5182 355,
946 5130 1040 5169 nn.
1088 5117 1135 5181 l,
1180 5114 1253 5182 2).
1289 5112 1513 5167 Nemini
1542 5127 1746 5166 manus
1779 5111 1849 5166 ad

153 5204 483 5259 clericatum
512 5202 863 5273 imponebat,
895 5203 1007 5258 nisi
1036 5203 1141 5257 hac
1170 5204 1316 5271 lege,
1350 5205 1414 5256 ut
1441 5217 1634 5255 secum
1672 5200 1847 5255 vitam

152 5291 309 5348 illam
339 5307 706 5348 communem
736 5296 1069 5362 sequeretur
1097 5291 1282 5361 (Ibid,
1311 5307 1367 5346 η.
1392 5292 1478 5359 6);
1503 5289 1656 5359 quod
1679 5288 1850 5343 etiam

157 5380 318 5438 illum
359 5385 594 5455 apparet
631 5397 820 5436 coram
861 5380 1124 5435 universo
1170 5381 1386 5451 populo
1418 5379 1641 5434 disertis
1668 5378 1853 5432 verbis

158 5470 489 5527 declarasse.
543 5473 617 5526 At
656 5470 790 5525 satis
837 5468 990 5526 idem
1039 5468 1303 5536 habebat,
1353 5468 1493 5523 illud
1538 5466 1852 5523 innotuisse

160 5561 421 5617 omnibus
467 5559 582 5616 suis
623 5558 861 5629 clericis,
906 5559 1051 5614 hanc
1094 5573 1215 5613 esse
1273 5557 1495 5613 vivendi
1551 5556 1848 5623 rationem,

1606 303 1819 360 LIBER
1877 302 2221 360 OCTAVUS.

3559 308 3663 363 534

1968 440 2142 496 quam
2174 423 2234 479 in
2270 438 2371 478 suo
2402 424 2776 479 contubernio
2812 425 3079 496 amplecti
3108 428 3439 481 tenerentur
3467 427 3659 497 (Ibid,

1965 530 2019 569 η.
2052 516 2103 583 2)
2140 528 2152 570 :
2187 513 2342 585 quod
2370 528 2504 567 vero
2549 513 2618 568 ad
2658 512 2905 584 praxim,
2948 514 3311 570 conscientiae
3350 510 3548 571 eorum
3597 516 3663 571 il-

1964 602 2077 656 lam
2106 601 2439 672 permittere
2466 602 2735 669 malebat,
2769 618 2941 673 quam
2967 603 3187 657 nihilne
3215 619 3447 674 prorsus
3474 605 3661 675 possi-

1962 692 2180 757 derent,
2213 692 2599 762 scrupulosius
2629 692 2951 764 inquirere;
2986 698 3287 764 pr0ptcrea
3329 695 3484 765 quod
3513 695 3662 766 ejus-

1965 781 2118 834 modi
2148 776 2757 855 inquisitio'quiddam
2804 781 3016 835 odiosae
3053 782 3394 853 suspicionis
3436 800 3555 855 pra:
3600 800 3659 838 sc

1961 868 2150 922 ferret.
2197 870 2602 924 Verumtamen
2641 869 2910 940 imposuit
2948 868 3058 941 ipsi
3096 871 3397 926 Januarius
3425 872 3659 943 quidam

1960 957 2273 1028 presbyter.
2308 958 2406 1011 Hic
2431 956 2586 1012 enim
2616 957 2689 1012 ad
2717 974 2849 1012 eum
2878 958 3054 1027 venit,
3084 960 3260 1014 vitam
3291 976 3657 1015 communem

1964 1044 2249 1115 promisit,
2281 1062 2396 1100 una
2435 1045 2731 1114 habitavit,
2759 1046 2829 1101 de
2858 1046 3219 1102 facultatibus
3248 1049 3507 1103 Ecclesiae
3536 1065 3656 1102 sus-

1960 1137 2209 1187 tentatus
2248 1138 2352 1188 est.
2391 1136 2562 1188 Erant
2600 1134 2652 1188 ei
2683 1134 2850 1188 liberi
2880 1134 3018 1204 duo,
3049 1135 3201 1189 ﬁlius
3242 1152 3305 1190 ac
3334 1135 3481 1203 ﬁlia;
3514 1153 3657 1207 quos

1959 1219 2017 1275 in
2069 1221 2430 1275 monasteriis
2487 1221 2965 1293 Hipponensibus,
3017 1238 3263 1293 puerum
3314 1239 3446 1277 cum
3497 1223 3650 1290 viris,

1957 1310 2207 1380 puellam
2232 1326 2363 1364 cum
2389 1309 2639 1374 feminis,
2678 1311 2909 1365 alendos
2937 1311 3250 1366 collocavit.
3278 1312 3446 1367 Omni
3473 1312 3657 1367 omni-

1958 1415 2033 1452 no
2081 1398 2430 1469 possessioni
2478 1399 2858 1466 renuntiasse,
2908 1416 2973 1454 ac
3012 1400 3081 1454 de
3132 1400 3249 1455 suis
3291 1401 3534 1456 fortunis
3588 1418 3654 1456 eo

1960 1487 2130 1541 modo
2152 1486 2510 1542 constituisse
2534 1487 2859 1559 putabatur,
2886 1504 2999 1560 quo
3028 1490 3150 1559 ejus
3170 1488 3449 1560 propositi
3467 1490 3654 1545 virum

1956 1576 2211 1631 decebat.
2244 1576 2475 1631 Minime
2504 1580 2699 1631 tamen
2738 1576 3000 1647 ignotum
3048 1582 3189 1646 erat,
3233 1582 3445 1633 certam
3484 1595 3654 1649 pecu-

1959 1665 2070 1719 nias
2111 1681 2395 1719 summam
2425 1681 2557 1720 eum
2586 1681 2902 1720 reservasse
2948 1682 2962 1719 :
3013 1682 3212 1721 verum
3252 1667 3310 1721 id
3356 1667 3489 1721 ﬁliae
3533 1685 3653 1723 sua),

1957 1770 2077 1808 esse
2106 1753 2469 1824 praedicabat.
2505 1755 2646 1808 Cum
2677 1758 2871 1807 autem
2899 1753 3059 1824 virgo
3103 1754 3202 1808 illa
3249 1755 3578 1826 nequedum
3620 1772 3651 1810 c

1954 1842 2200 1914 pueritia
2240 1841 2588 1910 excessisset,
2635 1840 2895 1912 nihilque
2943 1841 3083 1895 certi
3126 1857 3191 1895 ex
3234 1842 3355 1912 ejus
3402 1858 3650 1913 propen-

1953 1931 2112 1985 sione
2158 1930 2218 1985 in
2260 1930 2521 1985 caelibem
2566 1929 2741 1983 vitam
2789 1928 3065 2000 (quamvis
3120 1930 3188 1983 ad
3244 1946 3369 1984 eam
3423 1930 3649 1987 vinculo

1947 2019 2067 2090 jam
2080 2019 2291 2090 aliquo
2321 2018 2610 2089 alligatam
2638 2017 2810 2071 fuisse
2840 2018 3126 2088 appareat)
3160 2018 3305 2073 circa
3333 2018 3517 2090 ipsam
3548 2020 3647 2074 de-

1954 2107 2109 2161 cerni
2136 2111 2356 2178 posset;
2385 2105 2605 2161 nemini
2634 2105 2841 2160 licebat
2864 2105 2923 2159 in
2952 2106 3277 2177 sequiorem
3307 2111 3529 2178 partem
3554 2124 3647 2162 ac-

1954 2197 2163 2268 cipere,
2197 2195 2244 2250 si
2268 2198 2433 2266 pater
2461 2194 2518 2250 id
2546 2195 2699 2266 quod
2727 2194 2846 2265 ejus
2876 2210 2996 2249 esse
3026 2194 3336 2264 dictitabat,
3368 2200 3644 2262 servaret;

1954 2285 2088 2340 dum
2146 2283 2377 2338 tandem
2428 2282 2623 2337 adulta
2677 2282 2889 2336 faceret
2937 2282 3093 2350 inde,
3154 2283 3309 2354 quod
3363 2283 3649 2354 virginem

1952 2370 2161 2427 Christi
2213 2371 2458 2435 deceret,
2505 2369 2736 2440 quando
2781 2369 2994 2440 optime
3035 2370 3158 2440 jam
3201 2370 3385 2424 facere
3435 2374 3643 2442 posset.

1950 2458 2184 2514 Interim
2215 2461 2404 2512 autem
2430 2461 2709 2529 aegrotare
2735 2457 3038 2512 Ianuarius
3065 2458 3237 2528 coepit
3269 2476 3281 2513 :
3312 2459 3382 2514 de
3413 2460 3519 2514 hac
3551 2476 3647 2530 pe-

1950 2548 2140 2617 cunia,
2177 2551 2451 2618 tanquam
2482 2546 2551 2600 de
2590 2545 2841 2617 proprio,
2884 2551 3227 2602 testamento
3267 2551 3457 2615 cavet;
3503 2547 3643 2603 libe-

1952 2652 2145 2691 rorum
2191 2651 2425 2691 suorum
2468 2634 2621 2689 hunc
2666 2634 2898 2706 quidem
2956 2651 3087 2689 cum
3134 2635 3440 2707 vituperio,
3486 2635 3644 2690 illam

1950 2741 2083 2779 vero
2127 2740 2258 2779 cum
2303 2724 2474 2778 laude
2517 2724 2857 2790 cxhazredat,
2908 2739 3132 2778 necnon
3160 2725 3492 2780 facultatum
3522 2741 3645 2779 sua-

1948 2830 2076 2868 rum
2130 2811 2459 2867 haereditate
2516 2811 2867 2881 Hipponensi
2923 2812 3182 2866 Ecclesiae
3236 2813 3427 2883 legata
3476 2813 3645 2867 mori-

1947 2906 2042 2956 tur
2100 2901 2285 2971 (Ibid.,
2343 2915 2398 2952 η.
2461 2900 2531 2967 3).
2595 2899 2700 2953 Ubi
2757 2898 2904 2952 hanc
2958 2898 3020 2952 in
3077 2900 3406 2971 presbytero
3461 2900 3642 2955 socie-

1946 2988 2078 3043 tatis
2139 3004 2257 3041 suac
2321 2986 2583 3041 fraudem
2648 2987 3025 3057 deprehendit
3078 2988 3450 3059 Augustinus,
3509 2989 3643 3043 hinc

1947 3092 2217 3148 magnum
2263 3076 2516 3131 dolorem
2557 3074 2746 3129 animo
2790 3074 3065 3146 concepit,
3098 3076 3520 3148 detestatusque
3558 3081 3644 3132 est

1945 3166 2159 3221 factum
2198 3164 2362 3231 illud,
2403 3164 2557 3235 quod
2600 3167 2808 3235 praeter
2853 3164 3129 3218 damnum
3172 3164 3340 3219 saluti
3387 3165 3641 3220 Januarii

1947 3255 2201 3321 allatum,
2235 3251 2609 3308 offensionem
2640 3267 2869 3324 quoque
2898 3268 2962 3305 ac
2993 3252 3322 3307 scandalum
3354 3252 3643 3324 injiciebat

1946 3342 2225 3410 Ecclesia},
2256 3357 2480 3397 necnon
2506 3341 2739 3395 omnino
2760 3341 2974 3395 bonum
2998 3340 3160 3395 illum
3186 3340 3441 3408 odorem,
3464 3358 3634 3413 quem

1945 3431 2006 3485 in
2061 3430 2290 3502 plebem
2341 3429 2688 3501 spargebant
2741 3429 2921 3500 ipsius
2976 3429 3186 3495 clerici,
3244 3429 3639 3501 exstinguebat

1947 3520 2135 3592 (Serm.
2170 3521 2292 3584 356,
2324 3534 2379 3572 η.
2412 3520 2483 3587 2).
2526 3519 2577 3572 Is
2619 3518 2813 3588 igitur,
2864 3518 2965 3589 qui
3006 3518 3219 3572 solebat
3260 3534 3352 3571 eas
3390 3517 3636 3573 haeredi-

1946 3614 2090 3664 tates
2120 3624 2410 3678 respuere,
2450 3623 2592 3678 quas
2631 3607 2905 3662 abdicatis
2944 3608 3140 3662 liberis
3168 3610 3432 3678 parentes
3460 3608 3638 3662 Eccle-

1947 3696 2045 3749 siae
2086 3697 2298 3765 legatas
2335 3694 2656 3762 voluerant,
2706 3695 2778 3749 ad
2822 3695 2970 3749 hanc
3010 3695 3398 3766 recipiendam
3443 3694 3638 3751 induci

1949 3797 2313 3856 nequaquam
2355 3781 2539 3852 potuit
2581 3781 2770 3851 (Serm.
2807 3786 2931 3851 355,
2961 3799 3018 3839 τι.
3057 3784 3134 3853 4).
3177 3785 3437 3838 Filiorum
3466 3786 3637 3853 ipsius

1944 3874 2036 3938 sit,
2071 3870 2149 3925 ait
2171 3870 2288 3936 ille,
2317 3869 2460 3938 quod
2482 3870 2725 3938 reliquit,
2759 3872 2869 3940 ipsi
2895 3871 3021 3925 inde
3047 3874 3261 3937 faciant
3288 3872 3433 3940 quod
3458 3874 3637 3927 volue-

1946 3963 2077 4015 rint.
2130 3959 2359 4015 Videtur
2394 3960 2536 4012 enim
2576 3960 2731 4025 mihi,
2777 3960 2908 4029 quia
2949 3961 3001 4014 si
3040 3975 3158 4014 eam
3204 3959 3639 4030 (haereditatem)

1946 4063 2241 4118 suscepere,
2287 4049 2346 4101 in
2390 4049 2492 4101 isto
2533 4049 2702 4113 facto,
2746 4047 2891 4116 quod
2926 4048 3064 4101 mihi
3099 4048 3367 4117 displicet,
3408 4052 3457 4100 et
3498 4046 3643 4114 quod

1948 4138 2116 4205 doleo,
2147 4137 2264 4205 ejus
2288 4139 2560 4205 particeps
2587 4151 2674 4190 ero
2704 4135 2886 4206 (lbid.,
2913 4152 2968 4189 η.
3001 4136 3075 4202 3).

2022 4229 2072 4281 3.
2117 4226 2425 4295 Postquam
2464 4223 2533 4278 ad
2571 4239 2705 4277 eum
2744 4222 2978 4278 modum
3006 4221 3369 4277 conscientiae
3410 4235 3527 4275 suae
3555 4235 3641 4274 sa-

1949 4314 2171 4383 tisfecit,
2210 4317 2369 4368 ratus
2408 4316 2492 4367 est
2526 4311 2697 4366 ofﬁcii
2730 4310 2819 4365 sui
2846 4310 3137 4383 propriam
3170 4308 3645 4365 existimationem

1949 4403 2100 4474 apud
2134 4401 2435 4473 populum,
2476 4401 2637 4472 cujus
2680 4401 2785 4455 sub
2814 4401 3005 4455 oculos
3032 4403 3090 4454 et
3117 4398 3209 4453 cui
3244 4398 3482 4465 vivebat,
3515 4413 3644 4451 exo-

1951 4507 2150 4546 nerare
2195 4490 2432 4559 invidia,
2476 4495 2534 4544 et
2575 4505 2768 4545 coram
2807 4505 2873 4543 eo
2912 4505 3074 4545 suam
3114 4487 3323 4560 agendi
3367 4486 3646 4541 rationem

1952 4596 2253 4651 exponere,
2286 4595 2357 4633 ne
2386 4578 2515 4650 quis
2540 4578 2676 4633 inde
2717 4579 2909 4649 lapsus
2948 4576 3226 4647 arriperet
3262 4573 3637 4631 occasionem.

1953 4668 2190 4739 Rogavit
2233 4668 2427 4738 itaque
2473 4666 2723 4736 plebem,
2781 4665 2843 4719 in
2894 4665 3199 4720 crastinum
3257 4662 3482 4718 adesset
3536 4661 3647 4716 fre-

1953 4756 2238 4828 quentior.
2282 4756 2539 4826 Cumque
2575 4754 2698 4825 jam
2741 4769 2941 4808 omnes
2980 4751 3397 4818 convenissent,
3442 4766 3652 4805 sermo—
3691 4822 3696 4826 ἡ

1953 4858 2086 4896 nem
2127 4842 2199 4897 ad
2232 4858 2330 4897 eos
2361 4842 2531 4912 plane
2572 4841 2891 4913 simplicem
2934 4856 2999 4895 ac
3044 4839 3386 4895 familiarem
3423 4838 3646 4904 habuit,

1955 4931 2049 4985 sed
2083 4929 2484 5002 permovendis
2526 4929 2733 4984 animis
2777 4928 3026 4984 maxime
3063 4928 3512 4983 accommodum.
3552 4926 3653 4980 Hic

1953 5019 2064 5073 illis
2080 5018 2272 5090 posuit
2287 5018 2361 5073 ob
2378 5019 2571 5074 oculos
2589 5017 2731 5073 illud
2751 5016 2976 5073 vivendi
2999 5017 3345 5084 institutum,
3367 5014 3517 5088 quod
3537 5030 3654 5069 una

1955 5123 2087 5161 cum
2125 5108 2276 5162 clero
2314 5123 2416 5161 suo
2461 5111 2658 5162 tenere
2710 5122 2937 5177 semper
2986 5106 3339 5173 decreverat;
3391 5105 3531 5159 item
3567 5103 3655 5156 Ja-

1956 5197 2146 5253 nuarii
2174 5198 2399 5268 culpam
2429 5213 2494 5251 ac
2523 5212 2685 5252 suam
2712 5195 2895 5268 ipsius
2915 5196 3293 5262 voluntatem,
3324 5209 3437 5264 qua
3464 5189 3656 5262 prohi-

1955 5289 2109 5353 bere,
2144 5302 2215 5342 ne
2247 5290 2563 5341 memorata
2599 5285 2901 5341 haereditas
2937 5284 3319 5356 susciperetur
3355 5280 3425 5335 ab
3471 5278 3654 5333 Eccle-

1959 5378 2061 5444 sia,
2093 5379 2394 5441 statuerat;
2422 5381 2546 5431 tum
2574 5374 2824 5431 rationes
2849 5374 3086 5440 addidit,
3120 5372 3328 5445 quibus
3354 5382 3657 5440 persuasus

1960 5466 2112 5539 apud
2147 5482 2204 5521 se
2234 5467 2629 5539 proposuerat,
2671 5464 2810 5520 alias
2854 5478 3083 5536 quoque
3131 5459 3386 5531 rejicere,
3430 5454 3658 5511 tametsi

1963 5555 2134 5611 hocce
2161 5558 2277 5611 tam
2306 5554 2557 5627 prudens
2578 5558 2809 5626 tamque
2833 5564 3176 5622 generosum
3195 5546 3500 5603 consilium
3521 5558 3660 5600 non-
