4062 6352
398 301 503 355 535

399 416 966 490 nulliimprobarent,
983 416 1585 488 reprehenderentque
1600 416 1789 483 (Serm.
1808 416 1910 471 355
1921 456 1936 485 ,
1948 430 2005 470 η.
2026 416 2097 486 1).

399 511 534 565 Post
559 508 682 564 hinc
711 505 1037 573 declaravit,
1078 521 1137 559 se
1173 504 1515 577 praecepisse
1545 503 1813 559 omnibus
1844 504 1958 559 suis
1988 505 2099 559 cle-

403 597 552 665 ricis,
600 596 810 669 quibus
857 596 1041 651 adhuc
1088 594 1307 666 aliquid
1353 610 1472 649 esse
1518 593 1740 666 proprii
1786 593 2098 660 videretur,

401 690 604 759 utputa
631 685 701 741 iis
734 685 836 757 qui
873 684 1118 739 necdum
1157 699 1286 738 cum
1325 683 1595 738 fratribus
1626 686 1894 754 paternas
1924 682 2102 737 facul-

402 780 545 831 tates
575 779 737 830 erant
765 773 979 845 partiti,
1012 773 1100 827 vel
1139 771 1242 844 qui
1280 777 1509 827 aetatem
1555 787 1704 838 eam,
1749 788 1863 843 qua
1906 771 2104 826 liceret

404 865 475 920 dc
502 864 615 919 illis
643 867 910 929 statuere,
941 862 1186 917 necdum
1230 861 1539 931 attigerant
1587 877 1602 915 :
1644 859 1969 926 declaravit,
2014 860 2102 913 in-

405 969 598 1026 quam,
635 951 756 1005 istis
796 950 1064 1006 omnibus
1106 966 1164 1003 se
1191 949 1552 1021 praecepisse,
1585 953 1647 1002 ut
1676 964 1780 1003 sua
1817 947 2101 1009 universa.

410 1040 695 1113 siquidem
737 1040 799 1095 in
844 1056 947 1093 suo
997 1038 1369 1093 contubernio
1410 1053 1707 1092 remanere
1745 1036 1972 1103 vellent,
2007 1042 2106 1090 aut

408 1132 719 1185 venderent
760 1131 1194 1199 erogarentque,
1247 1130 1343 1181 aut
1378 1126 1658 1181 donarent
1702 1124 2106 1196 mitterentque

413 1218 476 1273 in
502 1233 840 1284 commune;
877 1232 1120 1288 eamque
1155 1231 1279 1269 rem
1318 1214 1467 1268 infra
1498 1214 1826 1285 Epiphaniae
1856 1218 2105 1284 tempus,

414 1307 564 1378 quod
599 1306 805 1362 festum
837 1305 897 1360 in
926 1305 1148 1376 aliquot
1188 1304 1333 1358 forte
1375 1319 1599 1357 menses
1651 1306 1772 1357 erat
1817 1304 2107 1357 celebran-

410 1396 569 1462 dum,
621 1394 749 1449 ﬁeri
796 1394 1037 1449 edixisse
1081 1392 1262 1459 (Ibid,
1293 1408 1349 1447 η.
1394 1390 1467 1461 6).
1522 1393 1675 1446 lianc
1722 1392 1910 1462 legem
1944 1396 2108 1446 antea

411 1482 804 1549 constituerat,
849 1487 915 1537 nt
957 1482 1048 1536 cui
1096 1482 1359 1536 voluntas
1403 1484 1551 1535 esset
1586 1496 1620 1534 a
1657 1481 1951 1551 proposito
1979 1480 2109 1534 vita}.

412 1572 736 1628 communis
761 1571 1073 1641 discedere,
1100 1586 1232 1625 eum
1258 1570 1503 1625 clericali
1529 1585 1768 1624 munere
1794 1568 2107 1635 abdicaret;

415 1662 551 1733 quia
580 1661 867 1717 desereret
896 1664 1103 1713 sanctae
1132 1658 1410 1713 societatis
1439 1657 1786 1728 promissum
1826 1662 2112 1728 emptum-

414 1764 525 1820 que
573 1746 945 1801 consortium.
989 1747 1062 1800 At
1104 1761 1239 1799 vero
1286 1744 1454 1799 isthic
1499 1746 1820 1815 proﬁtetur,
1872 1744 1998 1811 sibi,
2048 1748 2115 1798 ut

415 1835 672 1891 eamdem
702 1834 861 1889 illam
887 1834 1074 1904 legem
1103 1837 1480 1905 permutaret,
1512 1833 1770 1887 animum
1790 1832 2110 1901 induxisse;

417 1940 480 1980 ac
520 1923 782 1995 proinde,
824 1922 871 1976 si
918 1923 1045 1994 quis
1092 1922 1429 1977 clericorum
1472 1922 1683 1976 habere
1722 1921 1939 1993 aliquid
1984 1938 2117 1992 pro-

416 2012 629 2085 prium,
672 2027 844 2085 quam
885 2012 1002 2066 Deo
1041 2014 1098 2065 et
1127 2010 1372 2066 Ecclesia
1409 2015 1739 2065 contentum
1775 2027 1893 2064 esse
1931 2011 2112 2076 malit,

416 2118 548 2157 cum
576 2104 794 2156 servato
827 2116 931 2154 suo
962 2100 1141 2170 gradu
1171 2115 1337 2169 posse
1382 2097 1481 2153 ubi
1520 2098 1773 2169 libuerit,
1819 2102 1978 2153 extra
2013 2099 2115 2153 do-

418 2206 579 2245 mum
607 2188 991 2260 episcopalem
1022 2188 1231 2259 degere
1271 2204 1286 2242 :
1326 2203 1442 2242 non
1488 2187 1705 2242 nescire
1744 2204 1802 2243 se
1845 2188 1953 2242 hoc
1996 2204 2115 2242 esse

419 2278 657 2344 malum,
731 2278 841 2332 hoc
904 2292 1024 2331 esse
1090 2276 1291 2331 cadere
1362 2292 1395 2330 a
1457 2276 1774 2347 proposito,
1830 2277 1938 2331 hoc
1998 2293 2117 2331 esse

421 2366 682 2421 deserere
728 2365 981 2419 sanctam
1022 2362 1460 2434 professionem,
1515 2379 1581 2417 ac
1633 2367 1830 2418 votum
1877 2362 2116 2431 violare;

421 2452 662 2525 perinde
698 2469 765 2508 ac
807 2452 854 2507 si
891 2452 1051 2523 virgo
1092 2452 1507 2507 monasterium
1535 2452 1687 2523 quod
1716 2456 1837 2506 erat
1864 2452 2121 2524 ingressa

423 2543 666 2609 deserat,
719 2540 1107 2613 virginitatem
1154 2540 1386 2595 interim
1441 2542 1626 2595 colere
1676 2558 2044 2613 perseverans
2104 2559 2115 2595 :

425 2629 525 2684 sed
561 2628 911 2701 bypocrisim
939 2628 1047 2683 sibi
1089 2629 1274 2684 multo
1314 2630 1657 2685 deteriorem
1697 2630 1905 2697 videri;
1938 2646 2121 2702 eoque

426 2717 581 2773 nolle
610 2733 670 2773 se
697 2717 828 2773 illos
853 2718 926 2773 ad
964 2717 1024 2773 id
1062 2718 1414 2773 necessitatis
1460 2718 1741 2790 redigere,
1787 2723 1852 2774 ut
1893 2719 1999 2773 hac
2045 2718 2121 2772 si-

427 2805 742 2861 mulatione
789 2807 1063 2861 continua
1101 2808 1269 2878 plane
1317 2812 1612 2875 corruant;
1657 2822 1846 2879 neque
1893 2823 2122 2862 causam

424 2896 682 2966 praebere
710 2911 906 2973 posse,
931 2911 1032 2950 cur
1069 2895 1186 2950 suis
1218 2895 1302 2950 illi
1331 2900 1571 2967 propter
1603 2896 1855 2951 ablatum
1890 2895 2121 2951 clerica-

425 2989 551 3039 tum
592 2984 862 3057 querelis,
904 3001 1034 3057 qua:
1060 2985 1256 3040 forsan
1294 2984 1584 3057 aliquibus
1626 2985 1801 3041 etiam
1841 2984 2125 3057 episcopis

424 3088 543 3128 non
572 3077 941 3129 censerentur
967 3073 1215 3145 injustas,
1251 3074 1554 3130 Ecclesiam
1593 3073 1813 3129 turbari
1848 3078 2120 3144 pergant;

426 3162 597 3217 malle
641 3163 731 3216 vel
778 3162 1010 3217 claudos
1054 3161 1285 3230 habere,
1331 3178 1505 3233 quam
1551 3162 1824 3233 plangere
1865 3166 2124 3217 mortuos

427 3251 618 3319 (Serm.
666 3252 790 3314 356,
836 3264 897 3304 η.
946 3249 1028 3319 14)
1071 3266 1085 3303 :
1138 3248 1246 3304 sibi
1293 3265 1429 3321 ergo
1468 3250 1748 3315 sufficere,
1793 3249 1905 3305 illis
1941 3266 2123 3321 quan-

425 3341 552 3393 tum
579 3337 895 3408 periculum
930 3341 988 3392 et
1016 3341 1297 3409 quantum
1322 3338 1540 3392 malum
1568 3338 1660 3400 sit,
1690 3338 1892 3392 cadere
1922 3354 1955 3393 a
1986 3355 2125 3410 pro-

426 3426 637 3496 posito,
670 3425 743 3480 ob
781 3426 973 3480 oculos
1009 3424 1294 3495 posuisse;
1337 3442 1401 3480 ac
1447 3429 1576 3496 post
1615 3426 1715 3480 illa
1761 3426 1992 3481 eosdem
2035 3427 2125 3482 di-

427 3513 562 3570 vino
591 3513 922 3585 permittere
946 3514 1163 3585 judicio
1203 3529 1217 3567 :
1259 3514 1397 3585 ipsis
1439 3514 1734 3570 clericatus
1771 3516 2028 3585 polliceri
2064 3532 2123 3572 se

428 3602 918 3659 conservationem
944 3643 959 3669 ,
1018 3618 1214 3658 eorum
1285 3619 1420 3657 vero
1486 3620 1606 3658 esse
1629 3643 1643 3670 ,
1703 3619 1778 3658 an
1842 3604 2124 3659 felicitatis

427 3691 806 3747 aeternitatem
879 3707 1108 3764 sperare
1179 3691 1428 3762 possint,
1495 3692 1793 3763 dispicere.
1870 3693 2125 3748 Orationi

428 3780 635 3836 deinde
682 3781 858 3836 finem
905 3780 1172 3851 imponit,
1221 3781 1495 3852 pollicens
1541 3782 1718 3853 plebi,
1766 3782 1837 3837 ad
1885 3798 2011 3837 eam
2065 3799 2123 3837 se

425 3875 553 3941 post
581 3869 958 3941 Epiphaniam
999 3869 1339 3939 relaturum,
1382 3869 1657 3942 quidnam
1699 3870 1767 3925 de
1809 3870 1925 3925 suis
1968 3871 2126 3925 cleri-

425 3958 525 4027 cis,
557 3959 627 4014 de
667 3975 913 4031 quorum
955 3958 1231 4030 obsequio
1269 3958 1415 4013 nihil
1447 3975 1563 4013 non
1594 3960 1978 4030 exspectabat,
2011 3964 2124 4015 sta-

424 4047 644 4115 tuisset,
700 4047 911 4119 quidve
966 4046 1037 4101 de
1090 4046 1349 4102 Januarii
1397 4045 1615 4114 liberis,
1675 4048 1883 4119 quibus
1930 4047 2125 4103 infelix

425 4152 634 4206 parens
663 4139 875 4206 praeter
899 4135 1013 4190 alia
1036 4135 1187 4188 mala
1210 4135 1384 4189 etiam
1409 4134 1570 4189 litem
1599 4135 1929 4207 reliquerat.
1957 4136 2128 4190 Soror

425 4224 583 4279 enim
612 4240 644 4278 a
671 4227 835 4294 patre
873 4222 1157 4293 quidquid
1199 4222 1387 4278 fuerat
1432 4223 1716 4289 relictum,
1761 4239 1930 4279 suum
1980 4240 2121 4294 esse,

424 4315 598 4383 prout
609 4310 854 4381 ipsemet
874 4314 991 4364 tam
1008 4325 1157 4381 saepe
1174 4310 1574 4377 affirmaverat,
1593 4312 1998 4379 contendebat;
2020 4313 2125 4368 fra-

426 4404 515 4454 ter
542 4413 676 4453 vero
706 4398 994 4453 nitebatur
1020 4401 1362 4452 testamento
1384 4399 1583 4469 patris,
1610 4399 1711 4470 qui
1733 4400 1804 4455 de
1833 4401 1938 4456 hac
1965 4418 2127 4473 pecu~

425 4485 525 4541 nia
550 4489 824 4557 tanquam
857 4485 928 4541 de
956 4484 1208 4557 propria,
1237 4501 1354 4541 non
1378 4491 1570 4541 autem
1601 4492 1875 4559 tanquam
1900 4490 1970 4545 de
1990 4490 2123 4545 ﬁliae

425 4573 708 4644 deposito,
728 4573 868 4646 quid
888 4574 1016 4629 ﬁeri
1035 4575 1204 4630 vellet
1217 4574 1603 4631 mandaverat.
1626 4577 1881 4633 Decrevit
1900 4583 2124 4633 sanctus

426 4662 640 4716 Prassul
670 4662 833 4733 quasi
870 4661 1193 4718 communis
1237 4680 1448 4735 parens
1485 4665 1929 4721 controversiam
1973 4667 2124 4722 hanc

425 4749 715 4818 dirimere,
748 4767 811 4806 ac
839 4753 1085 4824 probum
1114 4752 1366 4825 aliquem
1391 4753 1579 4809 virum
1608 4770 1898 4810 assumere
1927 4772 2122 4811 secum

427 4854 492 4894 ex
518 4837 695 4903 laicis,
727 4844 792 4895 ut
813 4841 972 4897 illam
1001 4842 1316 4897 secundum
1340 4842 1628 4915 mquitatis
1656 4844 2122 4899 normamsimul

426 4926 806 4999 dijudicarent
832 4929 1025 4999 (Serm.
1065 4934 1188 4998 355,
1218 4947 1274 4987 η.
1313 4933 1381 5001 3).
1412 4934 1485 4987 At
1523 4948 1655 4987 cum
1697 4932 1809 5003 ipsi
1845 4933 2121 4988 liberave-

422 5018 562 5071 runt
588 5014 696 5071 hoc
715 5015 908 5071 labore
938 5033 951 5071 :
985 5033 1108 5072 rem
1137 5017 1315 5072 amice
1336 5024 1804 5090 composuerunt,
1828 5021 2121 5093 secutique

424 5108 558 5160 sunt
584 5103 889 5159 consilium
917 5105 1071 5159 beati
1097 5105 1235 5172 Viri,
1266 5110 1330 5160 ut
1365 5105 1516 5162 inter
1553 5124 1612 5162 se
1650 5109 1952 5179 pecuniam
1990 5127 2120 5182 par-

423 5193 694 5259 tirentur,
744 5192 1037 5248 suadentis
1088 5193 1282 5262 (Serm.
1325 5196 1449 5261 356,
1488 5211 1544 5250 η.
1594 5197 1700 5266 11).
1750 5198 1945 5269 Neque
1989 5215 2121 5254 vero

424 5281 555 5353 plus
586 5274 803 5353 negotii
834 5280 1020 5336 eidem
1058 5281 1390 5336 facessivere
1424 5282 1513 5337 sui
1546 5283 1764 5352 clerici;
1798 5285 1895 5340 sed
1923 5302 2122 5341 omnes

422 5370 520 5424 ille
567 5370 953 5444 presbyteros,
997 5368 1285 5439 diaconos,
1344 5370 1739 5439 subdiaconos,
1796 5374 2119 5447 horumque

424 5475 494 5514 ex
532 5460 735 5515 ordine
770 5458 1081 5516 Patricium
1119 5462 1389 5530 nepotem
1431 5476 1618 5527 suum,
1659 5462 1855 5532 quales
1897 5464 2121 5519 volebat

420 5546 658 5617 reperit,
682 5548 795 5605 hoc
822 5552 926 5615 est,
956 5564 1155 5605 eorum
1185 5547 1473 5605 neminem
1495 5566 1611 5606 non
1633 5550 1825 5607 animo
1847 5556 1905 5607 et
1924 5552 2118 5607 volun-

1620 292 1791 348 VlTA
1830 291 1883 347 S.
1925 290 2315 349 AUGUSTINI
2355 289 2694 347 EPISCOPI.

3805 289 3927 340 536

2207 418 2320 470 tate
2356 402 2671 486 pauperem
2712 411 2901 479 (lbid.,
2935 426 2991 465 η.
3025 412 3096 479 3).
3131 410 3353 465 Etenim
3383 408 3431 464 si
3459 410 3587 481 quis
3617 409 3938 481 quidpiam

2209 502 2421 558 habere
2451 500 2911 573 permittebatur,
2950 498 3093 553 illud
3126 498 3396 569 religiosa
3425 497 3641 569 piaque
3670 498 3938 553 necessi-

2211 597 2324 647 tate
2370 591 2670 656 retinebat,
2720 588 2967 643 aliorum
3013 603 3204 657 causa,
3256 603 3375 642 non
3418 603 3541 656 sua,
3583 602 3775 658 neque
3805 587 3938 642 ulla

2212 682 2274 736 in
2304 680 2600 735 avaritiam
2639 677 3038 750 propensione.
3083 675 3362 741 Quocirca
3407 692 3607 731 omnes
3652 676 3931 731 socialem

2214 770 2285 825 de
2315 769 2537 840 integro
2564 768 2739 822 vitam
2768 766 3016 838 amplexi
3048 771 3201 832 sunt,
3234 765 3465 836 latique
3495 781 3771 836 excepere
3802 765 3931 819 Viri

2215 859 2394 914 sancti
2423 857 2745 919 consilium,
2784 871 2900 926 quo
2939 871 2970 909 e
3008 854 3346 909 clericorum
3391 854 3517 909 albo
3558 870 3764 908 omnes
3803 870 3930 922 eos,

2216 947 2316 1020 qui
2374 946 2644 1017 deinceps
2699 942 3001 1015 proprium
3056 943 3268 997 habere
3325 943 3929 1013 deprehenderentur,

2216 1051 2543 1107 expungere
2569 1033 2940 1088 constituerat
2970 1032 3151 1098 (Ibid,
3186 1047 3242 1086 η.
3279 1032 3381 1098 14).

2288 1128 2341 1178 4.
2389 1125 2691 1178 Transacto
2735 1120 2914 1191 igitur
2956 1118 3292 1191 Epiphaniae
3334 1120 3479 1174 festo
3524 1124 3721 1190 gratos
3757 1121 3933 1176 hosce

2220 1214 2448 1269 nuntios
2464 1214 2700 1285 populo,
2718 1210 3206 1283 quemadmodum
3222 1213 3343 1264 erat
3365 1208 3671 1280 pollicitus,
3694 1209 3933 1275 retulit;

2218 1307 2285 1357 ut
2313 1303 2583 1374 quoniam
2615 1302 2858 1356 aliorum
2898 1300 3131 1372 quidem
3175 1298 3464 1367 laudibus,
3506 1297 3751 1353 aliorum
3791 1314 3937 1354 vero

2221 1391 2735 1457 criminationibus,
2786 1405 2916 1461 qua:
2965 1404 3070 1444 sua
3120 1386 3375 1442 conditio
3420 1389 3560 1453 erat,
3611 1387 3938 1442 obnoxium

2223 1498 2343 1535 sese
2371 1480 2754 1551 intelligebat;
2790 1478 2889 1550 qui
2925 1494 2984 1531 se
3019 1476 3354 1547 diligebant,
3387 1474 3604 1546 pudore
3637 1492 3756 1530 non
3792 1491 3938 1547 per-

2222 1569 2597 1623 funderentur
2629 1568 2699 1622 ab
2727 1567 2828 1633 eis,
2863 1582 2893 1620 a
2923 1565 3133 1637 quibus
3162 1580 3278 1619 non
3309 1564 3628 1619 amabatnr.
3664 1565 3940 1621 Primum

2223 1658 2417 1728 itaque
2443 1656 2615 1728 jussit
2635 1657 2909 1710 Lazarum
2934 1654 3234 1709 diaconum
3261 1669 3325 1708 ex
3347 1653 3755 1725 Apostolorum
3776 1654 3941 1708 Actis

2224 1746 2411 1800 locum
2443 1760 2596 1806 eum,
2628 1744 2727 1798 ubi
2757 1742 3098 1798 describitur
3120 1743 3442 1814 primorum
3463 1741 3938 1797 Christianorum

2225 1832 2360 1902 vita,
2389 1833 2458 1887 ad
2490 1848 2665 1905 quam
2695 1832 2930 1903 quidem
2956 1831 3090 1886 cleri
3121 1830 3209 1885 sui
3238 1846 3427 1885 mores
3447 1830 3695 1902 dirigere
3717 1831 3942 1902 cogita-

2225 1922 2342 1990 bat,
2374 1922 2641 1988 recitare;
2676 1937 2847 1991 quem
2877 1922 3065 1975 locum
3094 1920 3334 1991 insuper
3362 1920 3483 1989 ipse
3521 1934 3750 1991 quoque
3795 1937 3941 1992 pro-

2227 2010 2526 2066 nuntiavit.
2581 2009 2793 2064 Deinde
2842 2010 3178 2063 clericorum
3223 2024 3456 2063 suorum
3507 2008 3794 2075 omnium,
3847 2010 3941 2063 vel

2228 2099 2325 2171 qui
2358 2099 2640 2171 legitimas
2670 2099 2745 2153 ob
2783 2114 2979 2152 causas
3021 2098 3262 2152 necdum
3313 2096 3553 2152 omnino
3597 2097 3772 2152 rebus
3818 2099 3943 2152 suis

2229 2188 2559 2243 renuntiare
2584 2191 2910 2259 potuerant,
2931 2188 3019 2240 vel
3044 2186 3145 2258 qui
3165 2186 3374 2257 injuria
3397 2186 3697 2257 proprium
3718 2187 3941 2242 habere

2228 2278 2584 2346 dicebantur,
2614 2277 2949 2347 singillatim
2982 2277 3264 2331 rationem
3295 2275 3561 2330 reddidit.
3595 2276 3690 2330 His
3720 2276 3798 2330 ita
3835 2293 3938 2347 ge-

2231 2366 2351 2434 stis,
2380 2366 2670 2421 licentiam
2700 2382 2813 2437 qua
2842 2370 3217 2434 concesserat,
3245 2369 3310 2419 ut
3333 2364 3444 2418 illis
3471 2368 3629 2419 extra
3654 2365 3939 2436 episcopii

2231 2456 2466 2510 domum
2488 2456 2557 2510 de
2573 2455 2806 2526 proprio
2828 2454 3021 2508 liceret
3034 2454 3243 2521 vivere,
3266 2452 3548 2508 revocavit
3570 2469 3582 2507 :
3605 2454 3942 2508 declaravit-

2232 2561 2365 2615 que,
2397 2543 2862 2616 quandoquidem
2891 2559 3090 2597 omnes
3119 2542 3179 2596 in
3206 2542 3471 2597 socialem
3495 2542 3671 2596 vitam
3701 2559 3945 2597 consen-

2234 2633 2454 2699 sissent,
2479 2631 2741 2703 quisquis
2760 2631 3149 2702 deprehensus
3172 2630 3344 2685 fuerit
3367 2629 3586 2684 habens
3607 2630 3938 2701 proprium,

2234 2737 2367 2776 eum
2398 2738 2433 2775 a
2460 2737 2517 2775 se
2555 2720 2800 2775 clericali
2830 2720 3011 2790 gradu
3039 2718 3322 2789 dejectum
3352 2717 3442 2772 iri.
3474 2720 3783 2789 lnterpellet
3810 2735 3942 2775 con-

2236 2816 2323 2864 tra
2359 2826 2461 2871 me,
2503 2810 2583 2864 ait
2618 2809 2716 2862 Vir
2753 2814 3000 2878 sanctus,
3029 2810 3178 2863 mille
3209 2809 3453 2871 consilia,
3496 2811 3718 2877 naviget
3745 2814 3939 2864 contra

2235 2915 2315 2953 me
2353 2914 2457 2968 quo
2494 2899 2750 2962 voluerit;
2795 2900 2867 2952 sit
2904 2901 3041 2952 certe
3076 2897 3173 2951 ubi
3211 2899 3448 2967 potuerit
3480 2914 3494 2951 :
3535 2897 3829 2966 adjuvabit
3858 2914 3941 2951 me

2234 2990 2396 3055 Deus,
2439 2992 2499 3041 ut
2536 2986 2632 3040 ubi
2664 3001 2758 3052 ego
2794 2988 3071 3055 episcopus
3111 3001 3249 3052 sum,
3291 2986 3382 3039 ille
3418 2986 3642 3041 clericus
3682 3000 3794 3041 esse
3831 3000 3941 3041 non

2230 3078 2422 3145 possit.
2451 3075 2724 3141 Audistis,
2757 3075 3050 3129 audierunt
3077 3091 3091 3128 :
3122 3076 3216 3130 sed
3241 3090 3396 3145 spero
3427 3077 3482 3129 in
3509 3078 3675 3130 Deum
3692 3079 3943 3130 nostrum

2235 3168 2285 3217 et
2322 3163 2751 3219 misericordiam
2787 3164 2922 3233 ejus,
2969 3165 3101 3233 quia
3139 3166 3279 3218 sicut
3317 3164 3725 3233 dispositionem
3765 3178 3943 3218 meam

2238 3255 2398 3306 istam
2427 3252 2677 3307 hilariter
2700 3257 3033 3323 acceperunt,
3065 3256 3143 3308 sic
3167 3268 3284 3307 eam
3304 3267 3441 3322 pure
3463 3251 3802 3321 ﬁdeliterque
3824 3267 3941 3305 ser-

2230 3340 2438 3395 t'abunt
2470 3340 2667 3409 (Ibid).
2694 3340 2906 3395 Initum
2930 3355 3162 3412 quoque
3191 3340 3341 3394 inter
3370 3338 3625 3394 Januarii
3655 3338 3808 3394 ﬁlios
3841 3355 3940 3411 pa-

2236 3432 2389 3482 ctum
2437 3432 2746 3493 memoret;
2798 3432 2922 3500 post
2970 3445 3098 3499 quae
3148 3427 3340 3483 subdit
3386 3443 3616 3499 sperare
3654 3443 3736 3497 se,
3780 3444 3879 3483 eos
3911 3445 3942 3482 a

2236 3516 2443 3586 quibus
2482 3516 2760 3588 diligitur,
2809 3516 3077 3572 audacter
3119 3516 3379 3571 laetitiam
3409 3531 3572 3571 suam
3603 3520 3938 3577 testaturos,

2234 3604 2377 3659 alios
2409 3610 2599 3660 autem
2630 3605 2885 3660 dolorem
2916 3621 3083 3659 suum
3111 3620 3403 3676 pressuros
3430 3604 3654 3658 silentio
3690 3621 3703 3656 :
3737 3622 3938 3658 verum

2236 3693 2283 3747 si
2325 3693 2424 3764 qui
2464 3694 2593 3761 sint,
2634 3693 2734 3764 qui
2770 3693 2948 3748 velint
2986 3693 3047 3747 in
3077 3710 3135 3747 se
3167 3693 3459 3765 quidpiam
3495 3693 3852 3748 deblaterare
3883 3701 3943 3749 et

2235 3782 2506 3845 cavillari,
2547 3799 2641 3835 cos
2680 3798 2738 3836 se
2776 3782 3024 3854 publice,
3066 3782 3348 3854 siquidem
3386 3781 3445 3837 id
3475 3798 3568 3836 res
3596 3781 3826 3853 exigere
3855 3783 3941 3837 vi-

2235 3871 2453 3938 deatur,
2473 3871 3107 3940 confutaturum(1bid.,
3130 3885 3191 3926 n.
3228 3874 3245 3925 1
3265 3871 3334 3941 1).
3357 3872 3501 3925 Ante
3513 3872 3690 3925 oculos
3710 3876 3938 3935 vestros,

2236 3958 2446 4030 inquit,
2478 3960 2593 4014 volo
2623 3961 2694 4013 sit
2722 3962 2838 4013 vita
2866 3963 3071 4013 nostra.
3115 3960 3234 4014 Scio
3268 3960 3401 4029 quia
3436 3963 3735 4027 quzi'entes
3766 3961 3941 4014 licen-

2238 4050 2371 4101 tiam
2409 4049 2547 4102 male
2573 4048 2837 4115 faciendi,
2875 4052 3121 4116 qmnt
3156 4047 3264 4102 sibi
3291 4048 3537 4117 exempla
3579 4049 3721 4102 male
3747 4050 3942 4103 viven-

2238 4140 2390 4205 tium,
2422 4141 2471 4191 et
2499 4138 2692 4191 multos
2716 4138 3013 4203 infamant,
3047 4140 3107 4190 ut
3131 4138 3298 4191 socios
3328 4138 3594 4191 invenisse
3622 4136 3939 4193 videantur.

2235 4225 2359 4279 Ideo
2388 4225 2532 4293 quod
2564 4229 2804 4279 nostrum
2848 4229 2945 4290 est,
2984 4227 3212 4291 fecimus
3254 4240 3267 4279 :
3304 4225 3431 4294 plus
3467 4224 3603 4293 quid
3641 4227 3940 4294 faciamus,

2234 4327 2341 4366 non
2388 4312 2659 4367 habemus.
2702 4314 2847 4368 Ante
2886 4316 3062 4368 oculos
3098 4318 3303 4367 vestros
3346 4328 3549 4368 sumus.
3582 4314 3801 4370 Nullius
3831 4317 3943 4369 ali-

2236 4400 2379 4469 quid
2407 4401 2796 4469 desideramus,
2827 4404 2939 4457 nisi
2968 4403 3105 4456 bona
3126 4418 3289 4472 opera
3318 4407 3498 4457 vestra
3526 4402 3711 4468 (Ibid.,
3743 4418 3802 4457 η.
3832 4403 3941 4472 t2).

2237 4490 2309 4543 Ex
2351 4488 2460 4543 hoc
2502 4505 2763 4544 sermone
2810 4506 3152 4561 cognoscere
3189 4495 3292 4559 est,
3335 4507 3450 4562 quo
3481 4490 3743 4562 plerique
3769 4490 3941 4546 cleri-

2235 4592 2431 4632 corum
2460 4578 2583 4649 ejus
2613 4578 2673 4633 in
2703 4583 2855 4633 statu
2879 4584 3086 4635 essent.
3116 4581 3259 4634 Nam
3283 4580 3353 4634 de
3373 4578 3487 4635 illis
3507 4579 3640 4634 solis
3660 4580 3941 4651 loquitur,

2234 4666 2295 4720 in
2323 4666 2533 4738 quibus
2562 4668 2823 4723 nonnihil
2851 4668 3298 4739 reprehensione
3329 4668 3570 4740 dignum
3600 4667 3932 4723 videbatur.

2234 4756 2589 4828 Quapropter
2626 4757 2775 4829 quod
2815 4756 2887 4812 ad
2925 4758 3285 4829 presbyteros
3319 4773 3454 4812 suos
3492 4756 3714 4824 attinet,
3750 4757 3813 4811 id
3853 4775 3943 4811 so-

2234 4846 2525 4901 lummodo
2558 4850 2855 4912 asseverat,
2889 4862 3007 4911 eos,
3038 4845 3317 4917 quidquid
3341 4846 3410 4901 de
3441 4845 3697 4916 ipsorum
3732 4846 3940 4916 opibus

2234 4936 2403 5007 vulgo
2427 4935 2695 5006 jactetnr,
2726 4951 3007 5007 pauperes
3032 4951 3174 5003 esse,
3199 4951 3263 4989 ac
3281 4934 3428 4989 nihil
3448 4950 3638 4989 secum
3662 4934 3736 4988 ad
3754 4935 3939 5004 ipsius

2234 5024 2556 5078 societatem
2607 5024 2884 5090 attulisse,
2943 5023 3054 5078 nisi
3101 5024 3308 5095 ipsam,
3357 5039 3473 5095 qua
3518 5022 3664 5078 nihil
3706 5023 3938 5078 charius

2234 5115 2337 5177 est,
2393 5112 2752 5167 charitatem.
2814 5113 3148 5168 Subdiaconi
3205 5115 3417 5182 pariter
3467 5127 3735 5183 pauperes
3789 5118 3937 5179 sunt,

2231 5202 2329 5255 Dei
2373 5203 2632 5270 propitio,
2691 5201 2903 5273 inquit,
2959 5201 3391 5257 misericordiam
3446 5203 3546 5256 Dei
3599 5206 3936 5270 exspectant.

2237 5289 2384 5344 Unde
2414 5290 2521 5357 ipsi
2551 5290 2785 5355 faciant,
2816 5306 2923 5344 non
2951 5291 3148 5345 habent
3187 5309 3204 5344 :
3245 5291 3425 5345 nullas
3469 5290 3720 5345 habentes
3757 5292 3938 5356 facul-

2233 5381 2388 5443 tates,
2419 5379 2676 5446 ﬁnierunt
2715 5379 2909 5433 mundi
2936 5379 3283 5448 cupiditates.
3327 5380 3535 5435 Vivunt
3573 5380 3851 5434 nobiscum
3882 5383 3937 5434 iu

2231 5468 2480 5522 societate
2507 5470 2791 5535 communi,
2822 5484 2973 5524 nemo
3000 5484 3084 5523 eos
3114 5468 3412 5538 distinguit
3439 5468 3509 5523 ab
3540 5469 3676 5530 illis,
3708 5470 3809 5537 qui
3835 5472 3939 5525 ali-

2233 5554 2370 5624 quid
2396 5556 2710 5611 attulerunt.
2752 5558 3052 5613 Charitatis
3095 5560 3279 5612 unitas
3304 5556 3674 5627 praeponenda
3714 5560 3795 5610 est
3827 5561 3937 5610 ter-
