  <div class='ocr_page' id='page_1' title='image "/cluster/home/n/w/nwhite01/storage/ocr_20150623/32/umn.31951002477326y/280.png"; bbox 0 0 4062 6346; ppageno 0'>
   <div class='ocr_carea' id='block_1_1' title="bbox 208 288 311 339">
    <p class='ocr_par' dir='ltr' id='par_1_1' title="bbox 208 288 311 339">
     <span class='ocr_line' id='line_1_1' title="bbox 208 288 311 339; baseline 0 0"><span class='ocrx_word' id='word_1_1' title='bbox 208 288 311 339; x_wconf 77' lang='grc' dir='ltr'>ὅ3¹7</span> 
     </span>
    </p>
   </div>
   <div class='ocr_carea' id='block_1_2' title="bbox 205 408 1912 480">
    <p class='ocr_par' dir='ltr' id='par_1_2' title="bbox 205 408 1912 480">
     <span class='ocr_line' id='line_1_2' title="bbox 205 408 1912 480; baseline -0.001 -16"><span class='ocrx_word' id='word_1_2' title='bbox 205 424 352 464; x_wconf 68' lang='lat' dir='ltr'>renz</span> <span class='ocrx_word' id='word_1_3' title='bbox 369 409 640 465; x_wconf 82' lang='lat' dir='ltr'>commodo</span> <span class='ocrx_word' id='word_1_4' title='bbox 664 410 998 466; x_wconf 64' lang='lat' dir='ltr'>hereditatis</span> <span class='ocrx_word' id='word_1_5' title='bbox 1028 408 1217 480; x_wconf 82' lang='lat' dir='ltr'>(Serm.</span> <span class='ocrx_word' id='word_1_6' title='bbox 1243 412 1362 475; x_wconf 78' lang='lat'>356,</span> <span class='ocrx_word' id='word_1_7' title='bbox 1389 424 1447 463; x_wconf 92' lang='lat' dir='ltr'>n.</span> <span class='ocrx_word' id='word_1_8' title='bbox 1468 408 1542 479; x_wconf 93' lang='lat'>8).</span> <span class='ocrx_word' id='word_1_9' title='bbox 1566 410 1642 464; x_wconf 84' lang='lat' dir='ltr'>Ex</span> <span class='ocrx_word' id='word_1_10' title='bbox 1659 409 1912 465; x_wconf 87' lang='lat' dir='ltr'>diaconis</span> 
     </span>
    </p>
   </div>
   <div class='ocr_carea' id='block_1_3' title="bbox 206 496 1912 569">
    <p class='ocr_par' dir='ltr' id='par_1_3' title="bbox 206 496 1912 569">
     <span class='ocr_line' id='line_1_3' title="bbox 206 496 1912 569; baseline 0.001 -17"><span class='ocrx_word' id='word_1_11' title='bbox 206 503 407 553; x_wconf 86' lang='lat' dir='ltr'>autem</span> <span class='ocrx_word' id='word_1_12' title='bbox 445 497 490 552; x_wconf 98' lang='lat' dir='ltr'>si</span> <span class='ocrx_word' id='word_1_13' title='bbox 541 498 641 569; x_wconf 91' lang='lat' dir='ltr'>qui</span> <span class='ocrx_word' id='word_1_14' title='bbox 684 497 829 553; x_wconf 89' lang='lat' dir='ltr'>forte</span> <span class='ocrx_word' id='word_1_15' title='bbox 872 502 1147 552; x_wconf 81' lang='lat' dir='ltr'>venerant</span> <span class='ocrx_word' id='word_1_16' title='bbox 1186 497 1248 552; x_wconf 91' lang='lat' dir='ltr'>in</span> <span class='ocrx_word' id='word_1_17' title='bbox 1293 496 1674 568; x_wconf 87' lang='lat' dir='ltr'>suspicionem</span> <span class='ocrx_word' id='word_1_18' title='bbox 1707 498 1912 553; x_wconf 91' lang='lat' dir='ltr'>deserti</span> 
     </span>
    </p>
   </div>
   <div class='ocr_carea' id='block_1_4' title="bbox 205 585 1911 658">
    <p class='ocr_par' dir='ltr' id='par_1_4' title="bbox 205 585 1911 658">
     <span class='ocr_line' id='line_1_4' title="bbox 205 585 1911 658; baseline 0.001 -18"><span class='ocrx_word' id='word_1_19' title='bbox 205 585 493 658; x_wconf 80' lang='lat' dir='ltr'>propositi</span> <span class='ocrx_word' id='word_1_20' title='bbox 518 586 587 641; x_wconf 92' lang='lat' dir='ltr'>ad</span> <span class='ocrx_word' id='word_1_21' title='bbox 618 586 946 642; x_wconf 90' lang='lat' dir='ltr'>habendum</span> <span class='ocrx_word' id='word_1_22' title='bbox 976 586 1305 657; x_wconf 90' lang='lat' dir='ltr'>proprium;</span> <span class='ocrx_word' id='word_1_23' title='bbox 1338 586 1445 640; x_wconf 88' lang='lat' dir='ltr'>hoc</span> <span class='ocrx_word' id='word_1_24' title='bbox 1476 586 1549 641; x_wconf 89' lang='lat' dir='ltr'>ab</span> <span class='ocrx_word' id='word_1_25' title='bbox 1577 586 1700 641; x_wconf 90' lang='lat' dir='ltr'>istis</span> <span class='ocrx_word' id='word_1_26' title='bbox 1730 588 1911 642; x_wconf 82' lang='lat' dir='ltr'>nomi-</span> 
     </span>
    </p>
   </div>
   <div class='ocr_carea' id='block_1_5' title="bbox 206 674 1910 746">
    <p class='ocr_par' dir='ltr' id='par_1_5' title="bbox 206 674 1910 746">
     <span class='ocr_line' id='line_1_5' title="bbox 206 674 1910 746; baseline 0.001 -17"><span class='ocrx_word' id='word_1_27' title='bbox 206 675 395 729; x_wconf 87' lang='lat' dir='ltr'>natim</span> <span class='ocrx_word' id='word_1_28' title='bbox 425 674 872 746; x_wconf 90' lang='lat' dir='ltr'>singillatimque</span> <span class='ocrx_word' id='word_1_29' title='bbox 908 675 1166 746; x_wconf 81' lang='lat' dir='ltr'>purgatis</span> <span class='ocrx_word' id='word_1_30' title='bbox 1194 674 1411 729; x_wconf 85' lang='lat' dir='ltr'>crimen</span> <span class='ocrx_word' id='word_1_31' title='bbox 1457 675 1739 730; x_wconf 90' lang='lat' dir='ltr'>amolitur.</span> <span class='ocrx_word' id='word_1_32' title='bbox 1774 676 1910 730; x_wconf 88' lang='lat' dir='ltr'>Ora-</span> 
     </span>
    </p>
   </div>
   <div class='ocr_carea' id='block_1_6' title="bbox 206 764 1914 835">
    <p class='ocr_par' dir='ltr' id='par_1_6' title="bbox 206 764 1914 835">
     <span class='ocr_line' id='line_1_6' title="bbox 206 764 1914 835; baseline 0 -16"><span class='ocrx_word' id='word_1_33' title='bbox 206 764 427 819; x_wconf 86' lang='lat' dir='ltr'>tionem</span> <span class='ocrx_word' id='word_1_34' title='bbox 474 764 724 835; x_wconf 89' lang='lat' dir='ltr'>denique</span> <span class='ocrx_word' id='word_1_35' title='bbox 773 765 901 819; x_wconf 84' lang='lat' dir='ltr'>linit</span> <span class='ocrx_word' id='word_1_36' title='bbox 951 765 1010 819; x_wconf 89' lang='lat' dir='ltr'>in</span> <span class='ocrx_word' id='word_1_37' title='bbox 1061 766 1184 820; x_wconf 80' lang='lat' dir='ltr'>haec</span> <span class='ocrx_word' id='word_1_38' title='bbox 1230 765 1400 819; x_wconf 87' lang='lat' dir='ltr'>verba</span> <span class='ocrx_word' id='word_1_39' title='bbox 1450 780 1463 819; x_wconf 90' lang='lat'><strong>:</strong></span> <span class='ocrx_word' id='word_1_40' title='bbox 1511 768 1674 821; x_wconf 82' lang='lat' dir='ltr'>Nemo</span> <span class='ocrx_word' id='word_1_41' title='bbox 1721 767 1914 820; x_wconf 85' lang='lat' dir='ltr'>laceret</span> 
     </span>
    </p>
   </div>
   <div class='ocr_carea' id='block_1_7' title="bbox 204 854 1914 923">
    <p class='ocr_par' dir='ltr' id='par_1_7' title="bbox 204 854 1914 923">
     <span class='ocr_line' id='line_1_7' title="bbox 204 854 1914 923; baseline 0.001 -16"><span class='ocrx_word' id='word_1_42' title='bbox 204 869 389 908; x_wconf 61' lang='lat' dir='ltr'>servos</span> <span class='ocrx_word' id='word_1_43' title='bbox 424 856 523 909; x_wconf 87' lang='lat' dir='ltr'>Dei</span> <span class='ocrx_word' id='word_1_44' title='bbox 546 872 559 909; x_wconf 87' lang='lat'><strong>:</strong></span> <span class='ocrx_word' id='word_1_45' title='bbox 606 856 737 923; x_wconf 85' lang='lat' dir='ltr'>quia</span> <span class='ocrx_word' id='word_1_46' title='bbox 783 869 887 908; x_wconf 86' lang='lat' dir='ltr'>non</span> <span class='ocrx_word' id='word_1_47' title='bbox 930 856 1149 923; x_wconf 66' lang='lat' dir='ltr'>expedit</span> <span class='ocrx_word' id='word_1_48' title='bbox 1189 854 1570 909; x_wconf 73' lang='lat' dir='ltr'>lacerantibus.</span> <span class='ocrx_word' id='word_1_49' title='bbox 1606 856 1787 910; x_wconf 75' lang='lat' dir='ltr'>Servis</span> <span class='ocrx_word' id='word_1_50' title='bbox 1816 858 1914 909; x_wconf 92' lang='lat' dir='ltr'>Dei</span> 
     </span>
    </p>
   </div>
   <div class='ocr_carea' id='block_1_8' title="bbox 207 942 1913 1010">
    <p class='ocr_par' dir='ltr' id='par_1_8' title="bbox 207 942 1913 1010">
     <span class='ocr_line' id='line_1_8' title="bbox 207 942 1913 1010; baseline 0.002 -15"><span class='ocrx_word' id='word_1_51' title='bbox 207 942 431 1010; x_wconf 78' lang='lat' dir='ltr'>quidem</span> <span class='ocrx_word' id='word_1_52' title='bbox 459 958 655 997; x_wconf 79' lang='lat' dir='ltr'>merces</span> <span class='ocrx_word' id='word_1_53' title='bbox 679 944 840 1009; x_wconf 80' lang='lat' dir='ltr'>falsis</span> <span class='ocrx_word' id='word_1_54' title='bbox 888 943 1307 998; x_wconf 72' lang='lat' dir='ltr'>detractionibus</span> <span class='ocrx_word' id='word_1_55' title='bbox 1339 946 1555 1007; x_wconf 86' lang='lat' dir='ltr'>crescit;</span> <span class='ocrx_word' id='word_1_56' title='bbox 1587 944 1681 997; x_wconf 87' lang='lat' dir='ltr'>sed</span> <span class='ocrx_word' id='word_1_57' title='bbox 1726 946 1913 998; x_wconf 90' lang='lat' dir='ltr'>crescit</span> 
     </span>
    </p>
   </div>
   <div class='ocr_carea' id='block_1_9' title="bbox 206 1032 1912 1101">
    <p class='ocr_par' dir='ltr' id='par_1_9' title="bbox 206 1032 1912 1101">
     <span class='ocr_line' id='line_1_9' title="bbox 206 1032 1912 1101; baseline 0.002 -18"><span class='ocrx_word' id='word_1_58' title='bbox 206 1032 374 1085; x_wconf 86' lang='lat' dir='ltr'>etiam</span> <span class='ocrx_word' id='word_1_59' title='bbox 420 1047 577 1101; x_wconf 52' lang='lat' dir='ltr'>plena</span> <span class='ocrx_word' id='word_1_60' title='bbox 624 1032 1049 1087; x_wconf 82' lang='lat' dir='ltr'>detrahentibus.</span> <span class='ocrx_word' id='word_1_61' title='bbox 1112 1034 1371 1087; x_wconf 82' lang='lat' dir='ltr'>Nolumus</span> <span class='ocrx_word' id='word_1_62' title='bbox 1427 1047 1546 1085; x_wconf 92' lang='lat' dir='ltr'>cum</span> <span class='ocrx_word' id='word_1_63' title='bbox 1598 1032 1912 1087; x_wconf 88' lang='lat' dir='ltr'>detrimento</span> 
     </span>
    </p>
   </div>
   <div class='ocr_carea' id='block_1_10' title="bbox 206 1120 1909 1188">
    <p class='ocr_par' dir='ltr' id='par_1_10' title="bbox 206 1120 1909 1188">
     <span class='ocr_line' id='line_1_10' title="bbox 206 1120 1909 1188; baseline 0.001 -15"><span class='ocrx_word' id='word_1_64' title='bbox 206 1124 386 1174; x_wconf 73' lang='lat' dir='ltr'>vestro</span> <span class='ocrx_word' id='word_1_65' title='bbox 413 1135 669 1188; x_wconf 83' lang='lat' dir='ltr'>magnam</span> <span class='ocrx_word' id='word_1_66' title='bbox 715 1121 907 1175; x_wconf 89' lang='lat' dir='ltr'>habere</span> <span class='ocrx_word' id='word_1_67' title='bbox 939 1121 1246 1174; x_wconf 80' lang='lat' dir='ltr'>mercedem.</span> <span class='ocrx_word' id='word_1_68' title='bbox 1275 1122 1453 1175; x_wconf 83' lang='lat' dir='ltr'>Minus</span> <span class='ocrx_word' id='word_1_69' title='bbox 1492 1120 1571 1173; x_wconf 90' lang='lat' dir='ltr'>ibi</span> <span class='ocrx_word' id='word_1_70' title='bbox 1599 1120 1909 1187; x_wconf 84' lang='lat' dir='ltr'>habeamus,</span> 
     </span>
    </p>
   </div>
   <div class='ocr_carea' id='block_1_11' title="bbox 206 1208 1626 1279">
    <p class='ocr_par' dir='ltr' id='par_1_11' title="bbox 206 1208 1626 1279">
     <span class='ocr_line' id='line_1_11' title="bbox 206 1208 1626 1279; baseline 0.001 -19"><span class='ocrx_word' id='word_1_71' title='bbox 206 1212 262 1262; x_wconf 86' lang='lat' dir='ltr'>et</span> <span class='ocrx_word' id='word_1_72' title='bbox 293 1212 469 1263; x_wconf 87' lang='lat' dir='ltr'>tamen</span> <span class='ocrx_word' id='word_1_73' title='bbox 496 1210 767 1264; x_wconf 77' lang='lat' dir='ltr'><strong><em>vobiscum</em></strong></span> <span class='ocrx_word' id='word_1_74' title='bbox 795 1210 873 1263; x_wconf 85' lang='lat' dir='ltr'>ibi</span> <span class='ocrx_word' id='word_1_75' title='bbox 900 1224 1177 1277; x_wconf 78' lang='lat' dir='ltr'>reguemus</span> <span class='ocrx_word' id='word_1_76' title='bbox 1207 1208 1388 1279; x_wconf 68' lang='lat' dir='ltr'>(Ibid,</span> <span class='ocrx_word' id='word_1_77' title='bbox 1424 1225 1480 1262; x_wconf 77' lang='grc' dir='ltr'>η.</span> <span class='ocrx_word' id='word_1_78' title='bbox 1522 1208 1626 1278; x_wconf 75' lang='grc'>15).</span> 
     </span>
    </p>
   </div>
   <div class='ocr_carea' id='block_1_12' title="bbox 284 1297 1914 1353">
    <p class='ocr_par' dir='ltr' id='par_1_12' title="bbox 284 1297 1914 1353">
     <span class='ocr_line' id='line_1_12' title="bbox 284 1297 1914 1353; baseline 0 -1"><span class='ocrx_word' id='word_1_79' title='bbox 380 1297 607 1353; x_wconf 83' lang='lat' dir='ltr'>Curatio</span> <span class='ocrx_word' id='word_1_80' title='bbox 637 1298 812 1353; x_wconf 86' lang='lat' dir='ltr'>Paulo</span> <span class='ocrx_word' id='word_1_81' title='bbox 844 1304 898 1352; x_wconf 90' lang='lat' dir='ltr'>et</span> <span class='ocrx_word' id='word_1_82' title='bbox 929 1298 1192 1353; x_wconf 66' lang='lat' dir='ltr'>Palladias</span> <span class='ocrx_word' id='word_1_83' title='bbox 1224 1298 1331 1352; x_wconf 87' lang='lat' dir='ltr'>hoc</span> <span class='ocrx_word' id='word_1_84' title='bbox 1361 1297 1560 1351; x_wconf 89' lang='lat' dir='ltr'>eodem</span> <span class='ocrx_word' id='word_1_85' title='bbox 1592 1313 1742 1352; x_wconf 87' lang='lat' dir='ltr'>anno</span> <span class='ocrx_word' id='word_1_86' title='bbox 1771 1298 1914 1352; x_wconf 84' lang='lat' dir='ltr'>divi-</span> 
     </span>
    </p>
   </div>
   <div class='ocr_carea' id='block_1_13' title="bbox 211 1385 1915 1457">
    <p class='ocr_par' dir='ltr' id='par_1_13' title="bbox 211 1385 1915 1457">
     <span class='ocr_line' id='line_1_13' title="bbox 211 1385 1915 1457; baseline 0 -16"><span class='ocrx_word' id='word_1_87' title='bbox 211 1386 369 1441; x_wconf 85' lang='lat' dir='ltr'>nitus</span> <span class='ocrx_word' id='word_1_88' title='bbox 395 1402 658 1440; x_wconf 87' lang='lat' dir='ltr'>concessa</span> <span class='ocrx_word' id='word_1_89' title='bbox 688 1390 797 1453; x_wconf 90' lang='lat' dir='ltr'>est;</span> <span class='ocrx_word' id='word_1_90' title='bbox 833 1386 983 1457; x_wconf 89' lang='lat' dir='ltr'>quod</span> <span class='ocrx_word' id='word_1_91' title='bbox 1014 1386 1247 1456; x_wconf 87' lang='lat' dir='ltr'>quidem</span> <span class='ocrx_word' id='word_1_92' title='bbox 1290 1385 1623 1439; x_wconf 83' lang='lat' dir='ltr'><strong><em>miraculum</em></strong></span> <span class='ocrx_word' id='word_1_93' title='bbox 1660 1403 1774 1441; x_wconf 92' lang='lat' dir='ltr'>non</span> <span class='ocrx_word' id='word_1_94' title='bbox 1806 1386 1915 1441; x_wconf 87' lang='lat' dir='ltr'>fuit</span> 
     </span>
    </p>
   </div>
   <div class='ocr_carea' id='block_1_14' title="bbox 210 1474 1911 1546">
    <p class='ocr_par' dir='ltr' id='par_1_14' title="bbox 210 1474 1911 1546">
     <span class='ocr_line' id='line_1_14' title="bbox 210 1474 1911 1546; baseline 0.002 -19"><span class='ocrx_word' id='word_1_95' title='bbox 210 1475 455 1540; x_wconf 66' lang='lat' dir='ltr'>caeteris,</span> <span class='ocrx_word' id='word_1_96' title='bbox 488 1491 617 1546; x_wconf 59' lang='lat' dir='ltr'>quae</span> <span class='ocrx_word' id='word_1_97' title='bbox 645 1480 782 1530; x_wconf 91' lang='lat' dir='ltr'>tunc</span> <span class='ocrx_word' id='word_1_98' title='bbox 812 1475 1088 1546; x_wconf 84' lang='lat' dir='ltr'>temporis</span> <span class='ocrx_word' id='word_1_99' title='bbox 1118 1474 1267 1546; x_wconf 89' lang='lat' dir='ltr'>apud</span> <span class='ocrx_word' id='word_1_100' title='bbox 1302 1474 1621 1545; x_wconf 86' lang='lat' dir='ltr'>Hipponem</span> <span class='ocrx_word' id='word_1_101' title='bbox 1650 1492 1754 1545; x_wconf 91' lang='lat' dir='ltr'>per</span> <span class='ocrx_word' id='word_1_102' title='bbox 1782 1477 1911 1532; x_wconf 86' lang='lat' dir='ltr'>Ste-</span> 
     </span>
    </p>
   </div>
   <div class='ocr_carea' id='block_1_15' title="bbox 207 1563 1911 1635">
    <p class='ocr_par' dir='ltr' id='par_1_15' title="bbox 207 1563 1911 1635">
     <span class='ocr_line' id='line_1_15' title="bbox 207 1563 1911 1635; baseline -0.001 -18"><span class='ocrx_word' id='word_1_103' title='bbox 207 1563 388 1633; x_wconf 86' lang='lat' dir='ltr'>phani</span> <span class='ocrx_word' id='word_1_104' title='bbox 412 1564 673 1634; x_wconf 76' lang='lat' dir='ltr'>martyris</span> <span class='ocrx_word' id='word_1_105' title='bbox 695 1563 961 1635; x_wconf 83' lang='lat' dir='ltr'>reliquias</span> <span class='ocrx_word' id='word_1_106' title='bbox 986 1564 1132 1617; x_wconf 87' lang='lat' dir='ltr'>facta</span> <span class='ocrx_word' id='word_1_107' title='bbox 1150 1568 1281 1618; x_wconf 91' lang='lat' dir='ltr'>sunt</span> <span class='ocrx_word' id='word_1_108' title='bbox 1305 1563 1403 1633; x_wconf 87' lang='lat' dir='ltr'>(De</span> <span class='ocrx_word' id='word_1_109' title='bbox 1427 1564 1597 1617; x_wconf 86' lang='lat' dir='ltr'>Civit.</span> <span class='ocrx_word' id='word_1_110' title='bbox 1622 1567 1735 1628; x_wconf 87' lang='lat' dir='ltr'>Dei,</span> <span class='ocrx_word' id='word_1_111' title='bbox 1762 1565 1799 1619; x_wconf 90' lang='lat' dir='ltr'>l.</span> <span class='ocrx_word' id='word_1_112' title='bbox 1822 1566 1911 1629; x_wconf 91' lang='lat'>22,</span> 
     </span>
    </p>
   </div>
   <div class='ocr_carea' id='block_1_16' title="bbox 206 1650 1914 1721">
    <p class='ocr_par' dir='ltr' id='par_1_16' title="bbox 206 1650 1914 1721">
     <span class='ocr_line' id='line_1_16' title="bbox 206 1650 1914 1721; baseline 0.001 -18"><span class='ocrx_word' id='word_1_113' title='bbox 206 1665 256 1704; x_wconf 91' lang='lat' dir='ltr'>c.</span> <span class='ocrx_word' id='word_1_114' title='bbox 276 1652 330 1715; x_wconf 87' lang='lat'><strong>8,</strong></span> <span class='ocrx_word' id='word_1_115' title='bbox 347 1665 401 1703; x_wconf 89' lang='lat' dir='ltr'>n.</span> <span class='ocrx_word' id='word_1_116' title='bbox 431 1652 521 1715; x_wconf 90' lang='lat'>20,</span> <span class='ocrx_word' id='word_1_117' title='bbox 536 1652 593 1704; x_wconf 88' lang='lat' dir='ltr'>in</span> <span class='ocrx_word' id='word_1_118' title='bbox 612 1655 723 1704; x_wconf 92' lang='lat' dir='ltr'>not.</span> <span class='ocrx_word' id='word_1_119' title='bbox 750 1650 889 1704; x_wconf 86' lang='lat' dir='ltr'>Hinc</span> <span class='ocrx_word' id='word_1_120' title='bbox 908 1652 1086 1720; x_wconf 83' lang='lat' dir='ltr'>vero),</span> <span class='ocrx_word' id='word_1_121' title='bbox 1103 1651 1252 1721; x_wconf 90' lang='lat' dir='ltr'>quod</span> <span class='ocrx_word' id='word_1_122' title='bbox 1275 1650 1344 1705; x_wconf 92' lang='lat' dir='ltr'>ad</span> <span class='ocrx_word' id='word_1_123' title='bbox 1363 1666 1482 1704; x_wconf 85' lang='lat' dir='ltr'>rem</span> <span class='ocrx_word' id='word_1_124' title='bbox 1506 1651 1800 1721; x_wconf 84' lang='lat' dir='ltr'>grandius,</span> <span class='ocrx_word' id='word_1_125' title='bbox 1815 1650 1914 1705; x_wconf 88' lang='lat' dir='ltr'>sed</span> 
     </span>
    </p>
   </div>
   <div class='ocr_carea' id='block_1_17' title="bbox 208 1738 1915 1809">
    <p class='ocr_par' dir='ltr' id='par_1_17' title="bbox 208 1738 1915 1809">
     <span class='ocr_line' id='line_1_17' title="bbox 208 1738 1915 1809; baseline 0.001 -18"><span class='ocrx_word' id='word_1_126' title='bbox 208 1740 329 1792; x_wconf 88' lang='lat' dir='ltr'>tam</span> <span class='ocrx_word' id='word_1_127' title='bbox 368 1738 585 1792; x_wconf 85' lang='lat' dir='ltr'>clarum</span> <span class='ocrx_word' id='word_1_128' title='bbox 619 1743 791 1809; x_wconf 86' lang='lat' dir='ltr'>atque</span> <span class='ocrx_word' id='word_1_129' title='bbox 831 1738 1070 1804; x_wconf 82' lang='lat' dir='ltr'>illustre,</span> <span class='ocrx_word' id='word_1_130' title='bbox 1103 1744 1168 1792; x_wconf 91' lang='lat' dir='ltr'>ut</span> <span class='ocrx_word' id='word_1_131' title='bbox 1198 1738 1259 1792; x_wconf 90' lang='lat' dir='ltr'>in</span> <span class='ocrx_word' id='word_1_132' title='bbox 1288 1754 1354 1792; x_wconf 91' lang='lat' dir='ltr'>ea</span> <span class='ocrx_word' id='word_1_133' title='bbox 1384 1738 1523 1793; x_wconf 84' lang='lat' dir='ltr'>urbe</span> <span class='ocrx_word' id='word_1_134' title='bbox 1569 1739 1915 1809; x_wconf 79' lang='lat' dir='ltr'>reperiretur</span> 
     </span>
    </p>
   </div>
   <div class='ocr_carea' id='block_1_18' title="bbox 208 1827 1915 1898">
    <p class='ocr_par' dir='ltr' id='par_1_18' title="bbox 208 1827 1915 1898">
     <span class='ocr_line' id='line_1_18' title="bbox 208 1827 1915 1898; baseline 0.001 -18"><span class='ocrx_word' id='word_1_135' title='bbox 208 1827 426 1891; x_wconf 90' lang='lat' dir='ltr'>nullus,</span> <span class='ocrx_word' id='word_1_136' title='bbox 460 1827 561 1898; x_wconf 88' lang='lat' dir='ltr'>qui</span> <span class='ocrx_word' id='word_1_137' title='bbox 613 1828 723 1881; x_wconf 85' lang='lat' dir='ltr'>hoc</span> <span class='ocrx_word' id='word_1_138' title='bbox 776 1843 891 1881; x_wconf 92' lang='lat' dir='ltr'>non</span> <span class='ocrx_word' id='word_1_139' title='bbox 949 1827 1181 1881; x_wconf 78' lang='lat' dir='ltr'>vidisset</span> <span class='ocrx_word' id='word_1_140' title='bbox 1234 1828 1323 1881; x_wconf 88' lang='lat' dir='ltr'>vel</span> <span class='ocrx_word' id='word_1_141' title='bbox 1379 1827 1684 1895; x_wconf 85' lang='lat' dir='ltr'>didicisset,</span> <span class='ocrx_word' id='word_1_142' title='bbox 1727 1830 1915 1882; x_wconf 91' lang='lat' dir='ltr'>nullus</span> 
     </span>
    </p>
   </div>
   <div class='ocr_carea' id='block_1_19' title="bbox 207 1915 1910 1987">
    <p class='ocr_par' dir='ltr' id='par_1_19' title="bbox 207 1915 1910 1987">
     <span class='ocr_line' id='line_1_19' title="bbox 207 1915 1910 1987; baseline 0.002 -18"><span class='ocrx_word' id='word_1_143' title='bbox 207 1915 310 1987; x_wconf 86' lang='lat' dir='ltr'>qui</span> <span class='ocrx_word' id='word_1_144' title='bbox 384 1915 637 1975; x_wconf 80' lang='lat' dir='ltr'>oblivisci</span> <span class='ocrx_word' id='word_1_145' title='bbox 709 1917 825 1970; x_wconf 90' lang='lat' dir='ltr'>ulla</span> <span class='ocrx_word' id='word_1_146' title='bbox 888 1916 1108 1970; x_wconf 85' lang='lat' dir='ltr'>ratione</span> <span class='ocrx_word' id='word_1_147' title='bbox 1172 1920 1365 1987; x_wconf 86' lang='lat' dir='ltr'>posset</span> <span class='ocrx_word' id='word_1_148' title='bbox 1430 1917 1611 1986; x_wconf 86' lang='lat' dir='ltr'>(lbid.,</span> <span class='ocrx_word' id='word_1_149' title='bbox 1681 1933 1735 1972; x_wconf 83' lang='grc' dir='ltr'>η.</span> <span class='ocrx_word' id='word_1_150' title='bbox 1798 1920 1910 1985; x_wconf 80' lang='grc'>22).</span> 
     </span>
    </p>
   </div>
   <div class='ocr_carea' id='block_1_20' title="bbox 208 2001 1916 2073">
    <p class='ocr_par' dir='ltr' id='par_1_20' title="bbox 208 2001 1916 2073">
     <span class='ocr_line' id='line_1_20' title="bbox 208 2001 1916 2073; baseline -0.001 -16"><span class='ocrx_word' id='word_1_151' title='bbox 208 2005 482 2057; x_wconf 64' lang='lat' dir='ltr'>Caesareae</span> <span class='ocrx_word' id='word_1_152' title='bbox 536 2002 595 2056; x_wconf 92' lang='lat' dir='ltr'>in</span> <span class='ocrx_word' id='word_1_153' title='bbox 653 2003 1009 2073; x_wconf 81' lang='lat' dir='ltr'>Cappadocia</span> <span class='ocrx_word' id='word_1_154' title='bbox 1063 2002 1280 2057; x_wconf 81' lang='lat' dir='ltr'>familia</span> <span class='ocrx_word' id='word_1_155' title='bbox 1333 2007 1452 2057; x_wconf 89' lang='lat' dir='ltr'>erat</span> <span class='ocrx_word' id='word_1_156' title='bbox 1508 2018 1620 2056; x_wconf 91' lang='lat' dir='ltr'>non</span> <span class='ocrx_word' id='word_1_157' title='bbox 1681 2001 1916 2073; x_wconf 90' lang='lat' dir='ltr'>ignobi-</span> 
     </span>
    </p>
   </div>
   <div class='ocr_carea' id='block_1_21' title="bbox 208 2089 1931 2165">
    <p class='ocr_par' dir='ltr' id='par_1_21' title="bbox 208 2089 1931 2165">
     <span class='ocr_line' id='line_1_21' title="bbox 208 2089 1931 2165; baseline 0.001 -22"><span class='ocrx_word' id='word_1_158' title='bbox 208 2089 304 2159; x_wconf 82' lang='lat' dir='ltr'>lis,</span> <span class='ocrx_word' id='word_1_159' title='bbox 347 2106 526 2161; x_wconf 89' lang='lat' dir='ltr'>eaque</span> <span class='ocrx_word' id='word_1_160' title='bbox 571 2090 766 2145; x_wconf 87' lang='lat' dir='ltr'>liberis</span> <span class='ocrx_word' id='word_1_161' title='bbox 813 2090 1029 2156; x_wconf 87' lang='lat' dir='ltr'>decem,</span> <span class='ocrx_word' id='word_1_162' title='bbox 1066 2090 1343 2145; x_wconf 89' lang='lat' dir='ltr'>nimirum</span> <span class='ocrx_word' id='word_1_163' title='bbox 1392 2095 1608 2161; x_wconf 85' lang='lat' dir='ltr'>septem</span> <span class='ocrx_word' id='word_1_164' title='bbox 1651 2090 1931 2165; x_wconf 51' lang='lat' dir='ltr'>masculis.</span> 
     </span>
    </p>
   </div>
   <div class='ocr_carea' id='block_1_22' title="bbox 209 2178 1914 2250">
    <p class='ocr_par' dir='ltr' id='par_1_22' title="bbox 209 2178 1914 2250">
     <span class='ocr_line' id='line_1_22' title="bbox 209 2178 1914 2250; baseline -0.002 -16"><span class='ocrx_word' id='word_1_165' title='bbox 209 2195 277 2234; x_wconf 86' lang='lat' dir='ltr'>ac</span> <span class='ocrx_word' id='word_1_166' title='bbox 345 2179 572 2234; x_wconf 89' lang='lat' dir='ltr'>feminis</span> <span class='ocrx_word' id='word_1_167' title='bbox 633 2179 811 2234; x_wconf 84' lang='lat' dir='ltr'>tribus</span> <span class='ocrx_word' id='word_1_168' title='bbox 895 2184 1182 2246; x_wconf 83' lang='lat' dir='ltr'>constans;</span> <span class='ocrx_word' id='word_1_169' title='bbox 1253 2178 1404 2233; x_wconf 87' lang='lat' dir='ltr'>inter</span> <span class='ocrx_word' id='word_1_170' title='bbox 1485 2196 1627 2250; x_wconf 88' lang='lat' dir='ltr'>quos</span> <span class='ocrx_word' id='word_1_171' title='bbox 1708 2179 1914 2233; x_wconf 88' lang='lat' dir='ltr'>Paulus</span> 
     </span>
    </p>
   </div>
   <div class='ocr_carea' id='block_1_23' title="bbox 208 2268 1909 2339">
    <p class='ocr_par' dir='ltr' id='par_1_23' title="bbox 208 2268 1909 2339">
     <span class='ocr_line' id='line_1_23' title="bbox 208 2268 1909 2339; baseline -0.001 -15"><span class='ocrx_word' id='word_1_172' title='bbox 208 2273 439 2324; x_wconf 85' lang='lat' dir='ltr'>sextum</span> <span class='ocrx_word' id='word_1_173' title='bbox 493 2269 605 2324; x_wconf 85' lang='lat' dir='ltr'>sibi</span> <span class='ocrx_word' id='word_1_174' title='bbox 656 2270 866 2334; x_wconf 87' lang='lat' dir='ltr'>locum,</span> <span class='ocrx_word' id='word_1_175' title='bbox 918 2270 1166 2324; x_wconf 87' lang='lat' dir='ltr'>Palladia</span> <span class='ocrx_word' id='word_1_176' title='bbox 1211 2268 1521 2339; x_wconf 89' lang='lat' dir='ltr'>septimum</span> <span class='ocrx_word' id='word_1_177' title='bbox 1570 2268 1909 2323; x_wconf 79' lang='lat' dir='ltr'>vindicabat.</span> 
     </span>
    </p>
   </div>
   <div class='ocr_carea' id='block_1_24' title="bbox 208 2357 1915 2429">
    <p class='ocr_par' dir='ltr' id='par_1_24' title="bbox 208 2357 1915 2429">
     <span class='ocr_line' id='line_1_24' title="bbox 208 2357 1915 2429; baseline -0.002 -16"><span class='ocrx_word' id='word_1_178' title='bbox 208 2357 468 2428; x_wconf 83' lang='lat' dir='ltr'>Contigit</span> <span class='ocrx_word' id='word_1_179' title='bbox 511 2362 701 2412; x_wconf 90' lang='lat' dir='ltr'>autem</span> <span class='ocrx_word' id='word_1_180' title='bbox 748 2362 812 2413; x_wconf 88' lang='lat' dir='ltr'>ut</span> <span class='ocrx_word' id='word_1_181' title='bbox 854 2362 1017 2429; x_wconf 86' lang='lat' dir='ltr'>patre</span> <span class='ocrx_word' id='word_1_182' title='bbox 1066 2358 1352 2418; x_wconf 86' lang='lat' dir='ltr'>defuncto,</span> <span class='ocrx_word' id='word_1_183' title='bbox 1386 2373 1499 2411; x_wconf 92' lang='lat' dir='ltr'>non</span> <span class='ocrx_word' id='word_1_184' title='bbox 1543 2357 1738 2411; x_wconf 90' lang='lat' dir='ltr'>multis</span> <span class='ocrx_word' id='word_1_185' title='bbox 1782 2361 1915 2427; x_wconf 91' lang='lat' dir='ltr'>post</span> 
     </span>
    </p>
   </div>
   <div class='ocr_carea' id='block_1_25' title="bbox 208 2444 1907 2513">
    <p class='ocr_par' dir='ltr' id='par_1_25' title="bbox 208 2444 1907 2513">
     <span class='ocr_line' id='line_1_25' title="bbox 208 2444 1907 2513; baseline 0 -14"><span class='ocrx_word' id='word_1_186' title='bbox 208 2446 366 2500; x_wconf 88' lang='lat' dir='ltr'>illius</span> <span class='ocrx_word' id='word_1_187' title='bbox 405 2445 629 2500; x_wconf 91' lang='lat' dir='ltr'>obitum</span> <span class='ocrx_word' id='word_1_188' title='bbox 659 2446 878 2513; x_wconf 89' lang='lat' dir='ltr'>diebus,</span> <span class='ocrx_word' id='word_1_189' title='bbox 907 2462 1034 2501; x_wconf 90' lang='lat' dir='ltr'>cum</span> <span class='ocrx_word' id='word_1_190' title='bbox 1064 2447 1267 2501; x_wconf 80' lang='lat' dir='ltr'>fratres</span> <span class='ocrx_word' id='word_1_191' title='bbox 1291 2462 1491 2499; x_wconf 85' lang='lat' dir='ltr'>omnes</span> <span class='ocrx_word' id='word_1_192' title='bbox 1519 2444 1677 2500; x_wconf 91' lang='lat' dir='ltr'>domi</span> <span class='ocrx_word' id='word_1_193' title='bbox 1703 2450 1907 2510; x_wconf 89' lang='lat' dir='ltr'>essent,</span> 
     </span>
    </p>
   </div>
   <div class='ocr_carea' id='block_1_26' title="bbox 208 2534 1914 2605">
    <p class='ocr_par' dir='ltr' id='par_1_26' title="bbox 208 2534 1914 2605">
     <span class='ocr_line' id='line_1_26' title="bbox 208 2534 1914 2605; baseline -0.001 -16"><span class='ocrx_word' id='word_1_194' title='bbox 208 2542 349 2589; x_wconf 89' lang='lat' dir='ltr'>natu</span> <span class='ocrx_word' id='word_1_195' title='bbox 381 2534 660 2589; x_wconf 89' lang='lat' dir='ltr'>maximus</span> <span class='ocrx_word' id='word_1_196' title='bbox 691 2540 933 2589; x_wconf 86' lang='lat' dir='ltr'>matrem</span> <span class='ocrx_word' id='word_1_197' title='bbox 961 2535 1191 2588; x_wconf 87' lang='lat' dir='ltr'>viduam</span> <span class='ocrx_word' id='word_1_198' title='bbox 1222 2534 1489 2605; x_wconf 81' lang='lat' dir='ltr'>gravibus</span> <span class='ocrx_word' id='word_1_199' title='bbox 1515 2539 1683 2605; x_wconf 86' lang='lat' dir='ltr'>atque</span> <span class='ocrx_word' id='word_1_200' title='bbox 1714 2534 1914 2589; x_wconf 88' lang='lat' dir='ltr'>intole-</span> 
     </span>
    </p>
   </div>
   <div class='ocr_carea' id='block_1_27' title="bbox 209 2622 1913 2694">
    <p class='ocr_par' dir='ltr' id='par_1_27' title="bbox 209 2622 1913 2694">
     <span class='ocr_line' id='line_1_27' title="bbox 209 2622 1913 2694; baseline 0 -18"><span class='ocrx_word' id='word_1_201' title='bbox 209 2622 407 2678; x_wconf 85' lang='lat' dir='ltr'>randis</span> <span class='ocrx_word' id='word_1_202' title='bbox 437 2623 687 2678; x_wconf 78' lang='lat' dir='ltr'>afﬁceret</span> <span class='ocrx_word' id='word_1_203' title='bbox 713 2624 961 2694; x_wconf 86' lang='lat' dir='ltr'>injuriis,</span> <span class='ocrx_word' id='word_1_204' title='bbox 992 2623 1050 2677; x_wconf 93' lang='lat' dir='ltr'>in</span> <span class='ocrx_word' id='word_1_205' title='bbox 1077 2627 1298 2677; x_wconf 88' lang='lat' dir='ltr'>tantum</span> <span class='ocrx_word' id='word_1_206' title='bbox 1328 2627 1392 2676; x_wconf 89' lang='lat' dir='ltr'>ut</span> <span class='ocrx_word' id='word_1_207' title='bbox 1424 2622 1476 2677; x_wconf 92' lang='lat' dir='ltr'>ei</span> <span class='ocrx_word' id='word_1_208' title='bbox 1505 2623 1678 2678; x_wconf 90' lang='lat' dir='ltr'>etiam</span> <span class='ocrx_word' id='word_1_209' title='bbox 1709 2639 1913 2676; x_wconf 89' lang='lat' dir='ltr'>manus</span> 
     </span>
    </p>
   </div>
   <div class='ocr_carea' id='block_1_28' title="bbox 210 2711 1912 2781">
    <p class='ocr_par' dir='ltr' id='par_1_28' title="bbox 210 2711 1912 2781">
     <span class='ocr_line' id='line_1_28' title="bbox 210 2711 1912 2781; baseline 0 -16"><span class='ocrx_word' id='word_1_210' title='bbox 210 2728 331 2766; x_wconf 88' lang='lat' dir='ltr'>non</span> <span class='ocrx_word' id='word_1_211' title='bbox 374 2711 660 2766; x_wconf 89' lang='lat' dir='ltr'>dubitaret</span> <span class='ocrx_word' id='word_1_212' title='bbox 688 2711 925 2777; x_wconf 87' lang='lat' dir='ltr'>inferre;</span> <span class='ocrx_word' id='word_1_213' title='bbox 960 2712 1117 2766; x_wconf 92' lang='lat' dir='ltr'>nullo</span> <span class='ocrx_word' id='word_1_214' title='bbox 1157 2711 1385 2765; x_wconf 86' lang='lat' dir='ltr'>interim</span> <span class='ocrx_word' id='word_1_215' title='bbox 1427 2728 1457 2765; x_wconf 91' lang='lat' dir='ltr'>e</span> <span class='ocrx_word' id='word_1_216' title='bbox 1488 2711 1780 2781; x_wconf 87' lang='lat' dir='ltr'>fratribus,</span> <span class='ocrx_word' id='word_1_217' title='bbox 1813 2728 1912 2766; x_wconf 79' lang='lat' dir='ltr'>ne-</span> 
     </span>
    </p>
   </div>
   <div class='ocr_carea' id='block_1_29' title="bbox 208 2800 1914 2871">
    <p class='ocr_par' dir='ltr' id='par_1_29' title="bbox 208 2800 1914 2871">
     <span class='ocr_line' id='line_1_29' title="bbox 208 2800 1914 2871; baseline -0.001 -16"><span class='ocrx_word' id='word_1_218' title='bbox 208 2816 325 2870; x_wconf 78' lang='lat' dir='ltr'>que</span> <span class='ocrx_word' id='word_1_219' title='bbox 375 2800 729 2871; x_wconf 87' lang='lat' dir='ltr'>impietatem</span> <span class='ocrx_word' id='word_1_220' title='bbox 767 2800 924 2855; x_wconf 87' lang='lat' dir='ltr'>illam</span> <span class='ocrx_word' id='word_1_221' title='bbox 965 2804 1220 2866; x_wconf 88' lang='lat' dir='ltr'>curante,</span> <span class='ocrx_word' id='word_1_222' title='bbox 1264 2816 1452 2871; x_wconf 91' lang='lat' dir='ltr'>neque</span> <span class='ocrx_word' id='word_1_223' title='bbox 1499 2800 1669 2854; x_wconf 88' lang='lat' dir='ltr'>verbo</span> <span class='ocrx_word' id='word_1_224' title='bbox 1712 2800 1914 2854; x_wconf 88' lang='lat' dir='ltr'>saltem</span> 
     </span>
    </p>
   </div>
   <div class='ocr_carea' id='block_1_30' title="bbox 207 2888 1913 2958">
    <p class='ocr_par' dir='ltr' id='par_1_30' title="bbox 207 2888 1913 2958">
     <span class='ocr_line' id='line_1_30' title="bbox 207 2888 1913 2958; baseline -0.001 -14"><span class='ocrx_word' id='word_1_225' title='bbox 207 2888 403 2945; x_wconf 83' lang='lat' dir='ltr'>fratris</span> <span class='ocrx_word' id='word_1_226' title='bbox 438 2888 720 2943; x_wconf 87' lang='lat' dir='ltr'>insaniam</span> <span class='ocrx_word' id='word_1_227' title='bbox 763 2892 1080 2944; x_wconf 88' lang='lat' dir='ltr'>coercente.</span> <span class='ocrx_word' id='word_1_228' title='bbox 1124 2889 1278 2942; x_wconf 84' lang='lat' dir='ltr'>Hanc</span> <span class='ocrx_word' id='word_1_229' title='bbox 1314 2892 1430 2941; x_wconf 90' lang='lat' dir='ltr'>tam</span> <span class='ocrx_word' id='word_1_230' title='bbox 1470 2892 1722 2942; x_wconf 87' lang='lat' dir='ltr'>atrocem</span> <span class='ocrx_word' id='word_1_231' title='bbox 1760 2888 1913 2958; x_wconf 87' lang='lat' dir='ltr'>inju-</span> 
     </span>
    </p>
   </div>
   <div class='ocr_carea' id='block_1_31' title="bbox 210 2975 1913 3042">
    <p class='ocr_par' dir='ltr' id='par_1_31' title="bbox 210 2975 1913 3042">
     <span class='ocr_line' id='line_1_31' title="bbox 210 2975 1913 3042; baseline -0.001 -10"><span class='ocrx_word' id='word_1_232' title='bbox 210 2978 359 3032; x_wconf 86' lang='lat' dir='ltr'>riam</span> <span class='ocrx_word' id='word_1_233' title='bbox 390 2976 600 3032; x_wconf 87' lang='lat' dir='ltr'>mulier</span> <span class='ocrx_word' id='word_1_234' title='bbox 634 2977 829 3031; x_wconf 82' lang='lat' dir='ltr'>infelix</span> <span class='ocrx_word' id='word_1_235' title='bbox 871 2975 1233 3031; x_wconf 87' lang='lat' dir='ltr'>acerbissime</span> <span class='ocrx_word' id='word_1_236' title='bbox 1269 2976 1422 3042; x_wconf 89' lang='lat' dir='ltr'>tulit,</span> <span class='ocrx_word' id='word_1_237' title='bbox 1458 2976 1538 3030; x_wconf 88' lang='lat' dir='ltr'>ita</span> <span class='ocrx_word' id='word_1_238' title='bbox 1570 2981 1632 3030; x_wconf 92' lang='lat' dir='ltr'>ut</span> <span class='ocrx_word' id='word_1_239' title='bbox 1660 2976 1772 3031; x_wconf 92' lang='lat' dir='ltr'>illis</span> <span class='ocrx_word' id='word_1_240' title='bbox 1802 2977 1913 3031; x_wconf 88' lang='lat' dir='ltr'>ira-</span> 
     </span>
    </p>
   </div>
   <div class='ocr_carea' id='block_1_32' title="bbox 209 3064 1916 3137">
    <p class='ocr_par' dir='ltr' id='par_1_32' title="bbox 209 3064 1916 3137">
     <span class='ocr_line' id='line_1_32' title="bbox 209 3064 1916 3137; baseline 0.001 -20"><span class='ocrx_word' id='word_1_241' title='bbox 209 3064 441 3119; x_wconf 62' lang='lat' dir='ltr'>cundias</span> <span class='ocrx_word' id='word_1_242' title='bbox 491 3065 763 3134; x_wconf 89' lang='lat' dir='ltr'>motibus,</span> <span class='ocrx_word' id='word_1_243' title='bbox 803 3065 903 3137; x_wconf 90' lang='lat' dir='ltr'>qui</span> <span class='ocrx_word' id='word_1_244' title='bbox 953 3064 1112 3120; x_wconf 83' lang='lat' dir='ltr'>sexui</span> <span class='ocrx_word' id='word_1_245' title='bbox 1151 3064 1243 3118; x_wconf 84' lang='lat' dir='ltr'>isti</span> <span class='ocrx_word' id='word_1_246' title='bbox 1288 3080 1568 3135; x_wconf 82' lang='lat' dir='ltr'>perquam</span> <span class='ocrx_word' id='word_1_247' title='bbox 1606 3064 1916 3120; x_wconf 83' lang='lat' dir='ltr'>familiares</span> 
     </span>
    </p>
   </div>
   <div class='ocr_carea' id='block_1_33' title="bbox 210 3151 1913 3224">
    <p class='ocr_par' dir='ltr' id='par_1_33' title="bbox 210 3151 1913 3224">
     <span class='ocr_line' id='line_1_33' title="bbox 210 3151 1913 3224; baseline 0.001 -17"><span class='ocrx_word' id='word_1_248' title='bbox 210 3156 371 3220; x_wconf 87' lang='lat' dir='ltr'>sunt,</span> <span class='ocrx_word' id='word_1_249' title='bbox 401 3157 650 3209; x_wconf 71' lang='lat' dir='ltr'>aestuans</span> <span class='ocrx_word' id='word_1_250' title='bbox 680 3153 938 3208; x_wconf 89' lang='lat' dir='ltr'>dolorem</span> <span class='ocrx_word' id='word_1_251' title='bbox 966 3169 1133 3207; x_wconf 91' lang='lat' dir='ltr'>suum</span> <span class='ocrx_word' id='word_1_252' title='bbox 1161 3151 1354 3208; x_wconf 93' lang='lat' dir='ltr'>ulcisci</span> <span class='ocrx_word' id='word_1_253' title='bbox 1393 3152 1781 3224; x_wconf 86' lang='lat' dir='ltr'>primogenito</span> <span class='ocrx_word' id='word_1_254' title='bbox 1809 3171 1913 3209; x_wconf 89' lang='lat' dir='ltr'>suo</span> 
     </span>
    </p>
   </div>
   <div class='ocr_carea' id='block_1_34' title="bbox 210 3240 1918 3312">
    <p class='ocr_par' dir='ltr' id='par_1_34' title="bbox 210 3240 1918 3312">
     <span class='ocr_line' id='line_1_34' title="bbox 210 3240 1918 3312; baseline 0.001 -17"><span class='ocrx_word' id='word_1_255' title='bbox 210 3240 340 3295; x_wconf 89' lang='lat' dir='ltr'>dira</span> <span class='ocrx_word' id='word_1_256' title='bbox 370 3241 737 3312; x_wconf 87' lang='lat' dir='ltr'>imprecando</span> <span class='ocrx_word' id='word_1_257' title='bbox 768 3241 1147 3297; x_wconf 87' lang='lat' dir='ltr'>constituerit.</span> <span class='ocrx_word' id='word_1_258' title='bbox 1171 3243 1311 3296; x_wconf 84' lang='lat' dir='ltr'>Cum</span> <span class='ocrx_word' id='word_1_259' title='bbox 1332 3246 1507 3297; x_wconf 90' lang='lat' dir='ltr'>autem</span> <span class='ocrx_word' id='word_1_260' title='bbox 1538 3241 1612 3296; x_wconf 90' lang='lat' dir='ltr'>ad</span> <span class='ocrx_word' id='word_1_261' title='bbox 1641 3244 1788 3297; x_wconf 83' lang='lat' dir='ltr'>sacri</span> <span class='ocrx_word' id='word_1_262' title='bbox 1814 3244 1918 3298; x_wconf 90' lang='lat' dir='ltr'>Ba-</span> 
     </span>
    </p>
   </div>
   <div class='ocr_carea' id='block_1_35' title="bbox 210 3330 1916 3403">
    <p class='ocr_par' dir='ltr' id='par_1_35' title="bbox 210 3330 1916 3403">
     <span class='ocr_line' id='line_1_35' title="bbox 210 3330 1916 3403; baseline 0 -19"><span class='ocrx_word' id='word_1_263' title='bbox 210 3332 491 3398; x_wconf 83' lang='lat' dir='ltr'>ptismatis</span> <span class='ocrx_word' id='word_1_264' title='bbox 523 3333 746 3398; x_wconf 83' lang='lat' dir='ltr'>fontem,</span> <span class='ocrx_word' id='word_1_265' title='bbox 773 3330 963 3403; x_wconf 87' lang='lat' dir='ltr'>inquit</span> <span class='ocrx_word' id='word_1_266' title='bbox 990 3330 1050 3384; x_wconf 92' lang='lat' dir='ltr'>in</span> <span class='ocrx_word' id='word_1_267' title='bbox 1070 3330 1262 3385; x_wconf 89' lang='lat' dir='ltr'>libello</span> <span class='ocrx_word' id='word_1_268' title='bbox 1289 3330 1599 3385; x_wconf 88' lang='lat' dir='ltr'>curationis</span> <span class='ocrx_word' id='word_1_269' title='bbox 1630 3347 1746 3385; x_wconf 64' lang='lat' dir='ltr'>sua:</span> <span class='ocrx_word' id='word_1_270' title='bbox 1776 3333 1916 3386; x_wconf 88' lang='lat' dir='ltr'>Pau-</span> 
     </span>
    </p>
   </div>
   <div class='ocr_carea' id='block_1_36' title="bbox 216 3419 1917 3489">
    <p class='ocr_par' dir='ltr' id='par_1_36' title="bbox 216 3419 1917 3489">
     <span class='ocr_line' id='line_1_36' title="bbox 216 3419 1917 3489; baseline 0.002 -18"><span class='ocrx_word' id='word_1_271' title='bbox 216 3419 326 3485; x_wconf 89' lang='lat' dir='ltr'>lus,</span> <span class='ocrx_word' id='word_1_272' title='bbox 348 3424 473 3488; x_wconf 86' lang='lat' dir='ltr'>post</span> <span class='ocrx_word' id='word_1_273' title='bbox 497 3421 766 3488; x_wconf 90' lang='lat' dir='ltr'>gallorum</span> <span class='ocrx_word' id='word_1_274' title='bbox 793 3424 981 3475; x_wconf 88' lang='lat' dir='ltr'>cantus</span> <span class='ocrx_word' id='word_1_275' title='bbox 1010 3425 1298 3474; x_wconf 87' lang='lat' dir='ltr'>memorato</span> <span class='ocrx_word' id='word_1_276' title='bbox 1344 3422 1456 3489; x_wconf 80' lang='lat' dir='ltr'>ﬁlio</span> <span class='ocrx_word' id='word_1_277' title='bbox 1498 3434 1593 3474; x_wconf 86' lang='lat' dir='ltr'>suo</span> <span class='ocrx_word' id='word_1_278' title='bbox 1642 3422 1782 3474; x_wconf 90' lang='lat' dir='ltr'>iram</span> <span class='ocrx_word' id='word_1_279' title='bbox 1819 3422 1917 3475; x_wconf 85' lang='lat' dir='ltr'>Dei</span> 
     </span>
    </p>
   </div>
   <div class='ocr_carea' id='block_1_37' title="bbox 214 3510 1917 3579">
    <p class='ocr_par' dir='ltr' id='par_1_37' title="bbox 214 3510 1917 3579">
     <span class='ocr_line' id='line_1_37' title="bbox 214 3510 1917 3579; baseline 0.001 -18"><span class='ocrx_word' id='word_1_280' title='bbox 214 3510 583 3577; x_wconf 87' lang='lat' dir='ltr'>imprecatura</span> <span class='ocrx_word' id='word_1_281' title='bbox 619 3514 968 3579; x_wconf 85' lang='lat' dir='ltr'>properaret;</span> <span class='ocrx_word' id='word_1_282' title='bbox 1003 3513 1129 3563; x_wconf 90' lang='lat' dir='ltr'>tunc</span> <span class='ocrx_word' id='word_1_283' title='bbox 1166 3510 1215 3562; x_wconf 89' lang='lat' dir='ltr'>ei</span> <span class='ocrx_word' id='word_1_284' title='bbox 1248 3511 1423 3563; x_wconf 85' lang='lat' dir='ltr'>nescio</span> <span class='ocrx_word' id='word_1_285' title='bbox 1465 3511 1588 3577; x_wconf 82' lang='lat' dir='ltr'>quis</span> <span class='ocrx_word' id='word_1_286' title='bbox 1633 3511 1689 3562; x_wconf 85' lang='lat' dir='ltr'>in</span> <span class='ocrx_word' id='word_1_287' title='bbox 1725 3511 1917 3578; x_wconf 82' lang='lat' dir='ltr'>patrui</span> 
     </span>
    </p>
   </div>
   <div class='ocr_carea' id='block_1_38' title="bbox 206 3597 1915 3669">
    <p class='ocr_par' dir='ltr' id='par_1_38' title="bbox 206 3597 1915 3669">
     <span class='ocr_line' id='line_1_38' title="bbox 206 3597 1915 3669; baseline 0.001 -21"><span class='ocrx_word' id='word_1_288' title='bbox 206 3598 390 3669; x_wconf 66' lang='grc' dir='ltr'>ριοείνί</span> <span class='ocrx_word' id='word_1_289' title='bbox 415 3597 799 3666; x_wconf 86' lang='lat' dir='ltr'>similitudine,</span> <span class='ocrx_word' id='word_1_290' title='bbox 824 3601 883 3650; x_wconf 89' lang='lat' dir='ltr'>ut</span> <span class='ocrx_word' id='word_1_291' title='bbox 906 3598 1252 3665; x_wconf 88' lang='lat' dir='ltr'>intelligitur,</span> <span class='ocrx_word' id='word_1_292' title='bbox 1282 3598 1485 3651; x_wconf 64' lang='lat' dir='ltr'>daemon</span> <span class='ocrx_word' id='word_1_293' title='bbox 1504 3599 1756 3662; x_wconf 87' lang='lat' dir='ltr'>occurrit,</span> <span class='ocrx_word' id='word_1_294' title='bbox 1780 3602 1828 3650; x_wconf 89' lang='lat' dir='ltr'>et</span> <span class='ocrx_word' id='word_1_295' title='bbox 1848 3598 1915 3650; x_wconf 91' lang='lat' dir='ltr'>ab</span> 
     </span>
    </p>
   </div>
   <div class='ocr_carea' id='block_1_39' title="bbox 208 3686 1917 3755">
    <p class='ocr_par' dir='ltr' id='par_1_39' title="bbox 208 3686 1917 3755">
     <span class='ocr_line' id='line_1_39' title="bbox 208 3686 1917 3755; baseline 0 -17"><span class='ocrx_word' id='word_1_296' title='bbox 208 3700 279 3738; x_wconf 88' lang='lat' dir='ltr'>ea</span> <span class='ocrx_word' id='word_1_297' title='bbox 302 3687 479 3754; x_wconf 84' lang='lat' dir='ltr'>prior,</span> <span class='ocrx_word' id='word_1_298' title='bbox 522 3701 626 3755; x_wconf 89' lang='lat' dir='ltr'>quo</span> <span class='ocrx_word' id='word_1_299' title='bbox 654 3689 920 3754; x_wconf 86' lang='lat' dir='ltr'>pergeret,</span> <span class='ocrx_word' id='word_1_300' title='bbox 952 3687 1255 3753; x_wconf 86' lang='lat' dir='ltr'>requisivit.</span> <span class='ocrx_word' id='word_1_301' title='bbox 1291 3687 1390 3742; x_wconf 88' lang='lat' dir='ltr'>Cui</span> <span class='ocrx_word' id='word_1_302' title='bbox 1425 3687 1543 3751; x_wconf 92' lang='lat' dir='ltr'>illa,</span> <span class='ocrx_word' id='word_1_303' title='bbox 1576 3686 1649 3739; x_wconf 89' lang='lat' dir='ltr'>ad</span> <span class='ocrx_word' id='word_1_304' title='bbox 1682 3686 1917 3739; x_wconf 83' lang='lat' dir='ltr'>maledi-</span> 
     </span>
    </p>
   </div>
   <div class='ocr_carea' id='block_1_40' title="bbox 209 3773 1919 3844">
    <p class='ocr_par' dir='ltr' id='par_1_40' title="bbox 209 3773 1919 3844">
     <span class='ocr_line' id='line_1_40' title="bbox 209 3773 1919 3844; baseline 0 -17"><span class='ocrx_word' id='word_1_305' title='bbox 209 3773 439 3828; x_wconf 82' lang='lat' dir='ltr'>cendum</span> <span class='ocrx_word' id='word_1_306' title='bbox 484 3777 594 3844; x_wconf 80' lang='lat' dir='ltr'>ﬁlio</span> <span class='ocrx_word' id='word_1_307' title='bbox 636 3789 731 3828; x_wconf 89' lang='lat' dir='ltr'>suo</span> <span class='ocrx_word' id='word_1_308' title='bbox 773 3775 836 3829; x_wconf 92' lang='lat' dir='ltr'>ob</span> <span class='ocrx_word' id='word_1_309' title='bbox 879 3774 1275 3829; x_wconf 82' lang='lat' dir='ltr'>intolerabilem</span> <span class='ocrx_word' id='word_1_310' title='bbox 1317 3776 1692 3828; x_wconf 83' lang='lat' dir='ltr'>contumeliam</span> <span class='ocrx_word' id='word_1_311' title='bbox 1743 3790 1797 3828; x_wconf 89' lang='lat' dir='ltr'>se</span> <span class='ocrx_word' id='word_1_312' title='bbox 1841 3777 1919 3827; x_wconf 87' lang='lat' dir='ltr'>ire</span> 
     </span>
    </p>
   </div>
   <div class='ocr_carea' id='block_1_41' title="bbox 208 3863 1919 3931">
    <p class='ocr_par' dir='ltr' id='par_1_41' title="bbox 208 3863 1919 3931">
     <span class='ocr_line' id='line_1_41' title="bbox 208 3863 1919 3931; baseline 0 -16"><span class='ocrx_word' id='word_1_313' title='bbox 208 3863 513 3931; x_wconf 81' lang='lat' dir='ltr'>respondit.</span> <span class='ocrx_word' id='word_1_314' title='bbox 553 3865 698 3917; x_wconf 87' lang='lat' dir='ltr'>Tunc</span> <span class='ocrx_word' id='word_1_315' title='bbox 725 3868 904 3915; x_wconf 89' lang='lat' dir='ltr'>autem</span> <span class='ocrx_word' id='word_1_316' title='bbox 932 3863 1023 3915; x_wconf 89' lang='lat' dir='ltr'>ille</span> <span class='ocrx_word' id='word_1_317' title='bbox 1056 3864 1327 3926; x_wconf 88' lang='lat' dir='ltr'>inimicus,</span> <span class='ocrx_word' id='word_1_318' title='bbox 1362 3864 1617 3931; x_wconf 83' lang='lat' dir='ltr'>quoniam</span> <span class='ocrx_word' id='word_1_319' title='bbox 1648 3865 1704 3916; x_wconf 90' lang='lat' dir='ltr'>in</span> <span class='ocrx_word' id='word_1_320' title='bbox 1732 3864 1919 3916; x_wconf 80' lang='lat' dir='ltr'>mulie-</span> 
     </span>
    </p>
   </div>
   <div class='ocr_carea' id='block_1_42' title="bbox 206 3950 1919 4019">
    <p class='ocr_par' dir='ltr' id='par_1_42' title="bbox 206 3950 1919 4019">
     <span class='ocr_line' id='line_1_42' title="bbox 206 3950 1919 4019; baseline 0 -15"><span class='ocrx_word' id='word_1_321' title='bbox 206 3952 293 4004; x_wconf 82' lang='lat' dir='ltr'>ris</span> <span class='ocrx_word' id='word_1_322' title='bbox 340 3951 495 4003; x_wconf 88' lang='lat' dir='ltr'>corde</span> <span class='ocrx_word' id='word_1_323' title='bbox 537 3952 839 4003; x_wconf 86' lang='lat' dir='ltr'>insanientc</span> <span class='ocrx_word' id='word_1_324' title='bbox 882 3951 1051 4004; x_wconf 92' lang='lat' dir='ltr'>locum</span> <span class='ocrx_word' id='word_1_325' title='bbox 1110 3952 1275 4017; x_wconf 85' lang='lat' dir='ltr'>facile</span> <span class='ocrx_word' id='word_1_326' title='bbox 1321 3953 1561 4003; x_wconf 86' lang='lat' dir='ltr'>invenire</span> <span class='ocrx_word' id='word_1_327' title='bbox 1606 3950 1809 4019; x_wconf 86' lang='lat' dir='ltr'>potuit,</span> <span class='ocrx_word' id='word_1_328' title='bbox 1858 3956 1919 4004; x_wconf 90' lang='lat' dir='ltr'>ut</span> 
     </span>
    </p>
   </div>
   <div class='ocr_carea' id='block_1_43' title="bbox 206 4037 1913 4106">
    <p class='ocr_par' dir='ltr' id='par_1_43' title="bbox 206 4037 1913 4106">
     <span class='ocr_line' id='line_1_43' title="bbox 206 4037 1913 4106; baseline 0.001 -14"><span class='ocrx_word' id='word_1_329' title='bbox 206 4037 459 4092; x_wconf 88' lang='lat' dir='ltr'>omnibus</span> <span class='ocrx_word' id='word_1_330' title='bbox 496 4038 858 4102; x_wconf 84' lang='lat' dir='ltr'>malediceret,</span> <span class='ocrx_word' id='word_1_331' title='bbox 885 4040 1176 4106; x_wconf 84' lang='lat' dir='ltr'>persuasit.</span> <span class='ocrx_word' id='word_1_332' title='bbox 1211 4039 1313 4092; x_wconf 83' lang='lat' dir='ltr'>Illa</span> <span class='ocrx_word' id='word_1_333' title='bbox 1359 4042 1536 4091; x_wconf 87' lang='lat' dir='ltr'>autem</span> <span class='ocrx_word' id='word_1_334' title='bbox 1565 4039 1794 4106; x_wconf 83' lang='lat' dir='ltr'>vipereis</span> <span class='ocrx_word' id='word_1_335' title='bbox 1824 4041 1913 4093; x_wconf 90' lang='lat' dir='ltr'>in-</span> 
     </span>
    </p>
   </div>
   <div class='ocr_carea' id='block_1_44' title="bbox 205 4127 1918 4195">
    <p class='ocr_par' dir='ltr' id='par_1_44' title="bbox 205 4127 1918 4195">
     <span class='ocr_line' id='line_1_44' title="bbox 205 4127 1918 4195; baseline 0.002 -17"><span class='ocrx_word' id='word_1_336' title='bbox 205 4129 493 4194; x_wconf 86' lang='lat' dir='ltr'>ﬂammata</span> <span class='ocrx_word' id='word_1_337' title='bbox 518 4127 777 4192; x_wconf 88' lang='lat' dir='ltr'>consiliis,</span> <span class='ocrx_word' id='word_1_338' title='bbox 797 4141 1011 4179; x_wconf 89' lang='lat' dir='ltr'>sacrum</span> <span class='ocrx_word' id='word_1_339' title='bbox 1036 4128 1239 4192; x_wconf 83' lang='lat' dir='ltr'>fontem</span> <span class='ocrx_word' id='word_1_340' title='bbox 1257 4127 1543 4195; x_wconf 86' lang='lat' dir='ltr'>provoluta</span> <span class='ocrx_word' id='word_1_341' title='bbox 1567 4128 1850 4195; x_wconf 87' lang='lat' dir='ltr'>corripuit,</span> <span class='ocrx_word' id='word_1_342' title='bbox 1867 4132 1918 4181; x_wconf 86' lang='lat' dir='ltr'>et</span> 
     </span>
    </p>
   </div>
   <div class='ocr_carea' id='block_1_45' title="bbox 203 4210 1916 4283">
    <p class='ocr_par' dir='ltr' id='par_1_45' title="bbox 203 4210 1916 4283">
     <span class='ocr_line' id='line_1_45' title="bbox 203 4210 1916 4283; baseline 0 -14"><span class='ocrx_word' id='word_1_343' title='bbox 203 4215 423 4282; x_wconf 80' lang='lat' dir='ltr'>sparsis</span> <span class='ocrx_word' id='word_1_344' title='bbox 454 4214 696 4269; x_wconf 87' lang='lat' dir='ltr'>crinibus</span> <span class='ocrx_word' id='word_1_345' title='bbox 725 4214 1055 4283; x_wconf 85' lang='lat' dir='ltr'>nudatisque</span> <span class='ocrx_word' id='word_1_346' title='bbox 1082 4210 1335 4268; x_wconf 86' lang='lat' dir='ltr'>uberibus</span> <span class='ocrx_word' id='word_1_347' title='bbox 1374 4215 1469 4268; x_wconf 87' lang='lat' dir='ltr'>hoc</span> <span class='ocrx_word' id='word_1_348' title='bbox 1499 4230 1533 4267; x_wconf 92' lang='lat' dir='ltr'>a</span> <span class='ocrx_word' id='word_1_349' title='bbox 1564 4217 1667 4269; x_wconf 89' lang='lat' dir='ltr'>Deo</span> <span class='ocrx_word' id='word_1_350' title='bbox 1690 4217 1916 4283; x_wconf 87' lang='lat' dir='ltr'>potissi-</span> 
     </span>
    </p>
   </div>
   <div class='ocr_carea' id='block_1_46' title="bbox 204 4304 1919 4374">
    <p class='ocr_par' dir='ltr' id='par_1_46' title="bbox 204 4304 1919 4374">
     <span class='ocr_line' id='line_1_46' title="bbox 204 4304 1919 4374; baseline 0 -16"><span class='ocrx_word' id='word_1_351' title='bbox 204 4319 358 4358; x_wconf 87' lang='lat' dir='ltr'>mum</span> <span class='ocrx_word' id='word_1_352' title='bbox 382 4304 703 4374; x_wconf 77' lang='lat' dir='ltr'>postulavit,</span> <span class='ocrx_word' id='word_1_353' title='bbox 730 4308 789 4356; x_wconf 88' lang='lat' dir='ltr'>ut</span> <span class='ocrx_word' id='word_1_354' title='bbox 814 4307 1054 4357; x_wconf 63' lang='lat' dir='ltr'>emtorres</span> <span class='ocrx_word' id='word_1_355' title='bbox 1078 4305 1271 4373; x_wconf 88' lang='lat' dir='ltr'>patria</span> <span class='ocrx_word' id='word_1_356' title='bbox 1298 4306 1348 4357; x_wconf 86' lang='lat' dir='ltr'>et</span> <span class='ocrx_word' id='word_1_357' title='bbox 1377 4305 1760 4357; x_wconf 86' lang='lat' dir='ltr'>circumeuntes</span> <span class='ocrx_word' id='word_1_358' title='bbox 1790 4305 1919 4358; x_wconf 90' lang='lat' dir='ltr'>alie-</span> 
     </span>
    </p>
   </div>
   <div class='ocr_carea' id='block_1_47' title="bbox 204 4392 1916 4460">
    <p class='ocr_par' dir='ltr' id='par_1_47' title="bbox 204 4392 1916 4460">
     <span class='ocr_line' id='line_1_47' title="bbox 204 4392 1916 4460; baseline 0 -14"><span class='ocrx_word' id='word_1_359' title='bbox 204 4406 311 4446; x_wconf 80' lang='lat' dir='ltr'>nas</span> <span class='ocrx_word' id='word_1_360' title='bbox 359 4395 551 4458; x_wconf 88' lang='lat' dir='ltr'>terras,</span> <span class='ocrx_word' id='word_1_361' title='bbox 598 4407 751 4445; x_wconf 87' lang='lat' dir='ltr'>omne</span> <span class='ocrx_word' id='word_1_362' title='bbox 817 4392 1092 4446; x_wconf 85' lang='lat' dir='ltr'>hominum</span> <span class='ocrx_word' id='word_1_363' title='bbox 1138 4406 1306 4460; x_wconf 89' lang='lat' dir='ltr'>genus</span> <span class='ocrx_word' id='word_1_364' title='bbox 1349 4396 1536 4446; x_wconf 87' lang='lat' dir='ltr'>nostro</span> <span class='ocrx_word' id='word_1_365' title='bbox 1602 4396 1916 4447; x_wconf 88' lang='lat' dir='ltr'>terreremus</span> 
     </span>
    </p>
   </div>
   <div class='ocr_carea' id='block_1_48' title="bbox 205 4479 1912 4552">
    <p class='ocr_par' dir='ltr' id='par_1_48' title="bbox 205 4479 1912 4552">
     <span class='ocr_line' id='line_1_48' title="bbox 205 4479 1912 4552; baseline -0.001 -17"><span class='ocrx_word' id='word_1_366' title='bbox 205 4481 451 4550; x_wconf 68' lang='lat' dir='ltr'>exemplo</span> <span class='ocrx_word' id='word_1_367' title='bbox 482 4482 670 4549; x_wconf 89' lang='lat' dir='ltr'>(Serm.</span> <span class='ocrx_word' id='word_1_368' title='bbox 707 4482 853 4547; x_wconf 83' lang='lat'>322).</span> <span class='ocrx_word' id='word_1_369' title='bbox 888 4481 1139 4547; x_wconf 91' lang='lat' dir='ltr'>Precem,</span> <span class='ocrx_word' id='word_1_370' title='bbox 1181 4495 1357 4551; x_wconf 89' lang='lat' dir='ltr'>quam</span> <span class='ocrx_word' id='word_1_371' title='bbox 1401 4480 1454 4534; x_wconf 92' lang='lat' dir='ltr'>ei</span> <span class='ocrx_word' id='word_1_372' title='bbox 1501 4479 1667 4534; x_wconf 93' lang='lat' dir='ltr'>dolor</span> <span class='ocrx_word' id='word_1_373' title='bbox 1710 4496 1912 4552; x_wconf 85' lang='lat' dir='ltr'>sugge-</span> 
     </span>
    </p>
   </div>
   <div class='ocr_carea' id='block_1_49' title="bbox 108 4568 1913 4640">
    <p class='ocr_par' dir='ltr' id='par_1_49' title="bbox 108 4568 1913 4640">
     <span class='ocr_line' id='line_1_49' title="bbox 108 4568 1913 4640; baseline 0.001 -17"><span class='ocrx_word' id='word_1_374' title='bbox 108 4604 115 4609; x_wconf 90' lang='lat'><strong><em>-</em></strong></span> <span class='ocrx_word' id='word_1_375' title='bbox 208 4569 392 4634; x_wconf 88' lang='lat' dir='ltr'>rebat,</span> <span class='ocrx_word' id='word_1_376' title='bbox 417 4569 630 4624; x_wconf 80' lang='lat' dir='ltr'>audivit</span> <span class='ocrx_word' id='word_1_377' title='bbox 652 4570 818 4636; x_wconf 88' lang='lat' dir='ltr'>Deus,</span> <span class='ocrx_word' id='word_1_378' title='bbox 851 4573 908 4623; x_wconf 91' lang='lat' dir='ltr'>et</span> <span class='ocrx_word' id='word_1_379' title='bbox 932 4568 1301 4640; x_wconf 87' lang='lat' dir='ltr'>quantumvis</span> <span class='ocrx_word' id='word_1_380' title='bbox 1324 4568 1598 4624; x_wconf 90' lang='lat' dir='ltr'>scelerata</span> <span class='ocrx_word' id='word_1_381' title='bbox 1624 4569 1722 4624; x_wconf 90' lang='lat' dir='ltr'>illa</span> <span class='ocrx_word' id='word_1_382' title='bbox 1744 4570 1913 4635; x_wconf 90' lang='lat' dir='ltr'>foret,</span> 
     </span>
    </p>
   </div>
   <div class='ocr_carea' id='block_1_50' title="bbox 206 4657 1917 4729">
    <p class='ocr_par' dir='ltr' id='par_1_50' title="bbox 206 4657 1917 4729">
     <span class='ocr_line' id='line_1_50' title="bbox 206 4657 1917 4729; baseline 0.001 -17"><span class='ocrx_word' id='word_1_383' title='bbox 206 4674 273 4713; x_wconf 88' lang='lat' dir='ltr'>se</span> <span class='ocrx_word' id='word_1_384' title='bbox 302 4660 494 4712; x_wconf 87' lang='lat' dir='ltr'>tamen</span> <span class='ocrx_word' id='word_1_385' title='bbox 520 4674 586 4712; x_wconf 90' lang='lat' dir='ltr'>ea</span> <span class='ocrx_word' id='word_1_386' title='bbox 614 4674 813 4728; x_wconf 87' lang='lat' dir='ltr'>passus</span> <span class='ocrx_word' id='word_1_387' title='bbox 842 4664 929 4712; x_wconf 91' lang='lat' dir='ltr'>est</span> <span class='ocrx_word' id='word_1_388' title='bbox 957 4657 1183 4712; x_wconf 90' lang='lat' dir='ltr'>exorari</span> <span class='ocrx_word' id='word_1_389' title='bbox 1212 4673 1226 4711; x_wconf 88' lang='lat'><strong>:</strong></span> <span class='ocrx_word' id='word_1_390' title='bbox 1259 4657 1475 4729; x_wconf 90' lang='lat' dir='ltr'>quippe</span> <span class='ocrx_word' id='word_1_391' title='bbox 1502 4674 1633 4713; x_wconf 90' lang='lat' dir='ltr'>cum</span> <span class='ocrx_word' id='word_1_392' title='bbox 1663 4657 1711 4712; x_wconf 90' lang='lat' dir='ltr'>is</span> <span class='ocrx_word' id='word_1_393' title='bbox 1741 4658 1917 4713; x_wconf 89' lang='lat' dir='ltr'>unde-</span> 
     </span>
    </p>
   </div>
   <div class='ocr_carea' id='block_1_51' title="bbox 206 4744 1913 4817">
    <p class='ocr_par' dir='ltr' id='par_1_51' title="bbox 206 4744 1913 4817">
     <span class='ocr_line' id='line_1_51' title="bbox 206 4744 1913 4817; baseline -0.001 -16"><span class='ocrx_word' id='word_1_394' title='bbox 206 4761 456 4817; x_wconf 88' lang='lat' dir='ltr'>cumque</span> <span class='ocrx_word' id='word_1_395' title='bbox 493 4746 683 4817; x_wconf 86' lang='lat' dir='ltr'>justus</span> <span class='ocrx_word' id='word_1_396' title='bbox 712 4745 799 4811; x_wconf 89' lang='lat' dir='ltr'>sit,</span> <span class='ocrx_word' id='word_1_397' title='bbox 835 4745 1066 4799; x_wconf 91' lang='lat' dir='ltr'>nonnisi</span> <span class='ocrx_word' id='word_1_398' title='bbox 1103 4746 1325 4816; x_wconf 90' lang='lat' dir='ltr'>justum</span> <span class='ocrx_word' id='word_1_399' title='bbox 1366 4744 1545 4815; x_wconf 88' lang='lat' dir='ltr'>ipsius</span> <span class='ocrx_word' id='word_1_400' title='bbox 1566 4744 1783 4816; x_wconf 89' lang='lat' dir='ltr'>judicio</span> <span class='ocrx_word' id='word_1_401' title='bbox 1812 4745 1913 4800; x_wconf 86' lang='lat' dir='ltr'>ha-</span> 
     </span>
    </p>
   </div>
   <div class='ocr_carea' id='block_1_52' title="bbox 205 4826 1914 4905">
    <p class='ocr_par' dir='ltr' id='par_1_52' title="bbox 205 4826 1914 4905">
     <span class='ocr_line' id='line_1_52' title="bbox 205 4826 1914 4905; baseline -0.002 -14"><span class='ocrx_word' id='word_1_402' title='bbox 205 4826 334 4891; x_wconf 80' lang='lat' dir='ltr'>beri</span> <span class='ocrx_word' id='word_1_403' title='bbox 361 4839 546 4905; x_wconf 88' lang='lat' dir='ltr'>potest</span> <span class='ocrx_word' id='word_1_404' title='bbox 574 4834 637 4889; x_wconf 91' lang='lat' dir='ltr'>in</span> <span class='ocrx_word' id='word_1_405' title='bbox 679 4834 826 4889; x_wconf 86' lang='lat' dir='ltr'>ﬁlios</span> <span class='ocrx_word' id='word_1_406' title='bbox 851 4834 1124 4889; x_wconf 89' lang='lat' dir='ltr'>adversus</span> <span class='ocrx_word' id='word_1_407' title='bbox 1164 4837 1407 4889; x_wconf 88' lang='lat' dir='ltr'>matrem</span> <span class='ocrx_word' id='word_1_408' title='bbox 1443 4832 1756 4904; x_wconf 87' lang='lat' dir='ltr'>impietatis</span> <span class='ocrx_word' id='word_1_409' title='bbox 1786 4849 1914 4889; x_wconf 86' lang='lat' dir='ltr'>reos</span> 
     </span>
    </p>
   </div>
   <div class='ocr_carea' id='block_1_53' title="bbox 206 4921 1913 4994">
    <p class='ocr_par' dir='ltr' id='par_1_53' title="bbox 206 4921 1913 4994">
     <span class='ocr_line' id='line_1_53' title="bbox 206 4921 1913 4994; baseline -0.001 -15"><span class='ocrx_word' id='word_1_410' title='bbox 206 4923 684 4980; x_wconf 81' lang='lat' dir='ltr'>animadvertere.</span> <span class='ocrx_word' id='word_1_411' title='bbox 731 4924 909 4994; x_wconf 79' lang='lat' dir='ltr'>Major</span> <span class='ocrx_word' id='word_1_412' title='bbox 964 4928 1106 4979; x_wconf 92' lang='lat' dir='ltr'>natu</span> <span class='ocrx_word' id='word_1_413' title='bbox 1148 4939 1179 4978; x_wconf 90' lang='lat' dir='ltr'>e</span> <span class='ocrx_word' id='word_1_414' title='bbox 1225 4921 1463 4993; x_wconf 86' lang='lat' dir='ltr'>vestigio</span> <span class='ocrx_word' id='word_1_415' title='bbox 1512 4922 1621 4977; x_wconf 83' lang='lat' dir='ltr'>fuit</span> <span class='ocrx_word' id='word_1_416' title='bbox 1666 4926 1913 4978; x_wconf 89' lang='lat' dir='ltr'>tremore</span> 
     </span>
    </p>
   </div>
   <div class='ocr_carea' id='block_1_54' title="bbox 205 5010 1913 5085">
    <p class='ocr_par' dir='ltr' id='par_1_54' title="bbox 205 5010 1913 5085">
     <span class='ocr_line' id='line_1_54' title="bbox 205 5010 1913 5085; baseline -0.002 -17"><span class='ocrx_word' id='word_1_417' title='bbox 205 5010 474 5068; x_wconf 87' lang='lat' dir='ltr'>horribili</span> <span class='ocrx_word' id='word_1_418' title='bbox 502 5014 814 5082; x_wconf 87' lang='lat' dir='ltr'>correptus,</span> <span class='ocrx_word' id='word_1_419' title='bbox 844 5028 958 5084; x_wconf 88' lang='lat' dir='ltr'>quo</span> <span class='ocrx_word' id='word_1_420' title='bbox 994 5012 1103 5085; x_wconf 87' lang='lat' dir='ltr'>ipsi</span> <span class='ocrx_word' id='word_1_421' title='bbox 1124 5012 1298 5067; x_wconf 75' lang='lat' dir='ltr'>etiam</span> <span class='ocrx_word' id='word_1_422' title='bbox 1327 5012 1479 5066; x_wconf 88' lang='lat' dir='ltr'>inter</span> <span class='ocrx_word' id='word_1_423' title='bbox 1509 5011 1913 5067; x_wconf 89' lang='lat' dir='ltr'>dormiendum</span> 
     </span>
    </p>
   </div>
   <div class='ocr_carea' id='block_1_55' title="bbox 206 5099 1908 5172">
    <p class='ocr_par' dir='ltr' id='par_1_55' title="bbox 206 5099 1908 5172">
     <span class='ocr_line' id='line_1_55' title="bbox 206 5099 1908 5172; baseline -0.002 -15"><span class='ocrx_word' id='word_1_424' title='bbox 206 5100 467 5157; x_wconf 87' lang='lat' dir='ltr'>membra</span> <span class='ocrx_word' id='word_1_425' title='bbox 498 5099 922 5172; x_wconf 86' lang='lat' dir='ltr'>quatiebantur.</span> <span class='ocrx_word' id='word_1_426' title='bbox 949 5102 1096 5157; x_wconf 91' lang='lat' dir='ltr'>Tum</span> <span class='ocrx_word' id='word_1_427' title='bbox 1124 5101 1264 5157; x_wconf 89' lang='lat' dir='ltr'>alios</span> <span class='ocrx_word' id='word_1_428' title='bbox 1294 5101 1496 5156; x_wconf 83' lang='lat' dir='ltr'>fratres</span> <span class='ocrx_word' id='word_1_429' title='bbox 1548 5116 1908 5172; x_wconf 89' lang='lat' dir='ltr'>sororesque,</span> 
     </span>
    </p>
   </div>
   <div class='ocr_carea' id='block_1_56' title="bbox 205 5176 1911 5260">
    <p class='ocr_par' dir='ltr' id='par_1_56' title="bbox 205 5176 1911 5260">
     <span class='ocr_line' id='line_1_56' title="bbox 205 5176 1911 5260; baseline -0.001 -15"><span class='ocrx_word' id='word_1_430' title='bbox 205 5189 522 5246; x_wconf 87' lang='lat' dir='ltr'>secundum</span> <span class='ocrx_word' id='word_1_431' title='bbox 551 5188 812 5243; x_wconf 88' lang='lat' dir='ltr'>ordinem</span> <span class='ocrx_word' id='word_1_432' title='bbox 831 5205 946 5260; x_wconf 93' lang='lat' dir='ltr'>quo</span> <span class='ocrx_word' id='word_1_433' title='bbox 968 5190 1088 5245; x_wconf 90' lang='lat' dir='ltr'>nati</span> <span class='ocrx_word' id='word_1_434' title='bbox 1115 5194 1300 5253; x_wconf 88' lang='lat' dir='ltr'>erant,</span> <span class='ocrx_word' id='word_1_435' title='bbox 1324 5190 1473 5245; x_wconf 88' lang='lat' dir='ltr'>intra</span> <span class='ocrx_word' id='word_1_436' title='bbox 1493 5176 1674 5244; x_wconf 86' lang='lat' dir='ltr'>unum</span> <span class='ocrx_word' id='word_1_437' title='bbox 1696 5206 1911 5244; x_wconf 90' lang='lat' dir='ltr'>annum</span> 
     </span>
    </p>
   </div>
   <div class='ocr_carea' id='block_1_57' title="bbox 203 5278 1908 5351">
    <p class='ocr_par' dir='ltr' id='par_1_57' title="bbox 203 5278 1908 5351">
     <span class='ocr_line' id='line_1_57' title="bbox 203 5278 1908 5351; baseline -0.001 -15"><span class='ocrx_word' id='word_1_438' title='bbox 203 5280 309 5336; x_wconf 84' lang='lat' dir='ltr'>illa</span> <span class='ocrx_word' id='word_1_439' title='bbox 354 5278 551 5334; x_wconf 88' lang='lat' dir='ltr'>eadem</span> <span class='ocrx_word' id='word_1_440' title='bbox 592 5293 789 5333; x_wconf 90' lang='lat' dir='ltr'>omnes</span> <span class='ocrx_word' id='word_1_441' title='bbox 818 5295 986 5349; x_wconf 72' lang='lat' dir='ltr'>pozna</span> <span class='ocrx_word' id='word_1_442' title='bbox 1022 5279 1301 5351; x_wconf 87' lang='lat' dir='ltr'>corripuit</span> <span class='ocrx_word' id='word_1_443' title='bbox 1343 5281 1435 5349; x_wconf 91' lang='lat' dir='ltr'>(De</span> <span class='ocrx_word' id='word_1_444' title='bbox 1480 5282 1628 5335; x_wconf 88' lang='lat' dir='ltr'>civit.</span> <span class='ocrx_word' id='word_1_445' title='bbox 1664 5282 1782 5347; x_wconf 89' lang='lat' dir='ltr'>Dei,</span> <span class='ocrx_word' id='word_1_446' title='bbox 1813 5279 1908 5335; x_wconf 88' lang='lat' dir='ltr'>lib.</span> 
     </span>
    </p>
   </div>
   <div class='ocr_carea' id='block_1_58' title="bbox 202 5367 1909 5441">
    <p class='ocr_par' dir='ltr' id='par_1_58' title="bbox 202 5367 1909 5441">
     <span class='ocr_line' id='line_1_58' title="bbox 202 5367 1909 5441; baseline 0 -17"><span class='ocrx_word' id='word_1_447' title='bbox 202 5372 298 5434; x_wconf 88' lang='lat'>22,</span> <span class='ocrx_word' id='word_1_448' title='bbox 324 5384 443 5437; x_wconf 90' lang='lat' dir='ltr'>cap.</span> <span class='ocrx_word' id='word_1_449' title='bbox 481 5371 534 5435; x_wconf 91' lang='lat'>8,</span> <span class='ocrx_word' id='word_1_450' title='bbox 573 5383 629 5422; x_wconf 89' lang='lat' dir='ltr'>n.</span> <span class='ocrx_word' id='word_1_451' title='bbox 661 5367 774 5438; x_wconf 89' lang='grc'>22.)</span> <span class='ocrx_word' id='word_1_452' title='bbox 817 5368 1014 5422; x_wconf 82' lang='lat' dir='ltr'>Misera</span> <span class='ocrx_word' id='word_1_453' title='bbox 1043 5384 1107 5423; x_wconf 89' lang='lat' dir='ltr'>ac</span> <span class='ocrx_word' id='word_1_454' title='bbox 1146 5368 1446 5424; x_wconf 88' lang='lat' dir='ltr'>maledicta</span> <span class='ocrx_word' id='word_1_455' title='bbox 1472 5384 1676 5440; x_wconf 84' lang='lat' dir='ltr'>parens</span> <span class='ocrx_word' id='word_1_456' title='bbox 1703 5385 1771 5422; x_wconf 93' lang='lat' dir='ltr'>eo</span> <span class='ocrx_word' id='word_1_457' title='bbox 1803 5385 1909 5441; x_wconf 89' lang='lat' dir='ltr'>pu-</span> 
     </span>
    </p>
   </div>
   <div class='ocr_carea' id='block_1_59' title="bbox 204 5456 1911 5530">
    <p class='ocr_par' dir='ltr' id='par_1_59' title="bbox 204 5456 1911 5530">
     <span class='ocr_line' id='line_1_59' title="bbox 204 5456 1911 5530; baseline -0.001 -17"><span class='ocrx_word' id='word_1_458' title='bbox 204 5457 333 5513; x_wconf 85' lang='lat' dir='ltr'>nita</span> <span class='ocrx_word' id='word_1_459' title='bbox 376 5457 646 5524; x_wconf 89' lang='lat' dir='ltr'>severius,</span> <span class='ocrx_word' id='word_1_460' title='bbox 677 5473 793 5528; x_wconf 90' lang='lat' dir='ltr'>quo</span> <span class='ocrx_word' id='word_1_461' title='bbox 842 5472 901 5512; x_wconf 88' lang='lat' dir='ltr'>se</span> <span class='ocrx_word' id='word_1_462' title='bbox 939 5456 1258 5528; x_wconf 89' lang='lat' dir='ltr'>promptius</span> <span class='ocrx_word' id='word_1_463' title='bbox 1301 5458 1640 5530; x_wconf 90' lang='lat' dir='ltr'>pleniusque</span> <span class='ocrx_word' id='word_1_464' title='bbox 1685 5457 1911 5512; x_wconf 86' lang='lat' dir='ltr'>videbat</span> 
     </span>
    </p>
   </div>
   <div class='ocr_carea' id='block_1_60' title="bbox 204 5544 1906 5619">
    <p class='ocr_par' dir='ltr' id='par_1_60' title="bbox 204 5544 1906 5619">
     <span class='ocr_line' id='line_1_60' title="bbox 204 5544 1906 5619; baseline 0.001 -19"><span class='ocrx_word' id='word_1_465' title='bbox 204 5544 556 5613; x_wconf 78' lang='lat' dir='ltr'>exauditam,</span> <span class='ocrx_word' id='word_1_466' title='bbox 582 5561 713 5601; x_wconf 91' lang='lat' dir='ltr'>cum</span> <span class='ocrx_word' id='word_1_467' title='bbox 744 5562 931 5617; x_wconf 91' lang='lat' dir='ltr'>neque</span> <span class='ocrx_word' id='word_1_468' title='bbox 977 5545 1289 5619; x_wconf 88' lang='lat' dir='ltr'>impietatis</span> <span class='ocrx_word' id='word_1_469' title='bbox 1330 5563 1447 5603; x_wconf 67' lang='lat' dir='ltr'>sum</span> <span class='ocrx_word' id='word_1_470' title='bbox 1477 5546 1906 5616; x_wconf 86' lang='lat' dir='ltr'>conscientiam,</span> 
     </span>
    </p>
   </div>
   <div class='ocr_carea' id='block_1_61' title="bbox 1656 287 2250 345">
    <p class='ocr_par' dir='ltr' id='par_1_61' title="bbox 1656 287 2250 345">
     <span class='ocr_line' id='line_1_61' title="bbox 1656 287 2250 345; baseline -0.003 -2"><span class='ocrx_word' id='word_1_471' title='bbox 1656 288 1868 345; x_wconf 80' lang='lat' dir='ltr'><strong>LIBER</strong></span> <span class='ocrx_word' id='word_1_472' title='bbox 1907 287 2250 345; x_wconf 84' lang='lat' dir='ltr'>OCTAVUS.</span> 
     </span>
    </p>
   </div>
   <div class='ocr_carea' id='block_1_62' title="bbox 3610 290 3717 342">
    <p class='ocr_par' dir='ltr' id='par_1_62' title="bbox 3610 290 3717 342">
     <span class='ocr_line' id='line_1_62' title="bbox 3610 290 3717 342; baseline 0 0"><span class='ocrx_word' id='word_1_473' title='bbox 3610 290 3717 342; x_wconf 82' lang='lat'>538</span> 
     </span>
    </p>
   </div>
   <div class='ocr_carea' id='block_1_63' title="bbox 2027 406 3718 481">
    <p class='ocr_par' dir='ltr' id='par_1_63' title="bbox 2027 406 3718 481">
     <span class='ocr_line' id='line_1_63' title="bbox 2027 406 3718 481; baseline -0.001 -18"><span class='ocrx_word' id='word_1_474' title='bbox 2027 424 2213 481; x_wconf 89' lang='lat' dir='ltr'>neque</span> <span class='ocrx_word' id='word_1_475' title='bbox 2242 407 2615 480; x_wconf 84' lang='lat' dir='ltr'>opprobrium</span> <span class='ocrx_word' id='word_1_476' title='bbox 2645 407 2947 463; x_wconf 88' lang='lat' dir='ltr'>hominum</span> <span class='ocrx_word' id='word_1_477' title='bbox 2976 407 3126 462; x_wconf 89' lang='lat' dir='ltr'>ferre</span> <span class='ocrx_word' id='word_1_478' title='bbox 3146 406 3370 462; x_wconf 81' lang='lat' dir='ltr'>diutius</span> <span class='ocrx_word' id='word_1_479' title='bbox 3399 410 3606 478; x_wconf 89' lang='lat' dir='ltr'>posset,</span> <span class='ocrx_word' id='word_1_480' title='bbox 3636 407 3718 462; x_wconf 89' lang='lat' dir='ltr'>la-</span> 
     </span>
    </p>
   </div>
   <div class='ocr_carea' id='block_1_64' title="bbox 2024 493 3717 569">
    <p class='ocr_par' dir='ltr' id='par_1_64' title="bbox 2024 493 3717 569">
     <span class='ocr_line' id='line_1_64' title="bbox 2024 493 3717 569; baseline -0.001 -17"><span class='ocrx_word' id='word_1_481' title='bbox 2024 514 2171 569; x_wconf 90' lang='lat' dir='ltr'>queo</span> <span class='ocrx_word' id='word_1_482' title='bbox 2205 502 2406 569; x_wconf 89' lang='lat' dir='ltr'>guttur</span> <span class='ocrx_word' id='word_1_483' title='bbox 2433 496 2775 567; x_wconf 88' lang='lat' dir='ltr'>astringens,</span> <span class='ocrx_word' id='word_1_484' title='bbox 2808 496 3125 550; x_wconf 84' lang='lat' dir='ltr'>luctuosam</span> <span class='ocrx_word' id='word_1_485' title='bbox 3152 494 3327 550; x_wconf 89' lang='lat' dir='ltr'>vitam</span> <span class='ocrx_word' id='word_1_486' title='bbox 3358 493 3604 549; x_wconf 88' lang='lat' dir='ltr'>termino</span> <span class='ocrx_word' id='word_1_487' title='bbox 3626 496 3717 550; x_wconf 86' lang='lat' dir='ltr'>fu-</span> 
     </span>
    </p>
   </div>
   <div class='ocr_carea' id='block_1_65' title="bbox 2023 583 3718 653">
    <p class='ocr_par' dir='ltr' id='par_1_65' title="bbox 2023 583 3718 653">
     <span class='ocr_line' id='line_1_65' title="bbox 2023 583 3718 653; baseline -0.001 -14"><span class='ocrx_word' id='word_1_488' title='bbox 2023 586 2273 640; x_wconf 88' lang='lat' dir='ltr'>nestiore</span> <span class='ocrx_word' id='word_1_489' title='bbox 2305 586 2581 640; x_wconf 84' lang='lat' dir='ltr'>conclusit</span> <span class='ocrx_word' id='word_1_490' title='bbox 2612 587 2785 641; x_wconf 86' lang='lat' dir='ltr'>Serm.</span> <span class='ocrx_word' id='word_1_491' title='bbox 2825 587 2973 653; x_wconf 86' lang='lat'>322).</span> <span class='ocrx_word' id='word_1_492' title='bbox 3009 585 3071 639; x_wconf 87' lang='lat' dir='ltr'>Et</span> <span class='ocrx_word' id='word_1_493' title='bbox 3101 583 3179 638; x_wconf 93' lang='lat' dir='ltr'>sic</span> <span class='ocrx_word' id='word_1_494' title='bbox 3207 599 3324 638; x_wconf 90' lang='lat' dir='ltr'>una</span> <span class='ocrx_word' id='word_1_495' title='bbox 3350 583 3567 638; x_wconf 87' lang='lat' dir='ltr'>familia</span> <span class='ocrx_word' id='word_1_496' title='bbox 3595 587 3718 638; x_wconf 90' lang='lat' dir='ltr'>tum</span> 
     </span>
    </p>
   </div>
   <div class='ocr_carea' id='block_1_66' title="bbox 2022 671 3723 745">
    <p class='ocr_par' dir='ltr' id='par_1_66' title="bbox 2022 671 3723 745">
     <span class='ocr_line' id='line_1_66' title="bbox 2022 671 3723 745; baseline -0.002 -17"><span class='ocrx_word' id='word_1_497' title='bbox 2022 674 2191 740; x_wconf 86' lang='lat' dir='ltr'>ﬁlios,</span> <span class='ocrx_word' id='word_1_498' title='bbox 2226 691 2400 745; x_wconf 89' lang='lat' dir='ltr'>quem</span> <span class='ocrx_word' id='word_1_499' title='bbox 2430 675 2707 728; x_wconf 82' lang='lat' dir='ltr'>honorem</span> <span class='ocrx_word' id='word_1_500' title='bbox 2737 673 3238 744; x_wconf 89' lang='lat' dir='ltr'>obedientiamque</span> <span class='ocrx_word' id='word_1_501' title='bbox 3269 671 3605 743; x_wconf 89' lang='lat' dir='ltr'>parentibus</span> <span class='ocrx_word' id='word_1_502' title='bbox 3629 672 3723 726; x_wconf 90' lang='lat' dir='ltr'>de-</span> 
     </span>
    </p>
   </div>
   <div class='ocr_carea' id='block_1_67' title="bbox 2018 758 3720 832">
    <p class='ocr_par' dir='ltr' id='par_1_67' title="bbox 2018 758 3720 832">
     <span class='ocr_line' id='line_1_67' title="bbox 2018 758 3720 832; baseline -0.001 -16"><span class='ocrx_word' id='word_1_503' title='bbox 2018 762 2241 828; x_wconf 85' lang='lat' dir='ltr'>berent,</span> <span class='ocrx_word' id='word_1_504' title='bbox 2280 762 2527 828; x_wconf 85' lang='lat' dir='ltr'>edocuit,</span> <span class='ocrx_word' id='word_1_505' title='bbox 2569 767 2692 816; x_wconf 90' lang='lat' dir='ltr'>tum</span> <span class='ocrx_word' id='word_1_506' title='bbox 2739 766 3024 832; x_wconf 89' lang='lat' dir='ltr'>parentes,</span> <span class='ocrx_word' id='word_1_507' title='bbox 3066 778 3135 815; x_wconf 92' lang='lat' dir='ltr'>ne</span> <span class='ocrx_word' id='word_1_508' title='bbox 3171 760 3258 815; x_wconf 90' lang='lat' dir='ltr'>sui</span> <span class='ocrx_word' id='word_1_509' title='bbox 3300 759 3547 814; x_wconf 91' lang='lat' dir='ltr'>nominis</span> <span class='ocrx_word' id='word_1_510' title='bbox 3576 758 3720 815; x_wconf 92' lang='lat' dir='ltr'>obli-</span> 
     </span>
    </p>
   </div>
   <div class='ocr_carea' id='block_1_68' title="bbox 2018 848 3722 921">
    <p class='ocr_par' dir='ltr' id='par_1_68' title="bbox 2018 848 3722 921">
     <span class='ocr_line' id='line_1_68' title="bbox 2018 848 3722 921; baseline -0.001 -18"><span class='ocrx_word' id='word_1_511' title='bbox 2018 851 2388 917; x_wconf 83' lang='lat' dir='ltr'>viscerentur,</span> <span class='ocrx_word' id='word_1_512' title='bbox 2440 866 2580 905; x_wconf 89' lang='lat' dir='ltr'>neve</span> <span class='ocrx_word' id='word_1_513' title='bbox 2628 850 2939 904; x_wconf 71' lang='lat' dir='ltr'>iracundias</span> <span class='ocrx_word' id='word_1_514' title='bbox 3002 849 3223 921; x_wconf 90' lang='lat' dir='ltr'>impetu</span> <span class='ocrx_word' id='word_1_515' title='bbox 3283 865 3404 904; x_wconf 87' lang='lat' dir='ltr'>sese</span> <span class='ocrx_word' id='word_1_516' title='bbox 3454 848 3722 903; x_wconf 88' lang='lat' dir='ltr'>adversus</span> 
     </span>
    </p>
   </div>
   <div class='ocr_carea' id='block_1_69' title="bbox 2020 937 3712 1010">
    <p class='ocr_par' dir='ltr' id='par_1_69' title="bbox 2020 937 3712 1010">
     <span class='ocr_line' id='line_1_69' title="bbox 2020 937 3712 1010; baseline -0.001 -17"><span class='ocrx_word' id='word_1_517' title='bbox 2020 940 2168 993; x_wconf 87' lang='lat' dir='ltr'>lilios</span> <span class='ocrx_word' id='word_1_518' title='bbox 2214 940 2398 1010; x_wconf 88' lang='lat' dir='ltr'>abripi</span> <span class='ocrx_word' id='word_1_519' title='bbox 2447 940 2717 1007; x_wconf 90' lang='lat' dir='ltr'>sinerent,</span> <span class='ocrx_word' id='word_1_520' title='bbox 2746 938 3064 994; x_wconf 90' lang='lat' dir='ltr'>admonuit.</span> <span class='ocrx_word' id='word_1_521' title='bbox 3118 937 3304 992; x_wconf 87' lang='lat' dir='ltr'>Liberi</span> <span class='ocrx_word' id='word_1_522' title='bbox 3347 940 3712 1009; x_wconf 84' lang='lat' dir='ltr'>conspectum</span> 
     </span>
    </p>
   </div>
   <div class='ocr_carea' id='block_1_70' title="bbox 2021 1024 3724 1098">
    <p class='ocr_par' dir='ltr' id='par_1_70' title="bbox 2021 1024 3724 1098">
     <span class='ocr_line' id='line_1_70' title="bbox 2021 1024 3724 1098; baseline -0.002 -16"><span class='ocrx_word' id='word_1_523' title='bbox 2021 1028 2227 1083; x_wconf 79' lang='lat' dir='ltr'>civium</span> <span class='ocrx_word' id='word_1_524' title='bbox 2243 1044 2473 1083; x_wconf 88' lang='lat' dir='ltr'>suorum</span> <span class='ocrx_word' id='word_1_525' title='bbox 2490 1028 2549 1082; x_wconf 90' lang='lat' dir='ltr'>in</span> <span class='ocrx_word' id='word_1_526' title='bbox 2568 1027 2817 1098; x_wconf 89' lang='lat' dir='ltr'>lugendo</span> <span class='ocrx_word' id='word_1_527' title='bbox 2838 1026 2936 1081; x_wconf 92' lang='lat' dir='ltr'>illo</span> <span class='ocrx_word' id='word_1_528' title='bbox 2956 1031 3106 1081; x_wconf 88' lang='lat' dir='ltr'>statu</span> <span class='ocrx_word' id='word_1_529' title='bbox 3119 1042 3234 1080; x_wconf 91' lang='lat' dir='ltr'>non</span> <span class='ocrx_word' id='word_1_530' title='bbox 3254 1025 3519 1094; x_wconf 88' lang='lat' dir='ltr'>ferentes,</span> <span class='ocrx_word' id='word_1_531' title='bbox 3536 1024 3724 1095; x_wconf 85' lang='lat' dir='ltr'>patria</span> 
     </span>
    </p>
   </div>
   <div class='ocr_carea' id='block_1_71' title="bbox 2022 1114 3722 1188">
    <p class='ocr_par' dir='ltr' id='par_1_71' title="bbox 2022 1114 3722 1188">
     <span class='ocr_line' id='line_1_71' title="bbox 2022 1114 3722 1188; baseline -0.002 -15"><span class='ocrx_word' id='word_1_532' title='bbox 2022 1124 2401 1188; x_wconf 82' lang='lat' dir='ltr'>excesserunt,</span> <span class='ocrx_word' id='word_1_533' title='bbox 2423 1123 2478 1173; x_wconf 89' lang='lat' dir='ltr'>et</span> <span class='ocrx_word' id='word_1_534' title='bbox 2497 1118 2642 1172; x_wconf 89' lang='lat' dir='ltr'>alius</span> <span class='ocrx_word' id='word_1_535' title='bbox 2662 1117 2795 1182; x_wconf 84' lang='lat' dir='ltr'>alio,</span> <span class='ocrx_word' id='word_1_536' title='bbox 2821 1120 2993 1187; x_wconf 87' lang='lat' dir='ltr'>prout</span> <span class='ocrx_word' id='word_1_537' title='bbox 3006 1117 3213 1188; x_wconf 90' lang='lat' dir='ltr'>cuique</span> <span class='ocrx_word' id='word_1_538' title='bbox 3234 1116 3468 1187; x_wconf 90' lang='lat' dir='ltr'>placuit,</span> <span class='ocrx_word' id='word_1_539' title='bbox 3485 1114 3722 1186; x_wconf 86' lang='lat' dir='ltr'>profecti</span> 
     </span>
    </p>
   </div>
   <div class='ocr_carea' id='block_1_72' title="bbox 2022 1204 3723 1279">
    <p class='ocr_par' dir='ltr' id='par_1_72' title="bbox 2022 1204 3723 1279">
     <span class='ocr_line' id='line_1_72' title="bbox 2022 1204 3723 1279; baseline -0.002 -17"><span class='ocrx_word' id='word_1_540' title='bbox 2022 1212 2182 1276; x_wconf 85' lang='lat' dir='ltr'>sunt;</span> <span class='ocrx_word' id='word_1_541' title='bbox 2219 1211 2389 1279; x_wconf 89' lang='lat' dir='ltr'>atque</span> <span class='ocrx_word' id='word_1_542' title='bbox 2431 1206 2499 1262; x_wconf 90' lang='lat' dir='ltr'>ad</span> <span class='ocrx_word' id='word_1_543' title='bbox 2546 1222 2678 1261; x_wconf 91' lang='lat' dir='ltr'>eum</span> <span class='ocrx_word' id='word_1_544' title='bbox 2729 1206 2966 1261; x_wconf 80' lang='lat' dir='ltr'>modum</span> <span class='ocrx_word' id='word_1_545' title='bbox 3011 1210 3131 1260; x_wconf 91' lang='lat' dir='ltr'>toto</span> <span class='ocrx_word' id='word_1_546' title='bbox 3178 1221 3325 1276; x_wconf 91' lang='lat' dir='ltr'>pene</span> <span class='ocrx_word' id='word_1_547' title='bbox 3369 1204 3723 1275; x_wconf 87' lang='lat' dir='ltr'>vagabantur</span> 
     </span>
    </p>
   </div>
   <div class='ocr_carea' id='block_1_73' title="bbox 2021 1292 3724 1362">
    <p class='ocr_par' dir='ltr' id='par_1_73' title="bbox 2021 1292 3724 1362">
     <span class='ocr_line' id='line_1_73' title="bbox 2021 1292 3724 1362; baseline -0.002 -13"><span class='ocrx_word' id='word_1_548' title='bbox 2021 1297 2156 1351; x_wconf 86' lang='lat' dir='ltr'>orbe</span> <span class='ocrx_word' id='word_1_549' title='bbox 2208 1298 2486 1362; x_wconf 77' lang='lat' dir='ltr'>Romano,</span> <span class='ocrx_word' id='word_1_550' title='bbox 2529 1294 2821 1349; x_wconf 88' lang='lat' dir='ltr'>miseriam</span> <span class='ocrx_word' id='word_1_551' title='bbox 2873 1310 3034 1348; x_wconf 89' lang='lat' dir='ltr'>suam</span> <span class='ocrx_word' id='word_1_552' title='bbox 3084 1294 3342 1349; x_wconf 91' lang='lat' dir='ltr'>omnium</span> <span class='ocrx_word' id='word_1_553' title='bbox 3394 1292 3724 1348; x_wconf 85' lang='lat' dir='ltr'>exhibentes</span> 
     </span>
    </p>
   </div>
   <div class='ocr_carea' id='block_1_74' title="bbox 2021 1383 3721 1453">
    <p class='ocr_par' dir='ltr' id='par_1_74' title="bbox 2021 1383 3721 1453">
     <span class='ocr_line' id='line_1_74' title="bbox 2021 1383 3721 1453; baseline -0.003 -14"><span class='ocrx_word' id='word_1_554' title='bbox 2021 1384 2200 1439; x_wconf 87' lang='lat' dir='ltr'>oculis</span> <span class='ocrx_word' id='word_1_555' title='bbox 2228 1384 2320 1453; x_wconf 86' lang='lat' dir='ltr'>(De</span> <span class='ocrx_word' id='word_1_556' title='bbox 2350 1386 2518 1439; x_wconf 85' lang='lat' dir='ltr'>Civit.</span> <span class='ocrx_word' id='word_1_557' title='bbox 2569 1386 2682 1450; x_wconf 60' lang='lat' dir='ltr'>Dei,</span> <span class='ocrx_word' id='word_1_558' title='bbox 2733 1383 2829 1437; x_wconf 87' lang='lat' dir='ltr'>lib.</span> <span class='ocrx_word' id='word_1_559' title='bbox 2860 1386 2949 1447; x_wconf 88' lang='lat'>22,</span> <span class='ocrx_word' id='word_1_560' title='bbox 2998 1399 3117 1452; x_wconf 91' lang='lat' dir='ltr'>cap.</span> <span class='ocrx_word' id='word_1_561' title='bbox 3152 1385 3205 1449; x_wconf 92' lang='lat'>8,</span> <span class='ocrx_word' id='word_1_562' title='bbox 3244 1399 3301 1438; x_wconf 82' lang='grc' dir='ltr'>η.</span> <span class='ocrx_word' id='word_1_563' title='bbox 3335 1384 3452 1452; x_wconf 89' lang='grc'>22),</span> <span class='ocrx_word' id='word_1_564' title='bbox 3500 1396 3721 1436; x_wconf 89' lang='lat' dir='ltr'>necnon</span> 
     </span>
    </p>
   </div>
   <div class='ocr_carea' id='block_1_75' title="bbox 2020 1472 3721 1544">
    <p class='ocr_par' dir='ltr' id='par_1_75' title="bbox 2020 1472 3721 1544">
     <span class='ocr_line' id='line_1_75' title="bbox 2020 1472 3721 1544; baseline -0.001 -18"><span class='ocrx_word' id='word_1_565' title='bbox 2020 1474 2298 1543; x_wconf 90' lang='lat' dir='ltr'>superbos</span> <span class='ocrx_word' id='word_1_566' title='bbox 2363 1474 2625 1544; x_wconf 87' lang='lat' dir='ltr'>exemplo</span> <span class='ocrx_word' id='word_1_567' title='bbox 2686 1472 2950 1544; x_wconf 91' lang='lat' dir='ltr'>supplicii</span> <span class='ocrx_word' id='word_1_568' title='bbox 2997 1472 3084 1527; x_wconf 90' lang='lat' dir='ltr'>sui</span> <span class='ocrx_word' id='word_1_569' title='bbox 3138 1472 3486 1527; x_wconf 90' lang='lat' dir='ltr'>deterrentes</span> <span class='ocrx_word' id='word_1_570' title='bbox 3532 1472 3721 1541; x_wconf 88' lang='lat' dir='ltr'>(Serm.</span> 
     </span>
    </p>
   </div>
   <div class='ocr_carea' id='block_1_76' title="bbox 2021 1558 3723 1631">
    <p class='ocr_par' dir='ltr' id='par_1_76' title="bbox 2021 1558 3723 1631">
     <span class='ocr_line' id='line_1_76' title="bbox 2021 1558 3723 1631; baseline -0.004 -13"><span class='ocrx_word' id='word_1_571' title='bbox 2021 1566 2143 1631; x_wconf 88' lang='lat'>323,</span> <span class='ocrx_word' id='word_1_572' title='bbox 2190 1578 2244 1617; x_wconf 83' lang='grc' dir='ltr'>η.</span> <span class='ocrx_word' id='word_1_573' title='bbox 2304 1565 2372 1631; x_wconf 88' lang='lat' dir='ltr'>l).</span> <span class='ocrx_word' id='word_1_574' title='bbox 2413 1562 2704 1617; x_wconf 83' lang='lat' dir='ltr'>Secundus</span> <span class='ocrx_word' id='word_1_575' title='bbox 2740 1562 2982 1616; x_wconf 88' lang='lat' dir='ltr'>fratrum</span> <span class='ocrx_word' id='word_1_576' title='bbox 3028 1563 3312 1616; x_wconf 74' lang='lat' dir='ltr'>Ravennae</span> <span class='ocrx_word' id='word_1_577' title='bbox 3351 1558 3723 1631; x_wconf 87' lang='lat' dir='ltr'>reliquiarum</span> 
     </span>
    </p>
   </div>
   <div class='ocr_carea' id='block_1_77' title="bbox 2022 1648 3724 1722">
    <p class='ocr_par' dir='ltr' id='par_1_77' title="bbox 2022 1648 3724 1722">
     <span class='ocr_line' id='line_1_77' title="bbox 2022 1648 3724 1722; baseline -0.003 -16"><span class='ocrx_word' id='word_1_578' title='bbox 2022 1651 2202 1707; x_wconf 90' lang='lat' dir='ltr'>sancti</span> <span class='ocrx_word' id='word_1_579' title='bbox 2225 1651 2532 1719; x_wconf 87' lang='lat' dir='ltr'>Laurentii,</span> <span class='ocrx_word' id='word_1_580' title='bbox 2554 1668 2684 1722; x_wconf 71' lang='lat' dir='ltr'>qua:</span> <span class='ocrx_word' id='word_1_581' title='bbox 2709 1650 2823 1706; x_wconf 89' lang='lat' dir='ltr'>illic</span> <span class='ocrx_word' id='word_1_582' title='bbox 2845 1666 3039 1705; x_wconf 89' lang='lat' dir='ltr'>recens</span> <span class='ocrx_word' id='word_1_583' title='bbox 3059 1650 3344 1703; x_wconf 64' lang='lat' dir='ltr'>collocata:</span> <span class='ocrx_word' id='word_1_584' title='bbox 3366 1648 3592 1702; x_wconf 85' lang='lat' dir='ltr'>fuerant</span> <span class='ocrx_word' id='word_1_585' title='bbox 3616 1662 3724 1718; x_wconf 90' lang='lat' dir='ltr'>ope</span> 
     </span>
    </p>
   </div>
   <div class='ocr_carea' id='block_1_78' title="bbox 2024 1735 3722 1810">
    <p class='ocr_par' dir='ltr' id='par_1_78' title="bbox 2024 1735 3722 1810">
     <span class='ocr_line' id='line_1_78' title="bbox 2024 1735 3722 1810; baseline -0.003 -17"><span class='ocrx_word' id='word_1_586' title='bbox 2024 1740 2325 1795; x_wconf 86' lang='lat' dir='ltr'>sanitatem</span> <span class='ocrx_word' id='word_1_587' title='bbox 2351 1740 2726 1810; x_wconf 87' lang='lat' dir='ltr'>recuperavit.</span> <span class='ocrx_word' id='word_1_588' title='bbox 2752 1740 2960 1794; x_wconf 89' lang='lat' dir='ltr'>Paulus</span> <span class='ocrx_word' id='word_1_589' title='bbox 2989 1754 3053 1792; x_wconf 88' lang='lat' dir='ltr'>ac</span> <span class='ocrx_word' id='word_1_590' title='bbox 3083 1737 3332 1792; x_wconf 90' lang='lat' dir='ltr'>Palladia</span> <span class='ocrx_word' id='word_1_591' title='bbox 3344 1738 3479 1791; x_wconf 76' lang='lat' dir='ltr'>.loca</span> <span class='ocrx_word' id='word_1_592' title='bbox 3505 1735 3722 1802; x_wconf 89' lang='lat' dir='ltr'>omnia,</span> 
     </span>
    </p>
   </div>
   <div class='ocr_carea' id='block_1_79' title="bbox 2023 1824 3720 1898">
    <p class='ocr_par' dir='ltr' id='par_1_79' title="bbox 2023 1824 3720 1898">
     <span class='ocr_line' id='line_1_79' title="bbox 2023 1824 3720 1898; baseline -0.002 -18"><span class='ocrx_word' id='word_1_593' title='bbox 2023 1827 2081 1881; x_wconf 91' lang='lat' dir='ltr'>in</span> <span class='ocrx_word' id='word_1_594' title='bbox 2110 1828 2318 1898; x_wconf 88' lang='lat' dir='ltr'>quibus</span> <span class='ocrx_word' id='word_1_595' title='bbox 2346 1828 2470 1883; x_wconf 82' lang='lat' dir='ltr'>fieri</span> <span class='ocrx_word' id='word_1_596' title='bbox 2500 1828 2775 1882; x_wconf 91' lang='lat' dir='ltr'>miracula</span> <span class='ocrx_word' id='word_1_597' title='bbox 2805 1827 3147 1892; x_wconf 86' lang='lat' dir='ltr'>dicerentur,</span> <span class='ocrx_word' id='word_1_598' title='bbox 3176 1840 3386 1895; x_wconf 91' lang='lat' dir='ltr'>magno</span> <span class='ocrx_word' id='word_1_599' title='bbox 3411 1824 3609 1878; x_wconf 88' lang='lat' dir='ltr'>salutis</span> <span class='ocrx_word' id='word_1_600' title='bbox 3630 1840 3720 1878; x_wconf 90' lang='lat' dir='ltr'>re-</span> 
     </span>
    </p>
   </div>
   <div class='ocr_carea' id='block_1_80' title="bbox 2024 1912 3720 1985">
    <p class='ocr_par' dir='ltr' id='par_1_80' title="bbox 2024 1912 3720 1985">
     <span class='ocr_line' id='line_1_80' title="bbox 2024 1912 3720 1985; baseline -0.001 -18"><span class='ocrx_word' id='word_1_601' title='bbox 2024 1915 2300 1984; x_wconf 68' lang='lat' dir='ltr'>cipiendae</span> <span class='ocrx_word' id='word_1_602' title='bbox 2330 1916 2611 1970; x_wconf 88' lang='lat' dir='ltr'>desiderio</span> <span class='ocrx_word' id='word_1_603' title='bbox 2632 1913 2889 1985; x_wconf 88' lang='lat' dir='ltr'>petituri,</span> <span class='ocrx_word' id='word_1_604' title='bbox 2913 1930 3034 1967; x_wconf 89' lang='lat' dir='ltr'>sese</span> <span class='ocrx_word' id='word_1_605' title='bbox 3062 1916 3168 1967; x_wconf 75' lang='lat' dir='ltr'>viae</span> <span class='ocrx_word' id='word_1_606' title='bbox 3194 1912 3576 1966; x_wconf 91' lang='lat' dir='ltr'>committunt.</span> <span class='ocrx_word' id='word_1_607' title='bbox 3598 1913 3720 1975; x_wconf 88' lang='lat' dir='ltr'>Quo</span> 
     </span>
    </p>
   </div>
   <div class='ocr_carea' id='block_1_81' title="bbox 2022 1999 3723 2072">
    <p class='ocr_par' dir='ltr' id='par_1_81' title="bbox 2022 1999 3723 2072">
     <span class='ocr_line' id='line_1_81' title="bbox 2022 1999 3723 2072; baseline -0.003 -15"><span class='ocrx_word' id='word_1_608' title='bbox 2022 2003 2255 2072; x_wconf 89' lang='lat' dir='ltr'>factum,</span> <span class='ocrx_word' id='word_1_609' title='bbox 2285 2008 2349 2057; x_wconf 92' lang='lat' dir='ltr'>ut</span> <span class='ocrx_word' id='word_1_610' title='bbox 2390 2002 2558 2057; x_wconf 88' lang='lat' dir='ltr'>variis</span> <span class='ocrx_word' id='word_1_611' title='bbox 2599 2002 2654 2057; x_wconf 91' lang='lat' dir='ltr'>in</span> <span class='ocrx_word' id='word_1_612' title='bbox 2708 2000 3036 2071; x_wconf 79' lang='lat' dir='ltr'>regionibus</span> <span class='ocrx_word' id='word_1_613' title='bbox 3075 1999 3304 2055; x_wconf 87' lang='lat' dir='ltr'>miseria</span> <span class='ocrx_word' id='word_1_614' title='bbox 3341 2016 3444 2054; x_wconf 89' lang='lat' dir='ltr'>sua</span> <span class='ocrx_word' id='word_1_615' title='bbox 3475 1999 3723 2053; x_wconf 87' lang='lat' dir='ltr'>celebres</span> 
     </span>
    </p>
   </div>
   <div class='ocr_carea' id='block_1_82' title="bbox 2029 2087 3722 2153">
    <p class='ocr_par' dir='ltr' id='par_1_82' title="bbox 2029 2087 3722 2153">
     <span class='ocr_line' id='line_1_82' title="bbox 2029 2087 3722 2153; baseline -0.003 -8"><span class='ocrx_word' id='word_1_616' title='bbox 2029 2092 2354 2146; x_wconf 82' lang='lat' dir='ltr'>evaderent.</span> <span class='ocrx_word' id='word_1_617' title='bbox 2375 2091 2594 2146; x_wconf 87' lang='lat' dir='ltr'>Petiere</span> <span class='ocrx_word' id='word_1_618' title='bbox 2621 2090 2770 2144; x_wconf 89' lang='lat' dir='ltr'>inter</span> <span class='ocrx_word' id='word_1_619' title='bbox 2795 2089 2933 2144; x_wconf 90' lang='lat' dir='ltr'>alias</span> <span class='ocrx_word' id='word_1_620' title='bbox 2950 2089 3119 2143; x_wconf 89' lang='lat' dir='ltr'>urbes</span> <span class='ocrx_word' id='word_1_621' title='bbox 3148 2091 3438 2143; x_wconf 88' lang='lat' dir='ltr'>Anconem</span> <span class='ocrx_word' id='word_1_622' title='bbox 3458 2087 3518 2142; x_wconf 90' lang='lat' dir='ltr'>in</span> <span class='ocrx_word' id='word_1_623' title='bbox 3539 2087 3722 2153; x_wconf 86' lang='lat' dir='ltr'>Italia,</span> 
     </span>
    </p>
   </div>
   <div class='ocr_carea' id='block_1_83' title="bbox 2024 2176 3722 2250">
    <p class='ocr_par' dir='ltr' id='par_1_83' title="bbox 2024 2176 3722 2250">
     <span class='ocr_line' id='line_1_83' title="bbox 2024 2176 3722 2250; baseline -0.002 -17"><span class='ocrx_word' id='word_1_624' title='bbox 2024 2184 2195 2250; x_wconf 84' lang='lat' dir='ltr'>atque</span> <span class='ocrx_word' id='word_1_625' title='bbox 2230 2180 2443 2234; x_wconf 69' lang='lat' dir='ltr'>lealim</span> <span class='ocrx_word' id='word_1_626' title='bbox 2472 2180 2534 2233; x_wconf 90' lang='lat' dir='ltr'>in</span> <span class='ocrx_word' id='word_1_627' title='bbox 2570 2178 2778 2243; x_wconf 85' lang='lat' dir='ltr'>Africa,</span> <span class='ocrx_word' id='word_1_628' title='bbox 2811 2183 3115 2248; x_wconf 90' lang='lat' dir='ltr'>utramque</span> <span class='ocrx_word' id='word_1_629' title='bbox 3153 2181 3385 2247; x_wconf 88' lang='lat' dir='ltr'>propter</span> <span class='ocrx_word' id='word_1_630' title='bbox 3412 2176 3565 2231; x_wconf 88' lang='lat' dir='ltr'>beati</span> <span class='ocrx_word' id='word_1_631' title='bbox 3597 2176 3722 2232; x_wconf 90' lang='lat' dir='ltr'>Ste-</span> 
     </span>
    </p>
   </div>
   <div class='ocr_carea' id='block_1_84' title="bbox 2022 2265 3723 2342">
    <p class='ocr_par' dir='ltr' id='par_1_84' title="bbox 2022 2265 3723 2342">
     <span class='ocr_line' id='line_1_84' title="bbox 2022 2265 3723 2342; baseline -0.003 -18"><span class='ocrx_word' id='word_1_632' title='bbox 2022 2268 2197 2342; x_wconf 88' lang='lat' dir='ltr'>phani</span> <span class='ocrx_word' id='word_1_633' title='bbox 2227 2268 2500 2323; x_wconf 90' lang='lat' dir='ltr'>miracula</span> <span class='ocrx_word' id='word_1_634' title='bbox 2530 2267 2833 2338; x_wconf 90' lang='lat' dir='ltr'>insignem.</span> <span class='ocrx_word' id='word_1_635' title='bbox 2869 2268 3272 2320; x_wconf 89' lang='lat' dir='ltr'>Verumtamen</span> <span class='ocrx_word' id='word_1_636' title='bbox 3310 2265 3370 2319; x_wconf 93' lang='lat' dir='ltr'>in</span> <span class='ocrx_word' id='word_1_637' title='bbox 3399 2271 3601 2320; x_wconf 90' lang='lat' dir='ltr'>neutra</span> <span class='ocrx_word' id='word_1_638' title='bbox 3633 2281 3723 2319; x_wconf 89' lang='lat' dir='ltr'>re-</span> 
     </span>
    </p>
   </div>
   <div class='ocr_carea' id='block_1_85' title="bbox 2030 2355 3722 2429">
    <p class='ocr_par' dir='ltr' id='par_1_85' title="bbox 2030 2355 3722 2429">
     <span class='ocr_line' id='line_1_85' title="bbox 2030 2355 3722 2429; baseline -0.003 -16"><span class='ocrx_word' id='word_1_639' title='bbox 2030 2358 2188 2413; x_wconf 83' lang='lat' dir='ltr'>stitui</span> <span class='ocrx_word' id='word_1_640' title='bbox 2216 2358 2275 2411; x_wconf 91' lang='lat' dir='ltr'>in</span> <span class='ocrx_word' id='word_1_641' title='bbox 2304 2356 2610 2429; x_wconf 90' lang='lat' dir='ltr'>pristinum</span> <span class='ocrx_word' id='word_1_642' title='bbox 2649 2360 2859 2410; x_wconf 89' lang='lat' dir='ltr'>statum</span> <span class='ocrx_word' id='word_1_643' title='bbox 2888 2358 3156 2426; x_wconf 86' lang='lat' dir='ltr'>potuere;</span> <span class='ocrx_word' id='word_1_644' title='bbox 3189 2358 3287 2409; x_wconf 91' lang='lat' dir='ltr'>aut</span> <span class='ocrx_word' id='word_1_645' title='bbox 3334 2355 3526 2424; x_wconf 89' lang='lat' dir='ltr'>potius</span> <span class='ocrx_word' id='word_1_646' title='bbox 3556 2355 3722 2419; x_wconf 89' lang='lat' dir='ltr'>Deus,</span> 
     </span>
    </p>
   </div>
   <div class='ocr_carea' id='block_1_86' title="bbox 2023 2441 3729 2519">
    <p class='ocr_par' dir='ltr' id='par_1_86' title="bbox 2023 2441 3729 2519">
     <span class='ocr_line' id='line_1_86' title="bbox 2023 2441 3729 2519; baseline -0.002 -19"><span class='ocrx_word' id='word_1_647' title='bbox 2023 2448 2123 2519; x_wconf 89' lang='lat' dir='ltr'>qui</span> <span class='ocrx_word' id='word_1_648' title='bbox 2153 2447 2313 2501; x_wconf 91' lang='lat' dir='ltr'>nullo</span> <span class='ocrx_word' id='word_1_649' title='bbox 2337 2446 2567 2516; x_wconf 89' lang='lat' dir='ltr'>negotio</span> <span class='ocrx_word' id='word_1_650' title='bbox 2592 2445 2648 2500; x_wconf 91' lang='lat' dir='ltr'>id</span> <span class='ocrx_word' id='word_1_651' title='bbox 2672 2449 2892 2516; x_wconf 88' lang='lat' dir='ltr'>poterat</span> <span class='ocrx_word' id='word_1_652' title='bbox 2909 2448 3203 2515; x_wconf 59' lang='lat' dir='ltr'>praestare,</span> <span class='ocrx_word' id='word_1_653' title='bbox 3224 2443 3429 2510; x_wconf 87' lang='lat' dir='ltr'>noluit,</span> <span class='ocrx_word' id='word_1_654' title='bbox 3456 2441 3729 2514; x_wconf 83' lang='lat' dir='ltr'>Hipponi-</span> 
     </span>
    </p>
   </div>
   <div class='ocr_carea' id='block_1_87' title="bbox 2023 2532 3721 2606">
    <p class='ocr_par' dir='ltr' id='par_1_87' title="bbox 2023 2532 3721 2606">
     <span class='ocr_line' id='line_1_87' title="bbox 2023 2532 3721 2606; baseline -0.004 -15"><span class='ocrx_word' id='word_1_655' title='bbox 2023 2536 2203 2606; x_wconf 81' lang='lat' dir='ltr'>ltegio</span> <span class='ocrx_word' id='word_1_656' title='bbox 2252 2535 2617 2605; x_wconf 90' lang='lat' dir='ltr'>spectandam</span> <span class='ocrx_word' id='word_1_657' title='bbox 2666 2533 2964 2604; x_wconf 88' lang='lat' dir='ltr'>utriusque</span> <span class='ocrx_word' id='word_1_658' title='bbox 3007 2532 3358 2586; x_wconf 90' lang='lat' dir='ltr'>curationem</span> <span class='ocrx_word' id='word_1_659' title='bbox 3406 2548 3721 2586; x_wconf 89' lang='lat' dir='ltr'>reservans.</span> 
     </span>
    </p>
   </div>
   <div class='ocr_carea' id='block_1_88' title="bbox 2024 2620 3728 2693">
    <p class='ocr_par' dir='ltr' id='par_1_88' title="bbox 2024 2620 3728 2693">
     <span class='ocr_line' id='line_1_88' title="bbox 2024 2620 3728 2693; baseline -0.002 -15"><span class='ocrx_word' id='word_1_660' title='bbox 2024 2626 2208 2690; x_wconf 82' lang='lat' dir='ltr'>Quare</span> <span class='ocrx_word' id='word_1_661' title='bbox 2238 2624 2378 2679; x_wconf 91' lang='lat' dir='ltr'>illud</span> <span class='ocrx_word' id='word_1_662' title='bbox 2405 2624 2484 2678; x_wconf 90' lang='lat' dir='ltr'>eis</span> <span class='ocrx_word' id='word_1_663' title='bbox 2515 2622 2855 2693; x_wconf 84' lang='lat' dir='ltr'>significavit</span> <span class='ocrx_word' id='word_1_664' title='bbox 2883 2622 3184 2676; x_wconf 81' lang='lat' dir='ltr'>manifesta</span> <span class='ocrx_word' id='word_1_665' title='bbox 3213 2621 3459 2692; x_wconf 89' lang='lat' dir='ltr'>quadam</span> <span class='ocrx_word' id='word_1_666' title='bbox 3486 2621 3609 2693; x_wconf 83' lang='lat' dir='ltr'>ipso</span> <span class='ocrx_word' id='word_1_667' title='bbox 3622 2620 3728 2675; x_wconf 77' lang='lat' dir='ltr'>ka-</span> 
     </span>
    </p>
   </div>
   <div class='ocr_carea' id='block_1_89' title="bbox 2025 2710 3727 2781">
    <p class='ocr_par' dir='ltr' id='par_1_89' title="bbox 2025 2710 3727 2781">
     <span class='ocr_line' id='line_1_89' title="bbox 2025 2710 3727 2781; baseline -0.002 -14"><span class='ocrx_word' id='word_1_668' title='bbox 2025 2712 2323 2768; x_wconf 84' lang='lat' dir='ltr'>lendarum</span> <span class='ocrx_word' id='word_1_669' title='bbox 2361 2711 2761 2781; x_wconf 88' lang='lat' dir='ltr'>januariarum</span> <span class='ocrx_word' id='word_1_670' title='bbox 2807 2710 2898 2764; x_wconf 89' lang='lat' dir='ltr'>die</span> <span class='ocrx_word' id='word_1_671' title='bbox 2938 2710 3173 2773; x_wconf 89' lang='lat' dir='ltr'>visione,</span> <span class='ocrx_word' id='word_1_672' title='bbox 3206 2726 3336 2781; x_wconf 77' lang='lat' dir='ltr'>quae</span> <span class='ocrx_word' id='word_1_673' title='bbox 3373 2710 3554 2765; x_wconf 91' lang='lat' dir='ltr'>tribus</span> <span class='ocrx_word' id='word_1_674' title='bbox 3596 2713 3727 2763; x_wconf 88' lang='lat' dir='ltr'>ante</span> 
     </span>
    </p>
   </div>
   <div class='ocr_carea' id='block_1_90' title="bbox 2024 2798 3731 2870">
    <p class='ocr_par' dir='ltr' id='par_1_90' title="bbox 2024 2798 3731 2870">
     <span class='ocr_line' id='line_1_90' title="bbox 2024 2798 3731 2870; baseline -0.004 -14"><span class='ocrx_word' id='word_1_675' title='bbox 2024 2801 2335 2867; x_wconf 90' lang='lat' dir='ltr'>mensibus,</span> <span class='ocrx_word' id='word_1_676' title='bbox 2381 2816 2555 2870; x_wconf 88' lang='lat' dir='ltr'>quam</span> <span class='ocrx_word' id='word_1_677' title='bbox 2603 2800 2709 2854; x_wconf 89' lang='lat' dir='ltr'>hoc</span> <span class='ocrx_word' id='word_1_678' title='bbox 2755 2799 2935 2864; x_wconf 84' lang='lat' dir='ltr'>ﬁeret,</span> <span class='ocrx_word' id='word_1_679' title='bbox 2986 2798 3205 2853; x_wconf 88' lang='lat' dir='ltr'>accidit.</span> <span class='ocrx_word' id='word_1_680' title='bbox 3265 2799 3364 2853; x_wconf 86' lang='lat' dir='ltr'>Ait</span> <span class='ocrx_word' id='word_1_681' title='bbox 3408 2800 3549 2853; x_wconf 90' lang='lat' dir='ltr'>enim</span> <span class='ocrx_word' id='word_1_682' title='bbox 3592 2799 3731 2851; x_wconf 83' lang='lat' dir='ltr'>mihi</span> 
     </span>
    </p>
   </div>
   <div class='ocr_carea' id='block_1_91' title="bbox 2024 2886 3726 2960">
    <p class='ocr_par' dir='ltr' id='par_1_91' title="bbox 2024 2886 3726 2960">
     <span class='ocr_line' id='line_1_91' title="bbox 2024 2886 3726 2960; baseline -0.002 -17"><span class='ocrx_word' id='word_1_683' title='bbox 2024 2890 2272 2960; x_wconf 85' lang='lat' dir='ltr'>quidam,</span> <span class='ocrx_word' id='word_1_684' title='bbox 2294 2893 2358 2943; x_wconf 87' lang='lat' dir='ltr'>ut</span> <span class='ocrx_word' id='word_1_685' title='bbox 2374 2888 2759 2959; x_wconf 82' lang='lat' dir='ltr'>Augustinum</span> <span class='ocrx_word' id='word_1_686' title='bbox 2793 2888 3089 2958; x_wconf 90' lang='lat' dir='ltr'>alloquens</span> <span class='ocrx_word' id='word_1_687' title='bbox 3114 2887 3321 2941; x_wconf 84' lang='lat' dir='ltr'>Paulus</span> <span class='ocrx_word' id='word_1_688' title='bbox 3346 2886 3441 2940; x_wconf 89' lang='lat' dir='ltr'>ille</span> <span class='ocrx_word' id='word_1_689' title='bbox 3467 2890 3726 2952; x_wconf 87' lang='lat' dir='ltr'>testatur,</span> 
     </span>
    </p>
   </div>
   <div class='ocr_carea' id='block_1_92' title="bbox 2025 2973 3729 3049">
    <p class='ocr_par' dir='ltr' id='par_1_92' title="bbox 2025 2973 3729 3049">
     <span class='ocr_line' id='line_1_92' title="bbox 2025 2973 3729 3049; baseline -0.004 -16"><span class='ocrx_word' id='word_1_690' title='bbox 2025 2982 2243 3049; x_wconf 83' lang='lat' dir='ltr'>aspectu</span> <span class='ocrx_word' id='word_1_691' title='bbox 2266 2978 2467 3042; x_wconf 86' lang='lat' dir='ltr'>clarus,</span> <span class='ocrx_word' id='word_1_692' title='bbox 2499 2981 2548 3030; x_wconf 91' lang='lat' dir='ltr'>et</span> <span class='ocrx_word' id='word_1_693' title='bbox 2587 2975 2820 3031; x_wconf 86' lang='lat' dir='ltr'>candido</span> <span class='ocrx_word' id='word_1_694' title='bbox 2850 2977 2998 3028; x_wconf 89' lang='lat' dir='ltr'>crine</span> <span class='ocrx_word' id='word_1_695' title='bbox 3028 2974 3374 3041; x_wconf 83' lang='lat' dir='ltr'>venerabilis,</span> <span class='ocrx_word' id='word_1_696' title='bbox 3401 2973 3546 3042; x_wconf 89' lang='lat' dir='ltr'>quod</span> <span class='ocrx_word' id='word_1_697' title='bbox 3576 2976 3729 3028; x_wconf 89' lang='lat' dir='ltr'>intra</span> 
     </span>
    </p>
   </div>
   <div class='ocr_carea' id='block_1_93' title="bbox 2025 3061 3727 3129">
    <p class='ocr_par' dir='ltr' id='par_1_93' title="bbox 2025 3061 3727 3129">
     <span class='ocr_line' id='line_1_93' title="bbox 2025 3061 3727 3129; baseline -0.004 -8"><span class='ocrx_word' id='word_1_698' title='bbox 2025 3070 2243 3122; x_wconf 85' lang='lat' dir='ltr'>tertium</span> <span class='ocrx_word' id='word_1_699' title='bbox 2272 3081 2500 3120; x_wconf 89' lang='lat' dir='ltr'>mensem</span> <span class='ocrx_word' id='word_1_700' title='bbox 2520 3064 2831 3119; x_wconf 87' lang='lat' dir='ltr'>desiderata</span> <span class='ocrx_word' id='word_1_701' title='bbox 2855 3067 2988 3118; x_wconf 87' lang='lat' dir='ltr'>esset</span> <span class='ocrx_word' id='word_1_702' title='bbox 3018 3064 3152 3116; x_wconf 87' lang='lat' dir='ltr'>mihi</span> <span class='ocrx_word' id='word_1_703' title='bbox 3173 3064 3383 3117; x_wconf 84' lang='lat' dir='ltr'>sanitas</span> <span class='ocrx_word' id='word_1_704' title='bbox 3411 3061 3485 3116; x_wconf 90' lang='lat' dir='ltr'>ad</span> <span class='ocrx_word' id='word_1_705' title='bbox 3508 3063 3727 3129; x_wconf 83' lang='lat' dir='ltr'>futura.</span> 
     </span>
    </p>
   </div>
   <div class='ocr_carea' id='block_1_94' title="bbox 2024 3152 3724 3219">
    <p class='ocr_par' dir='ltr' id='par_1_94' title="bbox 2024 3152 3724 3219">
     <span class='ocr_line' id='line_1_94' title="bbox 2024 3152 3724 3219; baseline -0.004 -7"><span class='ocrx_word' id='word_1_706' title='bbox 2024 3158 2209 3212; x_wconf 85' lang='lat' dir='ltr'>Sorori</span> <span class='ocrx_word' id='word_1_707' title='bbox 2238 3159 2415 3209; x_wconf 90' lang='lat' dir='ltr'>autem</span> <span class='ocrx_word' id='word_1_708' title='bbox 2441 3170 2566 3208; x_wconf 78' lang='lat' dir='ltr'>mea:</span> <span class='ocrx_word' id='word_1_709' title='bbox 2596 3152 2659 3208; x_wconf 83' lang='lat' dir='ltr'>in</span> <span class='ocrx_word' id='word_1_710' title='bbox 2687 3154 2891 3207; x_wconf 87' lang='lat' dir='ltr'>visione</span> <span class='ocrx_word' id='word_1_711' title='bbox 2927 3152 3201 3208; x_wconf 85' lang='lat' dir='ltr'>Sanctitas</span> <span class='ocrx_word' id='word_1_712' title='bbox 3234 3154 3329 3205; x_wconf 90' lang='lat' dir='ltr'>tua</span> <span class='ocrx_word' id='word_1_713' title='bbox 3352 3152 3409 3204; x_wconf 88' lang='lat' dir='ltr'>in</span> <span class='ocrx_word' id='word_1_714' title='bbox 3437 3166 3499 3204; x_wconf 92' lang='lat' dir='ltr'>ea</span> <span class='ocrx_word' id='word_1_715' title='bbox 3523 3152 3724 3219; x_wconf 74' lang='lat' dir='ltr'>efﬁgie,</span> 
     </span>
    </p>
   </div>
   <div class='ocr_carea' id='block_1_95' title="bbox 2026 3238 3728 3314">
    <p class='ocr_par' dir='ltr' id='par_1_95' title="bbox 2026 3238 3728 3314">
     <span class='ocr_line' id='line_1_95' title="bbox 2026 3238 3728 3314; baseline -0.004 -15"><span class='ocrx_word' id='word_1_716' title='bbox 2026 3247 2084 3299; x_wconf 91' lang='lat' dir='ltr'>in</span> <span class='ocrx_word' id='word_1_717' title='bbox 2111 3260 2221 3314; x_wconf 88' lang='lat' dir='ltr'>qua</span> <span class='ocrx_word' id='word_1_718' title='bbox 2250 3249 2298 3297; x_wconf 88' lang='lat' dir='ltr'>te</span> <span class='ocrx_word' id='word_1_719' title='bbox 2322 3247 2610 3313; x_wconf 73' lang='lat' dir='ltr'>praesentes</span> <span class='ocrx_word' id='word_1_720' title='bbox 2646 3242 2911 3308; x_wconf 86' lang='lat' dir='ltr'>videmus,</span> <span class='ocrx_word' id='word_1_721' title='bbox 2951 3242 3214 3311; x_wconf 86' lang='lat' dir='ltr'>apparuit</span> <span class='ocrx_word' id='word_1_722' title='bbox 3244 3256 3257 3294; x_wconf 91' lang='lat'><strong>:</strong></span> <span class='ocrx_word' id='word_1_723' title='bbox 3277 3255 3375 3309; x_wconf 87' lang='lat' dir='ltr'>per</span> <span class='ocrx_word' id='word_1_724' title='bbox 3406 3239 3549 3309; x_wconf 90' lang='lat' dir='ltr'>quod</span> <span class='ocrx_word' id='word_1_725' title='bbox 3575 3238 3728 3293; x_wconf 86' lang='lat' dir='ltr'>nobis</span> 
     </span>
    </p>
   </div>
   <div class='ocr_carea' id='block_1_96' title="bbox 2023 3327 3725 3403">
    <p class='ocr_par' dir='ltr' id='par_1_96' title="bbox 2023 3327 3725 3403">
     <span class='ocr_line' id='line_1_96' title="bbox 2023 3327 3725 3403; baseline -0.004 -15"><span class='ocrx_word' id='word_1_726' title='bbox 2023 3336 2390 3403; x_wconf 80' lang='lat' dir='ltr'>signiﬁcatum</span> <span class='ocrx_word' id='word_1_727' title='bbox 2437 3338 2515 3387; x_wconf 87' lang='lat' dir='ltr'>est</span> <span class='ocrx_word' id='word_1_728' title='bbox 2563 3331 2637 3386; x_wconf 86' lang='lat' dir='ltr'>ad</span> <span class='ocrx_word' id='word_1_729' title='bbox 2684 3333 2848 3385; x_wconf 87' lang='lat' dir='ltr'>istum</span> <span class='ocrx_word' id='word_1_730' title='bbox 2895 3331 3066 3385; x_wconf 90' lang='lat' dir='ltr'>locum</span> <span class='ocrx_word' id='word_1_731' title='bbox 3107 3343 3203 3384; x_wconf 90' lang='lat' dir='ltr'>nos</span> <span class='ocrx_word' id='word_1_732' title='bbox 3244 3330 3423 3382; x_wconf 87' lang='lat' dir='ltr'>venire</span> <span class='ocrx_word' id='word_1_733' title='bbox 3463 3327 3725 3382; x_wconf 89' lang='lat' dir='ltr'>debuisse.</span> 
     </span>
    </p>
   </div>
   <div class='ocr_carea' id='block_1_97' title="bbox 2023 3416 3730 3489">
    <p class='ocr_par' dir='ltr' id='par_1_97' title="bbox 2023 3416 3730 3489">
     <span class='ocr_line' id='line_1_97' title="bbox 2023 3416 3730 3489; baseline -0.005 -11"><span class='ocrx_word' id='word_1_734' title='bbox 2023 3425 2164 3480; x_wconf 78' lang='lat' dir='ltr'>Nam</span> <span class='ocrx_word' id='word_1_735' title='bbox 2201 3428 2251 3477; x_wconf 87' lang='lat' dir='ltr'>et</span> <span class='ocrx_word' id='word_1_736' title='bbox 2280 3437 2374 3489; x_wconf 89' lang='lat' dir='ltr'>ego</span> <span class='ocrx_word' id='word_1_737' title='bbox 2413 3420 2811 3476; x_wconf 88' lang='lat' dir='ltr'>Beatitudinem</span> <span class='ocrx_word' id='word_1_738' title='bbox 2848 3423 2997 3473; x_wconf 88' lang='lat' dir='ltr'>tuam</span> <span class='ocrx_word' id='word_1_739' title='bbox 3033 3419 3231 3487; x_wconf 65' lang='lat' dir='ltr'>saepius</span> <span class='ocrx_word' id='word_1_740' title='bbox 3260 3422 3445 3487; x_wconf 88' lang='lat' dir='ltr'>postea</span> <span class='ocrx_word' id='word_1_741' title='bbox 3481 3416 3730 3471; x_wconf 81' lang='lat' dir='ltr'>videbam</span> 
     </span>
    </p>
   </div>
   <div class='ocr_carea' id='block_1_98' title="bbox 2018 3504 3731 3581">
    <p class='ocr_par' dir='ltr' id='par_1_98' title="bbox 2018 3504 3731 3581">
     <span class='ocr_line' id='line_1_98' title="bbox 2018 3504 3731 3581; baseline -0.006 -13"><span class='ocrx_word' id='word_1_742' title='bbox 2018 3528 2119 3581; x_wconf 84' lang='lat' dir='ltr'>per</span> <span class='ocrx_word' id='word_1_743' title='bbox 2167 3514 2306 3567; x_wconf 87' lang='lat' dir='ltr'>alias</span> <span class='ocrx_word' id='word_1_744' title='bbox 2349 3513 2591 3566; x_wconf 88' lang='lat' dir='ltr'>civitates</span> <span class='ocrx_word' id='word_1_745' title='bbox 2636 3510 2947 3576; x_wconf 86' lang='lat' dir='ltr'>in&#39;itinere,</span> <span class='ocrx_word' id='word_1_746' title='bbox 3000 3522 3104 3577; x_wconf 86' lang='lat' dir='ltr'>quo</span> <span class='ocrx_word' id='word_1_747' title='bbox 3160 3506 3520 3571; x_wconf 85' lang='lat' dir='ltr'>veniebamus,</span> <span class='ocrx_word' id='word_1_748' title='bbox 3571 3504 3731 3559; x_wconf 87' lang='lat' dir='ltr'>talem</span> 
     </span>
    </p>
   </div>
   <div class='ocr_carea' id='block_1_99' title="bbox 2020 3593 3732 3669">
    <p class='ocr_par' dir='ltr' id='par_1_99' title="bbox 2020 3593 3732 3669">
     <span class='ocr_line' id='line_1_99' title="bbox 2020 3593 3732 3669; baseline -0.003 -17"><span class='ocrx_word' id='word_1_749' title='bbox 2020 3615 2267 3668; x_wconf 89' lang='lat' dir='ltr'>prorsus,</span> <span class='ocrx_word' id='word_1_750' title='bbox 2300 3600 2512 3669; x_wconf 90' lang='lat' dir='ltr'>qualem</span> <span class='ocrx_word' id='word_1_751' title='bbox 2541 3597 2695 3652; x_wconf 91' lang='lat' dir='ltr'>modo</span> <span class='ocrx_word' id='word_1_752' title='bbox 2724 3597 3011 3665; x_wconf 84' lang='lat' dir='ltr'>conspicio.</span> <span class='ocrx_word' id='word_1_753' title='bbox 3029 3594 3319 3650; x_wconf 85' lang='lat' dir='ltr'>Admoniti</span> <span class='ocrx_word' id='word_1_754' title='bbox 3345 3609 3469 3660; x_wconf 89' lang='lat' dir='ltr'>ergo</span> <span class='ocrx_word' id='word_1_755' title='bbox 3494 3593 3732 3648; x_wconf 83' lang='lat' dir='ltr'>evidenti</span> 
     </span>
    </p>
   </div>
   <div class='ocr_carea' id='block_1_100' title="bbox 2026 3680 3729 3741">
    <p class='ocr_par' dir='ltr' id='par_1_100' title="bbox 2026 3680 3729 3741">
     <span class='ocr_line' id='line_1_100' title="bbox 2026 3680 3729 3741; baseline -0.004 0"><span class='ocrx_word' id='word_1_756' title='bbox 2026 3689 2348 3741; x_wconf 88' lang='lat' dir='ltr'>auctoritate</span> <span class='ocrx_word' id='word_1_757' title='bbox 2381 3685 2571 3740; x_wconf 86' lang='lat' dir='ltr'>divina</span> <span class='ocrx_word' id='word_1_758' title='bbox 2598 3685 2673 3738; x_wconf 91' lang='lat' dir='ltr'>ad</span> <span class='ocrx_word' id='word_1_759' title='bbox 2708 3684 2845 3737; x_wconf 83' lang='lat' dir='ltr'>hanc</span> <span class='ocrx_word' id='word_1_760' title='bbox 2873 3685 3110 3737; x_wconf 79' lang='lat' dir='ltr'>venimus</span> <span class='ocrx_word' id='word_1_761' title='bbox 3142 3684 3415 3736; x_wconf 87' lang='lat' dir='ltr'>civitatem</span> <span class='ocrx_word' id='word_1_762' title='bbox 3451 3686 3577 3735; x_wconf 88' lang='lat' dir='ltr'>ante</span> <span class='ocrx_word' id='word_1_763' title='bbox 3613 3680 3729 3735; x_wconf 89' lang='lat' dir='ltr'>dies</span> 
     </span>
    </p>
   </div>
   <div class='ocr_carea' id='block_1_101' title="bbox 2024 3768 3726 3843">
    <p class='ocr_par' dir='ltr' id='par_1_101' title="bbox 2024 3768 3726 3843">
     <span class='ocr_line' id='line_1_101' title="bbox 2024 3768 3726 3843; baseline -0.003 -16"><span class='ocrx_word' id='word_1_764' title='bbox 2024 3779 2192 3842; x_wconf 82' lang='lat' dir='ltr'>ferme</span> <span class='ocrx_word' id='word_1_765' title='bbox 2222 3774 2529 3843; x_wconf 85' lang='lat' dir='ltr'>quindecim</span> <span class='ocrx_word' id='word_1_766' title='bbox 2559 3773 2751 3839; x_wconf 88' lang='lat' dir='ltr'>(Serm.</span> <span class='ocrx_word' id='word_1_767' title='bbox 2788 3771 2934 3837; x_wconf 80' lang='lat'>322),</span> <span class='ocrx_word' id='word_1_768' title='bbox 2969 3770 3244 3824; x_wconf 91' lang='lat' dir='ltr'>nimirum</span> <span class='ocrx_word' id='word_1_769' title='bbox 3273 3768 3497 3823; x_wconf 90' lang='lat' dir='ltr'>circiter</span> <span class='ocrx_word' id='word_1_770' title='bbox 3528 3773 3726 3824; x_wconf 84' lang='lat' dir='ltr'>octavo</span> 
     </span>
    </p>
   </div>
   <div class='ocr_carea' id='block_1_102' title="bbox 2029 3857 3725 3929">
    <p class='ocr_par' dir='ltr' id='par_1_102' title="bbox 2029 3857 3725 3929">
     <span class='ocr_line' id='line_1_102' title="bbox 2029 3857 3725 3929; baseline -0.004 -11"><span class='ocrx_word' id='word_1_771' title='bbox 2029 3863 2158 3918; x_wconf 91' lang='lat' dir='ltr'>idus</span> <span class='ocrx_word' id='word_1_772' title='bbox 2204 3862 2454 3916; x_wconf 87' lang='lat' dir='ltr'>martias.</span> <span class='ocrx_word' id='word_1_773' title='bbox 2506 3860 2605 3914; x_wconf 86' lang='lat' dir='ltr'>Hic</span> <span class='ocrx_word' id='word_1_774' title='bbox 2657 3859 2858 3914; x_wconf 89' lang='lat' dir='ltr'>diebus</span> <span class='ocrx_word' id='word_1_775' title='bbox 2905 3857 3145 3929; x_wconf 88' lang='lat' dir='ltr'>singulis</span> <span class='ocrx_word' id='word_1_776' title='bbox 3192 3857 3508 3921; x_wconf 87' lang='lat' dir='ltr'>ecclesiam,</span> <span class='ocrx_word' id='word_1_777' title='bbox 3561 3862 3619 3913; x_wconf 87' lang='lat' dir='ltr'>et</span> <span class='ocrx_word' id='word_1_778' title='bbox 3666 3857 3725 3911; x_wconf 91' lang='lat' dir='ltr'>in</span> 
     </span>
    </p>
   </div>
   <div class='ocr_carea' id='block_1_103' title="bbox 2026 3944 3729 4018">
    <p class='ocr_par' dir='ltr' id='par_1_103' title="bbox 2026 3944 3729 4018">
     <span class='ocr_line' id='line_1_103' title="bbox 2026 3944 3729 4018; baseline -0.005 -12"><span class='ocrx_word' id='word_1_779' title='bbox 2026 3966 2093 4005; x_wconf 87' lang='lat' dir='ltr'>ea</span> <span class='ocrx_word' id='word_1_780' title='bbox 2142 3949 2478 4005; x_wconf 90' lang='lat' dir='ltr'>memoriam</span> <span class='ocrx_word' id='word_1_781' title='bbox 2526 3947 2706 4002; x_wconf 88' lang='lat' dir='ltr'>sancti</span> <span class='ocrx_word' id='word_1_782' title='bbox 2754 3946 3027 4018; x_wconf 85' lang='lat' dir='ltr'>Stephani</span> <span class='ocrx_word' id='word_1_783' title='bbox 3073 3945 3532 4017; x_wconf 86' lang='lat' dir='ltr'>frequentabant,</span> <span class='ocrx_word' id='word_1_784' title='bbox 3584 3944 3729 3999; x_wconf 85' lang='lat' dir='ltr'>fusis</span> 
     </span>
    </p>
   </div>
   <div class='ocr_carea' id='block_1_104' title="bbox 2024 4032 3729 4110">
    <p class='ocr_par' dir='ltr' id='par_1_104' title="bbox 2024 4032 3729 4110">
     <span class='ocr_line' id='line_1_104' title="bbox 2024 4032 3729 4110; baseline -0.004 -16"><span class='ocrx_word' id='word_1_785' title='bbox 2024 4039 2287 4110; x_wconf 79' lang='lat' dir='ltr'>lacrymis</span> <span class='ocrx_word' id='word_1_786' title='bbox 2332 4040 2756 4108; x_wconf 89' lang='lat' dir='ltr'>comprecantes</span> <span class='ocrx_word' id='word_1_787' title='bbox 2809 4036 3009 4100; x_wconf 88' lang='lat' dir='ltr'>Deum,</span> <span class='ocrx_word' id='word_1_788' title='bbox 3058 4037 3124 4089; x_wconf 90' lang='lat' dir='ltr'>ut</span> <span class='ocrx_word' id='word_1_789' title='bbox 3170 4038 3227 4088; x_wconf 92' lang='lat' dir='ltr'>et</span> <span class='ocrx_word' id='word_1_790' title='bbox 3272 4032 3382 4088; x_wconf 89' lang='lat' dir='ltr'>sibi</span> <span class='ocrx_word' id='word_1_791' title='bbox 3430 4036 3729 4104; x_wconf 89' lang='lat' dir='ltr'>peccatum</span> 
     </span>
    </p>
   </div>
   <div class='ocr_carea' id='block_1_105' title="bbox 2024 4121 3732 4199">
    <p class='ocr_par' dir='ltr' id='par_1_105' title="bbox 2024 4121 3732 4199">
     <span class='ocr_line' id='line_1_105' title="bbox 2024 4121 3732 4199; baseline -0.003 -18"><span class='ocrx_word' id='word_1_792' title='bbox 2024 4128 2368 4199; x_wconf 89' lang='lat' dir='ltr'>ignosceret,</span> <span class='ocrx_word' id='word_1_793' title='bbox 2417 4131 2474 4181; x_wconf 88' lang='lat' dir='ltr'>et</span> <span class='ocrx_word' id='word_1_794' title='bbox 2517 4129 2773 4197; x_wconf 85' lang='lat' dir='ltr'>optatam</span> <span class='ocrx_word' id='word_1_795' title='bbox 2829 4122 3215 4178; x_wconf 89' lang='lat' dir='ltr'>valetudinem</span> <span class='ocrx_word' id='word_1_796' title='bbox 3261 4121 3609 4179; x_wconf 85' lang='lat' dir='ltr'>restitueret.</span> <span class='ocrx_word' id='word_1_797' title='bbox 3667 4122 3732 4176; x_wconf 85' lang='lat' dir='ltr'>Et</span> 
     </span>
    </p>
   </div>
   <div class='ocr_carea' id='block_1_106' title="bbox 2026 4209 3730 4287">
    <p class='ocr_par' dir='ltr' id='par_1_106' title="bbox 2026 4209 3730 4287">
     <span class='ocr_line' id='line_1_106' title="bbox 2026 4209 3730 4287; baseline -0.005 -16"><span class='ocrx_word' id='word_1_798' title='bbox 2026 4217 2163 4283; x_wconf 91' lang='lat' dir='ltr'>illic,</span> <span class='ocrx_word' id='word_1_799' title='bbox 2192 4220 2248 4271; x_wconf 88' lang='lat' dir='ltr'>et</span> <span class='ocrx_word' id='word_1_800' title='bbox 2275 4230 2637 4287; x_wconf 87' lang='lat' dir='ltr'>quacumque</span> <span class='ocrx_word' id='word_1_801' title='bbox 2667 4214 2848 4279; x_wconf 89' lang='lat' dir='ltr'>ibant,</span> <span class='ocrx_word' id='word_1_802' title='bbox 2878 4211 3280 4267; x_wconf 87' lang='lat' dir='ltr'>convertebant</span> <span class='ocrx_word' id='word_1_803' title='bbox 3312 4209 3371 4265; x_wconf 91' lang='lat' dir='ltr'>in</span> <span class='ocrx_word' id='word_1_804' title='bbox 3402 4227 3460 4264; x_wconf 92' lang='lat' dir='ltr'>se</span> <span class='ocrx_word' id='word_1_805' title='bbox 3490 4209 3730 4266; x_wconf 88' lang='lat' dir='ltr'>civitatis</span> 
     </span>
    </p>
   </div>
   <div class='ocr_carea' id='block_1_107' title="bbox 2024 4298 3728 4376">
    <p class='ocr_par' dir='ltr' id='par_1_107' title="bbox 2024 4298 3728 4376">
     <span class='ocr_line' id='line_1_107' title="bbox 2024 4298 3728 4376; baseline -0.003 -17"><span class='ocrx_word' id='word_1_806' title='bbox 2024 4310 2335 4376; x_wconf 88' lang='lat' dir='ltr'>aspectum.</span> <span class='ocrx_word' id='word_1_807' title='bbox 2386 4305 2448 4358; x_wconf 88' lang='lat' dir='ltr'>Et</span> <span class='ocrx_word' id='word_1_808' title='bbox 2496 4301 2777 4369; x_wconf 89' lang='lat' dir='ltr'>nonnulli,</span> <span class='ocrx_word' id='word_1_809' title='bbox 2811 4300 2911 4373; x_wconf 88' lang='lat' dir='ltr'>qui</span> <span class='ocrx_word' id='word_1_810' title='bbox 2961 4317 3055 4354; x_wconf 89' lang='lat' dir='ltr'>eos</span> <span class='ocrx_word' id='word_1_811' title='bbox 3101 4299 3236 4355; x_wconf 89' lang='lat' dir='ltr'>alibi</span> <span class='ocrx_word' id='word_1_812' title='bbox 3274 4298 3552 4367; x_wconf 87' lang='lat' dir='ltr'>viderant,</span> <span class='ocrx_word' id='word_1_813' title='bbox 3594 4315 3728 4354; x_wconf 86' lang='lat' dir='ltr'>cau-</span> 
     </span>
    </p>
   </div>
   <div class='ocr_carea' id='block_1_108' title="bbox 2026 4387 3729 4466">
    <p class='ocr_par' dir='ltr' id='par_1_108' title="bbox 2026 4387 3729 4466">
     <span class='ocr_line' id='line_1_108' title="bbox 2026 4387 3729 4466; baseline -0.004 -17"><span class='ocrx_word' id='word_1_814' title='bbox 2026 4410 2261 4466; x_wconf 89' lang='lat' dir='ltr'>samque</span> <span class='ocrx_word' id='word_1_815' title='bbox 2291 4392 2555 4448; x_wconf 84' lang='lat' dir='ltr'>tremoris</span> <span class='ocrx_word' id='word_1_816' title='bbox 2587 4407 2787 4447; x_wconf 88' lang='lat' dir='ltr'>eorum</span> <span class='ocrx_word' id='word_1_817' title='bbox 2810 4394 3107 4455; x_wconf 88' lang='lat' dir='ltr'>noverant,</span> <span class='ocrx_word' id='word_1_818' title='bbox 3130 4387 3279 4455; x_wconf 90' lang='lat' dir='ltr'>aliis,</span> <span class='ocrx_word' id='word_1_819' title='bbox 3302 4392 3364 4443; x_wconf 93' lang='lat' dir='ltr'>ut</span> <span class='ocrx_word' id='word_1_820' title='bbox 3392 4387 3599 4460; x_wconf 88' lang='lat' dir='ltr'>cuique</span> <span class='ocrx_word' id='word_1_821' title='bbox 3629 4405 3729 4459; x_wconf 89' lang='lat' dir='ltr'>po-</span> 
     </span>
    </p>
   </div>
   <div class='ocr_carea' id='block_1_109' title="bbox 2024 4476 3728 4550">
    <p class='ocr_par' dir='ltr' id='par_1_109' title="bbox 2024 4476 3728 4550">
     <span class='ocr_line' id='line_1_109' title="bbox 2024 4476 3728 4550; baseline -0.004 -13"><span class='ocrx_word' id='word_1_822' title='bbox 2024 4486 2233 4547; x_wconf 89' lang='lat' dir='ltr'>terant,</span> <span class='ocrx_word' id='word_1_823' title='bbox 2263 4481 2597 4536; x_wconf 88' lang='lat' dir='ltr'>indicabant</span> <span class='ocrx_word' id='word_1_824' title='bbox 2624 4480 2716 4550; x_wconf 91' lang='lat' dir='ltr'>(De</span> <span class='ocrx_word' id='word_1_825' title='bbox 2742 4481 2902 4537; x_wconf 87' lang='lat' dir='ltr'>Civit.</span> <span class='ocrx_word' id='word_1_826' title='bbox 2926 4482 3042 4546; x_wconf 87' lang='lat' dir='ltr'>Dei,</span> <span class='ocrx_word' id='word_1_827' title='bbox 3072 4476 3168 4535; x_wconf 87' lang='lat' dir='ltr'>lib.</span> <span class='ocrx_word' id='word_1_828' title='bbox 3196 4481 3286 4546; x_wconf 90' lang='grc'>22,</span> <span class='ocrx_word' id='word_1_829' title='bbox 3307 4494 3428 4548; x_wconf 89' lang='lat' dir='ltr'>cap.</span> <span class='ocrx_word' id='word_1_830' title='bbox 3451 4480 3506 4544; x_wconf 88' lang='lat'>8,</span> <span class='ocrx_word' id='word_1_831' title='bbox 3535 4493 3593 4533; x_wconf 87' lang='grc' dir='ltr'>η.</span> <span class='ocrx_word' id='word_1_832' title='bbox 3615 4477 3728 4547; x_wconf 83' lang='grc'>22).</span> 
     </span>
    </p>
   </div>
   <div class='ocr_carea' id='block_1_110' title="bbox 2096 4565 3726 4639">
    <p class='ocr_par' dir='ltr' id='par_1_110' title="bbox 2096 4565 3726 4639">
     <span class='ocr_line' id='line_1_110' title="bbox 2096 4565 3726 4639; baseline -0.004 -13"><span class='ocrx_word' id='word_1_833' title='bbox 2096 4575 2150 4626; x_wconf 82' lang='lat'>6.</span> <span class='ocrx_word' id='word_1_834' title='bbox 2186 4570 2353 4625; x_wconf 86' lang='lat' dir='ltr'>Venit</span> <span class='ocrx_word' id='word_1_835' title='bbox 2379 4575 2434 4625; x_wconf 90' lang='lat' dir='ltr'>et</span> <span class='ocrx_word' id='word_1_836' title='bbox 2467 4569 2697 4633; x_wconf 86' lang='lat' dir='ltr'>Pascha,</span> <span class='ocrx_word' id='word_1_837' title='bbox 2731 4573 2902 4639; x_wconf 90' lang='lat' dir='ltr'>atque</span> <span class='ocrx_word' id='word_1_838' title='bbox 2931 4568 3056 4639; x_wconf 91' lang='lat' dir='ltr'>ipso</span> <span class='ocrx_word' id='word_1_839' title='bbox 3088 4567 3180 4623; x_wconf 89' lang='lat' dir='ltr'>die</span> <span class='ocrx_word' id='word_1_840' title='bbox 3210 4565 3499 4622; x_wconf 90' lang='lat' dir='ltr'>dominico</span> <span class='ocrx_word' id='word_1_841' title='bbox 3538 4582 3726 4632; x_wconf 88' lang='lat' dir='ltr'>mane,</span> 
     </span>
    </p>
   </div>
   <div class='ocr_carea' id='block_1_111' title="bbox 2024 4655 3731 4730">
    <p class='ocr_par' dir='ltr' id='par_1_111' title="bbox 2024 4655 3731 4730">
     <span class='ocr_line' id='line_1_111' title="bbox 2024 4655 3731 4730; baseline 0 -16"><span class='ocrx_word' id='word_1_842' title='bbox 2024 4676 2156 4714; x_wconf 93' lang='lat' dir='ltr'>cum</span> <span class='ocrx_word' id='word_1_843' title='bbox 2178 4660 2301 4730; x_wconf 88' lang='lat' dir='ltr'>jam</span> <span class='ocrx_word' id='word_1_844' title='bbox 2332 4660 2601 4730; x_wconf 89' lang='lat' dir='ltr'>frequens</span> <span class='ocrx_word' id='word_1_845' title='bbox 2632 4659 2880 4729; x_wconf 91' lang='lat' dir='ltr'>populus</span> <span class='ocrx_word' id='word_1_846' title='bbox 2906 4673 3159 4728; x_wconf 75' lang='lat' dir='ltr'>praesens</span> <span class='ocrx_word' id='word_1_847' title='bbox 3185 4661 3352 4725; x_wconf 88' lang='lat' dir='ltr'>esset,</span> <span class='ocrx_word' id='word_1_848' title='bbox 3384 4660 3439 4712; x_wconf 90' lang='lat' dir='ltr'>et</span> <span class='ocrx_word' id='word_1_849' title='bbox 3466 4655 3580 4711; x_wconf 90' lang='lat' dir='ltr'>loci</span> <span class='ocrx_word' id='word_1_850' title='bbox 3610 4672 3731 4715; x_wconf 86' lang='lat' dir='ltr'>san.</span> 
     </span>
    </p>
   </div>
   <div class='ocr_carea' id='block_1_112' title="bbox 2022 4744 3723 4817">
    <p class='ocr_par' dir='ltr' id='par_1_112' title="bbox 2022 4744 3723 4817">
     <span class='ocr_line' id='line_1_112' title="bbox 2022 4744 3723 4817; baseline -0.002 -15"><span class='ocrx_word' id='word_1_851' title='bbox 2022 4749 2096 4802; x_wconf 88' lang='lat' dir='ltr'>cti</span> <span class='ocrx_word' id='word_1_852' title='bbox 2122 4749 2423 4809; x_wconf 83' lang='lat' dir='ltr'>cancellos,</span> <span class='ocrx_word' id='word_1_853' title='bbox 2449 4747 2550 4802; x_wconf 92' lang='lat' dir='ltr'>ubi</span> <span class='ocrx_word' id='word_1_854' title='bbox 2582 4745 2921 4817; x_wconf 86' lang='lat' dir='ltr'>martyrium</span> <span class='ocrx_word' id='word_1_855' title='bbox 2951 4749 3094 4813; x_wconf 88' lang='lat' dir='ltr'>erat,</span> <span class='ocrx_word' id='word_1_856' title='bbox 3124 4744 3279 4801; x_wconf 91' lang='lat' dir='ltr'>idem</span> <span class='ocrx_word' id='word_1_857' title='bbox 3295 4744 3523 4817; x_wconf 90' lang='lat' dir='ltr'>juvenis</span> <span class='ocrx_word' id='word_1_858' title='bbox 3552 4761 3723 4800; x_wconf 92' lang='lat' dir='ltr'>orans</span> 
     </span>
    </p>
   </div>
   <div class='ocr_carea' id='block_1_113' title="bbox 2024 4820 3729 4906">
    <p class='ocr_par' dir='ltr' id='par_1_113' title="bbox 2024 4820 3729 4906">
     <span class='ocr_line' id='line_1_113' title="bbox 2024 4820 3729 4906; baseline -0.003 -15"><span class='ocrx_word' id='word_1_859' title='bbox 2024 4840 2265 4902; x_wconf 90' lang='lat' dir='ltr'>teneret,</span> <span class='ocrx_word' id='word_1_860' title='bbox 2283 4845 2515 4906; x_wconf 82' lang='lat' dir='ltr'>repente</span> <span class='ocrx_word' id='word_1_861' title='bbox 2536 4838 2855 4906; x_wconf 88' lang='lat' dir='ltr'>prostratus</span> <span class='ocrx_word' id='word_1_862' title='bbox 2870 4838 2975 4898; x_wconf 88' lang='lat' dir='ltr'>est,</span> <span class='ocrx_word' id='word_1_863' title='bbox 2994 4837 3051 4888; x_wconf 90' lang='lat' dir='ltr'>et</span> <span class='ocrx_word' id='word_1_864' title='bbox 3069 4833 3378 4889; x_wconf 90' lang='lat' dir='ltr'>dormienti</span> <span class='ocrx_word' id='word_1_865' title='bbox 3397 4820 3729 4889; x_wconf 88' lang='lat' dir='ltr'>simillimus</span> 
     </span>
    </p>
   </div>
   <div class='ocr_carea' id='block_1_114' title="bbox 2017 4921 3726 4997">
    <p class='ocr_par' dir='ltr' id='par_1_114' title="bbox 2017 4921 3726 4997">
     <span class='ocr_line' id='line_1_114' title="bbox 2017 4921 3726 4997; baseline -0.003 -17"><span class='ocrx_word' id='word_1_866' title='bbox 2017 4925 2199 4997; x_wconf 87' lang='lat' dir='ltr'>jacuit</span> <span class='ocrx_word' id='word_1_867' title='bbox 2229 4941 2242 4979; x_wconf 92' lang='lat'>:</span> <span class='ocrx_word' id='word_1_868' title='bbox 2275 4940 2396 4979; x_wconf 93' lang='lat' dir='ltr'>non</span> <span class='ocrx_word' id='word_1_869' title='bbox 2424 4928 2617 4978; x_wconf 88' lang='lat' dir='ltr'>tamen</span> <span class='ocrx_word' id='word_1_870' title='bbox 2654 4927 2924 4989; x_wconf 87' lang='lat' dir='ltr'>tremens,</span> <span class='ocrx_word' id='word_1_871' title='bbox 2955 4921 3099 4977; x_wconf 89' lang='lat' dir='ltr'>sicut</span> <span class='ocrx_word' id='word_1_872' title='bbox 3129 4923 3300 4978; x_wconf 90' lang='lat' dir='ltr'>etiam</span> <span class='ocrx_word' id='word_1_873' title='bbox 3328 4939 3433 4994; x_wconf 91' lang='lat' dir='ltr'>per</span> <span class='ocrx_word' id='word_1_874' title='bbox 3460 4937 3726 4977; x_wconf 89' lang='lat' dir='ltr'>somnum</span> 
     </span>
    </p>
   </div>
   <div class='ocr_carea' id='block_1_115' title="bbox 2022 5010 3726 5086">
    <p class='ocr_par' dir='ltr' id='par_1_115' title="bbox 2022 5010 3726 5086">
     <span class='ocr_line' id='line_1_115' title="bbox 2022 5010 3726 5086; baseline -0.003 -18"><span class='ocrx_word' id='word_1_875' title='bbox 2022 5014 2258 5070; x_wconf 86' lang='lat' dir='ltr'>solebat.</span> <span class='ocrx_word' id='word_1_876' title='bbox 2289 5011 2655 5086; x_wconf 65' lang='lat' dir='ltr'>Sttmenubus</span> <span class='ocrx_word' id='word_1_877' title='bbox 2704 5012 2805 5084; x_wconf 89' lang='lat' dir='ltr'>qui</span> <span class='ocrx_word' id='word_1_878' title='bbox 2849 5011 3107 5082; x_wconf 85' lang='lat' dir='ltr'>aderant,</span> <span class='ocrx_word' id='word_1_879' title='bbox 3147 5016 3319 5085; x_wconf 87' lang='lat' dir='ltr'>atque</span> <span class='ocrx_word' id='word_1_880' title='bbox 3361 5010 3485 5067; x_wconf 90' lang='lat' dir='ltr'>aliis</span> <span class='ocrx_word' id='word_1_881' title='bbox 3520 5026 3726 5082; x_wconf 87' lang='lat' dir='ltr'>paven-</span> 
     </span>
    </p>
   </div>
   <div class='ocr_carea' id='block_1_116' title="bbox 2021 5096 3720 5173">
    <p class='ocr_par' dir='ltr' id='par_1_116' title="bbox 2021 5096 3720 5173">
     <span class='ocr_line' id='line_1_116' title="bbox 2021 5096 3720 5173; baseline -0.004 -15"><span class='ocrx_word' id='word_1_882' title='bbox 2021 5102 2195 5171; x_wconf 88' lang='lat' dir='ltr'>tibus,</span> <span class='ocrx_word' id='word_1_883' title='bbox 2229 5101 2354 5157; x_wconf 87' lang='lat' dir='ltr'>aliis</span> <span class='ocrx_word' id='word_1_884' title='bbox 2383 5100 2731 5171; x_wconf 91' lang='lat' dir='ltr'>dolentibus,</span> <span class='ocrx_word' id='word_1_885' title='bbox 2762 5116 2893 5156; x_wconf 89' lang='lat' dir='ltr'>cum</span> <span class='ocrx_word' id='word_1_886' title='bbox 2922 5116 3057 5156; x_wconf 90' lang='lat' dir='ltr'>eum</span> <span class='ocrx_word' id='word_1_887' title='bbox 3099 5100 3335 5173; x_wconf 89' lang='lat' dir='ltr'>quidam</span> <span class='ocrx_word' id='word_1_888' title='bbox 3364 5100 3571 5156; x_wconf 84' lang='lat' dir='ltr'>vellent</span> <span class='ocrx_word' id='word_1_889' title='bbox 3606 5096 3720 5152; x_wconf 87' lang='lat' dir='ltr'>eri-</span> 
     </span>
    </p>
   </div>
   <div class='ocr_carea' id='block_1_117' title="bbox 2021 5189 3724 5263">
    <p class='ocr_par' dir='ltr' id='par_1_117' title="bbox 2021 5189 3724 5263">
     <span class='ocr_line' id='line_1_117' title="bbox 2021 5189 3724 5263; baseline -0.002 -18"><span class='ocrx_word' id='word_1_890' title='bbox 2021 5207 2176 5262; x_wconf 86' lang='lat' dir='ltr'>gere,</span> <span class='ocrx_word' id='word_1_891' title='bbox 2206 5190 2472 5246; x_wconf 90' lang='lat' dir='ltr'>nonnulli</span> <span class='ocrx_word' id='word_1_892' title='bbox 2506 5190 2947 5262; x_wconf 91' lang='lat' dir='ltr'>prohibuerunt,</span> <span class='ocrx_word' id='word_1_893' title='bbox 2979 5194 3035 5245; x_wconf 90' lang='lat' dir='ltr'>et</span> <span class='ocrx_word' id='word_1_894' title='bbox 3057 5190 3248 5263; x_wconf 89' lang='lat' dir='ltr'>potius</span> <span class='ocrx_word' id='word_1_895' title='bbox 3286 5189 3498 5245; x_wconf 81' lang='lat' dir='ltr'>exitum</span> <span class='ocrx_word' id='word_1_896' title='bbox 3524 5202 3724 5259; x_wconf 86' lang='lat' dir='ltr'>exspe-</span> 
     </span>
    </p>
   </div>
   <div class='ocr_carea' id='block_1_118' title="bbox 2022 5276 3724 5351">
    <p class='ocr_par' dir='ltr' id='par_1_118' title="bbox 2022 5276 3724 5351">
     <span class='ocr_line' id='line_1_118' title="bbox 2022 5276 3724 5351; baseline -0.001 -17"><span class='ocrx_word' id='word_1_897' title='bbox 2022 5280 2294 5337; x_wconf 83' lang='lat' dir='ltr'>ctandum</span> <span class='ocrx_word' id='word_1_898' title='bbox 2324 5296 2445 5335; x_wconf 89' lang='lat' dir='ltr'>esse</span> <span class='ocrx_word' id='word_1_899' title='bbox 2474 5279 2737 5335; x_wconf 87' lang='lat' dir='ltr'>dixerunt</span> <span class='ocrx_word' id='word_1_900' title='bbox 2771 5279 2975 5351; x_wconf 88' lang='lat' dir='ltr'>(lbid.).</span> <span class='ocrx_word' id='word_1_901' title='bbox 3009 5280 3131 5351; x_wconf 81' lang='lat' dir='ltr'>Ipse</span> <span class='ocrx_word' id='word_1_902' title='bbox 3161 5284 3352 5335; x_wconf 89' lang='lat' dir='ltr'>autem</span> <span class='ocrx_word' id='word_1_903' title='bbox 3380 5276 3662 5332; x_wconf 87' lang='lat' dir='ltr'>alienatus</span> <span class='ocrx_word' id='word_1_904' title='bbox 3689 5291 3724 5332; x_wconf 89' lang='lat' dir='ltr'>a</span> 
     </span>
    </p>
   </div>
   <div class='ocr_carea' id='block_1_119' title="bbox 2022 5366 3717 5439">
    <p class='ocr_par' dir='ltr' id='par_1_119' title="bbox 2022 5366 3717 5439">
     <span class='ocr_line' id='line_1_119' title="bbox 2022 5366 3717 5439; baseline -0.002 -15"><span class='ocrx_word' id='word_1_905' title='bbox 2022 5385 2213 5437; x_wconf 89' lang='lat' dir='ltr'>sensu,</span> <span class='ocrx_word' id='word_1_906' title='bbox 2250 5369 2353 5424; x_wconf 89' lang='lat' dir='ltr'>ubi</span> <span class='ocrx_word' id='word_1_907' title='bbox 2398 5374 2534 5426; x_wconf 91' lang='lat' dir='ltr'>tunc</span> <span class='ocrx_word' id='word_1_908' title='bbox 2579 5369 2751 5426; x_wconf 89' lang='lat' dir='ltr'>fuerit</span> <span class='ocrx_word' id='word_1_909' title='bbox 2797 5368 3052 5425; x_wconf 86' lang='lat' dir='ltr'>nescivit.</span> <span class='ocrx_word' id='word_1_910' title='bbox 3093 5370 3321 5434; x_wconf 84' lang='lat' dir='ltr'>Verum,</span> <span class='ocrx_word' id='word_1_911' title='bbox 3363 5380 3496 5422; x_wconf 91' lang='lat' dir='ltr'>cum</span> <span class='ocrx_word' id='word_1_912' title='bbox 3545 5366 3717 5439; x_wconf 91' lang='lat' dir='ltr'>paulo</span> 
     </span>
    </p>
   </div>
   <div class='ocr_carea' id='block_1_120' title="bbox 2020 5453 3726 5532">
    <p class='ocr_par' dir='ltr' id='par_1_120' title="bbox 2020 5453 3726 5532">
     <span class='ocr_line' id='line_1_120' title="bbox 2020 5453 3726 5532; baseline -0.002 -18"><span class='ocrx_word' id='word_1_913' title='bbox 2020 5463 2153 5532; x_wconf 90' lang='lat' dir='ltr'>post</span> <span class='ocrx_word' id='word_1_914' title='bbox 2198 5460 2550 5529; x_wconf 84' lang='lat' dir='ltr'>surrexisset,</span> <span class='ocrx_word' id='word_1_915' title='bbox 2590 5459 2894 5515; x_wconf 88' lang='lat' dir='ltr'>liberatum</span> <span class='ocrx_word' id='word_1_916' title='bbox 2936 5473 2996 5512; x_wconf 87' lang='lat' dir='ltr'>se</span> <span class='ocrx_word' id='word_1_917' title='bbox 3041 5457 3111 5512; x_wconf 87' lang='lat' dir='ltr'>ab</span> <span class='ocrx_word' id='word_1_918' title='bbox 3158 5453 3471 5528; x_wconf 88' lang='lat' dir='ltr'>agitatione</span> <span class='ocrx_word' id='word_1_919' title='bbox 3519 5454 3621 5511; x_wconf 87' lang='lat' dir='ltr'>illa</span> <span class='ocrx_word' id='word_1_920' title='bbox 3666 5460 3726 5511; x_wconf 90' lang='lat' dir='ltr'>et</span> 
     </span>
    </p>
   </div>
   <div class='ocr_carea' id='block_1_121' title="bbox 2022 5543 3725 5619">
    <p class='ocr_par' dir='ltr' id='par_1_121' title="bbox 2022 5543 3725 5619">
     <span class='ocr_line' id='line_1_121' title="bbox 2022 5543 3725 5619; baseline -0.002 -15"><span class='ocrx_word' id='word_1_921' title='bbox 2022 5547 2268 5618; x_wconf 85' lang='lat' dir='ltr'>perfecte</span> <span class='ocrx_word' id='word_1_922' title='bbox 2310 5553 2572 5606; x_wconf 86' lang='lat' dir='ltr'>sanatum</span> <span class='ocrx_word' id='word_1_923' title='bbox 2626 5564 2746 5604; x_wconf 88' lang='lat' dir='ltr'>esse</span> <span class='ocrx_word' id='word_1_924' title='bbox 2793 5545 3055 5619; x_wconf 87' lang='lat' dir='ltr'>cognovit</span> <span class='ocrx_word' id='word_1_925' title='bbox 3098 5544 3294 5613; x_wconf 83' lang='lat' dir='ltr'>(Serm.</span> <span class='ocrx_word' id='word_1_926' title='bbox 3340 5543 3481 5616; x_wconf 83' lang='lat'>322).</span> <span class='ocrx_word' id='word_1_927' title='bbox 3526 5544 3725 5603; x_wconf 87' lang='lat' dir='ltr'>Stabat</span> 
     </span>
    </p>
   </div>
  </div>
