  <div class='ocr_page' id='page_1' title='image "/cluster/home/n/w/nwhite01/storage/ocr_20150623/32/umn.31951002477326y/281.png"; bbox 0 0 4062 6354; ppageno 0'>
   <div class='ocr_carea' id='block_1_1' title="bbox 370 308 475 361">
    <p class='ocr_par' dir='ltr' id='par_1_1' title="bbox 370 308 475 361">
     <span class='ocr_line' id='line_1_1' title="bbox 370 308 475 361; baseline -0.01 0"><span class='ocrx_word' id='word_1_1' title='bbox 370 308 475 361; x_wconf 83' lang='lat'><strong><em>539</em></strong></span> 
     </span>
    </p>
   </div>
   <div class='ocr_carea' id='block_1_2' title="bbox 371 423 2079 496">
    <p class='ocr_par' dir='ltr' id='par_1_2' title="bbox 371 423 2079 496">
     <span class='ocr_line' id='line_1_2' title="bbox 371 423 2079 496; baseline -0.002 -13"><span class='ocrx_word' id='word_1_2' title='bbox 371 428 681 495; x_wconf 78' lang='lat' dir='ltr'><strong><em>incolumis,</em></strong></span> <span class='ocrx_word' id='word_1_3' title='bbox 721 424 801 481; x_wconf 88' lang='lat' dir='ltr'><strong><em>ait</em></strong></span> <span class='ocrx_word' id='word_1_4' title='bbox 827 423 1208 496; x_wconf 80' lang='lat' dir='ltr'><strong><em>Augustinus,</em></strong></span> <span class='ocrx_word' id='word_1_5' title='bbox 1235 425 1448 478; x_wconf 90' lang='lat' dir='ltr'><strong><em>intuens</em></strong></span> <span class='ocrx_word' id='word_1_6' title='bbox 1475 423 1757 478; x_wconf 72' lang='lat' dir='ltr'><strong><em>intuentes.</em></strong></span> <span class='ocrx_word' id='word_1_7' title='bbox 1789 424 1925 489; x_wconf 84' lang='lat' dir='ltr'><strong><em>Quis</em></strong></span> <span class='ocrx_word' id='word_1_8' title='bbox 1953 438 2079 492; x_wconf 88' lang='lat' dir='ltr'><strong><em>ergo</em></strong></span> 
     </span>
    </p>
   </div>
   <div class='ocr_carea' id='block_1_3' title="bbox 373 512 2081 581">
    <p class='ocr_par' dir='ltr' id='par_1_3' title="bbox 373 512 2081 581">
     <span class='ocr_line' id='line_1_3' title="bbox 373 512 2081 581; baseline -0.004 -9"><span class='ocrx_word' id='word_1_9' title='bbox 373 531 428 572; x_wconf 86' lang='lat' dir='ltr'><strong><em>se</em></strong></span> <span class='ocrx_word' id='word_1_10' title='bbox 457 517 629 571; x_wconf 78' lang='lat' dir='ltr'><strong><em>tenuit</em></strong></span> <span class='ocrx_word' id='word_1_11' title='bbox 651 531 687 571; x_wconf 92' lang='lat' dir='ltr'><strong><em>a</em></strong></span> <span class='ocrx_word' id='word_1_12' title='bbox 715 513 967 570; x_wconf 82' lang='lat' dir='ltr'><strong><em>laudibus</em></strong></span> <span class='ocrx_word' id='word_1_13' title='bbox 998 512 1135 568; x_wconf 81' lang='lat' dir='ltr'><strong><em>Dei?</em></strong></span> <span class='ocrx_word' id='word_1_14' title='bbox 1167 513 1538 568; x_wconf 83' lang='lat' dir='ltr'><strong><em>Clamantium</em></strong></span> <span class='ocrx_word' id='word_1_15' title='bbox 1576 513 2081 581; x_wconf 82' lang='lat' dir='ltr'><strong><em>gratulantiuqu</em></strong></span> 
     </span>
    </p>
   </div>
   <div class='ocr_carea' id='block_1_4' title="bbox 371 600 2080 671">
    <p class='ocr_par' dir='ltr' id='par_1_4' title="bbox 371 600 2080 671">
     <span class='ocr_line' id='line_1_4' title="bbox 371 600 2080 671; baseline -0.003 -11"><span class='ocrx_word' id='word_1_16' title='bbox 371 604 589 660; x_wconf 82' lang='lat' dir='ltr'><strong><em>vocibus</em></strong></span> <span class='ocrx_word' id='word_1_17' title='bbox 634 604 856 659; x_wconf 81' lang='lat' dir='ltr'><strong><em>ecclesia</em></strong></span> <span class='ocrx_word' id='word_1_18' title='bbox 890 616 1276 671; x_wconf 83' lang='lat' dir='ltr'><strong><em>usquequaque</em></strong></span> <span class='ocrx_word' id='word_1_19' title='bbox 1303 601 1563 671; x_wconf 88' lang='lat' dir='ltr'><strong><em>completa</em></strong></span> <span class='ocrx_word' id='word_1_20' title='bbox 1592 604 1688 655; x_wconf 90' lang='lat' dir='ltr'><strong><em>est.</em></strong></span> <span class='ocrx_word' id='word_1_21' title='bbox 1732 601 1863 655; x_wconf 86' lang='lat' dir='ltr'><strong><em>Inde</em></strong></span> <span class='ocrx_word' id='word_1_22' title='bbox 1896 600 1972 653; x_wconf 87' lang='lat' dir='ltr'><strong><em>ad</em></strong></span> <span class='ocrx_word' id='word_1_23' title='bbox 1998 615 2080 655; x_wconf 91' lang='lat' dir='ltr'><strong><em>me</em></strong></span> 
     </span>
    </p>
   </div>
   <div class='ocr_carea' id='block_1_5' title="bbox 372 690 2077 760">
    <p class='ocr_par' dir='ltr' id='par_1_5' title="bbox 372 690 2077 760">
     <span class='ocr_line' id='line_1_5' title="bbox 372 690 2077 760; baseline -0.004 -11"><span class='ocrx_word' id='word_1_24' title='bbox 372 695 637 759; x_wconf 90' lang='lat' dir='ltr'><strong><em>curritur,</em></strong></span> <span class='ocrx_word' id='word_1_25' title='bbox 659 692 756 746; x_wconf 83' lang='lat' dir='ltr'><strong><em>ubi</em></strong></span> <span class='ocrx_word' id='word_1_26' title='bbox 775 690 1021 746; x_wconf 86' lang='lat' dir='ltr'><strong><em>sedebam</em></strong></span> <span class='ocrx_word' id='word_1_27' title='bbox 1043 690 1164 760; x_wconf 87' lang='lat' dir='ltr'><strong><em>jam</em></strong></span> <span class='ocrx_word' id='word_1_28' title='bbox 1180 705 1530 760; x_wconf 90' lang='lat' dir='ltr'><strong><em>processurus</em></strong></span> <span class='ocrx_word' id='word_1_29' title='bbox 1548 705 1563 757; x_wconf 89' lang='lat'><strong>;</strong></span> <span class='ocrx_word' id='word_1_30' title='bbox 1585 691 1752 744; x_wconf 78' lang='lat' dir='ltr'><strong><em>irruit</em></strong></span> <span class='ocrx_word' id='word_1_31' title='bbox 1772 690 1909 744; x_wconf 84' lang='lat' dir='ltr'><strong><em>alter</em></strong></span> <span class='ocrx_word' id='word_1_32' title='bbox 1925 690 2077 759; x_wconf 87' lang='lat' dir='ltr'><strong><em>quis-</em></strong></span> 
     </span>
    </p>
   </div>
   <div class='ocr_carea' id='block_1_6' title="bbox 375 777 2080 852">
    <p class='ocr_par' dir='ltr' id='par_1_6' title="bbox 375 777 2080 852">
     <span class='ocr_line' id='line_1_6' title="bbox 375 777 2080 852; baseline -0.003 -15"><span class='ocrx_word' id='word_1_33' title='bbox 375 798 476 851; x_wconf 84' lang='lat' dir='ltr'><strong><em>que</em></strong></span> <span class='ocrx_word' id='word_1_34' title='bbox 509 786 633 852; x_wconf 90' lang='lat' dir='ltr'><strong><em>post</em></strong></span> <span class='ocrx_word' id='word_1_35' title='bbox 673 782 921 847; x_wconf 89' lang='lat' dir='ltr'><strong><em>alterum,</em></strong></span> <span class='ocrx_word' id='word_1_36' title='bbox 962 782 1134 835; x_wconf 87' lang='lat' dir='ltr'><strong><em>omnis</em></strong></span> <span class='ocrx_word' id='word_1_37' title='bbox 1173 781 1442 849; x_wconf 84' lang='lat' dir='ltr'><strong><em>posterior</em></strong></span> <span class='ocrx_word' id='word_1_38' title='bbox 1485 781 1646 849; x_wconf 86' lang='lat' dir='ltr'><strong><em>quasi</em></strong></span> <span class='ocrx_word' id='word_1_39' title='bbox 1687 794 1904 842; x_wconf 87' lang='lat' dir='ltr'><strong><em>novum,</em></strong></span> <span class='ocrx_word' id='word_1_40' title='bbox 1934 777 2080 847; x_wconf 85' lang='lat' dir='ltr'><strong><em>quod</em></strong></span> 
     </span>
    </p>
   </div>
   <div class='ocr_carea' id='block_1_7' title="bbox 372 866 2080 941">
    <p class='ocr_par' dir='ltr' id='par_1_7' title="bbox 372 866 2080 941">
     <span class='ocr_line' id='line_1_7' title="bbox 372 866 2080 941; baseline -0.004 -15"><span class='ocrx_word' id='word_1_41' title='bbox 372 872 515 926; x_wconf 88' lang='lat' dir='ltr'><strong><em>alius</em></strong></span> <span class='ocrx_word' id='word_1_42' title='bbox 537 872 695 941; x_wconf 87' lang='lat' dir='ltr'><strong><em>prior</em></strong></span> <span class='ocrx_word' id='word_1_43' title='bbox 709 870 950 937; x_wconf 74' lang='lat' dir='ltr'><strong><em>dia-erat,</em></strong></span> <span class='ocrx_word' id='word_1_44' title='bbox 975 870 1289 923; x_wconf 81' lang='lat' dir='ltr'><strong><em>nuntiantes</em></strong></span> <span class='ocrx_word' id='word_1_45' title='bbox 1313 884 1327 922; x_wconf 89' lang='lat'><strong>:</strong></span> <span class='ocrx_word' id='word_1_46' title='bbox 1349 883 1534 937; x_wconf 84' lang='lat' dir='ltr'><strong><em>meque</em></strong></span> <span class='ocrx_word' id='word_1_47' title='bbox 1549 868 1839 935; x_wconf 85' lang='lat' dir='ltr'><strong><em>gaudente,</em></strong></span> <span class='ocrx_word' id='word_1_48' title='bbox 1855 872 1906 921; x_wconf 89' lang='lat' dir='ltr'><strong><em>et</em></strong></span> <span class='ocrx_word' id='word_1_49' title='bbox 1926 866 2080 937; x_wconf 87' lang='lat' dir='ltr'><strong><em>apud</em></strong></span> 
     </span>
    </p>
   </div>
   <div class='ocr_carea' id='block_1_8' title="bbox 375 955 2080 1027">
    <p class='ocr_par' dir='ltr' id='par_1_8' title="bbox 375 955 2080 1027">
     <span class='ocr_line' id='line_1_8' title="bbox 375 955 2080 1027; baseline -0.003 -14"><span class='ocrx_word' id='word_1_50' title='bbox 375 974 458 1014; x_wconf 89' lang='lat' dir='ltr'><strong><em>me</em></strong></span> <span class='ocrx_word' id='word_1_51' title='bbox 480 959 693 1027; x_wconf 82' lang='lat' dir='ltr'><strong><em>gratias</em></strong></span> <span class='ocrx_word' id='word_1_52' title='bbox 722 960 829 1012; x_wconf 90' lang='lat' dir='ltr'><strong><em>Deo</em></strong></span> <span class='ocrx_word' id='word_1_53' title='bbox 857 960 1066 1023; x_wconf 87' lang='lat' dir='ltr'><strong><em>agente,</em></strong></span> <span class='ocrx_word' id='word_1_54' title='bbox 1098 955 1409 1024; x_wconf 83' lang='lat' dir='ltr'><strong><em>ingreditur</em></strong></span> <span class='ocrx_word' id='word_1_55' title='bbox 1431 958 1594 1009; x_wconf 91' lang='lat' dir='ltr'><strong><em>etiam</em></strong></span> <span class='ocrx_word' id='word_1_56' title='bbox 1618 957 1734 1025; x_wconf 90' lang='lat' dir='ltr'><strong><em>ipse</em></strong></span> <span class='ocrx_word' id='word_1_57' title='bbox 1760 970 1879 1009; x_wconf 91' lang='lat' dir='ltr'><strong><em>cum</em></strong></span> <span class='ocrx_word' id='word_1_58' title='bbox 1906 956 2080 1024; x_wconf 88' lang='lat' dir='ltr'><strong><em>pluri-</em></strong></span> 
     </span>
    </p>
   </div>
   <div class='ocr_carea' id='block_1_9' title="bbox 377 1044 2073 1113">
    <p class='ocr_par' dir='ltr' id='par_1_9' title="bbox 377 1044 2073 1113">
     <span class='ocr_line' id='line_1_9' title="bbox 377 1044 2073 1113; baseline -0.003 -11"><span class='ocrx_word' id='word_1_59' title='bbox 377 1048 493 1113; x_wconf 87' lang='lat' dir='ltr'><strong><em>bus,</em></strong></span> <span class='ocrx_word' id='word_1_60' title='bbox 515 1048 811 1102; x_wconf 83' lang='lat' dir='ltr'><strong><em>inclinatur</em></strong></span> <span class='ocrx_word' id='word_1_61' title='bbox 833 1045 908 1099; x_wconf 92' lang='lat' dir='ltr'><strong><em>ad</em></strong></span> <span class='ocrx_word' id='word_1_62' title='bbox 926 1060 1103 1111; x_wconf 85' lang='lat' dir='ltr'><strong><em>genua</em></strong></span> <span class='ocrx_word' id='word_1_63' title='bbox 1118 1060 1254 1111; x_wconf 90' lang='lat' dir='ltr'><strong><em>mea,</em></strong></span> <span class='ocrx_word' id='word_1_64' title='bbox 1276 1045 1508 1113; x_wconf 86' lang='lat' dir='ltr'><strong><em>erigitur</em></strong></span> <span class='ocrx_word' id='word_1_65' title='bbox 1522 1044 1601 1101; x_wconf 88' lang='lat' dir='ltr'><strong><em>ad</em></strong></span> <span class='ocrx_word' id='word_1_66' title='bbox 1624 1044 1861 1099; x_wconf 86' lang='lat' dir='ltr'><strong><em>osculum</em></strong></span> <span class='ocrx_word' id='word_1_67' title='bbox 1880 1058 2073 1097; x_wconf 89' lang='lat' dir='ltr'><strong><em>meum.</em></strong></span> 
     </span>
    </p>
   </div>
   <div class='ocr_carea' id='block_1_10' title="bbox 373 1132 2079 1205">
    <p class='ocr_par' dir='ltr' id='par_1_10' title="bbox 373 1132 2079 1205">
     <span class='ocr_line' id='line_1_10' title="bbox 373 1132 2079 1205; baseline -0.003 -14"><span class='ocrx_word' id='word_1_68' title='bbox 373 1136 714 1192; x_wconf 87' lang='lat' dir='ltr'><strong><em>Procedimus</em></strong></span> <span class='ocrx_word' id='word_1_69' title='bbox 744 1134 818 1188; x_wconf 91' lang='lat' dir='ltr'><strong><em>ad</em></strong></span> <span class='ocrx_word' id='word_1_70' title='bbox 839 1134 1133 1205; x_wconf 77' lang='lat' dir='ltr'><strong><em>populum;</em></strong></span> <span class='ocrx_word' id='word_1_71' title='bbox 1155 1134 1317 1203; x_wconf 88' lang='lat' dir='ltr'><strong><em>plena</em></strong></span> <span class='ocrx_word' id='word_1_72' title='bbox 1347 1137 1464 1188; x_wconf 87' lang='lat' dir='ltr'><strong><em>erat</em></strong></span> <span class='ocrx_word' id='word_1_73' title='bbox 1491 1134 1729 1194; x_wconf 89' lang='lat' dir='ltr'><strong><em>ecclesia,</em></strong></span> <span class='ocrx_word' id='word_1_74' title='bbox 1748 1132 2079 1203; x_wconf 88' lang='lat' dir='ltr'><strong><em>personabat</em></strong></span> 
     </span>
    </p>
   </div>
   <div class='ocr_carea' id='block_1_11' title="bbox 374 1221 2079 1292">
    <p class='ocr_par' dir='ltr' id='par_1_11' title="bbox 374 1221 2079 1292">
     <span class='ocr_line' id='line_1_11' title="bbox 374 1221 2079 1292; baseline -0.003 -12"><span class='ocrx_word' id='word_1_75' title='bbox 374 1224 590 1280; x_wconf 85' lang='lat' dir='ltr'><strong><em>vocibus</em></strong></span> <span class='ocrx_word' id='word_1_76' title='bbox 640 1224 988 1292; x_wconf 87' lang='lat' dir='ltr'><strong><em>gaudiorum,</em></strong></span> <span class='ocrx_word' id='word_1_77' title='bbox 1035 1226 1136 1277; x_wconf 92' lang='lat' dir='ltr'><strong><em>Deo</em></strong></span> <span class='ocrx_word' id='word_1_78' title='bbox 1182 1224 1431 1290; x_wconf 82' lang='lat' dir='ltr'><strong><em>gratias!</em></strong></span> <span class='ocrx_word' id='word_1_79' title='bbox 1459 1224 1563 1277; x_wconf 91' lang='lat' dir='ltr'><strong><em>Deo</em></strong></span> <span class='ocrx_word' id='word_1_80' title='bbox 1610 1221 1835 1277; x_wconf 85' lang='lat' dir='ltr'><strong><em>laudes!</em></strong></span> <span class='ocrx_word' id='word_1_81' title='bbox 1870 1223 2079 1276; x_wconf 88' lang='lat' dir='ltr'><strong><em>nemine</em></strong></span> 
     </span>
    </p>
   </div>
   <div class='ocr_carea' id='block_1_12' title="bbox 374 1310 2074 1382">
    <p class='ocr_par' dir='ltr' id='par_1_12' title="bbox 374 1310 2074 1382">
     <span class='ocr_line' id='line_1_12' title="bbox 374 1310 2074 1382; baseline -0.002 -13"><span class='ocrx_word' id='word_1_82' title='bbox 374 1317 600 1381; x_wconf 86' lang='lat' dir='ltr'><strong><em>tacente,</em></strong></span> <span class='ocrx_word' id='word_1_83' title='bbox 632 1313 758 1368; x_wconf 83' lang='lat' dir='ltr'><strong><em>hinc</em></strong></span> <span class='ocrx_word' id='word_1_84' title='bbox 787 1316 949 1382; x_wconf 89' lang='lat' dir='ltr'><strong><em>atque</em></strong></span> <span class='ocrx_word' id='word_1_85' title='bbox 972 1311 1096 1366; x_wconf 84' lang='lat' dir='ltr'><strong><em>inde</em></strong></span> <span class='ocrx_word' id='word_1_86' title='bbox 1118 1312 1486 1366; x_wconf 91' lang='lat' dir='ltr'><strong><em>clamantium.</em></strong></span> <span class='ocrx_word' id='word_1_87' title='bbox 1519 1312 1771 1367; x_wconf 84' lang='lat' dir='ltr'><strong><em>Salutavi</em></strong></span> <span class='ocrx_word' id='word_1_88' title='bbox 1794 1310 2074 1381; x_wconf 86' lang='lat' dir='ltr'><strong><em>populum,</em></strong></span> 
     </span>
    </p>
   </div>
   <div class='ocr_carea' id='block_1_13' title="bbox 373 1399 2081 1467">
    <p class='ocr_par' dir='ltr' id='par_1_13' title="bbox 373 1399 2081 1467">
     <span class='ocr_line' id='line_1_13' title="bbox 373 1399 2081 1467; baseline -0.002 -11"><span class='ocrx_word' id='word_1_89' title='bbox 373 1406 424 1457; x_wconf 89' lang='lat' dir='ltr'><strong><em>et</em></strong></span> <span class='ocrx_word' id='word_1_90' title='bbox 452 1416 644 1458; x_wconf 86' lang='lat' dir='ltr'><strong><em>rursus</em></strong></span> <span class='ocrx_word' id='word_1_91' title='bbox 672 1401 858 1456; x_wconf 90' lang='lat' dir='ltr'><strong><em>eadem</em></strong></span> <span class='ocrx_word' id='word_1_92' title='bbox 900 1402 1224 1467; x_wconf 84' lang='lat' dir='ltr'><strong><em>ferventiore</em></strong></span> <span class='ocrx_word' id='word_1_93' title='bbox 1251 1415 1374 1455; x_wconf 76' lang='lat' dir='ltr'><strong><em>voce</em></strong></span> <span class='ocrx_word' id='word_1_94' title='bbox 1409 1399 1737 1455; x_wconf 88' lang='lat' dir='ltr'><strong><em>clamabant.</em></strong></span> <span class='ocrx_word' id='word_1_95' title='bbox 1767 1401 1930 1455; x_wconf 84' lang='lat' dir='ltr'><strong><em>Facto</em></strong></span> <span class='ocrx_word' id='word_1_96' title='bbox 1963 1404 2081 1454; x_wconf 88' lang='lat' dir='ltr'><strong><em>tan-</em></strong></span> 
     </span>
    </p>
   </div>
   <div class='ocr_carea' id='block_1_14' title="bbox 373 1489 2077 1561">
    <p class='ocr_par' dir='ltr' id='par_1_14' title="bbox 373 1489 2077 1561">
     <span class='ocr_line' id='line_1_14' title="bbox 373 1489 2077 1561; baseline -0.002 -15"><span class='ocrx_word' id='word_1_97' title='bbox 373 1490 494 1545; x_wconf 87' lang='lat' dir='ltr'><strong><em>dem</em></strong></span> <span class='ocrx_word' id='word_1_98' title='bbox 522 1492 757 1553; x_wconf 86' lang='lat' dir='ltr'><strong><em>silentio.</em></strong></span> <span class='ocrx_word' id='word_1_99' title='bbox 796 1491 1209 1561; x_wconf 82' lang='lat' dir='ltr'><strong><em>Scripturan</em></strong></span> <span class='ocrx_word' id='word_1_100' title='bbox 1257 1489 1571 1544; x_wconf 85' lang='lat' dir='ltr'><strong><em>divinarum</em></strong></span> <span class='ocrx_word' id='word_1_101' title='bbox 1606 1493 1732 1544; x_wconf 88' lang='lat' dir='ltr'><strong><em>sunt</em></strong></span> <span class='ocrx_word' id='word_1_102' title='bbox 1762 1490 1896 1543; x_wconf 89' lang='lat' dir='ltr'><strong><em>lecta</em></strong></span> <span class='ocrx_word' id='word_1_103' title='bbox 1942 1489 2077 1543; x_wconf 85' lang='lat' dir='ltr'><strong><em>sole-</em></strong></span> 
     </span>
    </p>
   </div>
   <div class='ocr_carea' id='block_1_15' title="bbox 374 1560 2079 1645">
    <p class='ocr_par' dir='ltr' id='par_1_15' title="bbox 374 1560 2079 1645">
     <span class='ocr_line' id='line_1_15' title="bbox 374 1560 2079 1645; baseline -0.003 -10"><span class='ocrx_word' id='word_1_104' title='bbox 374 1582 545 1635; x_wconf 90' lang='lat' dir='ltr'><strong><em>mnia.</em></strong></span> <span class='ocrx_word' id='word_1_105' title='bbox 578 1580 679 1635; x_wconf 91' lang='lat' dir='ltr'><strong><em>Ubi</em></strong></span> <span class='ocrx_word' id='word_1_106' title='bbox 700 1560 880 1635; x_wconf 72' lang='lat' dir='ltr'><strong><em>autem</em></strong></span> <span class='ocrx_word' id='word_1_107' title='bbox 899 1560 1114 1634; x_wconf 75' lang='lat' dir='ltr'><strong><em>uentum</em></strong></span> <span class='ocrx_word' id='word_1_108' title='bbox 1134 1578 1308 1634; x_wconf 85' lang='lat' dir='ltr'><strong><em>estad</em></strong></span> <span class='ocrx_word' id='word_1_109' title='bbox 1327 1581 1433 1634; x_wconf 89' lang='lat' dir='ltr'><strong><em>mei</em></strong></span> <span class='ocrx_word' id='word_1_110' title='bbox 1455 1580 1713 1633; x_wconf 91' lang='lat' dir='ltr'><strong><em>sermonis</em></strong></span> <span class='ocrx_word' id='word_1_111' title='bbox 1735 1578 1925 1645; x_wconf 90' lang='lat' dir='ltr'><strong><em>locum,</em></strong></span> <span class='ocrx_word' id='word_1_112' title='bbox 1953 1576 2079 1631; x_wconf 70' lang='lat' dir='ltr'><strong><em>dixi</em></strong></span> 
     </span>
    </p>
   </div>
   <div class='ocr_carea' id='block_1_16' title="bbox 368 1666 2079 1740">
    <p class='ocr_par' dir='ltr' id='par_1_16' title="bbox 368 1666 2079 1740">
     <span class='ocr_line' id='line_1_16' title="bbox 368 1666 2079 1740; baseline -0.003 -16"><span class='ocrx_word' id='word_1_113' title='bbox 368 1685 549 1740; x_wconf 87' lang='lat' dir='ltr'><strong><em>pauca</em></strong></span> <span class='ocrx_word' id='word_1_114' title='bbox 572 1684 676 1739; x_wconf 90' lang='lat' dir='ltr'><strong><em>pro</em></strong></span> <span class='ocrx_word' id='word_1_115' title='bbox 706 1673 939 1739; x_wconf 87' lang='lat' dir='ltr'><strong><em>tempore</em></strong></span> <span class='ocrx_word' id='word_1_116' title='bbox 962 1673 1013 1723; x_wconf 90' lang='lat' dir='ltr'><strong><em>et</em></strong></span> <span class='ocrx_word' id='word_1_117' title='bbox 1036 1682 1139 1738; x_wconf 91' lang='lat' dir='ltr'><strong><em>pro</em></strong></span> <span class='ocrx_word' id='word_1_118' title='bbox 1168 1668 1318 1721; x_wconf 90' lang='lat' dir='ltr'><strong><em>illius</em></strong></span> <span class='ocrx_word' id='word_1_119' title='bbox 1340 1666 1687 1736; x_wconf 88' lang='lat' dir='ltr'><strong><em>jucunditate</em></strong></span> <span class='ocrx_word' id='word_1_120' title='bbox 1715 1666 1931 1721; x_wconf 59' lang='lat' dir='ltr'><strong><em>laetitia.</em></strong></span> <span class='ocrx_word' id='word_1_121' title='bbox 1964 1667 2079 1720; x_wconf 80' lang='lat' dir='ltr'><strong><em>Ma-</em></strong></span> 
     </span>
    </p>
   </div>
   <div class='ocr_carea' id='block_1_17' title="bbox 373 1755 2075 1827">
    <p class='ocr_par' dir='ltr' id='par_1_17' title="bbox 373 1755 2075 1827">
     <span class='ocr_line' id='line_1_17' title="bbox 373 1755 2075 1827; baseline -0.004 -14"><span class='ocrx_word' id='word_1_122' title='bbox 373 1760 456 1827; x_wconf 89' lang='lat' dir='ltr'><strong><em>gis</em></strong></span> <span class='ocrx_word' id='word_1_123' title='bbox 485 1760 626 1812; x_wconf 90' lang='lat' dir='ltr'><strong><em>enim</em></strong></span> <span class='ocrx_word' id='word_1_124' title='bbox 651 1764 751 1812; x_wconf 70' lang='lat' dir='ltr'><strong><em>eos‘</em></strong></span> <span class='ocrx_word' id='word_1_125' title='bbox 764 1759 823 1811; x_wconf 91' lang='lat' dir='ltr'><strong><em>in</em></strong></span> <span class='ocrx_word' id='word_1_126' title='bbox 851 1771 1008 1826; x_wconf 88' lang='lat' dir='ltr'><strong><em>opere</em></strong></span> <span class='ocrx_word' id='word_1_127' title='bbox 1035 1755 1225 1811; x_wconf 87' lang='lat' dir='ltr'><strong><em>divino</em></strong></span> <span class='ocrx_word' id='word_1_128' title='bbox 1255 1756 1551 1825; x_wconf 80' lang='lat' dir='ltr'><strong><em>quamdam</em></strong></span> <span class='ocrx_word' id='word_1_129' title='bbox 1571 1757 1669 1810; x_wconf 91' lang='lat' dir='ltr'><strong><em>Dei</em></strong></span> <span class='ocrx_word' id='word_1_130' title='bbox 1691 1756 2075 1825; x_wconf 86' lang='lat' dir='ltr'><strong><em>eloquentiam,</em></strong></span> 
     </span>
    </p>
   </div>
   <div class='ocr_carea' id='block_1_18' title="bbox 373 1844 2073 1916">
    <p class='ocr_par' dir='ltr' id='par_1_18' title="bbox 373 1844 2073 1916">
     <span class='ocr_line' id='line_1_18' title="bbox 373 1844 2073 1916; baseline -0.002 -13"><span class='ocrx_word' id='word_1_131' title='bbox 373 1862 479 1903; x_wconf 88' lang='lat' dir='ltr'><strong><em>non</em></strong></span> <span class='ocrx_word' id='word_1_132' title='bbox 525 1846 740 1915; x_wconf 89' lang='lat' dir='ltr'><strong><em>audire,</em></strong></span> <span class='ocrx_word' id='word_1_133' title='bbox 768 1845 863 1901; x_wconf 90' lang='lat' dir='ltr'><strong><em>sed</em></strong></span> <span class='ocrx_word' id='word_1_134' title='bbox 908 1845 1250 1900; x_wconf 88' lang='lat' dir='ltr'><strong><em>considerare</em></strong></span> <span class='ocrx_word' id='word_1_135' title='bbox 1270 1846 1503 1914; x_wconf 87' lang='lat' dir='ltr'><strong><em>permisi</em></strong></span> <span class='ocrx_word' id='word_1_136' title='bbox 1537 1844 1635 1916; x_wconf 92' lang='lat' dir='ltr'><strong><em>(De</em></strong></span> <span class='ocrx_word' id='word_1_137' title='bbox 1679 1846 1918 1900; x_wconf 85' lang='lat' dir='ltr'><strong><em>Civitate</em></strong></span> <span class='ocrx_word' id='word_1_138' title='bbox 1957 1846 2073 1910; x_wconf 89' lang='lat' dir='ltr'><strong><em>Dei,</em></strong></span> 
     </span>
    </p>
   </div>
   <div class='ocr_carea' id='block_1_19' title="bbox 374 1933 2074 2005">
    <p class='ocr_par' dir='ltr' id='par_1_19' title="bbox 374 1933 2074 2005">
     <span class='ocr_line' id='line_1_19' title="bbox 374 1933 2074 2005; baseline -0.002 -13"><span class='ocrx_word' id='word_1_139' title='bbox 374 1937 469 1992; x_wconf 88' lang='lat' dir='ltr'><strong><em>lib.</em></strong></span> <span class='ocrx_word' id='word_1_140' title='bbox 502 1939 591 2005; x_wconf 88' lang='lat'><strong><em>22,</em></strong></span> <span class='ocrx_word' id='word_1_141' title='bbox 621 1950 742 2005; x_wconf 88' lang='lat' dir='ltr'><strong><em>cap.</em></strong></span> <span class='ocrx_word' id='word_1_142' title='bbox 775 1938 829 2002; x_wconf 88' lang='lat'><strong><em>8,</em></strong></span> <span class='ocrx_word' id='word_1_143' title='bbox 854 1950 910 1989; x_wconf 92' lang='lat' dir='ltr'><strong><em>n.</em></strong></span> <span class='ocrx_word' id='word_1_144' title='bbox 938 1935 1049 2005; x_wconf 90' lang='lat'><strong><em>22).</em></strong></span> <span class='ocrx_word' id='word_1_145' title='bbox 1080 1934 1366 1989; x_wconf 84' lang='lat' dir='ltr'><strong><em>Habemus</em></strong></span> <span class='ocrx_word' id='word_1_146' title='bbox 1395 1933 1715 1989; x_wconf 89' lang='lat' dir='ltr'><strong><em>etiamnum</em></strong></span> <span class='ocrx_word' id='word_1_147' title='bbox 1744 1934 2074 1989; x_wconf 90' lang='lat' dir='ltr'><strong><em>oratiuncu-</em></strong></span> 
     </span>
    </p>
   </div>
   <div class='ocr_carea' id='block_1_20' title="bbox 373 2022 2073 2096">
    <p class='ocr_par' dir='ltr' id='par_1_20' title="bbox 373 2022 2073 2096">
     <span class='ocr_line' id='line_1_20' title="bbox 373 2022 2073 2096; baseline -0.002 -18"><span class='ocrx_word' id='word_1_148' title='bbox 373 2024 509 2091; x_wconf 91' lang='lat' dir='ltr'><strong><em>lam,</em></strong></span> <span class='ocrx_word' id='word_1_149' title='bbox 538 2039 711 2096; x_wconf 90' lang='lat' dir='ltr'><strong><em>quam</em></strong></span> <span class='ocrx_word' id='word_1_150' title='bbox 741 2039 914 2095; x_wconf 85' lang='lat' dir='ltr'><strong><em>super</em></strong></span> <span class='ocrx_word' id='word_1_151' title='bbox 932 2023 1041 2077; x_wconf 91' lang='lat' dir='ltr'><strong><em>hoc</em></strong></span> <span class='ocrx_word' id='word_1_152' title='bbox 1070 2026 1276 2077; x_wconf 89' lang='lat' dir='ltr'><strong><em>eventu</em></strong></span> <span class='ocrx_word' id='word_1_153' title='bbox 1299 2022 1688 2095; x_wconf 80' lang='lat' dir='ltr'><strong><em>pronuntiavit</em></strong></span> <span class='ocrx_word' id='word_1_154' title='bbox 1716 2024 1905 2089; x_wconf 87' lang='lat' dir='ltr'><strong><em>(Serm.</em></strong></span> <span class='ocrx_word' id='word_1_155' title='bbox 1930 2023 2073 2089; x_wconf 81' lang='lat'><strong><em>320),</em></strong></span> 
     </span>
    </p>
   </div>
   <div class='ocr_carea' id='block_1_21' title="bbox 373 2111 2076 2184">
    <p class='ocr_par' dir='ltr' id='par_1_21' title="bbox 373 2111 2076 2184">
     <span class='ocr_line' id='line_1_21' title="bbox 373 2111 2076 2184; baseline -0.001 -15"><span class='ocrx_word' id='word_1_156' title='bbox 373 2117 474 2169; x_wconf 90' lang='lat' dir='ltr'><strong><em>aut</em></strong></span> <span class='ocrx_word' id='word_1_157' title='bbox 518 2116 668 2168; x_wconf 89' lang='lat' dir='ltr'><strong><em>certe</em></strong></span> <span class='ocrx_word' id='word_1_158' title='bbox 711 2112 971 2184; x_wconf 86' lang='lat' dir='ltr'><strong><em>ejusdem</em></strong></span> <span class='ocrx_word' id='word_1_159' title='bbox 1015 2111 1291 2167; x_wconf 89' lang='lat' dir='ltr'><strong><em>orationis</em></strong></span> <span class='ocrx_word' id='word_1_160' title='bbox 1347 2111 1757 2183; x_wconf 86' lang='lat' dir='ltr'><strong><em>compendium</em></strong></span> <span class='ocrx_word' id='word_1_161' title='bbox 1801 2128 1814 2166; x_wconf 93' lang='lat'>:</span> <span class='ocrx_word' id='word_1_162' title='bbox 1860 2111 2076 2184; x_wconf 81' lang='lat' dir='ltr'><strong><em>quippe</em></strong></span> 
     </span>
    </p>
   </div>
   <div class='ocr_carea' id='block_1_22' title="bbox 372 2199 2072 2272">
    <p class='ocr_par' dir='ltr' id='par_1_22' title="bbox 372 2199 2072 2272">
     <span class='ocr_line' id='line_1_22' title="bbox 372 2199 2072 2272; baseline -0.001 -15"><span class='ocrx_word' id='word_1_163' title='bbox 372 2202 589 2258; x_wconf 83' lang='lat' dir='ltr'><strong><em>credita</em></strong></span> <span class='ocrx_word' id='word_1_164' title='bbox 627 2200 857 2256; x_wconf 85' lang='lat' dir='ltr'><strong><em>difﬁcile</em></strong></span> <span class='ocrx_word' id='word_1_165' title='bbox 894 2204 999 2269; x_wconf 91' lang='lat' dir='ltr'><strong><em>est,</em></strong></span> <span class='ocrx_word' id='word_1_166' title='bbox 1042 2200 1256 2271; x_wconf 90' lang='lat' dir='ltr'><strong><em>ipsum,</em></strong></span> <span class='ocrx_word' id='word_1_167' title='bbox 1284 2200 1594 2272; x_wconf 86' lang='lat' dir='ltr'><strong><em>quominus</em></strong></span> <span class='ocrx_word' id='word_1_168' title='bbox 1632 2202 1802 2271; x_wconf 90' lang='lat' dir='ltr'><strong><em>plura</em></strong></span> <span class='ocrx_word' id='word_1_169' title='bbox 1840 2199 2072 2268; x_wconf 83' lang='lat' dir='ltr'><strong><em>diceret,</em></strong></span> 
     </span>
    </p>
   </div>
   <div class='ocr_carea' id='block_1_23' title="bbox 372 2288 2073 2361">
    <p class='ocr_par' dir='ltr' id='par_1_23' title="bbox 372 2288 2073 2361">
     <span class='ocr_line' id='line_1_23' title="bbox 372 2288 2073 2361; baseline -0.001 -15"><span class='ocrx_word' id='word_1_170' title='bbox 372 2291 481 2347; x_wconf 85' lang='lat' dir='ltr'><strong><em>sibi</em></strong></span> <span class='ocrx_word' id='word_1_171' title='bbox 517 2294 885 2361; x_wconf 82' lang='lat' dir='ltr'><strong><em>temperasse.</em></strong></span> <span class='ocrx_word' id='word_1_172' title='bbox 918 2291 1185 2344; x_wconf 78' lang='lat' dir='ltr'><strong><em>Attamen</em></strong></span> <span class='ocrx_word' id='word_1_173' title='bbox 1226 2289 1341 2344; x_wconf 90' lang='lat' dir='ltr'><strong><em>illic</em></strong></span> <span class='ocrx_word' id='word_1_174' title='bbox 1380 2290 1660 2344; x_wconf 82' lang='lat' dir='ltr'><strong><em>sermonis</em></strong></span> <span class='ocrx_word' id='word_1_175' title='bbox 1698 2288 1788 2344; x_wconf 91' lang='lat' dir='ltr'><strong><em>sui</em></strong></span> <span class='ocrx_word' id='word_1_176' title='bbox 1826 2289 2073 2345; x_wconf 85' lang='lat' dir='ltr'><strong><em>brevita-</em></strong></span> 
     </span>
    </p>
   </div>
   <div class='ocr_carea' id='block_1_24' title="bbox 372 2376 2075 2450">
    <p class='ocr_par' dir='ltr' id='par_1_24' title="bbox 372 2376 2075 2450">
     <span class='ocr_line' id='line_1_24' title="bbox 372 2376 2075 2450; baseline -0.002 -15"><span class='ocrx_word' id='word_1_177' title='bbox 372 2384 488 2435; x_wconf 91' lang='lat' dir='ltr'><strong><em>tem</em></strong></span> <span class='ocrx_word' id='word_1_178' title='bbox 516 2377 787 2450; x_wconf 58' lang='lat' dir='ltr'><strong><em>(excusat,</em></strong></span> <span class='ocrx_word' id='word_1_179' title='bbox 832 2377 1071 2449; x_wconf 85' lang='lat' dir='ltr'><strong><em>ejusque</em></strong></span> <span class='ocrx_word' id='word_1_180' title='bbox 1121 2391 1352 2431; x_wconf 83' lang='lat' dir='ltr'><strong><em>causam</em></strong></span> <span class='ocrx_word' id='word_1_181' title='bbox 1398 2377 1563 2431; x_wconf 86' lang='lat' dir='ltr'><strong><em>aﬁ‘ert</em></strong></span> <span class='ocrx_word' id='word_1_182' title='bbox 1606 2376 2075 2448; x_wconf 79' lang='lat' dir='ltr'><strong><em>defatigationem</em></strong></span> 
     </span>
    </p>
   </div>
   <div class='ocr_carea' id='block_1_25' title="bbox 374 2464 2073 2539">
    <p class='ocr_par' dir='ltr' id='par_1_25' title="bbox 374 2464 2073 2539">
     <span class='ocr_line' id='line_1_25' title="bbox 374 2464 2073 2539; baseline -0.002 -16"><span class='ocrx_word' id='word_1_183' title='bbox 374 2484 557 2536; x_wconf 89' lang='lat' dir='ltr'><strong><em>suam,</em></strong></span> <span class='ocrx_word' id='word_1_184' title='bbox 592 2483 657 2523; x_wconf 88' lang='lat' dir='ltr'><strong><em>ac</em></strong></span> <span class='ocrx_word' id='word_1_185' title='bbox 685 2465 1145 2539; x_wconf 82' lang='lat' dir='ltr'><strong><em>magnitudinem</em></strong></span> <span class='ocrx_word' id='word_1_186' title='bbox 1174 2464 1427 2537; x_wconf 86' lang='lat' dir='ltr'><strong><em>pridiani</em></strong></span> <span class='ocrx_word' id='word_1_187' title='bbox 1454 2464 1689 2535; x_wconf 88' lang='lat' dir='ltr'><strong><em>laboris,</em></strong></span> <span class='ocrx_word' id='word_1_188' title='bbox 1714 2464 1806 2520; x_wconf 92' lang='lat' dir='ltr'><strong><em>cui</em></strong></span> <span class='ocrx_word' id='word_1_189' title='bbox 1838 2465 2073 2537; x_wconf 88' lang='lat' dir='ltr'><strong><em>quidem</em></strong></span> 
     </span>
    </p>
   </div>
   <div class='ocr_carea' id='block_1_26' title="bbox 373 2554 2077 2628">
    <p class='ocr_par' dir='ltr' id='par_1_26' title="bbox 373 2554 2077 2628">
     <span class='ocr_line' id='line_1_26' title="bbox 373 2554 2077 2628; baseline -0.001 -16"><span class='ocrx_word' id='word_1_190' title='bbox 373 2556 609 2613; x_wconf 88' lang='lat' dir='ltr'><strong><em>ferendo</em></strong></span> <span class='ocrx_word' id='word_1_191' title='bbox 634 2572 693 2611; x_wconf 88' lang='lat' dir='ltr'><strong><em>se</em></strong></span> <span class='ocrx_word' id='word_1_192' title='bbox 714 2571 911 2628; x_wconf 88' lang='lat' dir='ltr'><strong><em>parem</em></strong></span> <span class='ocrx_word' id='word_1_193' title='bbox 933 2554 1192 2611; x_wconf 90' lang='lat' dir='ltr'><strong><em>futurum</em></strong></span> <span class='ocrx_word' id='word_1_194' title='bbox 1214 2554 1385 2609; x_wconf 90' lang='lat' dir='ltr'><strong><em>fuisse</em></strong></span> <span class='ocrx_word' id='word_1_195' title='bbox 1408 2558 1600 2626; x_wconf 89' lang='lat' dir='ltr'><strong><em>negat,</em></strong></span> <span class='ocrx_word' id='word_1_196' title='bbox 1619 2554 1843 2626; x_wconf 90' lang='lat' dir='ltr'><strong><em>jejunio</em></strong></span> <span class='ocrx_word' id='word_1_197' title='bbox 1864 2554 2077 2611; x_wconf 87' lang='lat' dir='ltr'><strong><em>scilicet</em></strong></span> 
     </span>
    </p>
   </div>
   <div class='ocr_carea' id='block_1_27' title="bbox 373 2642 2073 2715">
    <p class='ocr_par' dir='ltr' id='par_1_27' title="bbox 373 2642 2073 2715">
     <span class='ocr_line' id='line_1_27' title="bbox 373 2642 2073 2715; baseline -0.002 -13"><span class='ocrx_word' id='word_1_198' title='bbox 373 2648 744 2713; x_wconf 82' lang='lat' dir='ltr'><strong><em>maceratum,</em></strong></span> <span class='ocrx_word' id='word_1_199' title='bbox 767 2643 879 2699; x_wconf 89' lang='lat' dir='ltr'><strong><em>nisi</em></strong></span> <span class='ocrx_word' id='word_1_200' title='bbox 899 2642 1436 2715; x_wconf 64' lang='lat' dir='ltr'><strong><em>orationumfsancti</em></strong></span> <span class='ocrx_word' id='word_1_201' title='bbox 1466 2643 1737 2715; x_wconf 86' lang='lat' dir='ltr'><strong><em>Stephani</em></strong></span> <span class='ocrx_word' id='word_1_202' title='bbox 1759 2643 2073 2698; x_wconf 84' lang='lat' dir='ltr'><strong><em>subsidium</em></strong></span> 
     </span>
    </p>
   </div>
   <div class='ocr_carea' id='block_1_28' title="bbox 375 2731 2076 2791">
    <p class='ocr_par' dir='ltr' id='par_1_28' title="bbox 375 2731 2076 2791">
     <span class='ocr_line' id='line_1_28' title="bbox 375 2731 2076 2791; baseline -0.001 -2"><span class='ocrx_word' id='word_1_203' title='bbox 375 2734 484 2791; x_wconf 87' lang='lat' dir='ltr'><strong><em>sibi</em></strong></span> <span class='ocrx_word' id='word_1_204' title='bbox 528 2732 823 2790; x_wconf 85' lang='lat' dir='ltr'><strong><em>adfuisset.</em></strong></span> <span class='ocrx_word' id='word_1_205' title='bbox 866 2732 1167 2788; x_wconf 83' lang='lat' dir='ltr'><strong><em>Enimvero</em></strong></span> <span class='ocrx_word' id='word_1_206' title='bbox 1213 2732 1578 2788; x_wconf 88' lang='lat' dir='ltr'><strong><em>observatum</em></strong></span> <span class='ocrx_word' id='word_1_207' title='bbox 1614 2750 1648 2787; x_wconf 92' lang='lat' dir='ltr'><strong><em>a</em></strong></span> <span class='ocrx_word' id='word_1_208' title='bbox 1685 2731 1923 2787; x_wconf 81' lang='lat' dir='ltr'><strong><em>Paulino</em></strong></span> <span class='ocrx_word' id='word_1_209' title='bbox 1968 2732 2076 2788; x_wconf 78' lang='lat' dir='ltr'><strong><em>fuit</em></strong></span> 
     </span>
    </p>
   </div>
   <div class='ocr_carea' id='block_1_29' title="bbox 373 2820 2073 2893">
    <p class='ocr_par' dir='ltr' id='par_1_29' title="bbox 373 2820 2073 2893">
     <span class='ocr_line' id='line_1_29' title="bbox 373 2820 2073 2893; baseline -0.003 -14"><span class='ocrx_word' id='word_1_210' title='bbox 373 2824 459 2892; x_wconf 87' lang='lat' dir='ltr'><strong><em>(In</em></strong></span> <span class='ocrx_word' id='word_1_211' title='bbox 496 2825 622 2879; x_wconf 83' lang='lat' dir='ltr'><strong><em>Vita</em></strong></span> <span class='ocrx_word' id='word_1_212' title='bbox 652 2822 830 2877; x_wconf 84' lang='lat' dir='ltr'><strong><em>sancti</em></strong></span> <span class='ocrx_word' id='word_1_213' title='bbox 851 2822 1150 2889; x_wconf 84' lang='lat' dir='ltr'><strong><em>Ambrosii,</em></strong></span> <span class='ocrx_word' id='word_1_214' title='bbox 1182 2837 1240 2876; x_wconf 91' lang='lat' dir='ltr'><strong><em>n.</em></strong></span> <span class='ocrx_word' id='word_1_215' title='bbox 1274 2821 1382 2891; x_wconf 88' lang='lat'><strong><em>38),</em></strong></span> <span class='ocrx_word' id='word_1_216' title='bbox 1410 2820 1502 2876; x_wconf 90' lang='lat' dir='ltr'><strong><em>die</em></strong></span> <span class='ocrx_word' id='word_1_217' title='bbox 1532 2821 1774 2890; x_wconf 86' lang='lat' dir='ltr'><strong><em>sabbati,</em></strong></span> <span class='ocrx_word' id='word_1_218' title='bbox 1799 2836 1913 2893; x_wconf 89' lang='lat' dir='ltr'><strong><em>quo</em></strong></span> <span class='ocrx_word' id='word_1_219' title='bbox 1941 2836 2073 2877; x_wconf 89' lang='lat' dir='ltr'><strong><em>san-</em></strong></span> 
     </span>
    </p>
   </div>
   <div class='ocr_carea' id='block_1_30' title="bbox 371 2909 2075 2983">
    <p class='ocr_par' dir='ltr' id='par_1_30' title="bbox 371 2909 2075 2983">
     <span class='ocr_line' id='line_1_30' title="bbox 371 2909 2075 2983; baseline -0.002 -16"><span class='ocrx_word' id='word_1_220' title='bbox 371 2916 494 2967; x_wconf 87' lang='lat' dir='ltr'><strong><em>ctus</em></strong></span> <span class='ocrx_word' id='word_1_221' title='bbox 537 2909 872 2966; x_wconf 90' lang='lat' dir='ltr'><strong><em>Ambrosius</em></strong></span> <span class='ocrx_word' id='word_1_222' title='bbox 909 2909 1177 2981; x_wconf 77' lang='lat' dir='ltr'><strong><em>migravit</em></strong></span> <span class='ocrx_word' id='word_1_223' title='bbox 1217 2909 1289 2964; x_wconf 91' lang='lat' dir='ltr'><strong><em>ad</em></strong></span> <span class='ocrx_word' id='word_1_224' title='bbox 1332 2925 1589 2981; x_wconf 88' lang='lat' dir='ltr'><strong><em>superos,</em></strong></span> <span class='ocrx_word' id='word_1_225' title='bbox 1614 2910 1896 2965; x_wconf 89' lang='lat' dir='ltr'><strong><em>obeundis</em></strong></span> <span class='ocrx_word' id='word_1_226' title='bbox 1934 2911 2075 2983; x_wconf 89' lang='lat' dir='ltr'><strong><em>Bap-</em></strong></span> 
     </span>
    </p>
   </div>
   <div class='ocr_carea' id='block_1_31' title="bbox 369 2998 2068 3071">
    <p class='ocr_par' dir='ltr' id='par_1_31' title="bbox 369 2998 2068 3071">
     <span class='ocr_line' id='line_1_31' title="bbox 369 2998 2068 3071; baseline -0.002 -15"><span class='ocrx_word' id='word_1_227' title='bbox 369 3000 525 3056; x_wconf 89' lang='lat' dir='ltr'><strong><em>tismi</em></strong></span> <span class='ocrx_word' id='word_1_228' title='bbox 538 2998 900 3067; x_wconf 88' lang='lat' dir='ltr'><strong><em>ceremoniis,</em></strong></span> <span class='ocrx_word' id='word_1_229' title='bbox 916 3015 1057 3071; x_wconf 90' lang='lat' dir='ltr'><strong><em>quas</em></strong></span> <span class='ocrx_word' id='word_1_230' title='bbox 1081 2999 1202 3070; x_wconf 92' lang='lat' dir='ltr'><strong><em>ipse</em></strong></span> <span class='ocrx_word' id='word_1_231' title='bbox 1225 3014 1496 3071; x_wconf 85' lang='lat' dir='ltr'><strong><em>peragere</em></strong></span> <span class='ocrx_word' id='word_1_232' title='bbox 1508 2998 1663 3054; x_wconf 87' lang='lat' dir='ltr'><strong><em>solus</em></strong></span> <span class='ocrx_word' id='word_1_233' title='bbox 1677 3002 2068 3065; x_wconf 84' lang='lat' dir='ltr'><strong><em>consueverat,</em></strong></span> 
     </span>
    </p>
   </div>
   <div class='ocr_carea' id='block_1_32' title="bbox 370 3087 2073 3162">
    <p class='ocr_par' dir='ltr' id='par_1_32' title="bbox 370 3087 2073 3162">
     <span class='ocr_line' id='line_1_32' title="bbox 370 3087 2073 3162; baseline -0.002 -17"><span class='ocrx_word' id='word_1_234' title='bbox 370 3089 459 3145; x_wconf 87' lang='lat' dir='ltr'><strong><em>vix</em></strong></span> <span class='ocrx_word' id='word_1_235' title='bbox 509 3090 766 3162; x_wconf 90' lang='lat' dir='ltr'><strong><em>quinque</em></strong></span> <span class='ocrx_word' id='word_1_236' title='bbox 795 3088 1090 3160; x_wconf 87' lang='lat' dir='ltr'><strong><em>episcopos</em></strong></span> <span class='ocrx_word' id='word_1_237' title='bbox 1119 3087 1428 3142; x_wconf 75' lang='lat' dir='ltr'><strong><em>suffecisse.</em></strong></span> <span class='ocrx_word' id='word_1_238' title='bbox 1465 3089 1705 3143; x_wconf 90' lang='lat' dir='ltr'><strong><em>Paulum</em></strong></span> <span class='ocrx_word' id='word_1_239' title='bbox 1751 3087 2073 3160; x_wconf 82' lang='lat' dir='ltr'><strong><em>Augustino</em></strong></span> 
     </span>
    </p>
   </div>
   <div class='ocr_carea' id='block_1_33' title="bbox 373 3176 2070 3249">
    <p class='ocr_par' dir='ltr' id='par_1_33' title="bbox 373 3176 2070 3249">
     <span class='ocr_line' id='line_1_33' title="bbox 373 3176 2070 3249; baseline -0.001 -15"><span class='ocrx_word' id='word_1_240' title='bbox 373 3178 653 3233; x_wconf 86' lang='lat' dir='ltr'><strong><em>adstitisse</em></strong></span> <span class='ocrx_word' id='word_1_241' title='bbox 681 3177 1010 3249; x_wconf 89' lang='lat' dir='ltr'><strong><em>proximum</em></strong></span> <span class='ocrx_word' id='word_1_242' title='bbox 1038 3191 1105 3231; x_wconf 89' lang='lat' dir='ltr'><strong><em>ex</em></strong></span> <span class='ocrx_word' id='word_1_243' title='bbox 1135 3176 1243 3231; x_wconf 88' lang='lat' dir='ltr'><strong><em>hoc</em></strong></span> <span class='ocrx_word' id='word_1_244' title='bbox 1287 3191 1553 3231; x_wconf 90' lang='lat' dir='ltr'><strong><em>sermone</em></strong></span> <span class='ocrx_word' id='word_1_245' title='bbox 1582 3176 1714 3230; x_wconf 92' lang='lat' dir='ltr'><strong><em>licet</em></strong></span> <span class='ocrx_word' id='word_1_246' title='bbox 1740 3176 2025 3248; x_wconf 88' lang='lat' dir='ltr'><strong><em>intelligas</em></strong></span> <span class='ocrx_word' id='word_1_247' title='bbox 2057 3193 2070 3232; x_wconf 88' lang='lat'><strong>:</strong></span> 
     </span>
    </p>
   </div>
   <div class='ocr_carea' id='block_1_34' title="bbox 372 3262 2073 3337">
    <p class='ocr_par' dir='ltr' id='par_1_34' title="bbox 372 3262 2073 3337">
     <span class='ocr_line' id='line_1_34' title="bbox 372 3262 2073 3337; baseline -0.001 -17"><span class='ocrx_word' id='word_1_248' title='bbox 372 3264 838 3337; x_wconf 85' lang='lat' dir='ltr'><strong><em>quandoquidem</em></strong></span> <span class='ocrx_word' id='word_1_249' title='bbox 901 3262 994 3318; x_wconf 89' lang='lat' dir='ltr'><strong><em>hic</em></strong></span> <span class='ocrx_word' id='word_1_250' title='bbox 1054 3262 1219 3317; x_wconf 92' lang='lat' dir='ltr'><strong><em>illum</em></strong></span> <span class='ocrx_word' id='word_1_251' title='bbox 1265 3263 1481 3334; x_wconf 87' lang='lat' dir='ltr'><strong><em>populo</em></strong></span> <span class='ocrx_word' id='word_1_252' title='bbox 1529 3263 1796 3333; x_wconf 90' lang='lat' dir='ltr'><strong><em>ostendit,</em></strong></span> <span class='ocrx_word' id='word_1_253' title='bbox 1838 3264 2073 3337; x_wconf 87' lang='lat' dir='ltr'><strong><em>ejusque</em></strong></span> 
     </span>
    </p>
   </div>
   <div class='ocr_carea' id='block_1_35' title="bbox 371 3350 2075 3426">
    <p class='ocr_par' dir='ltr' id='par_1_35' title="bbox 371 3350 2075 3426">
     <span class='ocr_line' id='line_1_35' title="bbox 371 3350 2075 3426; baseline 0.001 -18"><span class='ocrx_word' id='word_1_254' title='bbox 371 3357 740 3425; x_wconf 88' lang='lat' dir='ltr'><strong><em>conspectum</em></strong></span> <span class='ocrx_word' id='word_1_255' title='bbox 779 3353 903 3407; x_wconf 92' lang='lat' dir='ltr'><strong><em>loco</em></strong></span> <span class='ocrx_word' id='word_1_256' title='bbox 945 3367 1065 3405; x_wconf 90' lang='lat' dir='ltr'><strong><em>esse</em></strong></span> <span class='ocrx_word' id='word_1_257' title='bbox 1113 3350 1249 3405; x_wconf 89' lang='lat' dir='ltr'><strong><em>dicit</em></strong></span> <span class='ocrx_word' id='word_1_258' title='bbox 1296 3367 1494 3406; x_wconf 89' lang='lat' dir='ltr'><strong><em>eorum</em></strong></span> <span class='ocrx_word' id='word_1_259' title='bbox 1543 3352 1890 3421; x_wconf 88' lang='lat' dir='ltr'><strong><em>libellorum,</em></strong></span> <span class='ocrx_word' id='word_1_260' title='bbox 1932 3370 2075 3426; x_wconf 89' lang='lat' dir='ltr'><strong><em>quos</em></strong></span> 
     </span>
    </p>
   </div>
   <div class='ocr_carea' id='block_1_36' title="bbox 373 3440 2075 3515">
    <p class='ocr_par' dir='ltr' id='par_1_36' title="bbox 373 3440 2075 3515">
     <span class='ocr_line' id='line_1_36' title="bbox 373 3440 2075 3515; baseline 0.001 -17"><span class='ocrx_word' id='word_1_261' title='bbox 373 3444 470 3498; x_wconf 85' lang='lat' dir='ltr'><strong><em>alii</em></strong></span> <span class='ocrx_word' id='word_1_262' title='bbox 499 3443 568 3498; x_wconf 91' lang='lat' dir='ltr'><strong><em>ad</em></strong></span> <span class='ocrx_word' id='word_1_263' title='bbox 616 3441 1005 3515; x_wconf 90' lang='lat' dir='ltr'><strong><em>pervulganda</em></strong></span> <span class='ocrx_word' id='word_1_264' title='bbox 1042 3440 1195 3497; x_wconf 90' lang='lat' dir='ltr'><strong><em>beati</em></strong></span> <span class='ocrx_word' id='word_1_265' title='bbox 1225 3440 1497 3514; x_wconf 88' lang='lat' dir='ltr'><strong><em>Stephani</em></strong></span> <span class='ocrx_word' id='word_1_266' title='bbox 1539 3444 1804 3515; x_wconf 88' lang='lat' dir='ltr'><strong><em>precibus</em></strong></span> <span class='ocrx_word' id='word_1_267' title='bbox 1842 3444 2075 3500; x_wconf 84' lang='lat' dir='ltr'><strong><em>obtenta</em></strong></span> 
     </span>
    </p>
   </div>
   <div class='ocr_carea' id='block_1_37' title="bbox 370 3516 2076 3603">
    <p class='ocr_par' dir='ltr' id='par_1_37' title="bbox 370 3516 2076 3603">
     <span class='ocr_line' id='line_1_37' title="bbox 370 3516 2076 3603; baseline 0.001 -16"><span class='ocrx_word' id='word_1_268' title='bbox 370 3530 649 3587; x_wconf 88' lang='lat' dir='ltr'><strong><em>beneﬁcia</em></strong></span> <span class='ocrx_word' id='word_1_269' title='bbox 678 3530 997 3586; x_wconf 86' lang='lat' dir='ltr'><strong><em>tradebant.</em></strong></span> <span class='ocrx_word' id='word_1_270' title='bbox 1024 3531 1089 3585; x_wconf 86' lang='lat' dir='ltr'><strong><em>Et</em></strong></span> <span class='ocrx_word' id='word_1_271' title='bbox 1120 3545 1253 3584; x_wconf 87' lang='lat' dir='ltr'><strong><em>sane</em></strong></span> <span class='ocrx_word' id='word_1_272' title='bbox 1279 3516 1534 3602; x_wconf 72' lang='lat' dir='ltr'><strong><em>apparet,</em></strong></span> <span class='ocrx_word' id='word_1_273' title='bbox 1565 3531 1947 3603; x_wconf 81' lang='lat' dir='ltr'><strong><em>Augustinum</em></strong></span> <span class='ocrx_word' id='word_1_274' title='bbox 1976 3534 2076 3589; x_wconf 84' lang='lat' dir='ltr'><strong><em>illa</em></strong></span> 
     </span>
    </p>
   </div>
   <div class='ocr_carea' id='block_1_38' title="bbox 372 3616 2072 3692">
    <p class='ocr_par' dir='ltr' id='par_1_38' title="bbox 372 3616 2072 3692">
     <span class='ocr_line' id='line_1_38' title="bbox 372 3616 2072 3692; baseline 0.002 -19"><span class='ocrx_word' id='word_1_275' title='bbox 372 3635 435 3674; x_wconf 90' lang='lat' dir='ltr'><strong><em>re</em></strong></span> <span class='ocrx_word' id='word_1_276' title='bbox 464 3620 823 3685; x_wconf 91' lang='lat' dir='ltr'><strong><em>contentum,</em></strong></span> <span class='ocrx_word' id='word_1_277' title='bbox 844 3616 1105 3673; x_wconf 91' lang='lat' dir='ltr'><strong><em>libellum</em></strong></span> <span class='ocrx_word' id='word_1_278' title='bbox 1131 3633 1165 3671; x_wconf 89' lang='lat' dir='ltr'><strong><em>a</em></strong></span> <span class='ocrx_word' id='word_1_279' title='bbox 1191 3618 1368 3673; x_wconf 91' lang='lat' dir='ltr'><strong><em>Paulo</em></strong></span> <span class='ocrx_word' id='word_1_280' title='bbox 1391 3619 1726 3691; x_wconf 89' lang='lat' dir='ltr'><strong><em>neutiquam</em></strong></span> <span class='ocrx_word' id='word_1_281' title='bbox 1755 3620 2072 3692; x_wconf 90' lang='lat' dir='ltr'><strong><em>petiturum</em></strong></span> 
     </span>
    </p>
   </div>
   <div class='ocr_carea' id='block_1_39' title="bbox 372 3706 2073 3781">
    <p class='ocr_par' dir='ltr' id='par_1_39' title="bbox 372 3706 2073 3781">
     <span class='ocr_line' id='line_1_39' title="bbox 372 3706 2073 3781; baseline 0.001 -18"><span class='ocrx_word' id='word_1_282' title='bbox 372 3706 545 3763; x_wconf 90' lang='lat' dir='ltr'><strong><em>fuisse</em></strong></span> <span class='ocrx_word' id='word_1_283' title='bbox 575 3707 771 3778; x_wconf 86' lang='lat' dir='ltr'><strong><em>(Serm.</em></strong></span> <span class='ocrx_word' id='word_1_284' title='bbox 804 3706 963 3778; x_wconf 89' lang='lat' dir='ltr'><strong><em>32l);</em></strong></span> <span class='ocrx_word' id='word_1_285' title='bbox 993 3710 1050 3761; x_wconf 90' lang='lat' dir='ltr'><strong><em>at</em></strong></span> <span class='ocrx_word' id='word_1_286' title='bbox 1078 3720 1207 3760; x_wconf 90' lang='lat' dir='ltr'><strong><em>cum</em></strong></span> <span class='ocrx_word' id='word_1_287' title='bbox 1234 3706 1501 3762; x_wconf 90' lang='lat' dir='ltr'><strong><em>eumdem</em></strong></span> <span class='ocrx_word' id='word_1_288' title='bbox 1534 3707 1766 3763; x_wconf 92' lang='lat' dir='ltr'><strong><em>domum</em></strong></span> <span class='ocrx_word' id='word_1_289' title='bbox 1799 3709 1868 3765; x_wconf 91' lang='lat' dir='ltr'><strong><em>ad</em></strong></span> <span class='ocrx_word' id='word_1_290' title='bbox 1898 3726 2073 3781; x_wconf 88' lang='lat' dir='ltr'><strong><em>pran-</em></strong></span> 
     </span>
    </p>
   </div>
   <div class='ocr_carea' id='block_1_40' title="bbox 372 3794 2073 3862">
    <p class='ocr_par' dir='ltr' id='par_1_40' title="bbox 372 3794 2073 3862">
     <span class='ocr_line' id='line_1_40' title="bbox 372 3794 2073 3862; baseline 0.002 -11"><span class='ocrx_word' id='word_1_291' title='bbox 372 3794 533 3851; x_wconf 90' lang='lat' dir='ltr'><strong><em>dium</em></strong></span> <span class='ocrx_word' id='word_1_292' title='bbox 563 3794 907 3862; x_wconf 81' lang='lat' dir='ltr'><strong><em>adduxisset,</em></strong></span> <span class='ocrx_word' id='word_1_293' title='bbox 939 3810 1160 3850; x_wconf 92' lang='lat' dir='ltr'><strong><em>necnon</em></strong></span> <span class='ocrx_word' id='word_1_294' title='bbox 1202 3799 1461 3851; x_wconf 88' lang='lat' dir='ltr'><strong><em>accurate</em></strong></span> <span class='ocrx_word' id='word_1_295' title='bbox 1502 3812 1731 3852; x_wconf 91' lang='lat' dir='ltr'><strong><em>omnem</em></strong></span> <span class='ocrx_word' id='word_1_296' title='bbox 1763 3798 1924 3854; x_wconf 88' lang='lat' dir='ltr'><strong><em>illam</em></strong></span> <span class='ocrx_word' id='word_1_297' title='bbox 1956 3816 2073 3854; x_wconf 72' lang='lat' dir='ltr'><strong><em>suae.</em></strong></span> 
     </span>
    </p>
   </div>
   <div class='ocr_carea' id='block_1_41' title="bbox 371 3883 2073 3957">
    <p class='ocr_par' dir='ltr' id='par_1_41' title="bbox 371 3883 2073 3957">
     <span class='ocr_line' id='line_1_41' title="bbox 371 3883 2073 3957; baseline 0.002 -18"><span class='ocrx_word' id='word_1_298' title='bbox 371 3900 435 3939; x_wconf 90' lang='lat' dir='ltr'><strong><em>ac</em></strong></span> <span class='ocrx_word' id='word_1_299' title='bbox 462 3890 733 3939; x_wconf 67' lang='lat' dir='ltr'><strong><em>maternae</em></strong></span> <span class='ocrx_word' id='word_1_300' title='bbox 755 3883 1139 3957; x_wconf 62' lang='lat' dir='ltr'><strong><em>fraternasque</em></strong></span> <span class='ocrx_word' id='word_1_301' title='bbox 1159 3883 1499 3941; x_wconf 88' lang='lat' dir='ltr'><strong><em>calamitatis</em></strong></span> <span class='ocrx_word' id='word_1_302' title='bbox 1518 3885 1818 3942; x_wconf 88' lang='lat' dir='ltr'><strong><em>historiam</em></strong></span> <span class='ocrx_word' id='word_1_303' title='bbox 1838 3904 2073 3943; x_wconf 87' lang='lat' dir='ltr'><strong><em>narrare</em></strong></span> 
     </span>
    </p>
   </div>
   <div class='ocr_carea' id='block_1_42' title="bbox 365 3974 2077 4047">
    <p class='ocr_par' dir='ltr' id='par_1_42' title="bbox 365 3974 2077 4047">
     <span class='ocr_line' id='line_1_42' title="bbox 365 3974 2077 4047; baseline 0.002 -17"><span class='ocrx_word' id='word_1_304' title='bbox 365 3974 645 4046; x_wconf 90' lang='lat' dir='ltr'><strong><em>jussisset,</em></strong></span> <span class='ocrx_word' id='word_1_305' title='bbox 673 3979 831 4030; x_wconf 89' lang='lat' dir='ltr'><strong><em>ratus</em></strong></span> <span class='ocrx_word' id='word_1_306' title='bbox 880 3978 966 4029; x_wconf 91' lang='lat' dir='ltr'><strong><em>est</em></strong></span> <span class='ocrx_word' id='word_1_307' title='bbox 1004 3989 1133 4029; x_wconf 93' lang='lat' dir='ltr'><strong><em>eam</em></strong></span> <span class='ocrx_word' id='word_1_308' title='bbox 1171 3974 1387 4045; x_wconf 89' lang='lat' dir='ltr'><strong><em>populo</em></strong></span> <span class='ocrx_word' id='word_1_309' title='bbox 1430 3975 1640 4046; x_wconf 83' lang='lat' dir='ltr'><strong><em>exponi</em></strong></span> <span class='ocrx_word' id='word_1_310' title='bbox 1679 3981 1967 4047; x_wconf 89' lang='lat' dir='ltr'><strong><em>oportere,</em></strong></span> <span class='ocrx_word' id='word_1_311' title='bbox 2013 3982 2077 4033; x_wconf 94' lang='lat' dir='ltr'><strong><em>ut</em></strong></span> 
     </span>
    </p>
   </div>
   <div class='ocr_carea' id='block_1_43' title="bbox 369 4062 2075 4139">
    <p class='ocr_par' dir='ltr' id='par_1_43' title="bbox 369 4062 2075 4139">
     <span class='ocr_line' id='line_1_43' title="bbox 369 4062 2075 4139; baseline 0.002 -21"><span class='ocrx_word' id='word_1_312' title='bbox 369 4062 505 4118; x_wconf 92' lang='lat' dir='ltr'><strong><em>inde</em></strong></span> <span class='ocrx_word' id='word_1_313' title='bbox 540 4063 959 4135; x_wconf 88' lang='lat' dir='ltr'><strong><em>providentiam</em></strong></span> <span class='ocrx_word' id='word_1_314' title='bbox 998 4062 1250 4118; x_wconf 88' lang='lat' dir='ltr'><strong><em>divinam</em></strong></span> <span class='ocrx_word' id='word_1_315' title='bbox 1289 4063 1473 4135; x_wconf 89' lang='lat' dir='ltr'><strong><em>magis</em></strong></span> <span class='ocrx_word' id='word_1_316' title='bbox 1501 4064 1873 4135; x_wconf 89' lang='lat' dir='ltr'><strong><em>suspicerent,</em></strong></span> <span class='ocrx_word' id='word_1_317' title='bbox 1906 4071 2075 4139; x_wconf 90' lang='lat' dir='ltr'><strong><em>atque</em></strong></span> 
     </span>
    </p>
   </div>
   <div class='ocr_carea' id='block_1_44' title="bbox 370 4150 2073 4227">
    <p class='ocr_par' dir='ltr' id='par_1_44' title="bbox 370 4150 2073 4227">
     <span class='ocr_line' id='line_1_44' title="bbox 370 4150 2073 4227; baseline 0.003 -21"><span class='ocrx_word' id='word_1_318' title='bbox 370 4151 431 4206; x_wconf 90' lang='lat' dir='ltr'><strong><em>in</em></strong></span> <span class='ocrx_word' id='word_1_319' title='bbox 475 4156 798 4207; x_wconf 90' lang='lat' dir='ltr'><strong><em>sanctorum</em></strong></span> <span class='ocrx_word' id='word_1_320' title='bbox 828 4167 1063 4206; x_wconf 89' lang='lat' dir='ltr'><strong><em>suorum</em></strong></span> <span class='ocrx_word' id='word_1_321' title='bbox 1108 4150 1401 4206; x_wconf 90' lang='lat' dir='ltr'><strong><em>memoriis</em></strong></span> <span class='ocrx_word' id='word_1_322' title='bbox 1429 4152 1829 4209; x_wconf 88' lang='lat' dir='ltr'><strong><em>admirabilem</em></strong></span> <span class='ocrx_word' id='word_1_323' title='bbox 1857 4156 2073 4227; x_wconf 60' lang='lat' dir='ltr'><strong><em>praedi-</em></strong></span> 
     </span>
    </p>
   </div>
   <div class='ocr_carea' id='block_1_45' title="bbox 371 4239 2074 4312">
    <p class='ocr_par' dir='ltr' id='par_1_45' title="bbox 371 4239 2074 4312">
     <span class='ocr_line' id='line_1_45' title="bbox 371 4239 2074 4312; baseline 0.003 -17"><span class='ocrx_word' id='word_1_324' title='bbox 371 4244 586 4296; x_wconf 87' lang='lat' dir='ltr'><strong><em>carent.</em></strong></span> <span class='ocrx_word' id='word_1_325' title='bbox 620 4240 892 4305; x_wconf 88' lang='lat' dir='ltr'><strong><em>Quocirca</em></strong></span> <span class='ocrx_word' id='word_1_326' title='bbox 920 4239 1197 4311; x_wconf 87' lang='lat' dir='ltr'><strong><em>postridie</em></strong></span> <span class='ocrx_word' id='word_1_327' title='bbox 1223 4240 1347 4312; x_wconf 89' lang='lat' dir='ltr'><strong><em>ejus</em></strong></span> <span class='ocrx_word' id='word_1_328' title='bbox 1378 4240 1516 4309; x_wconf 89' lang='lat' dir='ltr'><strong><em>diei,</em></strong></span> <span class='ocrx_word' id='word_1_329' title='bbox 1547 4257 1678 4297; x_wconf 93' lang='lat' dir='ltr'><strong><em>cum</em></strong></span> <span class='ocrx_word' id='word_1_330' title='bbox 1708 4243 1880 4298; x_wconf 90' lang='lat' dir='ltr'><strong><em>verba</em></strong></span> <span class='ocrx_word' id='word_1_331' title='bbox 1908 4245 2074 4301; x_wconf 90' lang='lat' dir='ltr'><strong><em>solito</em></strong></span> 
     </span>
    </p>
   </div>
   <div class='ocr_carea' id='block_1_46' title="bbox 373 4327 2073 4403">
    <p class='ocr_par' dir='ltr' id='par_1_46' title="bbox 373 4327 2073 4403">
     <span class='ocr_line' id='line_1_46' title="bbox 373 4327 2073 4403; baseline 0.004 -20"><span class='ocrx_word' id='word_1_332' title='bbox 373 4343 477 4383; x_wconf 91' lang='lat' dir='ltr'><strong><em>suo</em></strong></span> <span class='ocrx_word' id='word_1_333' title='bbox 491 4344 652 4383; x_wconf 88' lang='lat' dir='ltr'><strong><em>more</em></strong></span> <span class='ocrx_word' id='word_1_334' title='bbox 671 4327 919 4398; x_wconf 88' lang='lat' dir='ltr'><strong><em>fecisset,</em></strong></span> <span class='ocrx_word' id='word_1_335' title='bbox 934 4327 1374 4396; x_wconf 89' lang='lat' dir='ltr'><strong><em>oratiunculam,</em></strong></span> <span class='ocrx_word' id='word_1_336' title='bbox 1393 4344 1522 4401; x_wconf 66' lang='lat' dir='ltr'><strong><em>quae</em></strong></span> <span class='ocrx_word' id='word_1_337' title='bbox 1545 4330 1861 4387; x_wconf 87' lang='lat' dir='ltr'><strong><em>etiamnum</em></strong></span> <span class='ocrx_word' id='word_1_338' title='bbox 1875 4337 2073 4403; x_wconf 85' lang='lat' dir='ltr'><strong><em>exstat,</em></strong></span> 
     </span>
    </p>
   </div>
   <div class='ocr_carea' id='block_1_47' title="bbox 371 4415 2076 4489">
    <p class='ocr_par' dir='ltr' id='par_1_47' title="bbox 371 4415 2076 4489">
     <span class='ocr_line' id='line_1_47' title="bbox 371 4415 2076 4489; baseline 0.003 -17"><span class='ocrx_word' id='word_1_339' title='bbox 371 4416 601 4484; x_wconf 86' lang='lat' dir='ltr'><strong><em>habuit;</em></strong></span> <span class='ocrx_word' id='word_1_340' title='bbox 631 4432 746 4488; x_wconf 90' lang='lat' dir='ltr'><strong><em>qua</em></strong></span> <span class='ocrx_word' id='word_1_341' title='bbox 773 4415 1059 4487; x_wconf 85' lang='lat' dir='ltr'><strong><em>pollicitus</em></strong></span> <span class='ocrx_word' id='word_1_342' title='bbox 1103 4420 1207 4486; x_wconf 90' lang='lat' dir='ltr'><strong><em>est,</em></strong></span> <span class='ocrx_word' id='word_1_343' title='bbox 1239 4422 1567 4474; x_wconf 87' lang='lat' dir='ltr'><strong><em>curaturum</em></strong></span> <span class='ocrx_word' id='word_1_344' title='bbox 1612 4436 1692 4489; x_wconf 91' lang='lat' dir='ltr'><strong><em>se,</em></strong></span> <span class='ocrx_word' id='word_1_345' title='bbox 1724 4424 1789 4476; x_wconf 91' lang='lat' dir='ltr'><strong><em>ut</em></strong></span> <span class='ocrx_word' id='word_1_346' title='bbox 1825 4422 2076 4477; x_wconf 88' lang='lat' dir='ltr'><strong><em>narratio</em></strong></span> 
     </span>
    </p>
   </div>
   <div class='ocr_carea' id='block_1_48' title="bbox 371 4505 2079 4582">
    <p class='ocr_par' dir='ltr' id='par_1_48' title="bbox 371 4505 2079 4582">
     <span class='ocr_line' id='line_1_48' title="bbox 371 4505 2079 4582; baseline 0.004 -21"><span class='ocrx_word' id='word_1_347' title='bbox 371 4505 496 4561; x_wconf 53' lang='lat' dir='ltr'><strong><em>haec</em></strong></span> <span class='ocrx_word' id='word_1_348' title='bbox 535 4505 739 4561; x_wconf 86' lang='lat' dir='ltr'><strong><em>litteris</em></strong></span> <span class='ocrx_word' id='word_1_349' title='bbox 776 4508 1086 4574; x_wconf 90' lang='lat' dir='ltr'><strong><em>texeretnr,</em></strong></span> <span class='ocrx_word' id='word_1_350' title='bbox 1118 4522 1183 4561; x_wconf 90' lang='lat' dir='ltr'><strong><em>ac</em></strong></span> <span class='ocrx_word' id='word_1_351' title='bbox 1224 4505 1454 4578; x_wconf 80' lang='lat' dir='ltr'><strong><em>postera</em></strong></span> <span class='ocrx_word' id='word_1_352' title='bbox 1482 4507 1575 4563; x_wconf 91' lang='lat' dir='ltr'><strong><em>die</em></strong></span> <span class='ocrx_word' id='word_1_353' title='bbox 1614 4508 1950 4565; x_wconf 86' lang='lat' dir='ltr'><strong><em>recitaretur</em></strong></span> <span class='ocrx_word' id='word_1_354' title='bbox 1988 4514 2079 4582; x_wconf 89' lang='lat' dir='ltr'><strong><em>(De</em></strong></span> 
     </span>
    </p>
   </div>
   <div class='ocr_carea' id='block_1_49' title="bbox 374 4594 1479 4668">
    <p class='ocr_par' dir='ltr' id='par_1_49' title="bbox 374 4594 1479 4668">
     <span class='ocr_line' id='line_1_49' title="bbox 374 4594 1479 4668; baseline 0.003 -20"><span class='ocrx_word' id='word_1_355' title='bbox 374 4595 619 4649; x_wconf 80' lang='lat' dir='ltr'><strong><em>Civitate</em></strong></span> <span class='ocrx_word' id='word_1_356' title='bbox 646 4596 762 4661; x_wconf 90' lang='lat' dir='ltr'><strong><em>Dei,</em></strong></span> <span class='ocrx_word' id='word_1_357' title='bbox 792 4594 885 4649; x_wconf 90' lang='lat' dir='ltr'><strong><em>lib.</em></strong></span> <span class='ocrx_word' id='word_1_358' title='bbox 919 4596 1009 4663; x_wconf 94' lang='lat'><strong><em>22,</em></strong></span> <span class='ocrx_word' id='word_1_359' title='bbox 1043 4610 1165 4666; x_wconf 87' lang='lat' dir='ltr'><strong><em>cap.</em></strong></span> <span class='ocrx_word' id='word_1_360' title='bbox 1197 4598 1249 4665; x_wconf 91' lang='lat'><strong><em>8,</em></strong></span> <span class='ocrx_word' id='word_1_361' title='bbox 1281 4612 1334 4651; x_wconf 84' lang='grc' dir='ltr'><strong><em>η.</em></strong></span> <span class='ocrx_word' id='word_1_362' title='bbox 1368 4596 1479 4668; x_wconf 90' lang='grc'><strong>22).</strong></span> 
     </span>
    </p>
   </div>
   <div class='ocr_carea' id='block_1_50' title="bbox 442 4682 2076 4755">
    <p class='ocr_par' dir='ltr' id='par_1_50' title="bbox 442 4682 2076 4755">
     <span class='ocr_line' id='line_1_50' title="bbox 442 4682 2076 4755; baseline 0.005 -19"><span class='ocrx_word' id='word_1_363' title='bbox 442 4686 497 4736; x_wconf 91' lang='lat'><strong><em>7.</em></strong></span> <span class='ocrx_word' id='word_1_364' title='bbox 533 4682 697 4737; x_wconf 85' lang='lat' dir='ltr'><strong><em>Feria</em></strong></span> <span class='ocrx_word' id='word_1_365' title='bbox 728 4682 899 4738; x_wconf 90' lang='lat' dir='ltr'><strong><em>tertia</em></strong></span> <span class='ocrx_word' id='word_1_366' title='bbox 925 4687 1053 4755; x_wconf 90' lang='lat' dir='ltr'><strong><em>post</em></strong></span> <span class='ocrx_word' id='word_1_367' title='bbox 1080 4685 1293 4739; x_wconf 88' lang='lat' dir='ltr'><strong><em>Pascha</em></strong></span> <span class='ocrx_word' id='word_1_368' title='bbox 1330 4701 1637 4741; x_wconf 90' lang='lat' dir='ltr'><strong><em>conscensa</em></strong></span> <span class='ocrx_word' id='word_1_369' title='bbox 1665 4686 1892 4753; x_wconf 83' lang='lat' dir='ltr'><strong><em>exedra,</em></strong></span> <span class='ocrx_word' id='word_1_370' title='bbox 1925 4689 2076 4744; x_wconf 83' lang='lat' dir='ltr'><strong><em>unde</em></strong></span> 
     </span>
    </p>
   </div>
   <div class='ocr_carea' id='block_1_51' title="bbox 374 4770 2073 4848">
    <p class='ocr_par' dir='ltr' id='par_1_51' title="bbox 374 4770 2073 4848">
     <span class='ocr_line' id='line_1_51' title="bbox 374 4770 2073 4848; baseline 0.005 -23"><span class='ocrx_word' id='word_1_371' title='bbox 374 4770 604 4843; x_wconf 90' lang='lat' dir='ltr'><strong><em>plebem</em></strong></span> <span class='ocrx_word' id='word_1_372' title='bbox 620 4786 784 4826; x_wconf 90' lang='lat' dir='ltr'><strong><em>suam</em></strong></span> <span class='ocrx_word' id='word_1_373' title='bbox 802 4771 1217 4845; x_wconf 88' lang='lat' dir='ltr'><strong><em>alloquebatur,</em></strong></span> <span class='ocrx_word' id='word_1_374' title='bbox 1235 4774 1476 4830; x_wconf 90' lang='lat' dir='ltr'><strong><em>Paulum</em></strong></span> <span class='ocrx_word' id='word_1_375' title='bbox 1493 4791 1722 4848; x_wconf 88' lang='lat' dir='ltr'><strong><em>quoque</em></strong></span> <span class='ocrx_word' id='word_1_376' title='bbox 1742 4792 1806 4831; x_wconf 93' lang='lat' dir='ltr'><strong><em>ac</em></strong></span> <span class='ocrx_word' id='word_1_377' title='bbox 1822 4792 2073 4833; x_wconf 87' lang='lat' dir='ltr'><strong><em>sororem</em></strong></span> 
     </span>
    </p>
   </div>
   <div class='ocr_carea' id='block_1_52' title="bbox 374 4859 2076 4940">
    <p class='ocr_par' dir='ltr' id='par_1_52' title="bbox 374 4859 2076 4940">
     <span class='ocr_line' id='line_1_52' title="bbox 374 4859 2076 4940; baseline 0.005 -27"><span class='ocrx_word' id='word_1_378' title='bbox 374 4859 499 4931; x_wconf 90' lang='lat' dir='ltr'><strong><em>ejus</em></strong></span> <span class='ocrx_word' id='word_1_379' title='bbox 546 4859 881 4931; x_wconf 86' lang='lat' dir='ltr'><strong><em>Palladiam,</em></strong></span> <span class='ocrx_word' id='word_1_380' title='bbox 926 4878 1055 4934; x_wconf 66' lang='lat' dir='ltr'><strong><em>quae</em></strong></span> <span class='ocrx_word' id='word_1_381' title='bbox 1098 4864 1347 4919; x_wconf 90' lang='lat' dir='ltr'><strong><em>necdum</em></strong></span> <span class='ocrx_word' id='word_1_382' title='bbox 1416 4864 1719 4921; x_wconf 87' lang='lat' dir='ltr'><strong><em>sanitatem</em></strong></span> <span class='ocrx_word' id='word_1_383' title='bbox 1766 4870 2076 4940; x_wconf 86' lang='lat' dir='ltr'><strong><em>receperat,</em></strong></span> 
     </span>
    </p>
   </div>
   <div class='ocr_carea' id='block_1_53' title="bbox 374 4949 2077 5028">
    <p class='ocr_par' dir='ltr' id='par_1_53' title="bbox 374 4949 2077 5028">
     <span class='ocr_line' id='line_1_53' title="bbox 374 4949 2077 5028; baseline 0.005 -25"><span class='ocrx_word' id='word_1_384' title='bbox 374 4949 633 5020; x_wconf 89' lang='lat' dir='ltr'><strong><em>ejusdem</em></strong></span> <span class='ocrx_word' id='word_1_385' title='bbox 661 4950 910 5021; x_wconf 89' lang='lat' dir='ltr'><strong><em>suggesti</em></strong></span> <span class='ocrx_word' id='word_1_386' title='bbox 942 4952 1169 5022; x_wconf 85' lang='lat' dir='ltr'><strong><em>gradus,</em></strong></span> <span class='ocrx_word' id='word_1_387' title='bbox 1202 4953 1380 5025; x_wconf 90' lang='lat' dir='ltr'><strong><em>petita</em></strong></span> <span class='ocrx_word' id='word_1_388' title='bbox 1422 4954 1585 5025; x_wconf 91' lang='lat' dir='ltr'><strong><em>prius</em></strong></span> <span class='ocrx_word' id='word_1_389' title='bbox 1624 4956 1869 5028; x_wconf 88' lang='lat' dir='ltr'><strong><em>quodam</em></strong></span> <span class='ocrx_word' id='word_1_390' title='bbox 1906 4956 2077 5012; x_wconf 91' lang='lat' dir='ltr'><strong><em>modo</em></strong></span> 
     </span>
    </p>
   </div>
   <div class='ocr_carea' id='block_1_54' title="bbox 373 5037 2078 5111">
    <p class='ocr_par' dir='ltr' id='par_1_54' title="bbox 373 5037 2078 5111">
     <span class='ocr_line' id='line_1_54' title="bbox 373 5037 2078 5111; baseline 0.005 -18"><span class='ocrx_word' id='word_1_391' title='bbox 373 5037 576 5110; x_wconf 88' lang='lat' dir='ltr'><strong><em>populi</em></strong></span> <span class='ocrx_word' id='word_1_392' title='bbox 618 5038 931 5106; x_wconf 89' lang='lat' dir='ltr'><strong><em>voluntate,</em></strong></span> <span class='ocrx_word' id='word_1_393' title='bbox 958 5040 1130 5110; x_wconf 88' lang='lat' dir='ltr'><strong><em>jussit</em></strong></span> <span class='ocrx_word' id='word_1_394' title='bbox 1158 5042 1563 5111; x_wconf 89' lang='lat' dir='ltr'><strong><em>conscendere,</em></strong></span> <span class='ocrx_word' id='word_1_395' title='bbox 1591 5047 1658 5099; x_wconf 88' lang='lat' dir='ltr'><strong><em>ut</em></strong></span> <span class='ocrx_word' id='word_1_396' title='bbox 1686 5044 1951 5100; x_wconf 81' lang='lat' dir='ltr'><strong><em>omnium</em></strong></span> <span class='ocrx_word' id='word_1_397' title='bbox 1980 5046 2078 5101; x_wconf 91' lang='lat' dir='ltr'><strong><em>ob-</em></strong></span> 
     </span>
    </p>
   </div>
   <div class='ocr_carea' id='block_1_55' title="bbox 371 5126 2073 5202">
    <p class='ocr_par' dir='ltr' id='par_1_55' title="bbox 371 5126 2073 5202">
     <span class='ocr_line' id='line_1_55' title="bbox 371 5126 2073 5202; baseline 0.005 -20"><span class='ocrx_word' id='word_1_398' title='bbox 371 5126 590 5182; x_wconf 88' lang='lat' dir='ltr'><strong><em>tutibus</em></strong></span> <span class='ocrx_word' id='word_1_399' title='bbox 635 5126 1121 5199; x_wconf 88' lang='lat' dir='ltr'><strong><em>permitterentur.</em></strong></span> <span class='ocrx_word' id='word_1_400' title='bbox 1167 5131 1507 5201; x_wconf 87' lang='lat' dir='ltr'><strong><em>Intuebatur,</em></strong></span> <span class='ocrx_word' id='word_1_401' title='bbox 1554 5132 1631 5187; x_wconf 89' lang='lat' dir='ltr'><strong><em>ait</em></strong></span> <span class='ocrx_word' id='word_1_402' title='bbox 1686 5133 1782 5187; x_wconf 86' lang='lat' dir='ltr'><strong><em>Vir</em></strong></span> <span class='ocrx_word' id='word_1_403' title='bbox 1825 5139 2073 5202; x_wconf 89' lang='lat' dir='ltr'><strong><em>sanctus,</em></strong></span> 
     </span>
    </p>
   </div>
   <div class='ocr_carea' id='block_1_56' title="bbox 372 5218 2077 5290">
    <p class='ocr_par' dir='ltr' id='par_1_56' title="bbox 372 5218 2077 5290">
     <span class='ocr_line' id='line_1_56' title="bbox 372 5218 2077 5290; baseline 0.004 -19"><span class='ocrx_word' id='word_1_404' title='bbox 372 5218 604 5287; x_wconf 89' lang='lat' dir='ltr'><strong><em>populus</em></strong></span> <span class='ocrx_word' id='word_1_405' title='bbox 632 5219 915 5271; x_wconf 87' lang='lat' dir='ltr'><strong><em>universus</em></strong></span> <span class='ocrx_word' id='word_1_406' title='bbox 962 5232 1123 5272; x_wconf 76' lang='lat' dir='ltr'><strong><em>sea-us</em></strong></span> <span class='ocrx_word' id='word_1_407' title='bbox 1160 5221 1466 5290; x_wconf 86' lang='lat' dir='ltr'><strong><em>utriusque,</em></strong></span> <span class='ocrx_word' id='word_1_408' title='bbox 1493 5236 1660 5276; x_wconf 90' lang='lat' dir='ltr'><strong><em>unum</em></strong></span> <span class='ocrx_word' id='word_1_409' title='bbox 1700 5225 1929 5278; x_wconf 90' lang='lat' dir='ltr'><strong><em>stantem</em></strong></span> <span class='ocrx_word' id='word_1_410' title='bbox 1960 5226 2077 5279; x_wconf 89' lang='lat' dir='ltr'><strong><em>sine</em></strong></span> 
     </span>
    </p>
   </div>
   <div class='ocr_carea' id='block_1_57' title="bbox 373 5306 2071 5374">
    <p class='ocr_par' dir='ltr' id='par_1_57' title="bbox 373 5306 2071 5374">
     <span class='ocr_line' id='line_1_57' title="bbox 373 5306 2071 5374; baseline 0.005 -15"><span class='ocrx_word' id='word_1_411' title='bbox 373 5306 612 5373; x_wconf 82' lang='lat' dir='ltr'><strong><em>deformi</em></strong></span> <span class='ocrx_word' id='word_1_412' title='bbox 636 5310 804 5374; x_wconf 87' lang='lat' dir='ltr'><strong><em>motu,</em></strong></span> <span class='ocrx_word' id='word_1_413' title='bbox 831 5307 1060 5361; x_wconf 90' lang='lat' dir='ltr'><strong><em>alteram</em></strong></span> <span class='ocrx_word' id='word_1_414' title='bbox 1088 5308 1338 5363; x_wconf 86' lang='lat' dir='ltr'><strong><em>membris</em></strong></span> <span class='ocrx_word' id='word_1_415' title='bbox 1375 5310 1621 5365; x_wconf 88' lang='lat' dir='ltr'><strong><em>omnibus</em></strong></span> <span class='ocrx_word' id='word_1_416' title='bbox 1650 5316 2071 5367; x_wconf 86' lang='lat' dir='ltr'><strong><em>contrementem.</em></strong></span> 
     </span>
    </p>
   </div>
   <div class='ocr_carea' id='block_1_58' title="bbox 372 5396 2078 5467">
    <p class='ocr_par' dir='ltr' id='par_1_58' title="bbox 372 5396 2078 5467">
     <span class='ocr_line' id='line_1_58' title="bbox 372 5396 2078 5467; baseline 0.004 -19"><span class='ocrx_word' id='word_1_417' title='bbox 372 5396 443 5449; x_wconf 86' lang='lat' dir='ltr'><strong><em>Et</em></strong></span> <span class='ocrx_word' id='word_1_418' title='bbox 471 5397 567 5463; x_wconf 81' lang='lat' dir='ltr'><strong><em>qui</em></strong></span> <span class='ocrx_word' id='word_1_419' title='bbox 586 5397 766 5466; x_wconf 90' lang='lat' dir='ltr'><strong><em>ipsum</em></strong></span> <span class='ocrx_word' id='word_1_420' title='bbox 784 5411 890 5451; x_wconf 88' lang='lat' dir='ltr'><strong><em>non</em></strong></span> <span class='ocrx_word' id='word_1_421' title='bbox 913 5396 1186 5464; x_wconf 87' lang='lat' dir='ltr'><strong><em>viderant,</em></strong></span> <span class='ocrx_word' id='word_1_422' title='bbox 1212 5398 1348 5467; x_wconf 82' lang='lat' dir='ltr'><strong><em>quid</em></strong></span> <span class='ocrx_word' id='word_1_423' title='bbox 1375 5400 1434 5452; x_wconf 90' lang='lat' dir='ltr'><strong><em>in</em></strong></span> <span class='ocrx_word' id='word_1_424' title='bbox 1464 5415 1520 5453; x_wconf 91' lang='lat' dir='ltr'><strong><em>eo</em></strong></span> <span class='ocrx_word' id='word_1_425' title='bbox 1547 5399 1751 5456; x_wconf 68' lang='lat' dir='ltr'><strong><em>divinae</em></strong></span> <span class='ocrx_word' id='word_1_426' title='bbox 1779 5403 2078 5457; x_wconf 88' lang='lat' dir='ltr'><strong><em>misericor-</em></strong></span> 
     </span>
    </p>
   </div>
   <div class='ocr_carea' id='block_1_59' title="bbox 373 5482 2076 5557">
    <p class='ocr_par' dir='ltr' id='par_1_59' title="bbox 373 5482 2076 5557">
     <span class='ocr_line' id='line_1_59' title="bbox 373 5482 2076 5557; baseline 0.005 -21"><span class='ocrx_word' id='word_1_427' title='bbox 373 5482 477 5538; x_wconf 76' lang='lat' dir='ltr'><strong><em>diae</em></strong></span> <span class='ocrx_word' id='word_1_428' title='bbox 519 5486 729 5551; x_wconf 82' lang='lat' dir='ltr'><strong><em>factum</em></strong></span> <span class='ocrx_word' id='word_1_429' title='bbox 773 5488 928 5549; x_wconf 89' lang='lat' dir='ltr'><strong><em>esset,</em></strong></span> <span class='ocrx_word' id='word_1_430' title='bbox 960 5488 1018 5541; x_wconf 88' lang='lat' dir='ltr'><strong><em>in</em></strong></span> <span class='ocrx_word' id='word_1_431' title='bbox 1065 5488 1181 5557; x_wconf 82' lang='lat' dir='ltr'><strong><em>ejus</em></strong></span> <span class='ocrx_word' id='word_1_432' title='bbox 1230 5503 1410 5544; x_wconf 82' lang='lat' dir='ltr'><strong><em>sorore</em></strong></span> <span class='ocrx_word' id='word_1_433' title='bbox 1449 5490 1753 5545; x_wconf 86' lang='lat' dir='ltr'><strong><em>cernebant.</em></strong></span> <span class='ocrx_word' id='word_1_434' title='bbox 1806 5490 2076 5546; x_wconf 78' lang='lat' dir='ltr'><strong><em>Videbunt</em></strong></span> 
     </span>
    </p>
   </div>
   <div class='ocr_carea' id='block_1_60' title="bbox 373 5572 2074 5648">
    <p class='ocr_par' dir='ltr' id='par_1_60' title="bbox 373 5572 2074 5648">
     <span class='ocr_line' id='line_1_60' title="bbox 373 5572 2074 5648; baseline 0.006 -24"><span class='ocrx_word' id='word_1_435' title='bbox 373 5572 515 5626; x_wconf 85' lang='lat' dir='ltr'><strong><em>enim</em></strong></span> <span class='ocrx_word' id='word_1_436' title='bbox 529 5573 667 5643; x_wconf 84' lang='lat' dir='ltr'><strong><em>quid</em></strong></span> <span class='ocrx_word' id='word_1_437' title='bbox 684 5575 743 5628; x_wconf 87' lang='lat' dir='ltr'><strong><em>in</em></strong></span> <span class='ocrx_word' id='word_1_438' title='bbox 762 5589 819 5630; x_wconf 88' lang='lat' dir='ltr'><strong><em>eo</em></strong></span> <span class='ocrx_word' id='word_1_439' title='bbox 836 5575 1244 5642; x_wconf 84' lang='lat' dir='ltr'><strong><em>gratulandum,</em></strong></span> <span class='ocrx_word' id='word_1_440' title='bbox 1267 5578 1405 5647; x_wconf 87' lang='lat' dir='ltr'><strong><em>quid</em></strong></span> <span class='ocrx_word' id='word_1_441' title='bbox 1414 5592 1517 5648; x_wconf 91' lang='lat' dir='ltr'><strong><em>pro</em></strong></span> <span class='ocrx_word' id='word_1_442' title='bbox 1536 5579 1635 5634; x_wconf 88' lang='lat' dir='ltr'><strong><em>illa</em></strong></span> <span class='ocrx_word' id='word_1_443' title='bbox 1654 5582 1788 5635; x_wconf 87' lang='lat' dir='ltr'><strong><em>esset</em></strong></span> <span class='ocrx_word' id='word_1_444' title='bbox 1808 5579 2074 5634; x_wconf 88' lang='lat' dir='ltr'><strong><em>orandum</em></strong></span> 
     </span>
    </p>
   </div>
   <div class='ocr_carea' id='block_1_61' title="bbox 1585 296 2636 355">
    <p class='ocr_par' dir='ltr' id='par_1_61' title="bbox 1585 296 2636 355">
     <span class='ocr_line' id='line_1_61' title="bbox 1585 296 2636 355; baseline 0 -4"><span class='ocrx_word' id='word_1_445' title='bbox 1585 298 1749 353; x_wconf 87' lang='lat' dir='ltr'><strong>VITA</strong></span> <span class='ocrx_word' id='word_1_446' title='bbox 1785 297 1841 353; x_wconf 89' lang='lat' dir='ltr'><strong><em>S.</em></strong></span> <span class='ocrx_word' id='word_1_447' title='bbox 1881 296 2259 355; x_wconf 80' lang='lat' dir='ltr'><strong><em>AUGUSTINI</em></strong></span> <span class='ocrx_word' id='word_1_448' title='bbox 2301 296 2636 353; x_wconf 84' lang='lat' dir='ltr'><strong><em>EPISCOPI.</em></strong></span> 
     </span>
    </p>
   </div>
   <div class='ocr_carea' id='block_1_62' title="bbox 3790 300 3902 353">
    <p class='ocr_par' dir='ltr' id='par_1_62' title="bbox 3790 300 3902 353">
     <span class='ocr_line' id='line_1_62' title="bbox 3790 300 3902 353; baseline 0.018 -2"><span class='ocrx_word' id='word_1_449' title='bbox 3790 300 3902 353; x_wconf 77' lang='grc'><strong><em>540</em></strong></span> 
     </span>
    </p>
   </div>
   <div class='ocr_carea' id='block_1_63' title="bbox 2188 418 3904 495">
    <p class='ocr_par' dir='ltr' id='par_1_63' title="bbox 2188 418 3904 495">
     <span class='ocr_line' id='line_1_63' title="bbox 2188 418 3904 495; baseline -0.001 -17"><span class='ocrx_word' id='word_1_450' title='bbox 2188 422 2393 495; x_wconf 89' lang='lat' dir='ltr'><strong><em>(lbid.).</em></strong></span> <span class='ocrx_word' id='word_1_451' title='bbox 2429 420 2589 477; x_wconf 87' lang='lat' dir='ltr'><strong><em>Pauli</em></strong></span> <span class='ocrx_word' id='word_1_452' title='bbox 2639 418 2846 477; x_wconf 89' lang='lat' dir='ltr'><strong><em>deinde</em></strong></span> <span class='ocrx_word' id='word_1_453' title='bbox 2883 419 3151 475; x_wconf 89' lang='lat' dir='ltr'><strong><em>recitatus</em></strong></span> <span class='ocrx_word' id='word_1_454' title='bbox 3189 422 3275 475; x_wconf 92' lang='lat' dir='ltr'><strong><em>est</em></strong></span> <span class='ocrx_word' id='word_1_455' title='bbox 3309 418 3558 490; x_wconf 89' lang='lat' dir='ltr'><strong><em>libellus,</em></strong></span> <span class='ocrx_word' id='word_1_456' title='bbox 3588 436 3767 493; x_wconf 90' lang='lat' dir='ltr'><strong><em>quem</em></strong></span> <span class='ocrx_word' id='word_1_457' title='bbox 3801 423 3904 477; x_wconf 86' lang='lat' dir='ltr'><strong><em>ille</em></strong></span> 
     </span>
    </p>
   </div>
   <div class='ocr_carea' id='block_1_64' title="bbox 2188 500 3906 582">
    <p class='ocr_par' dir='ltr' id='par_1_64' title="bbox 2188 500 3906 582">
     <span class='ocr_line' id='line_1_64' title="bbox 2188 500 3906 582; baseline -0.001 -15"><span class='ocrx_word' id='word_1_458' title='bbox 2188 511 2423 567; x_wconf 89' lang='lat' dir='ltr'><strong><em>ﬁniebat</em></strong></span> <span class='ocrx_word' id='word_1_459' title='bbox 2452 510 2691 580; x_wconf 90' lang='lat' dir='ltr'><strong><em>orando,</em></strong></span> <span class='ocrx_word' id='word_1_460' title='bbox 2718 513 2783 565; x_wconf 90' lang='lat' dir='ltr'><strong><em>ut</em></strong></span> <span class='ocrx_word' id='word_1_461' title='bbox 2809 524 2911 581; x_wconf 89' lang='lat' dir='ltr'><strong><em>pro</em></strong></span> <span class='ocrx_word' id='word_1_462' title='bbox 2936 525 3129 564; x_wconf 88' lang='lat' dir='ltr'><strong><em>sorore</em></strong></span> <span class='ocrx_word' id='word_1_463' title='bbox 3159 508 3364 565; x_wconf 70' lang='lat' dir='ltr'><strong><em>divinas</em></strong></span> <span class='ocrx_word' id='word_1_464' title='bbox 3393 509 3738 582; x_wconf 87' lang='lat' dir='ltr'><strong><em>benignitati</em></strong></span> <span class='ocrx_word' id='word_1_465' title='bbox 3766 500 3906 582; x_wconf 78' lang='lat' dir='ltr'><strong><em>sup-</em></strong></span> 
     </span>
    </p>
   </div>
   <div class='ocr_carea' id='block_1_65' title="bbox 2187 598 3907 673">
    <p class='ocr_par' dir='ltr' id='par_1_65' title="bbox 2187 598 3907 673">
     <span class='ocr_line' id='line_1_65' title="bbox 2187 598 3907 673; baseline -0.001 -17"><span class='ocrx_word' id='word_1_466' title='bbox 2187 601 2490 673; x_wconf 90' lang='lat' dir='ltr'><strong><em>plicarent,</em></strong></span> <span class='ocrx_word' id='word_1_467' title='bbox 2518 616 2623 672; x_wconf 90' lang='lat' dir='ltr'><strong><em>pro</em></strong></span> <span class='ocrx_word' id='word_1_468' title='bbox 2654 615 2712 654; x_wconf 91' lang='lat' dir='ltr'><strong><em>se</em></strong></span> <span class='ocrx_word' id='word_1_469' title='bbox 2752 603 2944 654; x_wconf 89' lang='lat' dir='ltr'><strong><em>autem</em></strong></span> <span class='ocrx_word' id='word_1_470' title='bbox 2979 599 3293 670; x_wconf 85' lang='lat' dir='ltr'><strong><em>gratiarum</em></strong></span> <span class='ocrx_word' id='word_1_471' title='bbox 3337 598 3587 654; x_wconf 87' lang='lat' dir='ltr'><strong><em>actiones</em></strong></span> <span class='ocrx_word' id='word_1_472' title='bbox 3615 600 3907 655; x_wconf 87' lang='lat' dir='ltr'><strong><em>referrent</em></strong></span> 
     </span>
    </p>
   </div>
   <div class='ocr_carea' id='block_1_66' title="bbox 2188 687 3901 763">
    <p class='ocr_par' dir='ltr' id='par_1_66' title="bbox 2188 687 3901 763">
     <span class='ocr_line' id='line_1_66' title="bbox 2188 687 3901 763; baseline -0.001 -18"><span class='ocrx_word' id='word_1_473' title='bbox 2188 689 2704 763; x_wconf 89' lang='lat' dir='ltr'><strong><em>rependereutque.</em></strong></span> <span class='ocrx_word' id='word_1_474' title='bbox 2738 690 2851 744; x_wconf 79' lang='lat' dir='ltr'><strong><em>Hac</em></strong></span> <span class='ocrx_word' id='word_1_475' title='bbox 2874 692 3106 761; x_wconf 90' lang='lat' dir='ltr'><strong><em>peracta</em></strong></span> <span class='ocrx_word' id='word_1_476' title='bbox 3137 687 3376 757; x_wconf 86' lang='lat' dir='ltr'><strong><em>lectione</em></strong></span> <span class='ocrx_word' id='word_1_477' title='bbox 3406 694 3637 743; x_wconf 87' lang='lat' dir='ltr'><strong><em>sanctus</em></strong></span> <span class='ocrx_word' id='word_1_478' title='bbox 3675 691 3901 745; x_wconf 62' lang='lat' dir='ltr'><strong><em>Praesul</em></strong></span> 
     </span>
    </p>
   </div>
   <div class='ocr_carea' id='block_1_67' title="bbox 2186 776 3901 850">
    <p class='ocr_par' dir='ltr' id='par_1_67' title="bbox 2186 776 3901 850">
     <span class='ocr_line' id='line_1_67' title="bbox 2186 776 3901 850; baseline 0 -17"><span class='ocrx_word' id='word_1_479' title='bbox 2186 783 2497 850; x_wconf 91' lang='lat' dir='ltr'><strong><em>utrumque</em></strong></span> <span class='ocrx_word' id='word_1_480' title='bbox 2529 777 2749 832; x_wconf 91' lang='lat' dir='ltr'><strong><em>dimisit</em></strong></span> <span class='ocrx_word' id='word_1_481' title='bbox 2777 793 2808 831; x_wconf 92' lang='lat' dir='ltr'><strong><em>e</em></strong></span> <span class='ocrx_word' id='word_1_482' title='bbox 2838 776 3130 848; x_wconf 88' lang='lat' dir='ltr'><strong><em>gradibus.</em></strong></span> <span class='ocrx_word' id='word_1_483' title='bbox 3163 776 3418 831; x_wconf 88' lang='lat' dir='ltr'><strong><em>Palladia</em></strong></span> <span class='ocrx_word' id='word_1_484' title='bbox 3446 777 3519 832; x_wconf 87' lang='lat' dir='ltr'><strong><em>ad</em></strong></span> <span class='ocrx_word' id='word_1_485' title='bbox 3547 778 3901 833; x_wconf 89' lang='lat' dir='ltr'><strong><em>memoriam</em></strong></span> 
     </span>
    </p>
   </div>
   <div class='ocr_carea' id='block_1_68' title="bbox 2186 865 3902 937">
    <p class='ocr_par' dir='ltr' id='par_1_68' title="bbox 2186 865 3902 937">
     <span class='ocr_line' id='line_1_68' title="bbox 2186 865 3902 937; baseline -0.001 -15"><span class='ocrx_word' id='word_1_486' title='bbox 2186 867 2487 922; x_wconf 87' lang='lat' dir='ltr'><strong><em>memorati</em></strong></span> <span class='ocrx_word' id='word_1_487' title='bbox 2541 865 2808 937; x_wconf 87' lang='lat' dir='ltr'><strong><em>martyris</em></strong></span> <span class='ocrx_word' id='word_1_488' title='bbox 2865 870 3091 920; x_wconf 88' lang='lat' dir='ltr'><strong><em>oratum</em></strong></span> <span class='ocrx_word' id='word_1_489' title='bbox 3144 881 3203 920; x_wconf 89' lang='lat' dir='ltr'><strong><em>se</em></strong></span> <span class='ocrx_word' id='word_1_490' title='bbox 3245 865 3487 922; x_wconf 87' lang='lat' dir='ltr'><strong><em>contulit</em></strong></span> <span class='ocrx_word' id='word_1_491' title='bbox 3531 881 3544 920; x_wconf 91' lang='lat'>:</span> <span class='ocrx_word' id='word_1_492' title='bbox 3589 866 3713 937; x_wconf 89' lang='lat' dir='ltr'><strong><em>ipse</em></strong></span> <span class='ocrx_word' id='word_1_493' title='bbox 3761 883 3902 921; x_wconf 77' lang='lat' dir='ltr'><strong><em>vero</em></strong></span> 
     </span>
    </p>
   </div>
   <div class='ocr_carea' id='block_1_69' title="bbox 2187 954 3896 1028">
    <p class='ocr_par' dir='ltr' id='par_1_69' title="bbox 2187 954 3896 1028">
     <span class='ocr_line' id='line_1_69' title="bbox 2187 954 3896 1028; baseline 0 -17"><span class='ocrx_word' id='word_1_494' title='bbox 2187 957 2489 1028; x_wconf 82' lang='lat' dir='ltr'><strong><em>populum,</em></strong></span> <span class='ocrx_word' id='word_1_495' title='bbox 2531 971 2660 1028; x_wconf 67' lang='lat' dir='ltr'><strong><em>qum</em></strong></span> <span class='ocrx_word' id='word_1_496' title='bbox 2700 955 2869 1010; x_wconf 92' lang='lat' dir='ltr'><strong><em>modo</em></strong></span> <span class='ocrx_word' id='word_1_497' title='bbox 2907 954 3066 1009; x_wconf 92' lang='lat' dir='ltr'><strong><em>lectis</em></strong></span> <span class='ocrx_word' id='word_1_498' title='bbox 3106 958 3163 1009; x_wconf 91' lang='lat' dir='ltr'><strong><em>et</em></strong></span> <span class='ocrx_word' id='word_1_499' title='bbox 3199 954 3407 1008; x_wconf 87' lang='lat' dir='ltr'><strong><em>auditis</em></strong></span> <span class='ocrx_word' id='word_1_500' title='bbox 3453 955 3896 1021; x_wconf 83' lang='lat' dir='ltr'><strong><em>conveniebant,</em></strong></span> 
     </span>
    </p>
   </div>
   <div class='ocr_carea' id='block_1_70' title="bbox 2188 1042 3901 1115">
    <p class='ocr_par' dir='ltr' id='par_1_70' title="bbox 2188 1042 3901 1115">
     <span class='ocr_line' id='line_1_70' title="bbox 2188 1042 3901 1115; baseline -0.001 -15"><span class='ocrx_word' id='word_1_501' title='bbox 2188 1046 2391 1100; x_wconf 90' lang='lat' dir='ltr'><strong><em>docere</em></strong></span> <span class='ocrx_word' id='word_1_502' title='bbox 2422 1044 2622 1115; x_wconf 82' lang='lat' dir='ltr'><strong><em>coepit;</em></strong></span> <span class='ocrx_word' id='word_1_503' title='bbox 2651 1043 2823 1115; x_wconf 87' lang='lat' dir='ltr'><strong><em>idque</em></strong></span> <span class='ocrx_word' id='word_1_504' title='bbox 2854 1042 3107 1114; x_wconf 89' lang='lat' dir='ltr'><strong><em>primum</em></strong></span> <span class='ocrx_word' id='word_1_505' title='bbox 3145 1042 3479 1097; x_wconf 87' lang='lat' dir='ltr'><strong><em>testiﬁcatus</em></strong></span> <span class='ocrx_word' id='word_1_506' title='bbox 3524 1047 3632 1113; x_wconf 84' lang='lat' dir='ltr'><strong><em>est,</em></strong></span> <span class='ocrx_word' id='word_1_507' title='bbox 3661 1059 3901 1115; x_wconf 87' lang='lat' dir='ltr'><strong><em>sperare</em></strong></span> 
     </span>
    </p>
   </div>
   <div class='ocr_carea' id='block_1_71' title="bbox 2187 1131 3902 1204">
    <p class='ocr_par' dir='ltr' id='par_1_71' title="bbox 2187 1131 3902 1204">
     <span class='ocr_line' id='line_1_71' title="bbox 2187 1131 3902 1204; baseline -0.001 -15"><span class='ocrx_word' id='word_1_508' title='bbox 2187 1150 2247 1188; x_wconf 90' lang='lat' dir='ltr'><strong><em>se</em></strong></span> <span class='ocrx_word' id='word_1_509' title='bbox 2274 1134 2419 1202; x_wconf 88' lang='lat' dir='ltr'><strong><em>fore,</em></strong></span> <span class='ocrx_word' id='word_1_510' title='bbox 2446 1138 2512 1188; x_wconf 91' lang='lat' dir='ltr'><strong><em>ut</em></strong></span> <span class='ocrx_word' id='word_1_511' title='bbox 2549 1132 2785 1204; x_wconf 87' lang='lat' dir='ltr'><strong><em>reliquis</em></strong></span> <span class='ocrx_word' id='word_1_512' title='bbox 2827 1132 3097 1186; x_wconf 87' lang='lat' dir='ltr'><strong><em>fratribus</em></strong></span> <span class='ocrx_word' id='word_1_513' title='bbox 3127 1131 3356 1199; x_wconf 85' lang='lat' dir='ltr'><strong><em>sanitas,</em></strong></span> <span class='ocrx_word' id='word_1_514' title='bbox 3388 1148 3503 1204; x_wconf 89' lang='lat' dir='ltr'><strong><em>qua</em></strong></span> <span class='ocrx_word' id='word_1_515' title='bbox 3522 1132 3643 1203; x_wconf 91' lang='lat' dir='ltr'><strong><em>jam</em></strong></span> <span class='ocrx_word' id='word_1_516' title='bbox 3683 1134 3902 1188; x_wconf 86' lang='lat' dir='ltr'><strong><em>Paulus</em></strong></span> 
     </span>
    </p>
   </div>
   <div class='ocr_carea' id='block_1_72' title="bbox 2187 1218 3902 1293">
    <p class='ocr_par' dir='ltr' id='par_1_72' title="bbox 2187 1218 3902 1293">
     <span class='ocr_line' id='line_1_72' title="bbox 2187 1218 3902 1293; baseline 0 -17"><span class='ocrx_word' id='word_1_517' title='bbox 2187 1218 2494 1293; x_wconf 83' lang='lat' dir='ltr'><strong><em>gaudebat,</em></strong></span> <span class='ocrx_word' id='word_1_518' title='bbox 2522 1220 2919 1275; x_wconf 87' lang='lat' dir='ltr'><strong><em>restitueretur</em></strong></span> <span class='ocrx_word' id='word_1_519' title='bbox 2949 1220 3140 1291; x_wconf 85' lang='lat' dir='ltr'><strong><em>(Serm.</em></strong></span> <span class='ocrx_word' id='word_1_520' title='bbox 3188 1222 3313 1287; x_wconf 86' lang='lat'><strong><em>323,</em></strong></span> <span class='ocrx_word' id='word_1_521' title='bbox 3348 1235 3407 1275; x_wconf 82' lang='grc' dir='ltr'><strong><em>η.</em></strong></span> <span class='ocrx_word' id='word_1_522' title='bbox 3453 1221 3521 1290; x_wconf 86' lang='lat' dir='ltr'><strong><em>t).</em></strong></span> <span class='ocrx_word' id='word_1_523' title='bbox 3553 1222 3697 1276; x_wconf 90' lang='lat' dir='ltr'><strong><em>Cum</em></strong></span> <span class='ocrx_word' id='word_1_524' title='bbox 3736 1221 3902 1276; x_wconf 83' lang='lat' dir='ltr'><strong><em>afﬁr-</em></strong></span> 
     </span>
    </p>
   </div>
   <div class='ocr_carea' id='block_1_73' title="bbox 2185 1307 3901 1381">
    <p class='ocr_par' dir='ltr' id='par_1_73' title="bbox 2185 1307 3901 1381">
     <span class='ocr_line' id='line_1_73' title="bbox 2185 1307 3901 1381; baseline -0.002 -15"><span class='ocrx_word' id='word_1_525' title='bbox 2185 1314 2399 1367; x_wconf 89' lang='lat' dir='ltr'><strong><em>masset</em></strong></span> <span class='ocrx_word' id='word_1_526' title='bbox 2443 1310 2503 1365; x_wconf 90' lang='lat' dir='ltr'><strong><em>in</em></strong></span> <span class='ocrx_word' id='word_1_527' title='bbox 2546 1309 2740 1364; x_wconf 88' lang='lat' dir='ltr'><strong><em>libello</em></strong></span> <span class='ocrx_word' id='word_1_528' title='bbox 2790 1324 2891 1363; x_wconf 90' lang='lat' dir='ltr'><strong><em>suo</em></strong></span> <span class='ocrx_word' id='word_1_529' title='bbox 2935 1308 3087 1363; x_wconf 93' lang='lat' dir='ltr'><strong><em>idem</em></strong></span> <span class='ocrx_word' id='word_1_530' title='bbox 3136 1308 3367 1376; x_wconf 88' lang='lat' dir='ltr'><strong><em>Paulus,</em></strong></span> <span class='ocrx_word' id='word_1_531' title='bbox 3410 1307 3744 1381; x_wconf 88' lang='lat' dir='ltr'><strong><em>frequenter</em></strong></span> <span class='ocrx_word' id='word_1_532' title='bbox 3784 1308 3901 1365; x_wconf 89' lang='lat' dir='ltr'><strong><em>sibi</em></strong></span> 
     </span>
    </p>
   </div>
   <div class='ocr_carea' id='block_1_74' title="bbox 2189 1396 3901 1473">
    <p class='ocr_par' dir='ltr' id='par_1_74' title="bbox 2189 1396 3901 1473">
     <span class='ocr_line' id='line_1_74' title="bbox 2189 1396 3901 1473; baseline -0.002 -17"><span class='ocrx_word' id='word_1_533' title='bbox 2189 1399 2516 1473; x_wconf 87' lang='lat' dir='ltr'><strong><em>apparuisse</em></strong></span> <span class='ocrx_word' id='word_1_534' title='bbox 2547 1399 2779 1453; x_wconf 89' lang='lat' dir='ltr'><strong><em>beatum</em></strong></span> <span class='ocrx_word' id='word_1_535' title='bbox 2808 1396 3166 1463; x_wconf 84' lang='lat' dir='ltr'><strong><em>Antistitem;</em></strong></span> <span class='ocrx_word' id='word_1_536' title='bbox 3198 1397 3293 1452; x_wconf 90' lang='lat' dir='ltr'><strong><em>hic</em></strong></span> <span class='ocrx_word' id='word_1_537' title='bbox 3320 1397 3468 1452; x_wconf 88' lang='lat' dir='ltr'><strong><em>serio</em></strong></span> <span class='ocrx_word' id='word_1_538' title='bbox 3505 1414 3580 1453; x_wconf 91' lang='lat' dir='ltr'><strong><em>ne</em></strong></span> <span class='ocrx_word' id='word_1_539' title='bbox 3621 1414 3793 1453; x_wconf 90' lang='lat' dir='ltr'><strong><em>suum</em></strong></span> <span class='ocrx_word' id='word_1_540' title='bbox 3833 1397 3901 1453; x_wconf 88' lang='lat' dir='ltr'><strong><em>in</em></strong></span> 
     </span>
    </p>
   </div>
   <div class='ocr_carea' id='block_1_75' title="bbox 2184 1486 3896 1554">
    <p class='ocr_par' dir='ltr' id='par_1_75' title="bbox 2184 1486 3896 1554">
     <span class='ocr_line' id='line_1_75' title="bbox 2184 1486 3896 1554; baseline -0.002 -8"><span class='ocrx_word' id='word_1_541' title='bbox 2184 1491 2462 1546; x_wconf 91' lang='lat' dir='ltr'><strong><em>honorem</em></strong></span> <span class='ocrx_word' id='word_1_542' title='bbox 2509 1488 2652 1543; x_wconf 88' lang='lat' dir='ltr'><strong><em>illud</em></strong></span> <span class='ocrx_word' id='word_1_543' title='bbox 2694 1490 3075 1554; x_wconf 87' lang='lat' dir='ltr'><strong><em>convertatur,</em></strong></span> <span class='ocrx_word' id='word_1_544' title='bbox 3106 1490 3274 1541; x_wconf 88' lang='lat' dir='ltr'><strong><em>vetat.</em></strong></span> <span class='ocrx_word' id='word_1_545' title='bbox 3307 1486 3457 1553; x_wconf 86' lang='lat' dir='ltr'><strong><em>Quid</em></strong></span> <span class='ocrx_word' id='word_1_546' title='bbox 3491 1489 3642 1543; x_wconf 87' lang='lat' dir='ltr'><strong><em>enim</em></strong></span> <span class='ocrx_word' id='word_1_547' title='bbox 3681 1502 3896 1553; x_wconf 87' lang='lat' dir='ltr'><strong><em>sumus,</em></strong></span> 
     </span>
    </p>
   </div>
   <div class='ocr_carea' id='block_1_76' title="bbox 2186 1576 3900 1651">
    <p class='ocr_par' dir='ltr' id='par_1_76' title="bbox 2186 1576 3900 1651">
     <span class='ocr_line' id='line_1_76' title="bbox 2186 1576 3900 1651; baseline -0.002 -17"><span class='ocrx_word' id='word_1_548' title='bbox 2186 1578 2395 1651; x_wconf 89' lang='lat' dir='ltr'><strong><em>inquit,</em></strong></span> <span class='ocrx_word' id='word_1_549' title='bbox 2422 1580 2556 1649; x_wconf 86' lang='lat' dir='ltr'><strong><em>quia</em></strong></span> <span class='ocrx_word' id='word_1_550' title='bbox 2596 1592 2690 1647; x_wconf 89' lang='lat' dir='ltr'><strong><em>ego</em></strong></span> <span class='ocrx_word' id='word_1_551' title='bbox 2730 1578 2971 1647; x_wconf 87' lang='lat' dir='ltr'><strong><em>apparui</em></strong></span> <span class='ocrx_word' id='word_1_552' title='bbox 3011 1577 3133 1631; x_wconf 88' lang='lat' dir='ltr'><strong><em>istis</em></strong></span> <span class='ocrx_word' id='word_1_553' title='bbox 3169 1576 3451 1631; x_wconf 79' lang='lat' dir='ltr'><strong><em>nesciens?</em></strong></span> <span class='ocrx_word' id='word_1_554' title='bbox 3484 1577 3576 1631; x_wconf 88' lang='lat' dir='ltr'><strong><em>Illi</em></strong></span> <span class='ocrx_word' id='word_1_555' title='bbox 3621 1578 3761 1631; x_wconf 90' lang='lat' dir='ltr'><strong><em>enim</em></strong></span> <span class='ocrx_word' id='word_1_556' title='bbox 3811 1593 3900 1631; x_wconf 88' lang='lat' dir='ltr'><strong><em>me</em></strong></span> 
     </span>
    </p>
   </div>
   <div class='ocr_carea' id='block_1_77' title="bbox 2184 1665 3897 1735">
    <p class='ocr_par' dir='ltr' id='par_1_77' title="bbox 2184 1665 3897 1735">
     <span class='ocr_line' id='line_1_77' title="bbox 2184 1665 3897 1735; baseline -0.001 -12"><span class='ocrx_word' id='word_1_557' title='bbox 2184 1670 2460 1735; x_wconf 74' lang='lat' dir='ltr'><strong><em>ridebant,</em></strong></span> <span class='ocrx_word' id='word_1_558' title='bbox 2511 1672 2562 1721; x_wconf 91' lang='lat' dir='ltr'><strong><em>et</em></strong></span> <span class='ocrx_word' id='word_1_559' title='bbox 2602 1682 2695 1735; x_wconf 92' lang='lat' dir='ltr'><strong><em>ego</em></strong></span> <span class='ocrx_word' id='word_1_560' title='bbox 2738 1666 3073 1721; x_wconf 88' lang='lat' dir='ltr'><strong><em>nesciebam:</em></strong></span> <span class='ocrx_word' id='word_1_561' title='bbox 3125 1670 3176 1719; x_wconf 92' lang='lat' dir='ltr'><strong><em>et</em></strong></span> <span class='ocrx_word' id='word_1_562' title='bbox 3226 1665 3675 1732; x_wconf 87' lang='lat' dir='ltr'><strong><em>admonebantur,</em></strong></span> <span class='ocrx_word' id='word_1_563' title='bbox 3705 1670 3767 1720; x_wconf 90' lang='lat' dir='ltr'><strong><em>ut</em></strong></span> <span class='ocrx_word' id='word_1_564' title='bbox 3817 1665 3897 1721; x_wconf 88' lang='lat' dir='ltr'><strong><em>ad</em></strong></span> 
     </span>
    </p>
   </div>
   <div class='ocr_carea' id='block_1_78' title="bbox 2185 1754 3895 1823">
    <p class='ocr_par' dir='ltr' id='par_1_78' title="bbox 2185 1754 3895 1823">
     <span class='ocr_line' id='line_1_78' title="bbox 2185 1754 3895 1823; baseline -0.002 -10"><span class='ocrx_word' id='word_1_565' title='bbox 2185 1761 2349 1813; x_wconf 91' lang='lat' dir='ltr'><strong><em>istam</em></strong></span> <span class='ocrx_word' id='word_1_566' title='bbox 2377 1758 2648 1812; x_wconf 85' lang='lat' dir='ltr'><strong><em>civitatem</em></strong></span> <span class='ocrx_word' id='word_1_567' title='bbox 2675 1757 2936 1810; x_wconf 85' lang='lat' dir='ltr'><strong><em>venirent.</em></strong></span> <span class='ocrx_word' id='word_1_568' title='bbox 2962 1755 3093 1822; x_wconf 83' lang='lat' dir='ltr'><strong><em>Quis</em></strong></span> <span class='ocrx_word' id='word_1_569' title='bbox 3120 1769 3239 1810; x_wconf 91' lang='lat' dir='ltr'><strong><em>sum</em></strong></span> <span class='ocrx_word' id='word_1_570' title='bbox 3257 1754 3392 1823; x_wconf 82' lang='lat' dir='ltr'><strong><em>ego?</em></strong></span> <span class='ocrx_word' id='word_1_571' title='bbox 3413 1757 3577 1809; x_wconf 88' lang='lat' dir='ltr'><strong><em>Homo</em></strong></span> <span class='ocrx_word' id='word_1_572' title='bbox 3604 1770 3724 1810; x_wconf 90' lang='lat' dir='ltr'><strong><em>sum</em></strong></span> <span class='ocrx_word' id='word_1_573' title='bbox 3746 1770 3895 1810; x_wconf 89' lang='lat' dir='ltr'><strong><em>unus</em></strong></span> 
     </span>
    </p>
   </div>
   <div class='ocr_carea' id='block_1_79' title="bbox 2185 1844 3895 1916">
    <p class='ocr_par' dir='ltr' id='par_1_79' title="bbox 2185 1844 3895 1916">
     <span class='ocr_line' id='line_1_79' title="bbox 2185 1844 3895 1916; baseline -0.004 -12"><span class='ocrx_word' id='word_1_574' title='bbox 2185 1850 2251 1904; x_wconf 88' lang='lat' dir='ltr'><strong><em>de</em></strong></span> <span class='ocrx_word' id='word_1_575' title='bbox 2278 1849 2482 1915; x_wconf 86' lang='lat' dir='ltr'><strong><em>multis,</em></strong></span> <span class='ocrx_word' id='word_1_576' title='bbox 2513 1863 2619 1901; x_wconf 88' lang='lat' dir='ltr'><strong><em>non</em></strong></span> <span class='ocrx_word' id='word_1_577' title='bbox 2650 1846 2716 1901; x_wconf 88' lang='lat' dir='ltr'><strong><em>de</em></strong></span> <span class='ocrx_word' id='word_1_578' title='bbox 2743 1847 2955 1913; x_wconf 87' lang='lat' dir='ltr'><strong><em>magnis</em></strong></span> <span class='ocrx_word' id='word_1_579' title='bbox 2988 1845 3176 1914; x_wconf 70' lang='lat' dir='ltr'><strong><em>(Ibid,</em></strong></span> <span class='ocrx_word' id='word_1_580' title='bbox 3204 1860 3261 1898; x_wconf 83' lang='grc' dir='ltr'><em>η.</em></span> <span class='ocrx_word' id='word_1_581' title='bbox 3289 1844 3363 1908; x_wconf 84' lang='grc'><strong>2).</strong></span> <span class='ocrx_word' id='word_1_582' title='bbox 3400 1845 3645 1899; x_wconf 83' lang='lat' dir='ltr'><strong><em>Exorsus</em></strong></span> <span class='ocrx_word' id='word_1_583' title='bbox 3688 1849 3895 1916; x_wconf 84' lang='lat' dir='ltr'><strong><em>postea</em></strong></span> 
     </span>
    </p>
   </div>
   <div class='ocr_carea' id='block_1_80' title="bbox 2186 1933 3892 2009">
    <p class='ocr_par' dir='ltr' id='par_1_80' title="bbox 2186 1933 3892 2009">
     <span class='ocr_line' id='line_1_80' title="bbox 2186 1933 3892 2009; baseline -0.002 -17"><span class='ocrx_word' id='word_1_584' title='bbox 2186 1941 2307 1993; x_wconf 88' lang='lat' dir='ltr'><strong><em>erat</em></strong></span> <span class='ocrx_word' id='word_1_585' title='bbox 2333 1936 2496 2009; x_wconf 90' lang='lat' dir='ltr'><strong><em>loqui</em></strong></span> <span class='ocrx_word' id='word_1_586' title='bbox 2534 1936 2604 1991; x_wconf 91' lang='lat' dir='ltr'><strong><em>de</em></strong></span> <span class='ocrx_word' id='word_1_587' title='bbox 2645 1934 2935 1990; x_wconf 88' lang='lat' dir='ltr'><strong><em>miraculis</em></strong></span> <span class='ocrx_word' id='word_1_588' title='bbox 2964 1933 3053 1999; x_wconf 91' lang='lat' dir='ltr'><strong><em>iis,</em></strong></span> <span class='ocrx_word' id='word_1_589' title='bbox 3082 1949 3212 2004; x_wconf 81' lang='lat' dir='ltr'><strong><em>quae</em></strong></span> <span class='ocrx_word' id='word_1_590' title='bbox 3249 1934 3497 1987; x_wconf 63' lang='lat' dir='ltr'><strong><em>Anconae</em></strong></span> <span class='ocrx_word' id='word_1_591' title='bbox 3527 1936 3697 2005; x_wconf 88' lang='lat' dir='ltr'><strong><em>atque</em></strong></span> <span class='ocrx_word' id='word_1_592' title='bbox 3732 1934 3892 1988; x_wconf 84' lang='lat' dir='ltr'><strong><em>Uzali</em></strong></span> 
     </span>
    </p>
   </div>
   <div class='ocr_carea' id='block_1_81' title="bbox 2186 2020 3895 2098">
    <p class='ocr_par' dir='ltr' id='par_1_81' title="bbox 2186 2020 3895 2098">
     <span class='ocr_line' id='line_1_81' title="bbox 2186 2020 3895 2098; baseline -0.001 -19"><span class='ocrx_word' id='word_1_593' title='bbox 2186 2025 2560 2098; x_wconf 88' lang='lat' dir='ltr'><strong><em>reliquiarum</em></strong></span> <span class='ocrx_word' id='word_1_594' title='bbox 2596 2023 2848 2096; x_wconf 89' lang='lat' dir='ltr'><strong><em>ejusdem</em></strong></span> <span class='ocrx_word' id='word_1_595' title='bbox 2878 2021 3058 2076; x_wconf 89' lang='lat' dir='ltr'><strong><em>sancti</em></strong></span> <span class='ocrx_word' id='word_1_596' title='bbox 3097 2020 3363 2092; x_wconf 85' lang='lat' dir='ltr'><strong><em>martyris</em></strong></span> <span class='ocrx_word' id='word_1_597' title='bbox 3391 2020 3667 2076; x_wconf 83' lang='lat' dir='ltr'><strong><em>beneficio</em></strong></span> <span class='ocrx_word' id='word_1_598' title='bbox 3696 2025 3895 2094; x_wconf 86' lang='lat' dir='ltr'><strong><em>patra-</em></strong></span> 
     </span>
    </p>
   </div>
   <div class='ocr_carea' id='block_1_82' title="bbox 2160 2108 3894 2181">
    <p class='ocr_par' dir='ltr' id='par_1_82' title="bbox 2160 2108 3894 2181">
     <span class='ocr_line' id='line_1_82' title="bbox 2160 2108 3894 2181; baseline -0.002 -12"><span class='ocrx_word' id='word_1_599' title='bbox 2160 2114 2415 2181; x_wconf 86' lang='lat' dir='ltr'><strong><em>.bantur,</em></strong></span> <span class='ocrx_word' id='word_1_600' title='bbox 2449 2129 2580 2167; x_wconf 91' lang='lat' dir='ltr'><strong><em>cum</em></strong></span> <span class='ocrx_word' id='word_1_601' title='bbox 2627 2127 2754 2166; x_wconf 90' lang='lat' dir='ltr'><strong><em>ecce</em></strong></span> <span class='ocrx_word' id='word_1_602' title='bbox 2785 2109 3085 2164; x_wconf 85' lang='lat' dir='ltr'><strong><em>exauditus</em></strong></span> <span class='ocrx_word' id='word_1_603' title='bbox 3113 2113 3197 2163; x_wconf 90' lang='lat' dir='ltr'><strong><em>est</em></strong></span> <span class='ocrx_word' id='word_1_604' title='bbox 3225 2108 3411 2163; x_wconf 89' lang='lat' dir='ltr'><strong><em>subito</em></strong></span> <span class='ocrx_word' id='word_1_605' title='bbox 3439 2108 3508 2163; x_wconf 91' lang='lat' dir='ltr'><strong><em>de</em></strong></span> <span class='ocrx_word' id='word_1_606' title='bbox 3537 2108 3719 2180; x_wconf 86' lang='lat' dir='ltr'><strong><em>ipsius</em></strong></span> <span class='ocrx_word' id='word_1_607' title='bbox 3762 2126 3894 2165; x_wconf 90' lang='lat' dir='ltr'><strong><em>me-</em></strong></span> 
     </span>
    </p>
   </div>
   <div class='ocr_carea' id='block_1_83' title="bbox 2184 2198 3889 2271">
    <p class='ocr_par' dir='ltr' id='par_1_83' title="bbox 2184 2198 3889 2271">
     <span class='ocr_line' id='line_1_83' title="bbox 2184 2198 3889 2271; baseline -0.002 -13"><span class='ocrx_word' id='word_1_608' title='bbox 2184 2202 2371 2259; x_wconf 88' lang='lat' dir='ltr'><strong><em>moria</em></strong></span> <span class='ocrx_word' id='word_1_609' title='bbox 2414 2204 2629 2258; x_wconf 90' lang='lat' dir='ltr'><strong><em>clamor</em></strong></span> <span class='ocrx_word' id='word_1_610' title='bbox 2670 2198 3176 2271; x_wconf 86' lang='lat' dir='ltr'><strong><em>ingeminantium,</em></strong></span> <span class='ocrx_word' id='word_1_611' title='bbox 3224 2199 3337 2253; x_wconf 92' lang='lat' dir='ltr'><strong><em>Deo</em></strong></span> <span class='ocrx_word' id='word_1_612' title='bbox 3381 2198 3617 2268; x_wconf 81' lang='lat' dir='ltr'><strong><em>gratiast</em></strong></span> <span class='ocrx_word' id='word_1_613' title='bbox 3659 2198 3889 2255; x_wconf 89' lang='lat' dir='ltr'><strong><em>Christo</em></strong></span> 
     </span>
    </p>
   </div>
   <div class='ocr_carea' id='block_1_84' title="bbox 2183 2286 3892 2361">
    <p class='ocr_par' dir='ltr' id='par_1_84' title="bbox 2183 2286 3892 2361">
     <span class='ocr_line' id='line_1_84' title="bbox 2183 2286 3892 2361; baseline -0.002 -14"><span class='ocrx_word' id='word_1_614' title='bbox 2183 2292 2404 2348; x_wconf 88' lang='lat' dir='ltr'><strong><em>laudes!</em></strong></span> <span class='ocrx_word' id='word_1_615' title='bbox 2442 2291 2623 2361; x_wconf 87' lang='lat' dir='ltr'><strong><em>(Ibid.,</em></strong></span> <span class='ocrx_word' id='word_1_616' title='bbox 2653 2306 2709 2345; x_wconf 93' lang='lat' dir='ltr'><strong><em>n.</em></strong></span> <span class='ocrx_word' id='word_1_617' title='bbox 2743 2291 2814 2357; x_wconf 81' lang='grc'><strong><em>4).</em></strong></span> <span class='ocrx_word' id='word_1_618' title='bbox 2849 2291 3026 2344; x_wconf 90' lang='lat' dir='ltr'><strong><em>Porro</em></strong></span> <span class='ocrx_word' id='word_1_619' title='bbox 3057 2286 3489 2343; x_wconf 87' lang='lat' dir='ltr'><strong><em>acclamationes</em></strong></span> <span class='ocrx_word' id='word_1_620' title='bbox 3518 2286 3645 2343; x_wconf 89' lang='lat' dir='ltr'><strong><em>illas</em></strong></span> <span class='ocrx_word' id='word_1_621' title='bbox 3673 2288 3892 2343; x_wconf 87' lang='lat' dir='ltr'><strong><em>excita-</em></strong></span> 
     </span>
    </p>
   </div>
   <div class='ocr_carea' id='block_1_85' title="bbox 2182 2376 3891 2450">
    <p class='ocr_par' dir='ltr' id='par_1_85' title="bbox 2182 2376 3891 2450">
     <span class='ocr_line' id='line_1_85' title="bbox 2182 2376 3891 2450; baseline -0.001 -15"><span class='ocrx_word' id='word_1_622' title='bbox 2182 2386 2340 2437; x_wconf 88' lang='lat' dir='ltr'><strong><em>verat</em></strong></span> <span class='ocrx_word' id='word_1_623' title='bbox 2366 2380 2583 2436; x_wconf 89' lang='lat' dir='ltr'><strong><em>curatio</em></strong></span> <span class='ocrx_word' id='word_1_624' title='bbox 2627 2377 2910 2444; x_wconf 74' lang='lat' dir='ltr'><strong><em>Palladiaa,</em></strong></span> <span class='ocrx_word' id='word_1_625' title='bbox 2945 2393 3075 2450; x_wconf 64' lang='lat' dir='ltr'><strong><em>quae</em></strong></span> <span class='ocrx_word' id='word_1_626' title='bbox 3102 2376 3198 2432; x_wconf 88' lang='lat' dir='ltr'><strong><em>vix</em></strong></span> <span class='ocrx_word' id='word_1_627' title='bbox 3236 2376 3308 2432; x_wconf 91' lang='lat' dir='ltr'><strong><em>ad</em></strong></span> <span class='ocrx_word' id='word_1_628' title='bbox 3338 2376 3640 2443; x_wconf 88' lang='lat' dir='ltr'><strong><em>cancellos,</em></strong></span> <span class='ocrx_word' id='word_1_629' title='bbox 3678 2377 3891 2448; x_wconf 84' lang='lat' dir='ltr'><strong><em>quibus</em></strong></span> 
     </span>
    </p>
   </div>
   <div class='ocr_carea' id='block_1_86' title="bbox 2183 2465 3892 2535">
    <p class='ocr_par' dir='ltr' id='par_1_86' title="bbox 2183 2465 3892 2535">
     <span class='ocr_line' id='line_1_86' title="bbox 2183 2465 3892 2535; baseline -0.002 -9"><span class='ocrx_word' id='word_1_630' title='bbox 2183 2470 2460 2526; x_wconf 89' lang='lat' dir='ltr'><strong><em>memoria</em></strong></span> <span class='ocrx_word' id='word_1_631' title='bbox 2487 2468 2877 2535; x_wconf 89' lang='lat' dir='ltr'><strong><em>claudebatur,</em></strong></span> <span class='ocrx_word' id='word_1_632' title='bbox 2923 2469 3252 2535; x_wconf 89' lang='lat' dir='ltr'><strong><em>accesserat,</em></strong></span> <span class='ocrx_word' id='word_1_633' title='bbox 3292 2480 3423 2520; x_wconf 90' lang='lat' dir='ltr'><strong><em>cum</em></strong></span> <span class='ocrx_word' id='word_1_634' title='bbox 3466 2465 3656 2520; x_wconf 86' lang='lat' dir='ltr'><strong><em>fratris</em></strong></span> <span class='ocrx_word' id='word_1_635' title='bbox 3700 2465 3892 2522; x_wconf 83' lang='lat' dir='ltr'><strong><em>instar</em></strong></span> 
     </span>
    </p>
   </div>
   <div class='ocr_carea' id='block_1_87' title="bbox 2183 2554 3889 2629">
    <p class='ocr_par' dir='ltr' id='par_1_87' title="bbox 2183 2554 3889 2629">
     <span class='ocr_line' id='line_1_87' title="bbox 2183 2554 3889 2629; baseline -0.003 -14"><span class='ocrx_word' id='word_1_636' title='bbox 2183 2560 2243 2615; x_wconf 91' lang='lat' dir='ltr'><strong><em>in</em></strong></span> <span class='ocrx_word' id='word_1_637' title='bbox 2289 2561 2489 2614; x_wconf 84' lang='lat' dir='ltr'><strong><em>solum-</em></strong></span> <span class='ocrx_word' id='word_1_638' title='bbox 2505 2558 2751 2629; x_wconf 82' lang='lat' dir='ltr'><strong><em>collapsa</em></strong></span> <span class='ocrx_word' id='word_1_639' title='bbox 2779 2560 2903 2612; x_wconf 89' lang='lat' dir='ltr'><strong><em>erat</em></strong></span> <span class='ocrx_word' id='word_1_640' title='bbox 2947 2554 3112 2629; x_wconf 90' lang='lat' dir='ltr'><strong><em>quasi</em></strong></span> <span class='ocrx_word' id='word_1_641' title='bbox 3142 2554 3454 2623; x_wconf 89' lang='lat' dir='ltr'><strong><em>dormiens,</em></strong></span> <span class='ocrx_word' id='word_1_642' title='bbox 3487 2569 3733 2626; x_wconf 90' lang='lat' dir='ltr'><strong><em>moxque</em></strong></span> <span class='ocrx_word' id='word_1_643' title='bbox 3762 2570 3889 2610; x_wconf 81' lang='lat' dir='ltr'><strong><em>sur-</em></strong></span> 
     </span>
    </p>
   </div>
   <div class='ocr_carea' id='block_1_88' title="bbox 2182 2642 3887 2720">
    <p class='ocr_par' dir='ltr' id='par_1_88' title="bbox 2182 2642 3887 2720">
     <span class='ocr_line' id='line_1_88' title="bbox 2182 2642 3887 2720; baseline -0.002 -16"><span class='ocrx_word' id='word_1_644' title='bbox 2182 2653 2406 2704; x_wconf 86' lang='lat' dir='ltr'><strong><em>rexerat</em></strong></span> <span class='ocrx_word' id='word_1_645' title='bbox 2459 2647 2707 2720; x_wconf 87' lang='lat' dir='ltr'><strong><em>perfecta</em></strong></span> <span class='ocrx_word' id='word_1_646' title='bbox 2753 2646 2933 2700; x_wconf 89' lang='lat' dir='ltr'><strong><em>salute</em></strong></span> <span class='ocrx_word' id='word_1_647' title='bbox 2972 2646 3305 2716; x_wconf 88' lang='lat' dir='ltr'><strong><em>recuperata</em></strong></span> <span class='ocrx_word' id='word_1_648' title='bbox 3345 2642 3440 2714; x_wconf 89' lang='lat' dir='ltr'><strong><em>(De</em></strong></span> <span class='ocrx_word' id='word_1_649' title='bbox 3484 2644 3716 2700; x_wconf 83' lang='lat' dir='ltr'><strong><em>Civitate</em></strong></span> <span class='ocrx_word' id='word_1_650' title='bbox 3762 2646 3887 2713; x_wconf 78' lang='lat' dir='ltr'><strong><em>Dei,</em></strong></span> 
     </span>
    </p>
   </div>
   <div class='ocr_carea' id='block_1_89' title="bbox 2183 2731 3889 2806">
    <p class='ocr_par' dir='ltr' id='par_1_89' title="bbox 2183 2731 3889 2806">
     <span class='ocr_line' id='line_1_89' title="bbox 2183 2731 3889 2806; baseline -0.004 -13"><span class='ocrx_word' id='word_1_651' title='bbox 2183 2739 2277 2793; x_wconf 89' lang='lat' dir='ltr'><strong><em>lib.</em></strong></span> <span class='ocrx_word' id='word_1_652' title='bbox 2319 2741 2407 2805; x_wconf 90' lang='lat'><strong><em>22,</em></strong></span> <span class='ocrx_word' id='word_1_653' title='bbox 2441 2752 2562 2806; x_wconf 89' lang='lat' dir='ltr'><strong><em>cap.</em></strong></span> <span class='ocrx_word' id='word_1_654' title='bbox 2604 2738 2658 2800; x_wconf 88' lang='lat'><strong><em>8,</em></strong></span> <span class='ocrx_word' id='word_1_655' title='bbox 2705 2751 2760 2790; x_wconf 90' lang='lat' dir='ltr'><strong><em>n.</em></strong></span> <span class='ocrx_word' id='word_1_656' title='bbox 2803 2735 2911 2802; x_wconf 91' lang='lat'><strong><em>22).</em></strong></span> <span class='ocrx_word' id='word_1_657' title='bbox 2961 2732 3081 2803; x_wconf 83' lang='lat' dir='ltr'><strong><em>His,</em></strong></span> <span class='ocrx_word' id='word_1_658' title='bbox 3127 2732 3227 2805; x_wconf 90' lang='lat' dir='ltr'><strong><em>qui</em></strong></span> <span class='ocrx_word' id='word_1_659' title='bbox 3273 2731 3464 2788; x_wconf 88' lang='lat' dir='ltr'><strong><em>videre</em></strong></span> <span class='ocrx_word' id='word_1_660' title='bbox 3515 2731 3889 2796; x_wconf 87' lang='lat' dir='ltr'><strong><em>miraculum,</em></strong></span> 
     </span>
    </p>
   </div>
   <div class='ocr_carea' id='block_1_90' title="bbox 2180 2811 3894 2897">
    <p class='ocr_par' dir='ltr' id='par_1_90' title="bbox 2180 2811 3894 2897">
     <span class='ocr_line' id='line_1_90' title="bbox 2180 2811 3894 2897; baseline -0.004 -15"><span class='ocrx_word' id='word_1_661' title='bbox 2180 2827 2334 2882; x_wconf 90' lang='lat' dir='ltr'><strong><em>illico</em></strong></span> <span class='ocrx_word' id='word_1_662' title='bbox 2367 2811 2576 2897; x_wconf 89' lang='lat' dir='ltr'><strong><em>magno</em></strong></span> <span class='ocrx_word' id='word_1_663' title='bbox 2621 2840 2753 2879; x_wconf 92' lang='lat' dir='ltr'><strong><em>cum</em></strong></span> <span class='ocrx_word' id='word_1_664' title='bbox 2782 2823 2989 2895; x_wconf 88' lang='lat' dir='ltr'><strong><em>plausu</em></strong></span> <span class='ocrx_word' id='word_1_665' title='bbox 3021 2823 3134 2877; x_wconf 91' lang='lat' dir='ltr'><strong><em>Deo</em></strong></span> <span class='ocrx_word' id='word_1_666' title='bbox 3164 2821 3379 2891; x_wconf 88' lang='lat' dir='ltr'><strong><em>gratias</em></strong></span> <span class='ocrx_word' id='word_1_667' title='bbox 3418 2821 3894 2891; x_wconf 89' lang='lat' dir='ltr'><strong><em>acclamantibus,</em></strong></span> 
     </span>
    </p>
   </div>
   <div class='ocr_carea' id='block_1_91' title="bbox 2180 2910 3889 2989">
    <p class='ocr_par' dir='ltr' id='par_1_91' title="bbox 2180 2910 3889 2989">
     <span class='ocr_line' id='line_1_91' title="bbox 2180 2910 3889 2989; baseline -0.004 -18"><span class='ocrx_word' id='word_1_668' title='bbox 2180 2916 2453 2989; x_wconf 79' lang='lat' dir='ltr'><strong><em>populus,</em></strong></span> <span class='ocrx_word' id='word_1_669' title='bbox 2505 2912 2607 2985; x_wconf 92' lang='lat' dir='ltr'><strong><em>qui</em></strong></span> <span class='ocrx_word' id='word_1_670' title='bbox 2658 2911 3047 2983; x_wconf 87' lang='lat' dir='ltr'><strong><em>Augustinum</em></strong></span> <span class='ocrx_word' id='word_1_671' title='bbox 3095 2910 3380 2975; x_wconf 87' lang='lat' dir='ltr'><strong><em>audiebat,</em></strong></span> <span class='ocrx_word' id='word_1_672' title='bbox 3429 2923 3497 2963; x_wconf 92' lang='lat' dir='ltr'><strong><em>eo</em></strong></span> <span class='ocrx_word' id='word_1_673' title='bbox 3546 2910 3889 2965; x_wconf 89' lang='lat' dir='ltr'><strong><em>concurrit:</em></strong></span> 
     </span>
    </p>
   </div>
   <div class='ocr_carea' id='block_1_92' title="bbox 2183 2998 3892 3076">
    <p class='ocr_par' dir='ltr' id='par_1_92' title="bbox 2183 2998 3892 3076">
     <span class='ocr_line' id='line_1_92' title="bbox 2183 2998 3892 3076; baseline -0.004 -16"><span class='ocrx_word' id='word_1_674' title='bbox 2183 3006 2436 3076; x_wconf 90' lang='lat' dir='ltr'><strong><em>dumque</em></strong></span> <span class='ocrx_word' id='word_1_675' title='bbox 2466 3002 2563 3057; x_wconf 88' lang='lat' dir='ltr'><strong><em>Vir</em></strong></span> <span class='ocrx_word' id='word_1_676' title='bbox 2608 3005 2854 3066; x_wconf 89' lang='lat' dir='ltr'><strong><em>sanctus,</em></strong></span> <span class='ocrx_word' id='word_1_677' title='bbox 2884 2998 3116 3072; x_wconf 89' lang='lat' dir='ltr'><strong><em>quidam</em></strong></span> <span class='ocrx_word' id='word_1_678' title='bbox 3147 2998 3234 3053; x_wconf 85' lang='lat' dir='ltr'><strong><em>rei</em></strong></span> <span class='ocrx_word' id='word_1_679' title='bbox 3271 3002 3435 3066; x_wconf 88' lang='lat' dir='ltr'><strong><em>esset,</em></strong></span> <span class='ocrx_word' id='word_1_680' title='bbox 3469 2998 3892 3067; x_wconf 88' lang='lat' dir='ltr'><strong><em>sciscitaretur;</em></strong></span> 
     </span>
    </p>
   </div>
   <div class='ocr_carea' id='block_1_93' title="bbox 2182 3085 3895 3161">
    <p class='ocr_par' dir='ltr' id='par_1_93' title="bbox 2182 3085 3895 3161">
     <span class='ocr_line' id='line_1_93' title="bbox 2182 3085 3895 3161; baseline 0 -18"><span class='ocrx_word' id='word_1_681' title='bbox 2182 3089 2242 3143; x_wconf 91' lang='lat' dir='ltr'><strong><em>in</em></strong></span> <span class='ocrx_word' id='word_1_682' title='bbox 2261 3089 2552 3145; x_wconf 89' lang='lat' dir='ltr'><strong><em>basilicam</em></strong></span> <span class='ocrx_word' id='word_1_683' title='bbox 2570 3092 2739 3161; x_wconf 90' lang='lat' dir='ltr'><strong><em>atque</em></strong></span> <span class='ocrx_word' id='word_1_684' title='bbox 2753 3089 2821 3143; x_wconf 92' lang='lat' dir='ltr'><strong><em>ad</em></strong></span> <span class='ocrx_word' id='word_1_685' title='bbox 2844 3091 3198 3159; x_wconf 90' lang='lat' dir='ltr'><strong><em>suggestum,</em></strong></span> <span class='ocrx_word' id='word_1_686' title='bbox 3215 3102 3282 3142; x_wconf 92' lang='lat' dir='ltr'><strong><em>ex</em></strong></span> <span class='ocrx_word' id='word_1_687' title='bbox 3303 3102 3418 3158; x_wconf 89' lang='lat' dir='ltr'><strong><em>quo</em></strong></span> <span class='ocrx_word' id='word_1_688' title='bbox 3433 3086 3601 3142; x_wconf 90' lang='lat' dir='ltr'><strong><em>verba</em></strong></span> <span class='ocrx_word' id='word_1_689' title='bbox 3620 3085 3895 3151; x_wconf 86' lang='lat' dir='ltr'><strong><em>faciebat,</em></strong></span> 
     </span>
    </p>
   </div>
   <div class='ocr_carea' id='block_1_94' title="bbox 2183 3176 3897 3250">
    <p class='ocr_par' dir='ltr' id='par_1_94' title="bbox 2183 3176 3897 3250">
     <span class='ocr_line' id='line_1_94' title="bbox 2183 3176 3897 3250; baseline -0.001 -17"><span class='ocrx_word' id='word_1_690' title='bbox 2183 3179 2381 3234; x_wconf 89' lang='lat' dir='ltr'><strong><em>eadem</em></strong></span> <span class='ocrx_word' id='word_1_691' title='bbox 2409 3178 2604 3250; x_wconf 90' lang='lat' dir='ltr'><strong><em>puella</em></strong></span> <span class='ocrx_word' id='word_1_692' title='bbox 2636 3177 2877 3233; x_wconf 88' lang='lat' dir='ltr'><strong><em>adducta</em></strong></span> <span class='ocrx_word' id='word_1_693' title='bbox 2907 3180 2990 3230; x_wconf 89' lang='lat' dir='ltr'><strong><em>est</em></strong></span> <span class='ocrx_word' id='word_1_694' title='bbox 3019 3178 3212 3247; x_wconf 86' lang='lat' dir='ltr'><strong><em>(Serm.</em></strong></span> <span class='ocrx_word' id='word_1_695' title='bbox 3249 3178 3374 3245; x_wconf 88' lang='lat'><strong><em>323,</em></strong></span> <span class='ocrx_word' id='word_1_696' title='bbox 3403 3191 3459 3229; x_wconf 92' lang='lat' dir='ltr'><strong><em>n.</em></strong></span> <span class='ocrx_word' id='word_1_697' title='bbox 3493 3176 3566 3245; x_wconf 72' lang='grc'><strong><em>4).</em></strong></span> <span class='ocrx_word' id='word_1_698' title='bbox 3603 3177 3737 3231; x_wconf 88' lang='lat' dir='ltr'><strong><em>Tum</em></strong></span> <span class='ocrx_word' id='word_1_699' title='bbox 3764 3193 3897 3233; x_wconf 83' lang='lat' dir='ltr'><strong><em>vero</em></strong></span> 
     </span>
    </p>
   </div>
   <div class='ocr_carea' id='block_1_95' title="bbox 2184 3264 3895 3340">
    <p class='ocr_par' dir='ltr' id='par_1_95' title="bbox 2184 3264 3895 3340">
     <span class='ocr_line' id='line_1_95' title="bbox 2184 3264 3895 3340; baseline -0.001 -18"><span class='ocrx_word' id='word_1_700' title='bbox 2184 3271 2389 3335; x_wconf 90' lang='lat' dir='ltr'><strong><em>tantus,</em></strong></span> <span class='ocrx_word' id='word_1_701' title='bbox 2415 3266 2605 3340; x_wconf 84' lang='lat' dir='ltr'><strong><em>inquit</em></strong></span> <span class='ocrx_word' id='word_1_702' title='bbox 2634 3267 2750 3333; x_wconf 91' lang='lat' dir='ltr'><strong><em>ille,</em></strong></span> <span class='ocrx_word' id='word_1_703' title='bbox 2779 3266 2847 3321; x_wconf 87' lang='lat' dir='ltr'><strong><em>ab</em></strong></span> <span class='ocrx_word' id='word_1_704' title='bbox 2869 3269 3095 3336; x_wconf 82' lang='lat' dir='ltr'><strong><em>utroque</em></strong></span> <span class='ocrx_word' id='word_1_705' title='bbox 3114 3280 3249 3320; x_wconf 68' lang='lat' dir='ltr'><strong><em>sexu</em></strong></span> <span class='ocrx_word' id='word_1_706' title='bbox 3273 3264 3652 3320; x_wconf 87' lang='lat' dir='ltr'><strong><em>admirationis</em></strong></span> <span class='ocrx_word' id='word_1_707' title='bbox 3682 3266 3895 3320; x_wconf 84' lang='lat' dir='ltr'><strong><em>clamor</em></strong></span> 
     </span>
    </p>
   </div>
   <div class='ocr_carea' id='block_1_96' title="bbox 2182 3353 3897 3425">
    <p class='ocr_par' dir='ltr' id='par_1_96' title="bbox 2182 3353 3897 3425">
     <span class='ocr_line' id='line_1_96' title="bbox 2182 3353 3897 3425; baseline -0.001 -16"><span class='ocrx_word' id='word_1_708' title='bbox 2182 3361 2399 3412; x_wconf 70' lang='lat' dir='ltr'><strong><em>exortus</em></strong></span> <span class='ocrx_word' id='word_1_709' title='bbox 2428 3361 2523 3425; x_wconf 90' lang='lat' dir='ltr'><strong><em>est,</em></strong></span> <span class='ocrx_word' id='word_1_710' title='bbox 2556 3360 2619 3410; x_wconf 87' lang='lat' dir='ltr'><strong><em>ut</em></strong></span> <span class='ocrx_word' id='word_1_711' title='bbox 2647 3371 2751 3409; x_wconf 74' lang='lat' dir='ltr'><strong><em>vos:</em></strong></span> <span class='ocrx_word' id='word_1_712' title='bbox 2776 3356 3089 3410; x_wconf 84' lang='lat' dir='ltr'><strong><em>continuata</em></strong></span> <span class='ocrx_word' id='word_1_713' title='bbox 3118 3369 3239 3409; x_wconf 89' lang='lat' dir='ltr'><strong><em>cum</em></strong></span> <span class='ocrx_word' id='word_1_714' title='bbox 3267 3353 3522 3421; x_wconf 78' lang='lat' dir='ltr'><strong><em>laerymis</em></strong></span> <span class='ocrx_word' id='word_1_715' title='bbox 3550 3368 3657 3408; x_wconf 90' lang='lat' dir='ltr'><strong><em>non</em></strong></span> <span class='ocrx_word' id='word_1_716' title='bbox 3683 3354 3897 3408; x_wconf 84' lang='lat' dir='ltr'><strong><em>uidere-</em></strong></span> 
     </span>
    </p>
   </div>
   <div class='ocr_carea' id='block_1_97' title="bbox 2184 3442 3896 3516">
    <p class='ocr_par' dir='ltr' id='par_1_97' title="bbox 2184 3442 3896 3516">
     <span class='ocr_line' id='line_1_97' title="bbox 2184 3442 3896 3516; baseline -0.001 -16"><span class='ocrx_word' id='word_1_717' title='bbox 2184 3451 2274 3500; x_wconf 90' lang='lat' dir='ltr'><strong><em>tur</em></strong></span> <span class='ocrx_word' id='word_1_718' title='bbox 2297 3462 2455 3516; x_wconf 90' lang='lat' dir='ltr'><strong><em>posse</em></strong></span> <span class='ocrx_word' id='word_1_719' title='bbox 2480 3446 2649 3515; x_wconf 82' lang='lat' dir='ltr'><strong><em>flniri.</em></strong></span> <span class='ocrx_word' id='word_1_720' title='bbox 2688 3444 2952 3500; x_wconf 88' lang='lat' dir='ltr'><strong><em>Perducta</em></strong></span> <span class='ocrx_word' id='word_1_721' title='bbox 2993 3447 3071 3498; x_wconf 91' lang='lat' dir='ltr'><strong><em>est</em></strong></span> <span class='ocrx_word' id='word_1_722' title='bbox 3100 3443 3175 3497; x_wconf 88' lang='lat' dir='ltr'><strong><em>ad</em></strong></span> <span class='ocrx_word' id='word_1_723' title='bbox 3200 3458 3319 3497; x_wconf 90' lang='lat' dir='ltr'><strong><em>eum</em></strong></span> <span class='ocrx_word' id='word_1_724' title='bbox 3363 3443 3554 3509; x_wconf 87' lang='lat' dir='ltr'><strong><em>locum,</em></strong></span> <span class='ocrx_word' id='word_1_725' title='bbox 3588 3442 3684 3497; x_wconf 87' lang='lat' dir='ltr'><strong><em>ubi</em></strong></span> <span class='ocrx_word' id='word_1_726' title='bbox 3720 3443 3896 3513; x_wconf 86' lang='lat' dir='ltr'><strong><em>paulo</em></strong></span> 
     </span>
    </p>
   </div>
   <div class='ocr_carea' id='block_1_98' title="bbox 2183 3532 3892 3598">
    <p class='ocr_par' dir='ltr' id='par_1_98' title="bbox 2183 3532 3892 3598">
     <span class='ocr_line' id='line_1_98' title="bbox 2183 3532 3892 3598; baseline -0.002 -10"><span class='ocrx_word' id='word_1_727' title='bbox 2183 3539 2306 3589; x_wconf 84' lang='lat' dir='ltr'><strong><em>ante</em></strong></span> <span class='ocrx_word' id='word_1_728' title='bbox 2345 3538 2567 3589; x_wconf 89' lang='lat' dir='ltr'><strong><em>steterat</em></strong></span> <span class='ocrx_word' id='word_1_729' title='bbox 2596 3538 2840 3589; x_wconf 89' lang='lat' dir='ltr'><strong><em>tremens.</em></strong></span> <span class='ocrx_word' id='word_1_730' title='bbox 2876 3533 3242 3588; x_wconf 64' lang='lat' dir='ltr'><strong><em>Emsultabant</em></strong></span> <span class='ocrx_word' id='word_1_731' title='bbox 3270 3547 3386 3586; x_wconf 89' lang='lat' dir='ltr'><strong><em>eam</em></strong></span> <span class='ocrx_word' id='word_1_732' title='bbox 3414 3532 3643 3586; x_wconf 85' lang='lat' dir='ltr'><strong><em>similem</em></strong></span> <span class='ocrx_word' id='word_1_733' title='bbox 3687 3533 3892 3598; x_wconf 76' lang='lat' dir='ltr'><strong><em>fratri,</em></strong></span> 
     </span>
    </p>
   </div>
   <div class='ocr_carea' id='block_1_99' title="bbox 2182 3619 3896 3686">
    <p class='ocr_par' dir='ltr' id='par_1_99' title="bbox 2182 3619 3896 3686">
     <span class='ocr_line' id='line_1_99' title="bbox 2182 3619 3896 3686; baseline 0.001 -12"><span class='ocrx_word' id='word_1_734' title='bbox 2182 3626 2272 3678; x_wconf 69' lang='lat' dir='ltr'><strong><em>cui</em></strong></span> <span class='ocrx_word' id='word_1_735' title='bbox 2307 3624 2596 3678; x_wconf 88' lang='lat' dir='ltr'><strong><em>doluerant</em></strong></span> <span class='ocrx_word' id='word_1_736' title='bbox 2622 3624 2946 3677; x_wconf 90' lang='lat' dir='ltr'><strong><em>remansisse</em></strong></span> <span class='ocrx_word' id='word_1_737' title='bbox 2987 3621 3339 3677; x_wconf 87' lang='lat' dir='ltr'><strong><em>dissimilem:</em></strong></span> <span class='ocrx_word' id='word_1_738' title='bbox 3372 3624 3422 3675; x_wconf 89' lang='lat' dir='ltr'><strong><em>et</em></strong></span> <span class='ocrx_word' id='word_1_739' title='bbox 3456 3619 3697 3674; x_wconf 86' lang='lat' dir='ltr'><strong><em>nondum</em></strong></span> <span class='ocrx_word' id='word_1_740' title='bbox 3729 3622 3896 3686; x_wconf 80' lang='lat' dir='ltr'><strong><em>fusas</em></strong></span> 
     </span>
    </p>
   </div>
   <div class='ocr_carea' id='block_1_100' title="bbox 2181 3708 3896 3783">
    <p class='ocr_par' dir='ltr' id='par_1_100' title="bbox 2181 3708 3896 3783">
     <span class='ocr_line' id='line_1_100' title="bbox 2181 3708 3896 3783; baseline -0.002 -16"><span class='ocrx_word' id='word_1_741' title='bbox 2181 3727 2362 3783; x_wconf 85' lang='lat' dir='ltr'><strong><em>preces</em></strong></span> <span class='ocrx_word' id='word_1_742' title='bbox 2385 3726 2514 3766; x_wconf 87' lang='lat' dir='ltr'><strong><em>suas</em></strong></span> <span class='ocrx_word' id='word_1_743' title='bbox 2531 3727 2632 3781; x_wconf 93' lang='lat' dir='ltr'><strong><em>pro</em></strong></span> <span class='ocrx_word' id='word_1_744' title='bbox 2652 3712 2773 3779; x_wconf 88' lang='lat' dir='ltr'><strong><em>illa,</em></strong></span> <span class='ocrx_word' id='word_1_745' title='bbox 2791 3711 2913 3781; x_wconf 90' lang='lat' dir='ltr'><strong><em>jam</em></strong></span> <span class='ocrx_word' id='word_1_746' title='bbox 2938 3714 3115 3764; x_wconf 89' lang='lat' dir='ltr'><strong><em>tamen</em></strong></span> <span class='ocrx_word' id='word_1_747' title='bbox 3140 3709 3404 3779; x_wconf 72' lang='lat' dir='ltr'><strong><em>praevium</em></strong></span> <span class='ocrx_word' id='word_1_748' title='bbox 3428 3708 3756 3763; x_wconf 83' lang='lat' dir='ltr'><strong><em>voluntatem</em></strong></span> <span class='ocrx_word' id='word_1_749' title='bbox 3777 3712 3896 3764; x_wconf 82' lang='lat' dir='ltr'><strong><em>tam</em></strong></span> 
     </span>
    </p>
   </div>
   <div class='ocr_carea' id='block_1_101' title="bbox 2183 3797 3897 3856">
    <p class='ocr_par' dir='ltr' id='par_1_101' title="bbox 2183 3797 3897 3856">
     <span class='ocr_line' id='line_1_101' title="bbox 2183 3797 3897 3856; baseline -0.002 0"><span class='ocrx_word' id='word_1_750' title='bbox 2183 3803 2286 3856; x_wconf 89' lang='lat' dir='ltr'><strong><em>cito</em></strong></span> <span class='ocrx_word' id='word_1_751' title='bbox 2314 3800 2631 3855; x_wconf 70' lang='lat' dir='ltr'><strong><em>exauditam</em></strong></span> <span class='ocrx_word' id='word_1_752' title='bbox 2672 3814 2782 3855; x_wconf 91' lang='lat' dir='ltr'><strong><em>esse</em></strong></span> <span class='ocrx_word' id='word_1_753' title='bbox 2827 3799 3128 3855; x_wconf 88' lang='lat' dir='ltr'><strong><em>cernebant.</em></strong></span> <span class='ocrx_word' id='word_1_754' title='bbox 3154 3797 3524 3854; x_wconf 70' lang='lat' dir='ltr'><strong><em>Emsultabant</em></strong></span> <span class='ocrx_word' id='word_1_755' title='bbox 3550 3798 3609 3851; x_wconf 89' lang='lat' dir='ltr'><strong><em>in</em></strong></span> <span class='ocrx_word' id='word_1_756' title='bbox 3637 3799 3733 3852; x_wconf 88' lang='lat' dir='ltr'><strong><em>Dei</em></strong></span> <span class='ocrx_word' id='word_1_757' title='bbox 3763 3798 3897 3853; x_wconf 84' lang='lat' dir='ltr'><strong><em>lau—</em></strong></span> 
     </span>
    </p>
   </div>
   <div class='ocr_carea' id='block_1_102' title="bbox 2183 3889 3896 3957">
    <p class='ocr_par' dir='ltr' id='par_1_102' title="bbox 2183 3889 3896 3957">
     <span class='ocr_line' id='line_1_102' title="bbox 2183 3889 3896 3957; baseline -0.001 -14"><span class='ocrx_word' id='word_1_758' title='bbox 2183 3891 2303 3945; x_wconf 83' lang='lat' dir='ltr'><strong><em>dem</em></strong></span> <span class='ocrx_word' id='word_1_759' title='bbox 2330 3905 2452 3945; x_wconf 83' lang='lat' dir='ltr'><strong><em>voce</em></strong></span> <span class='ocrx_word' id='word_1_760' title='bbox 2474 3892 2590 3945; x_wconf 91' lang='lat' dir='ltr'><strong><em>sine</em></strong></span> <span class='ocrx_word' id='word_1_761' title='bbox 2607 3889 2804 3956; x_wconf 81' lang='lat' dir='ltr'><strong><em>verbis,</em></strong></span> <span class='ocrx_word' id='word_1_762' title='bbox 2834 3892 2984 3943; x_wconf 88' lang='lat' dir='ltr'><strong><em>tanto</em></strong></span> <span class='ocrx_word' id='word_1_763' title='bbox 3004 3889 3205 3954; x_wconf 87' lang='lat' dir='ltr'><strong><em>sonitu,</em></strong></span> <span class='ocrx_word' id='word_1_764' title='bbox 3227 3891 3491 3957; x_wconf 87' lang='lat' dir='ltr'><strong><em>quantum</em></strong></span> <span class='ocrx_word' id='word_1_765' title='bbox 3516 3900 3674 3940; x_wconf 90' lang='lat' dir='ltr'><strong><em>aures</em></strong></span> <span class='ocrx_word' id='word_1_766' title='bbox 3693 3890 3896 3941; x_wconf 68' lang='lat' dir='ltr'><strong><em>nostra:</em></strong></span> 
     </span>
    </p>
   </div>
   <div class='ocr_carea' id='block_1_103' title="bbox 2181 3975 3892 4049">
    <p class='ocr_par' dir='ltr' id='par_1_103' title="bbox 2181 3975 3892 4049">
     <span class='ocr_line' id='line_1_103' title="bbox 2181 3975 3892 4049; baseline -0.003 -15"><span class='ocrx_word' id='word_1_767' title='bbox 2181 3981 2327 4046; x_wconf 82' lang='lat' dir='ltr'><strong><em>ferre</em></strong></span> <span class='ocrx_word' id='word_1_768' title='bbox 2366 3981 2462 4034; x_wconf 69' lang='lat' dir='ltr'><strong><em>vim</em></strong></span> <span class='ocrx_word' id='word_1_769' title='bbox 2502 3982 2737 4049; x_wconf 88' lang='lat' dir='ltr'><strong><em>possent.</em></strong></span> <span class='ocrx_word' id='word_1_770' title='bbox 2772 3977 2915 4044; x_wconf 88' lang='lat' dir='ltr'><strong><em>Quid</em></strong></span> <span class='ocrx_word' id='word_1_771' title='bbox 2942 3980 3060 4031; x_wconf 91' lang='lat' dir='ltr'><strong><em>erat</em></strong></span> <span class='ocrx_word' id='word_1_772' title='bbox 3096 3978 3155 4030; x_wconf 90' lang='lat' dir='ltr'><strong><em>in</em></strong></span> <span class='ocrx_word' id='word_1_773' title='bbox 3184 3976 3437 4031; x_wconf 90' lang='lat' dir='ltr'><strong><em>cordibus</em></strong></span> <span class='ocrx_word' id='word_1_774' title='bbox 3475 3975 3892 4043; x_wconf 67' lang='lat' dir='ltr'><strong><em>exsultantium,</em></strong></span> 
     </span>
    </p>
   </div>
   <div class='ocr_carea' id='block_1_104' title="bbox 2182 4063 3894 4138">
    <p class='ocr_par' dir='ltr' id='par_1_104' title="bbox 2182 4063 3894 4138">
     <span class='ocr_line' id='line_1_104' title="bbox 2182 4063 3894 4138; baseline -0.001 -17"><span class='ocrx_word' id='word_1_775' title='bbox 2182 4070 2293 4124; x_wconf 91' lang='lat' dir='ltr'><strong><em>nisi</em></strong></span> <span class='ocrx_word' id='word_1_776' title='bbox 2318 4068 2450 4138; x_wconf 79' lang='lat' dir='ltr'><strong><em>ﬁdes</em></strong></span> <span class='ocrx_word' id='word_1_777' title='bbox 2479 4068 2704 4137; x_wconf 84' lang='lat' dir='ltr'><strong><em>Christi,</em></strong></span> <span class='ocrx_word' id='word_1_778' title='bbox 2728 4082 2832 4137; x_wconf 92' lang='lat' dir='ltr'><strong><em>pro</em></strong></span> <span class='ocrx_word' id='word_1_779' title='bbox 2860 4081 2968 4137; x_wconf 89' lang='lat' dir='ltr'><strong><em>qua</em></strong></span> <span class='ocrx_word' id='word_1_780' title='bbox 2992 4065 3258 4134; x_wconf 85' lang='lat' dir='ltr'><strong><em>Stephani</em></strong></span> <span class='ocrx_word' id='word_1_781' title='bbox 3283 4065 3507 4131; x_wconf 88' lang='lat' dir='ltr'><strong><em>sanguis</em></strong></span> <span class='ocrx_word' id='word_1_782' title='bbox 3534 4063 3741 4132; x_wconf 62' lang='lat' dir='ltr'><strong><em>eﬁusus</em></strong></span> <span class='ocrx_word' id='word_1_783' title='bbox 3768 4064 3894 4119; x_wconf 82' lang='lat' dir='ltr'><strong><em>est?</em></strong></span> 
     </span>
    </p>
   </div>
   <div class='ocr_carea' id='block_1_105' title="bbox 2184 4151 3894 4225">
    <p class='ocr_par' dir='ltr' id='par_1_105' title="bbox 2184 4151 3894 4225">
     <span class='ocr_line' id='line_1_105' title="bbox 2184 4151 3894 4225; baseline -0.003 -13"><span class='ocrx_word' id='word_1_784' title='bbox 2184 4158 2277 4225; x_wconf 94' lang='lat' dir='ltr'><strong><em>(De</em></strong></span> <span class='ocrx_word' id='word_1_785' title='bbox 2308 4158 2547 4212; x_wconf 81' lang='lat' dir='ltr'><strong><em>Civitate</em></strong></span> <span class='ocrx_word' id='word_1_786' title='bbox 2584 4155 2709 4223; x_wconf 92' lang='lat' dir='ltr'><strong><em>Dei,</em></strong></span> <span class='ocrx_word' id='word_1_787' title='bbox 2748 4155 2840 4211; x_wconf 86' lang='lat' dir='ltr'><strong><em>lib.</em></strong></span> <span class='ocrx_word' id='word_1_788' title='bbox 2880 4158 2970 4221; x_wconf 89' lang='lat'><strong><em>22,</em></strong></span> <span class='ocrx_word' id='word_1_789' title='bbox 3012 4169 3134 4223; x_wconf 87' lang='lat' dir='ltr'><strong><em>cap.</em></strong></span> <span class='ocrx_word' id='word_1_790' title='bbox 3175 4156 3229 4217; x_wconf 90' lang='lat'><strong><em>8,</em></strong></span> <span class='ocrx_word' id='word_1_791' title='bbox 3268 4169 3326 4208; x_wconf 90' lang='lat' dir='ltr'><strong><em>n.</em></strong></span> <span class='ocrx_word' id='word_1_792' title='bbox 3365 4152 3471 4223; x_wconf 90' lang='lat'><strong><em>22).</em></strong></span> <span class='ocrx_word' id='word_1_793' title='bbox 3518 4151 3622 4208; x_wconf 89' lang='lat' dir='ltr'><strong><em>Ubi</em></strong></span> <span class='ocrx_word' id='word_1_794' title='bbox 3658 4153 3894 4209; x_wconf 89' lang='lat' dir='ltr'><strong><em>sedatus</em></strong></span> 
     </span>
    </p>
   </div>
   <div class='ocr_carea' id='block_1_106' title="bbox 2184 4241 3895 4315">
    <p class='ocr_par' dir='ltr' id='par_1_106' title="bbox 2184 4241 3895 4315">
     <span class='ocr_line' id='line_1_106' title="bbox 2184 4241 3895 4315; baseline -0.002 -15"><span class='ocrx_word' id='word_1_795' title='bbox 2184 4250 2269 4300; x_wconf 91' lang='lat' dir='ltr'><strong><em>est</em></strong></span> <span class='ocrx_word' id='word_1_796' title='bbox 2302 4245 2399 4300; x_wconf 92' lang='lat' dir='ltr'><strong><em>ille</em></strong></span> <span class='ocrx_word' id='word_1_797' title='bbox 2440 4244 2730 4315; x_wconf 86' lang='lat' dir='ltr'><strong><em>strepitus,</em></strong></span> <span class='ocrx_word' id='word_1_798' title='bbox 2770 4242 2915 4298; x_wconf 90' lang='lat' dir='ltr'><strong><em>nihil</em></strong></span> <span class='ocrx_word' id='word_1_799' title='bbox 2961 4242 3115 4297; x_wconf 89' lang='lat' dir='ltr'><strong><em>aliud</em></strong></span> <span class='ocrx_word' id='word_1_800' title='bbox 3157 4246 3384 4296; x_wconf 88' lang='lat' dir='ltr'><strong><em>sanctus</em></strong></span> <span class='ocrx_word' id='word_1_801' title='bbox 3425 4243 3631 4297; x_wconf 91' lang='lat' dir='ltr'><strong><em>Doctor</em></strong></span> <span class='ocrx_word' id='word_1_802' title='bbox 3666 4241 3895 4296; x_wconf 89' lang='lat' dir='ltr'><strong><em>addidit</em></strong></span> 
     </span>
    </p>
   </div>
   <div class='ocr_carea' id='block_1_107' title="bbox 2185 4329 3894 4406">
    <p class='ocr_par' dir='ltr' id='par_1_107' title="bbox 2185 4329 3894 4406">
     <span class='ocr_line' id='line_1_107' title="bbox 2185 4329 3894 4406; baseline -0.003 -17"><span class='ocrx_word' id='word_1_803' title='bbox 2185 4338 2393 4406; x_wconf 55' lang='lat' dir='ltr'><strong><em>praeter</em></strong></span> <span class='ocrx_word' id='word_1_804' title='bbox 2432 4332 2681 4405; x_wconf 88' lang='lat' dir='ltr'><strong><em>paucula</em></strong></span> <span class='ocrx_word' id='word_1_805' title='bbox 2715 4331 2908 4402; x_wconf 85' lang='lat' dir='ltr'><strong><em>verba,</em></strong></span> <span class='ocrx_word' id='word_1_806' title='bbox 2944 4330 3153 4402; x_wconf 89' lang='lat' dir='ltr'><strong><em>quibus</em></strong></span> <span class='ocrx_word' id='word_1_807' title='bbox 3190 4329 3641 4385; x_wconf 89' lang='lat' dir='ltr'><strong><em>misericordiam</em></strong></span> <span class='ocrx_word' id='word_1_808' title='bbox 3682 4329 3808 4395; x_wconf 90' lang='lat' dir='ltr'><strong><em>Dei,</em></strong></span> <span class='ocrx_word' id='word_1_809' title='bbox 3858 4347 3894 4384; x_wconf 89' lang='lat' dir='ltr'><strong><em>a</em></strong></span> 
     </span>
    </p>
   </div>
   <div class='ocr_carea' id='block_1_108' title="bbox 2185 4417 3893 4493">
    <p class='ocr_par' dir='ltr' id='par_1_108' title="bbox 2185 4417 3893 4493">
     <span class='ocr_line' id='line_1_108' title="bbox 2185 4417 3893 4493; baseline -0.002 -18"><span class='ocrx_word' id='word_1_810' title='bbox 2185 4436 2298 4492; x_wconf 91' lang='lat' dir='ltr'><strong><em>quo</em></strong></span> <span class='ocrx_word' id='word_1_811' title='bbox 2349 4420 2471 4493; x_wconf 89' lang='lat' dir='ltr'><strong><em>ipsa</em></strong></span> <span class='ocrx_word' id='word_1_812' title='bbox 2518 4435 2720 4475; x_wconf 90' lang='lat' dir='ltr'><strong><em>eorum</em></strong></span> <span class='ocrx_word' id='word_1_813' title='bbox 2767 4421 2853 4474; x_wconf 92' lang='lat' dir='ltr'><strong><em>vel</em></strong></span> <span class='ocrx_word' id='word_1_814' title='bbox 2898 4419 3020 4474; x_wconf 92' lang='lat' dir='ltr'><strong><em>sola</em></strong></span> <span class='ocrx_word' id='word_1_815' title='bbox 3065 4418 3336 4489; x_wconf 88' lang='lat' dir='ltr'><strong><em>precandi</em></strong></span> <span class='ocrx_word' id='word_1_816' title='bbox 3380 4419 3641 4473; x_wconf 84' lang='lat' dir='ltr'><strong><em>voluntas</em></strong></span> <span class='ocrx_word' id='word_1_817' title='bbox 3689 4417 3893 4473; x_wconf 88' lang='lat' dir='ltr'><strong><em>audita</em></strong></span> 
     </span>
    </p>
   </div>
   <div class='ocr_carea' id='block_1_109' title="bbox 2184 4506 3894 4580">
    <p class='ocr_par' dir='ltr' id='par_1_109' title="bbox 2184 4506 3894 4580">
     <span class='ocr_line' id='line_1_109' title="bbox 2184 4506 3894 4580; baseline -0.002 -16"><span class='ocrx_word' id='word_1_818' title='bbox 2184 4509 2390 4577; x_wconf 89' lang='lat' dir='ltr'><strong><em>fuerat,</em></strong></span> <span class='ocrx_word' id='word_1_819' title='bbox 2434 4509 2882 4564; x_wconf 87' lang='lat' dir='ltr'><strong><em>commendaret.</em></strong></span> <span class='ocrx_word' id='word_1_820' title='bbox 2925 4508 3025 4563; x_wconf 90' lang='lat' dir='ltr'><strong><em>Die</em></strong></span> <span class='ocrx_word' id='word_1_821' title='bbox 3066 4506 3331 4580; x_wconf 90' lang='lat' dir='ltr'><strong><em>sequenti</em></strong></span> <span class='ocrx_word' id='word_1_822' title='bbox 3375 4506 3646 4578; x_wconf 90' lang='lat' dir='ltr'><strong><em>perrexit,</em></strong></span> <span class='ocrx_word' id='word_1_823' title='bbox 3683 4521 3894 4579; x_wconf 85' lang='lat' dir='ltr'><strong><em>quem-</em></strong></span> 
     </span>
    </p>
   </div>
   <div class='ocr_carea' id='block_1_110' title="bbox 2186 4596 3897 4669">
    <p class='ocr_par' dir='ltr' id='par_1_110' title="bbox 2186 4596 3897 4669">
     <span class='ocr_line' id='line_1_110' title="bbox 2186 4596 3897 4669; baseline -0.002 -15"><span class='ocrx_word' id='word_1_824' title='bbox 2186 4597 2497 4654; x_wconf 91' lang='lat' dir='ltr'><strong><em>admodum</em></strong></span> <span class='ocrx_word' id='word_1_825' title='bbox 2527 4596 2715 4669; x_wconf 89' lang='lat' dir='ltr'><strong><em>pridie</em></strong></span> <span class='ocrx_word' id='word_1_826' title='bbox 2744 4596 2973 4665; x_wconf 88' lang='lat' dir='ltr'><strong><em>fecerat,</em></strong></span> <span class='ocrx_word' id='word_1_827' title='bbox 3004 4596 3317 4668; x_wconf 90' lang='lat' dir='ltr'><strong><em>inquirere,</em></strong></span> <span class='ocrx_word' id='word_1_828' title='bbox 3348 4596 3491 4668; x_wconf 89' lang='lat' dir='ltr'><strong><em>quid</em></strong></span> <span class='ocrx_word' id='word_1_829' title='bbox 3529 4611 3711 4651; x_wconf 69' lang='lat' dir='ltr'><strong><em>causa:</em></strong></span> <span class='ocrx_word' id='word_1_830' title='bbox 3743 4601 3897 4651; x_wconf 86' lang='lat' dir='ltr'><strong><em>esset</em></strong></span> 
     </span>
    </p>
   </div>
   <div class='ocr_carea' id='block_1_111' title="bbox 2185 4684 3899 4756">
    <p class='ocr_par' dir='ltr' id='par_1_111' title="bbox 2185 4684 3899 4756">
     <span class='ocr_line' id='line_1_111' title="bbox 2185 4684 3899 4756; baseline -0.003 -13"><span class='ocrx_word' id='word_1_831' title='bbox 2185 4703 2286 4743; x_wconf 91' lang='lat' dir='ltr'><strong><em>cur</em></strong></span> <span class='ocrx_word' id='word_1_832' title='bbox 2323 4688 2472 4742; x_wconf 89' lang='lat' dir='ltr'><strong><em>Deus</em></strong></span> <span class='ocrx_word' id='word_1_833' title='bbox 2511 4686 2618 4741; x_wconf 88' lang='lat' dir='ltr'><strong><em>hoc</em></strong></span> <span class='ocrx_word' id='word_1_834' title='bbox 2659 4685 3001 4741; x_wconf 89' lang='lat' dir='ltr'><strong><em>miraculum</em></strong></span> <span class='ocrx_word' id='word_1_835' title='bbox 3042 4685 3305 4756; x_wconf 83' lang='lat' dir='ltr'><strong><em>Hippone</em></strong></span> <span class='ocrx_word' id='word_1_836' title='bbox 3347 4684 3543 4755; x_wconf 90' lang='lat' dir='ltr'><strong><em>potius</em></strong></span> <span class='ocrx_word' id='word_1_837' title='bbox 3578 4700 3755 4756; x_wconf 87' lang='lat' dir='ltr'><strong><em>quam</em></strong></span> <span class='ocrx_word' id='word_1_838' title='bbox 3794 4690 3899 4739; x_wconf 86' lang='lat' dir='ltr'><strong><em>aut</em></strong></span> 
     </span>
    </p>
   </div>
   <div class='ocr_carea' id='block_1_112' title="bbox 2184 4773 3893 4845">
    <p class='ocr_par' dir='ltr' id='par_1_112' title="bbox 2184 4773 3893 4845">
     <span class='ocr_line' id='line_1_112' title="bbox 2184 4773 3893 4845; baseline -0.003 -13"><span class='ocrx_word' id='word_1_839' title='bbox 2184 4778 2431 4832; x_wconf 65' lang='lat' dir='ltr'><strong><em>Anconae</em></strong></span> <span class='ocrx_word' id='word_1_840' title='bbox 2457 4780 2555 4831; x_wconf 90' lang='lat' dir='ltr'><strong><em>aut</em></strong></span> <span class='ocrx_word' id='word_1_841' title='bbox 2573 4775 2727 4831; x_wconf 90' lang='lat' dir='ltr'><strong><em>Uzali</em></strong></span> <span class='ocrx_word' id='word_1_842' title='bbox 2747 4775 2963 4831; x_wconf 87' lang='lat' dir='ltr'><strong><em>factum</em></strong></span> <span class='ocrx_word' id='word_1_843' title='bbox 2978 4775 3233 4830; x_wconf 88' lang='lat' dir='ltr'><strong><em>voluerat</em></strong></span> <span class='ocrx_word' id='word_1_844' title='bbox 3254 4774 3448 4844; x_wconf 86' lang='lat' dir='ltr'><strong><em>(Serm.</em></strong></span> <span class='ocrx_word' id='word_1_845' title='bbox 3483 4773 3626 4845; x_wconf 79' lang='grc'><strong>324).</strong></span> <span class='ocrx_word' id='word_1_846' title='bbox 3648 4774 3893 4828; x_wconf 82' lang='lat' dir='ltr'><strong><em>Verum-</em></strong></span> 
     </span>
    </p>
   </div>
   <div class='ocr_carea' id='block_1_113' title="bbox 2184 4861 3897 4937">
    <p class='ocr_par' dir='ltr' id='par_1_113' title="bbox 2184 4861 3897 4937">
     <span class='ocr_line' id='line_1_113' title="bbox 2184 4861 3897 4937; baseline -0.002 -16"><span class='ocrx_word' id='word_1_847' title='bbox 2184 4870 2376 4921; x_wconf 90' lang='lat' dir='ltr'><strong><em>tamen</em></strong></span> <span class='ocrx_word' id='word_1_848' title='bbox 2426 4866 2584 4937; x_wconf 89' lang='lat' dir='ltr'><strong><em>quod</em></strong></span> <span class='ocrx_word' id='word_1_849' title='bbox 2634 4881 2702 4920; x_wconf 92' lang='lat' dir='ltr'><strong><em>ex</em></strong></span> <span class='ocrx_word' id='word_1_850' title='bbox 2758 4865 2962 4920; x_wconf 90' lang='lat' dir='ltr'><strong><em>eodem</em></strong></span> <span class='ocrx_word' id='word_1_851' title='bbox 3016 4879 3282 4920; x_wconf 90' lang='lat' dir='ltr'><strong><em>sermone</em></strong></span> <span class='ocrx_word' id='word_1_852' title='bbox 3330 4866 3605 4935; x_wconf 88' lang='lat' dir='ltr'><strong><em>superest,</em></strong></span> <span class='ocrx_word' id='word_1_853' title='bbox 3646 4861 3897 4933; x_wconf 87' lang='lat' dir='ltr'><strong><em>insignis</em></strong></span> 
     </span>
    </p>
   </div>
   <div class='ocr_carea' id='block_1_114' title="bbox 2184 4951 3896 5024">
    <p class='ocr_par' dir='ltr' id='par_1_114' title="bbox 2184 4951 3896 5024">
     <span class='ocr_line' id='line_1_114' title="bbox 2184 4951 3896 5024; baseline -0.004 -12"><span class='ocrx_word' id='word_1_854' title='bbox 2184 4954 2446 5012; x_wconf 89' lang='lat' dir='ltr'><strong><em>miraculi</em></strong></span> <span class='ocrx_word' id='word_1_855' title='bbox 2466 4955 2633 5011; x_wconf 83' lang='lat' dir='ltr'><strong><em>Uzale</em></strong></span> <span class='ocrx_word' id='word_1_856' title='bbox 2650 4955 2710 5010; x_wconf 91' lang='lat' dir='ltr'><strong><em>in</em></strong></span> <span class='ocrx_word' id='word_1_857' title='bbox 2729 4954 3010 5010; x_wconf 89' lang='lat' dir='ltr'><strong><em>infantulo</em></strong></span> <span class='ocrx_word' id='word_1_858' title='bbox 3031 4957 3162 5009; x_wconf 87' lang='lat' dir='ltr'><strong><em>ante</em></strong></span> <span class='ocrx_word' id='word_1_859' title='bbox 3190 4956 3517 5024; x_wconf 88' lang='lat' dir='ltr'><strong><em>susceptum</em></strong></span> <span class='ocrx_word' id='word_1_860' title='bbox 3539 4951 3896 5023; x_wconf 85' lang='lat' dir='ltr'><strong><em>Baptismum</em></strong></span> 
     </span>
    </p>
   </div>
   <div class='ocr_carea' id='block_1_115' title="bbox 2184 5040 3899 5113">
    <p class='ocr_par' dir='ltr' id='par_1_115' title="bbox 2184 5040 3899 5113">
     <span class='ocr_line' id='line_1_115' title="bbox 2184 5040 3899 5113; baseline -0.002 -13"><span class='ocrx_word' id='word_1_861' title='bbox 2184 5045 2461 5100; x_wconf 87' lang='lat' dir='ltr'><strong><em>exstincto</em></strong></span> <span class='ocrx_word' id='word_1_862' title='bbox 2487 5044 2621 5099; x_wconf 87' lang='lat' dir='ltr'><strong><em>facti</em></strong></span> <span class='ocrx_word' id='word_1_863' title='bbox 2650 5044 2831 5099; x_wconf 90' lang='lat' dir='ltr'><strong><em>solam</em></strong></span> <span class='ocrx_word' id='word_1_864' title='bbox 2860 5042 3201 5098; x_wconf 85' lang='lat' dir='ltr'><strong><em>relationem</em></strong></span> <span class='ocrx_word' id='word_1_865' title='bbox 3231 5040 3505 5097; x_wconf 87' lang='lat' dir='ltr'><strong><em>continet.</em></strong></span> <span class='ocrx_word' id='word_1_866' title='bbox 3542 5040 3697 5097; x_wconf 89' lang='lat' dir='ltr'><strong><em>Unde</em></strong></span> <span class='ocrx_word' id='word_1_867' title='bbox 3716 5042 3899 5113; x_wconf 78' lang='lat' dir='ltr'><strong><em>conji-</em></strong></span> 
     </span>
    </p>
   </div>
   <div class='ocr_carea' id='block_1_116' title="bbox 2184 5129 3896 5190">
    <p class='ocr_par' dir='ltr' id='par_1_116' title="bbox 2184 5129 3896 5190">
     <span class='ocr_line' id='line_1_116' title="bbox 2184 5129 3896 5190; baseline -0.004 -1"><span class='ocrx_word' id='word_1_868' title='bbox 2184 5134 2300 5190; x_wconf 91' lang='lat' dir='ltr'><strong><em>cias</em></strong></span> <span class='ocrx_word' id='word_1_869' title='bbox 2330 5134 2597 5189; x_wconf 90' lang='lat' dir='ltr'><strong><em>eumdem</em></strong></span> <span class='ocrx_word' id='word_1_870' title='bbox 2626 5149 2950 5189; x_wconf 90' lang='lat' dir='ltr'><strong><em>sermonem</em></strong></span> <span class='ocrx_word' id='word_1_871' title='bbox 2976 5132 3046 5187; x_wconf 91' lang='lat' dir='ltr'><strong><em>ad</em></strong></span> <span class='ocrx_word' id='word_1_872' title='bbox 3079 5135 3333 5186; x_wconf 84' lang='lat' dir='ltr'><strong><em>nostram</em></strong></span> <span class='ocrx_word' id='word_1_873' title='bbox 3366 5129 3706 5185; x_wconf 90' lang='lat' dir='ltr'><strong><em>memoriam</em></strong></span> <span class='ocrx_word' id='word_1_874' title='bbox 3735 5130 3896 5185; x_wconf 87' lang='lat' dir='ltr'><strong><em>inte-</em></strong></span> 
     </span>
    </p>
   </div>
   <div class='ocr_carea' id='block_1_117' title="bbox 2183 5221 2892 5295">
    <p class='ocr_par' dir='ltr' id='par_1_117' title="bbox 2183 5221 2892 5295">
     <span class='ocr_line' id='line_1_117' title="bbox 2183 5221 2892 5295; baseline 0.001 -17"><span class='ocrx_word' id='word_1_875' title='bbox 2183 5239 2351 5295; x_wconf 91' lang='lat' dir='ltr'><strong><em>grum</em></strong></span> <span class='ocrx_word' id='word_1_876' title='bbox 2393 5238 2509 5277; x_wconf 92' lang='lat' dir='ltr'><strong><em>non</em></strong></span> <span class='ocrx_word' id='word_1_877' title='bbox 2540 5221 2892 5294; x_wconf 85' lang='lat' dir='ltr'><strong><em>pervenisse.</em></strong></span> 
     </span>
    </p>
   </div>
   <div class='ocr_carea' id='block_1_118' title="bbox 2254 5305 3900 5382">
    <p class='ocr_par' dir='ltr' id='par_1_118' title="bbox 2254 5305 3900 5382">
     <span class='ocr_line' id='line_1_118' title="bbox 2254 5305 3900 5382; baseline -0.004 -15"><span class='ocrx_word' id='word_1_878' title='bbox 2254 5315 2305 5367; x_wconf 94' lang='lat'><strong><em>8.</em></strong></span> <span class='ocrx_word' id='word_1_879' title='bbox 2344 5314 2459 5367; x_wconf 82' lang='lat' dir='ltr'><strong><em>Hoc</em></strong></span> <span class='ocrx_word' id='word_1_880' title='bbox 2489 5312 2613 5382; x_wconf 90' lang='lat' dir='ltr'><strong><em>ipso</em></strong></span> <span class='ocrx_word' id='word_1_881' title='bbox 2643 5326 2791 5366; x_wconf 88' lang='lat' dir='ltr'><strong><em>anno</em></strong></span> <span class='ocrx_word' id='word_1_882' title='bbox 2813 5308 3048 5364; x_wconf 85' lang='lat' dir='ltr'><strong><em>forsitan</em></strong></span> <span class='ocrx_word' id='word_1_883' title='bbox 3076 5307 3449 5379; x_wconf 86' lang='lat' dir='ltr'><strong><em>Augustinus,</em></strong></span> <span class='ocrx_word' id='word_1_884' title='bbox 3471 5321 3600 5362; x_wconf 91' lang='lat' dir='ltr'><strong><em>cum</em></strong></span> <span class='ocrx_word' id='word_1_885' title='bbox 3624 5305 3900 5377; x_wconf 86' lang='lat' dir='ltr'><strong><em>aliquan-</em></strong></span> 
     </span>
    </p>
   </div>
   <div class='ocr_carea' id='block_1_119' title="bbox 2182 5395 3901 5472">
    <p class='ocr_par' dir='ltr' id='par_1_119' title="bbox 2182 5395 3901 5472">
     <span class='ocr_line' id='line_1_119' title="bbox 2182 5395 3901 5472; baseline -0.003 -17"><span class='ocrx_word' id='word_1_886' title='bbox 2182 5400 2283 5455; x_wconf 89' lang='lat' dir='ltr'><strong><em>diu</em></strong></span> <span class='ocrx_word' id='word_1_887' title='bbox 2326 5401 2561 5467; x_wconf 89' lang='lat' dir='ltr'><strong><em>Gallam,</em></strong></span> <span class='ocrx_word' id='word_1_888' title='bbox 2594 5416 2725 5472; x_wconf 66' lang='lat' dir='ltr'><strong><em>quas</em></strong></span> <span class='ocrx_word' id='word_1_889' title='bbox 2761 5398 3094 5454; x_wconf 89' lang='lat' dir='ltr'><strong><em>viduitatem</em></strong></span> <span class='ocrx_word' id='word_1_890' title='bbox 3135 5401 3257 5452; x_wconf 89' lang='lat' dir='ltr'><strong><em>erat</em></strong></span> <span class='ocrx_word' id='word_1_891' title='bbox 3298 5396 3570 5468; x_wconf 82' lang='lat' dir='ltr'><strong><em>professa,</em></strong></span> <span class='ocrx_word' id='word_1_892' title='bbox 3612 5400 3671 5451; x_wconf 91' lang='lat' dir='ltr'><strong><em>et</em></strong></span> <span class='ocrx_word' id='word_1_893' title='bbox 3710 5395 3901 5451; x_wconf 82' lang='lat' dir='ltr'><strong><em>ﬁliam</em></strong></span> 
     </span>
    </p>
   </div>
   <div class='ocr_carea' id='block_1_120' title="bbox 2184 5484 3901 5561">
    <p class='ocr_par' dir='ltr' id='par_1_120' title="bbox 2184 5484 3901 5561">
     <span class='ocr_line' id='line_1_120' title="bbox 2184 5484 3901 5561; baseline -0.002 -17"><span class='ocrx_word' id='word_1_894' title='bbox 2184 5489 2306 5560; x_wconf 87' lang='lat' dir='ltr'><strong><em>ejus</em></strong></span> <span class='ocrx_word' id='word_1_895' title='bbox 2340 5488 2752 5561; x_wconf 87' lang='lat' dir='ltr'><strong><em>Simpliciolam</em></strong></span> <span class='ocrx_word' id='word_1_896' title='bbox 2780 5504 2910 5560; x_wconf 71' lang='lat' dir='ltr'><strong><em>qua:</em></strong></span> <span class='ocrx_word' id='word_1_897' title='bbox 2940 5487 3162 5544; x_wconf 87' lang='lat' dir='ltr'><strong><em>Christo</em></strong></span> <span class='ocrx_word' id='word_1_898' title='bbox 3187 5484 3572 5557; x_wconf 89' lang='lat' dir='ltr'><strong><em>virginitatem</em></strong></span> <span class='ocrx_word' id='word_1_899' title='bbox 3598 5500 3765 5540; x_wconf 89' lang='lat' dir='ltr'><strong><em>suam</em></strong></span> <span class='ocrx_word' id='word_1_900' title='bbox 3797 5502 3901 5541; x_wconf 88' lang='lat' dir='ltr'><strong><em>vo-</em></strong></span> 
     </span>
    </p>
   </div>
   <div class='ocr_carea' id='block_1_121' title="bbox 2187 5573 3903 5648">
    <p class='ocr_par' dir='ltr' id='par_1_121' title="bbox 2187 5573 3903 5648">
     <span class='ocr_line' id='line_1_121' title="bbox 2187 5573 3903 5648; baseline -0.001 -17"><span class='ocrx_word' id='word_1_901' title='bbox 2187 5583 2362 5644; x_wconf 87' lang='lat' dir='ltr'><strong><em>verat,</em></strong></span> <span class='ocrx_word' id='word_1_902' title='bbox 2395 5577 2568 5633; x_wconf 90' lang='lat' dir='ltr'><strong><em>divini</em></strong></span> <span class='ocrx_word' id='word_1_903' title='bbox 2607 5576 2817 5648; x_wconf 89' lang='lat' dir='ltr'><strong><em>eloquii</em></strong></span> <span class='ocrx_word' id='word_1_904' title='bbox 2857 5576 2980 5631; x_wconf 89' lang='lat' dir='ltr'><strong><em>cibo</em></strong></span> <span class='ocrx_word' id='word_1_905' title='bbox 3021 5575 3280 5647; x_wconf 84' lang='lat' dir='ltr'><strong><em>pavisset,</em></strong></span> <span class='ocrx_word' id='word_1_906' title='bbox 3314 5590 3409 5629; x_wconf 90' lang='lat' dir='ltr'><strong><em>eas</em></strong></span> <span class='ocrx_word' id='word_1_907' title='bbox 3449 5590 3477 5627; x_wconf 86' lang='lat' dir='ltr'><strong><em>a</em></strong></span> <span class='ocrx_word' id='word_1_908' title='bbox 3528 5590 3587 5629; x_wconf 87' lang='lat' dir='ltr'><strong><em>se</em></strong></span> <span class='ocrx_word' id='word_1_909' title='bbox 3625 5573 3903 5629; x_wconf 86' lang='lat' dir='ltr'><strong><em>dimissas</em></strong></span> 
     </span>
    </p>
   </div>
  </div>
