4062 6344
162 314 255 365 541
1623 312 1827 368 LIBER
1866 309 2196 368 OCTAVUS.

159 430 218 484 in
250 431 520 502 patriam,
584 429 955 498 Quintiliano,
1014 432 1113 503 qui
1167 432 1484 505 episcopale
1532 451 1739 492 munus
1782 436 1863 491 ibi

166 521 423 591 gerebat,
474 522 676 576 litteris
728 522 1169 579 commendavit.
1203 524 1484 578 Ferebant
1528 524 1641 579 illae
1673 542 1865 582 secum

164 609 473 664 memorati
503 610 766 680 martyris
822 610 1090 683 reliquias
1116 628 1129 666 :
1170 612 1320 678 Quas
1348 629 1453 667 non
1482 615 1695 681 ignorat
1725 617 1863 673 San-

157 702 322 753 ctitas
351 703 554 765 vestra,
576 704 642 753 ut
662 698 857 753 scribit
873 688 968 753 ille
993 700 1064 754 ad
1082 699 1522 768 Quintilianum,
1545 704 1685 758 sicut
1703 709 1753 758 et
1770 720 1865 760 nos

154 789 407 854 fecimus,
464 804 630 856 quam
676 791 1044 842 convenienter
1072 788 1341 843 honorare
1378 790 1615 845 debeatis
1657 792 1859 864 (Epist.

156 876 309 945 212).
339 877 451 929 Nec
481 877 649 946 longe
682 876 851 931 etiam
876 877 945 931 ab
975 878 1078 931 hoc
1108 885 1365 949 tempore
1399 880 1610 934 l72alim
1641 897 1698 935 se
1728 898 1863 937 con-

158 962 311 1025 tulit,
342 962 441 1017 ubi
470 964 795 1017 Petroniam
828 964 1197 1020 clarissimam
1229 966 1500 1021 feminam
1529 968 1599 1022 ad
1631 968 1867 1024 miracu-

159 1050 301 1115 lum,
331 1050 488 1121 qupd
528 1068 632 1105 sua
660 1067 829 1105 causa
861 1050 1012 1106 idem
1053 1053 1393 1123 Stephamus
1416 1054 1693 1123 ediderat,
1728 1058 1864 1111 scri-

156 1143 252 1210 pto
276 1137 470 1193 libello
504 1140 908 1194 declarandum
940 1141 1172 1211 impulit
1198 1158 1211 1196 :
1243 1148 1558 1214 auctorque
1584 1143 1692 1199 fuit
1723 1147 1864 1201 Evo-

157 1226 273 1293 dio,
307 1232 372 1281 ut
400 1227 544 1281 illud
573 1244 803 1299 quoque
825 1229 894 1282 ab
928 1228 1019 1298 iis,
1051 1229 1150 1300 qui
1190 1230 1369 1284 sanati
1398 1231 1598 1285 eadem
1640 1232 1864 1289 ratione

157 1320 363 1385 essent,
398 1316 652 1389 exigeret
670 1320 760 1387 (De
781 1320 1020 1372 Civitatc
1052 1322 1165 1386 Dei,
1207 1320 1298 1374 lib.
1322 1323 1409 1387 22,
1442 1336 1567 1391 cap.
1599 1325 1630 1376 8
1672 1338 1726 1377 η.
1748 1323 1858 1393 21).

839 1407 1062 1462 CAPUT
1103 1408 1189 1461 Vl.

162 1499 178 1550 1
218 1496 407 1551 Severi
434 1495 737 1550 Milevitani
768 1498 1005 1566 episcopi
1028 1497 1223 1551 obitus.
1274 1500 1306 1551 2
1350 1501 1426 1552 De
1462 1500 1708 1554 Heraclio
1741 1516 1863 1570 pre

224 1584 464 1654 sbytero.
495 1587 524 1638 3
556 1585 617 1637 In
663 1599 781 1638 eum
814 1585 924 1639 sibi
958 1600 1308 1640 successorem
1355 1587 1697 1654 designatum
1743 1590 1860 1645 Au-

223 1675 480 1739 gustinus
501 1688 683 1727 rerum
711 1673 1236 1729 administrationem
1264 1678 1545 1742 transfert.
1575 1678 1608 1732 4
1634 1679 1862 1732 Conten-

223 1762 396 1815 tiones
434 1763 575 1815 inter
620 1761 1004 1816 Adrumetinos
1050 1763 1335 1817 monachos
1379 1778 1541 1833 super
1570 1768 1862 1832 quiestione

224 1849 499 1917 degratia
527 1854 577 1904 et
604 1851 769 1905 libero
797 1850 1048 1906 arbitrio.
1097 1855 1127 1905 5
1175 1852 1357 1906 Liberi
1402 1853 1626 1907 arbitrii
1676 1859 1863 1908 contra

223 1941 468 2004 gratiam
502 1938 805 2004 defensores
835 1940 1035 1993 adeunt
1064 1939 1139 1993 ad
1164 1940 1552 2007 Augustinum,
1576 1957 1611 1994 a
1638 1958 1742 2010 quo
1765 1942 1860 1996 do-

225 2030 436 2094 centur,
493 2030 544 2079 et
585 2029 861 2095 accipiunt
913 2043 1031 2081 cum
1081 2028 1221 2082 binis
1275 2030 1517 2097 epistolis
1557 2030 1755 2083 librum
1798 2031 1863 2085 de

226 2115 425 2170 Gratia
451 2119 501 2169 et
526 2114 717 2169 Libero
750 2116 1019 2179 Arbitrio,
1045 2115 1120 2169 ad
1158 2117 1502 2171 Valentinum
1531 2121 1582 2170 et
1611 2134 1729 2171 cum
1770 2120 1861 2173 illo

223 2204 530 2258 monachos.
564 2208 594 2256 6
621 2204 809 2257 Alium
835 2203 909 2257 ad
956 2204 1162 2258 eosdem
1188 2204 1387 2259 librum
1415 2205 1479 2258 de
1519 2207 1862 2276 Correptionc

224 2295 275 2345 et
304 2292 504 2348 Gratia
531 2293 701 2345 mittit
731 2296 949 2346 sanctus
980 2295 1187 2348 Doctor.

230 2383 277 2434 1.
308 2379 551 2434 Severus
583 2379 935 2433 Milevitanus
957 2380 1278 2451 episcOpus,
1310 2383 1613 2455 Augustini
1647 2384 1861 2438 amicus

156 2471 209 2521 et
234 2467 714 2539 pernecessarius,
737 2468 841 2523 sub
875 2468 1012 2522 anni
1028 2469 1578 2541 quadringentesimi
1599 2471 1862 2543 vigesimi

157 2556 297 2610 sexti
327 2556 560 2610 initium
611 2572 676 2610 ex
706 2557 812 2610 hac
840 2557 955 2611 vita
989 2557 1254 2629 migravit
1286 2560 1484 2630 (Epist.
1535 2564 1660 2625 2l3,
1692 2577 1746 2614 η.
1787 2560 1857 2631 1).

158 2645 207 2697 Is
235 2649 371 2699 ante
405 2649 652 2699 mortem
699 2660 853 2713 eum,
887 2662 1057 2718 quem
1106 2648 1332 2702 volebat
1382 2649 1489 2703 sibi
1540 2650 1859 2719 succedere,

155 2733 524 2805 designarat;
558 2733 651 2788 sed
682 2750 805 2789 rem
843 2735 1081 2806 populo,
1107 2737 1191 2790 uti
1220 2753 1325 2808 par
1353 2742 1492 2800 erat,
1540 2754 1861 2810 proponere

155 2821 397 2893 insuper
416 2822 653 2889 habens,
679 2823 937 2878 sufﬁcere
961 2823 1325 2892 existimavit,
1344 2825 1507 2881 illum
1524 2843 1721 2881 eorum
1745 2826 1860 2881 suis

154 2910 375 2965 clericis
414 2910 746 2965 instituisse.
804 2912 903 2965 Hic
954 2915 1145 2966 autem
1206 2912 1457 2968 defectus
1512 2931 1681 2969 causa
1730 2914 1856 2978 fuit,

154 3015 255 3053 cur
282 3015 351 3054 eo
403 3003 634 3053 mortuo
677 3015 748 3053 ne
778 2999 916 3070 quid
955 2999 1253 3055 turbarum
1305 3001 1365 3055 in
1393 3003 1558 3073 plebe
1590 3003 1858 3073 oriretur,

156 3087 554 3142 subtimerent.
584 3087 856 3152 Quocirca
885 3088 1106 3156 fratres,
1153 3089 1453 3159 nimirum,
1484 3096 1549 3146 ut
1576 3092 1858 3163 conjicere

157 3175 308 3243 licet,
342 3174 532 3230 clerici
562 3180 733 3247 atque
764 3175 825 3229 in
870 3175 1071 3247 primis
1113 3177 1259 3231 servi
1308 3179 1430 3245 Dei,
1482 3179 1587 3233 hoc
1626 3185 1709 3235 est
1735 3197 1858 3235 mo-

158 3264 325 3317 nachi
393 3263 776 3335 Augustinum
832 3269 1129 3335 rogarunt,
1192 3269 1255 3320 ut
1320 3267 1390 3321 ad
1443 3268 1859 3324 consulendum

155 3352 562 3424 tranquillitati
599 3352 696 3406 illo
727 3354 1035 3409 accederet.
1086 3355 1412 3426 Adspiravit
1439 3357 1490 3411 ei
1522 3358 1713 3413 divina
1742 3361 1855 3413 cle-

157 3442 393 3511 mentia,
426 3446 480 3496 et
509 3458 839 3513 quanquam
879 3443 1140 3497 nonnulli
1183 3444 1555 3501 offensionem
1608 3447 1857 3519 aliquam

155 3528 225 3582 ob
276 3529 581 3584 consilium
611 3530 718 3584 hoc
746 3546 779 3583 a
810 3530 1018 3585 Severo
1067 3530 1177 3586 sibi
1226 3548 1341 3586 non
1372 3536 1859 3591 communicatum

157 3633 273 3688 prae
302 3634 361 3672 se
392 3618 685 3684 ferebant;
720 3622 915 3673 tamen
950 3619 1073 3674 haec
1103 3619 1351 3675 tristitiae
1398 3623 1681 3679 nubecula
1721 3641 1857 3679 con-

155 3706 343 3761 testim
369 3723 571 3761 sereno
598 3706 807 3761 laetitiae
848 3707 1033 3775 cessit,
1066 3713 1123 3763 et
1151 3724 1280 3764 cum
1312 3710 1565 3781 primum
1595 3712 1855 3785 designa-

157 3801 278 3850 tum
302 3795 411 3850 sibi
433 3796 691 3850 futurum
716 3797 1022 3866 praesulem
1051 3813 1389 3869 cognovere,
1418 3800 1582 3854 illum
1604 3802 1857 3857 volentes

154 3884 530 3955 tabentesque
558 3899 861 3954 accepere:
895 3900 1010 3955 quo
1056 3890 1221 3956 pacto
1251 3892 1448 3957 pacate
1499 3904 1564 3943 ac
1610 3890 1679 3943 de
1720 3906 1856 3944 con-

150 3988 324 4027 sensu
345 3971 603 4026 omnium
617 3976 977 4026 consecratus
990 3978 1091 4027 est.
1109 3974 1380 4028 Inductus
1398 3975 1504 4029 fuit
1525 3976 1633 4030 hoc
1649 3982 1856 4032 eventu

114 4104 121 4111 .
149 4059 530 4131 Augustinus,
556 4064 621 4113 ut
649 4060 800 4130 apud
828 4076 886 4113 se
919 4060 1107 4115 denuo
1138 4062 1450 4117 revolveret
1479 4063 1673 4118 turbas
1703 4065 1851 4133 illas,

150 4165 295 4221 quas
321 4164 472 4219 saepe
504 4163 745 4203 numero
769 4149 828 4202 in
858 4147 981 4202 aliis
1012 4148 1269 4203 Ecclesiis
1296 4155 1427 4221 post
1456 4152 1854 4223 episcOporum

151 4241 423 4306 mortem,
453 4236 658 4291 horum
691 4236 1026 4307 ambitione,
1056 4236 1287 4292 illorum
1337 4243 1471 4294 nato
1516 4240 1584 4295 ad
1619 4246 1852 4297 conten-

151 4325 336 4380 tiones
364 4324 596 4397 ingenio
645 4325 910 4380 excitatas
962 4341 1079 4380 non
1131 4325 1252 4381 sine
1310 4326 1506 4383 dolore
1536 4334 1849 4399 aspexerat.

156 4414 298 4484 Ergo
331 4413 636 4469 arbitratus
688 4417 885 4468 natum
924 4429 983 4468 se
1012 4414 1234 4468 duobus
1271 4430 1444 4485 supra
1492 4418 1853 4489 septuaginta

152 4502 315 4557 annis
343 4501 516 4557 vitam
538 4501 782 4556 multum
800 4502 1109 4573 producere
1123 4502 1245 4573 jam
1264 4518 1379 4557 non
1399 4520 1584 4575 posse,
1608 4505 1855 4562 decrevit

151 4590 473 4663 prospicere
508 4591 765 4646 Ecclesiae
799 4606 915 4645 sua;
944 4590 1253 4657 securitati,
1301 4608 1541 4663 eamque
1593 4595 1665 4648 ob
1706 4612 1849 4663 rem,

152 4680 280 4750 quis
310 4679 419 4734 sibi
467 4694 829 4734 successurus
875 4682 1043 4746 esset,
1077 4679 1397 4751 designare.
1448 4682 1507 4736 Id
1537 4697 1609 4737 ne
1662 4683 1847 4752 ﬁeret,

153 4768 393 4823 Ecclesia
439 4769 785 4840 quandoque
823 4767 1158 4840 prohibuit:
1200 4784 1398 4824 verum
1456 4768 1518 4824 in
1569 4771 1850 4841 ejusmodi

152 4857 340 4927 rebus,
372 4872 503 4929 quas
531 4874 635 4930 per
663 4874 721 4912 se
751 4873 940 4929 neque
961 4856 1112 4912 inter
1136 4855 1286 4911 bona
1306 4873 1495 4928 neque
1525 4858 1676 4913 inter
1700 4860 1851 4914 mala

153 4946 495 5011 referuntur,
537 4945 737 5001 eadem
781 4945 1024 5000 Ecclesia
1051 4961 1174 5001 rem
1201 4946 1461 5000 eamdem
1513 4947 1682 5001 modo
1713 4963 1848 5018 per-

152 5035 398 5101 mittere,
426 5032 596 5087 modo
647 5033 954 5104 prohibere
996 5037 1201 5105 potest,
1234 5039 1405 5105 prout
1434 5035 1849 5091 conducibilius

144 5122 497 5192 judicaverit.
528 5122 601 5176 At
628 5126 777 5176 certe
807 5122 1119 5193 prohibitio
1159 5122 1258 5178 illa
1287 5123 1357 5178 de
1386 5140 1708 5178 successore
1740 5126 1848 5181 sibi

152 5210 340 5266 institu
350 5211 495 5266 endo
508 5209 566 5265 id
579 5209 851 5281 temporis
864 5226 1227 5282 nequaquam
1244 5210 1536 5266 obtinebat
1548 5212 1604 5266 in
1619 5212 1807 5267 Africa
1830 5233 1845 5283 ;

152 5301 375 5370 quando
409 5303 635 5354 sanctus
674 5298 1028 5369 Augustinus
1058 5304 1115 5354 et
1156 5299 1277 5370 ipse
1326 5300 1432 5355 sibi
1464 5317 1847 5357 successorem

152 5387 553 5460 designavit,et
570 5388 720 5442 idem
741 5386 954 5441 illudin
972 5387 1178 5442 Severo
1209 5390 1598 5460 comprobavit
1620 5406 1633 5457 ;
1650 5395 1847 5461 estque

154 5479 307 5531 extra
334 5492 566 5531 omnem
598 5473 1061 5542 controversiam,
1089 5490 1242 5544 eum,
1270 5480 1334 5531 ut
1357 5477 1464 5531 hoc
1490 5478 1715 5541 faceret,
1744 5494 1847 5532 nec

156 5564 459 5621 ambitione
489 5580 594 5621 nec
620 5564 869 5638 propriae
923 5563 1183 5621 utilitatis
1215 5565 1402 5621 studio
1434 5566 1689 5632 ductum,
1748 5567 1843 5622 sed

3574 311 3679 368 542

1979 451 2159 490 unum
2192 433 2451 489 Ecclesiae
2482 434 2848 489 commodum
2886 433 2995 489 sibi
3042 433 3428 505 proposuisse.
3479 434 3677 507 Itaque

1977 539 2235 579 reversus
2264 523 2465 579 Milevo
2486 524 2577 579 die
2594 522 2834 588 sabbati,
2860 522 3103 594 septimo
3131 523 3407 577 kalendas
3434 523 3678 578 octobris

1977 613 2112 668 anni
2141 627 2313 683 supra
2342 610 2973 684 quadringentesimum
2986 610 3248 683 vigesimi
3267 609 3427 677 sexti,
3451 610 3678 681 plebem

1973 702 2196 775 rogavit
2212 702 2271 756 in
2295 701 2604 756 crastinum
2618 708 2829 773 quanta
2851 700 3100 755 maxima
3129 704 3321 771 posset
3348 698 3676 771 frequentia

1975 792 2320 857 conveniret,
2352 791 2421 845 de
2460 806 2522 845 re
2551 789 2787 844 maximi
2818 789 3095 844 momenti
3125 788 3407 843 auditura.

2044 886 2095 937 2.
2153 881 2334 952 Igitur
2382 879 2671 936 dominico
2732 878 2845 948 die,
2896 884 3052 933 sexto
3096 878 3368 933 kalendas
3423 876 3675 948 ejusdem

1974 970 2205 1036 mensis,
2246 970 2306 1024 in
2339 969 2628 1024 basilicam
2668 968 2828 1023 Pacis
2875 966 3678 1039 Hipponensium-Regiorum

1974 1059 2144 1113 coivit
2163 1074 2473 1112 numerosa
2501 1057 2664 1129 plebs
2689 1073 2702 1123 ;
2737 1072 2852 1128 quo
2879 1054 3052 1110 etiam
3078 1054 3430 1126 Augustinus
3456 1054 3679 1109 duobus

1975 1147 2277 1218 episcOpis,
2310 1145 2604 1217 Religiano
2637 1149 2694 1199 et
2741 1144 3098 1211 Martiniano,
3129 1147 3348 1214 septem
3387 1138 3689 1215 presbyteJ

1974 1236 2075 1306 ris,
2132 1252 2195 1289 ac
2252 1233 2489 1306 reliquis
2539 1250 2570 1288 e
2619 1234 2769 1287 clero
2817 1233 3223 1287 comitantibus
3269 1232 3428 1287 venit
3466 1232 3678 1301 (Ibid.).

1975 1324 2330 1388 Sermonem,
2378 1326 2444 1376 ut
2494 1322 2582 1376 sui
2626 1320 2803 1376 moris
2841 1325 2983 1388 erat,
3016 1322 3241 1384 nullum
3281 1320 3502 1387 habuit,
3556 1335 3679 1374 cer-

1973 1417 2062 1467 tus
2092 1428 2211 1483 prae
2261 1410 2619 1482 impatientia
2651 1410 3048 1481 cognoscendi,
3105 1426 3235 1481 quae
3267 1425 3325 1463 se
3365 1410 3678 1464 relaturum

1973 1501 2335 1574 promiserat,
2384 1500 2664 1572 populum
2696 1499 2765 1553 ad
2796 1498 2908 1553 alia
2938 1498 3195 1553 animum
3242 1499 3535 1553 advertere
3564 1512 3679 1552 non

1970 1606 2154 1661 posse.
2188 1590 2545 1660 Quapropter
2588 1604 2718 1643 cum
2767 1587 2963 1658 paucis
2992 1586 3406 1658 proposuisset,
3443 1590 3676 1657 quantm

1972 1678 2078 1732 sibi
2107 1681 2259 1733 esset
2289 1677 2662 1743 necessitatis,
2693 1676 2876 1747 plebis
2907 1692 3024 1730 sua:
3045 1674 3173 1746 paci
3195 1675 3520 1729 consulere:
3553 1689 3678 1744 pro.

1970 1767 2154 1821 fessus
2171 1771 2275 1833 est,
2300 1770 2364 1820 ut
2379 1765 2833 1830 incommodum,
2859 1764 3014 1835 quod
3032 1762 3217 1817 Milevi
3236 1763 3504 1817 obortum
3526 1765 3672 1830 erat,

1971 1856 2218 1925 fugeret,
2234 1855 2566 1924 nullamque
2580 1869 2776 1907 ansam
2789 1851 3280 1923 querimoniarum
3294 1850 3562 1922 cuiquam
3590 1865 3678 1905 re-

1971 1943 2280 2014 linqueret,
2312 1942 2598 1996 declarare
2620 1957 2678 1994 se
2706 1941 3058 1994 voluntatem
3087 1956 3271 2006 suam,
3302 1955 3476 2011 quam
3497 1943 3555 1994 et
3581 1938 3673 1993 di-

1974 2031 2118 2085 vinae
2150 2046 2457 2086 consonam
2480 2029 2733 2100 putabat,
2755 2030 2900 2082 hanc
2916 2044 3056 2093 esse,
3086 2032 3149 2082 ut
3174 2027 3421 2083 Eraclius
3441 2027 3672 2099 presby-

1972 2125 2059 2174 ter
2089 2118 2196 2174 sibi
2228 2118 2290 2173 in
2320 2118 2709 2190 episcopatum
2738 2117 3081 2171 succederet.
3120 2116 3221 2171 Cui
3250 2116 3441 2171 statim
3472 2132 3670 2170 omnes

1971 2225 2100 2263 cum
2130 2209 2335 2279 plausu
2367 2212 2424 2261 et
2455 2205 2861 2261 acclamatione
2895 2205 3187 2277 suifragati
3219 2208 3369 2259 sunt.
3418 2204 3669 2259 Eraclius

1972 2300 2184 2363 autem,
2219 2296 2334 2349 sive
2367 2294 2671 2362 Heraclius,
2707 2311 2819 2365 quo
2846 2293 3079 2348 nomine
3110 2293 3397 2348 interdum
3424 2293 3672 2365 appella-

1972 2390 2086 2452 tur,
2120 2389 2339 2455 septem
2365 2384 2852 2456 presbyterorum,
2882 2382 3130 2454 quicum
3152 2385 3343 2437 sancto
3390 2381 3673 2453 Episcopo

1970 2477 2277 2546 praesentes
2298 2473 2532 2528 aderant
2559 2473 2620 2527 in
2643 2488 2709 2527 eo
2729 2475 3033 2538 conventu,
3053 2470 3387 2526 nominatur
3400 2470 3659 2539 ultimus,

1972 2563 2125 2617 unde
2147 2561 2379 2632 colligas
2392 2577 2524 2615 eum
2550 2577 2619 2615 ex
2647 2560 3043 2632 antiquiorum
3069 2546 3310 2615 numero
3331 2574 3448 2614 non
3471 2558 3668 2613 fuisse.

1974 2650 2136 2705 Certe
2175 2650 2406 2720 quidem
2437 2654 2559 2703 erat
2603 2650 2787 2704 adhuc
2814 2648 3060 2720 juvenis,
3093 2666 3157 2703 ac
3185 2648 3517 2703 diaconatus
3545 2646 3671 2702 ofﬁ-

1972 2737 2061 2791 cio
2117 2741 2341 2792 tantum
2397 2737 2743 2807 fungebatur
2797 2737 2983 2807 (Ibid,
3038 2752 3094 2790 η.
3144 2738 3216 2803 5),
3261 2752 3376 2807 quo
3413 2741 3673 2806 tempore

1970 2824 2324 2895 Augustinus
2354 2825 2654 2879 Sermones
2689 2824 2759 2879 de
2787 2824 2903 2879 vita
2949 2828 3006 2878 et
3049 2824 3304 2879 moribus
3336 2824 3673 2881 clericorum

1970 2928 2207 2967 suorum
2255 2913 2641 2984 pronuntiavit
2692 2914 2883 2984 (Serm.
2942 2916 3066 2979 356,
3116 2929 3175 2967 n.
3228 2913 3304 2981 '7).
3357 2913 3488 2983 Ejus
3535 2928 3670 2967 vero

1963 3002 2086 3072 jam
2109 3006 2231 3056 tum
2262 3003 2402 3057 adeo
2431 3003 2547 3056 vita
2574 3002 2881 3069 eminebat,
2907 3006 2972 3056 ut
2995 3000 3270 3073 gaudium
3301 3001 3510 3055 faceret
3538 3015 3669 3054 san-

1971 3092 2046 3145 cti
2078 3092 2365 3159 Prmsulis,
2392 3090 2489 3163 qui
2516 3106 2878 3162 nequaquam
2895 3089 3143 3144 habebat
3170 3104 3397 3143 necesse
3428 3087 3665 3159 populo,

1970 3179 2061 3234 cui
2087 3180 2265 3250 probe
2298 3184 2467 3234 notus
2498 3180 2593 3234 ille
2623 3183 2764 3245 erat,
2793 3184 2847 3233 et
2874 3195 2905 3232 a
2932 3194 3046 3249 quo
3076 3175 3296 3231 nemini
3329 3192 3447 3231 non
3473 3175 3673 3231 fuisset

1971 3268 2346 3339 antepositus,
2378 3268 2693 3339 quidquam
2722 3266 2910 3321 dicere
2950 3266 3010 3320 in
3055 3266 3177 3336 ejus
3229 3264 3672 3320 commendatio-

1970 3373 2127 3425 nem,
2159 3373 2231 3411 ne
2262 3358 2425 3428 cujus
2455 3356 2793 3429 sapientiam
2822 3355 3180 3427 praedicaret,
3209 3354 3447 3409 laederet
3475 3353 3670 3409 mode.

1969 3445 2136 3500 etiam
2162 3445 2368 3517 (Epist.
2399 3449 2525 3513 213,
2556 3461 2609 3499 η.
2652 3445 2725 3515 2).
2761 3444 2964 3515 Ipsius,
2999 3444 3225 3499 diaconi
3261 3444 3464 3511 adhuc,
3498 3457 3671 3513 opera

1968 3533 2028 3587 in
2066 3534 2243 3589 oculis
2274 3533 2521 3588 universi
2564 3534 2760 3605 populi
2789 3533 3106 3588 radiabant.
3139 3534 3393 3602 Apparet
3420 3529 3668 3586 haeredi-

1967 3626 2142 3677 tatem
2172 3628 2469 3693 paternam
2505 3622 2587 3675 illi
2620 3621 2915 3676 obvenisse
2935 3621 3249 3675 admodum
3270 3620 3659 3685 luculentam;

1968 3727 2142 3782 quam
2197 3710 2407 3781 partim
2462 3710 2773 3765 excitandas
2804 3709 3097 3763 memoriae
3137 3708 3415 3779 Martyris,
3469 3707 3524 3762 id
3582 3712 3669 3761 est

1968 3798 2145 3853 sancti
2171 3798 2464 3868 Stephani,
2493 3796 2979 3868 quemadmodum
3033 3797 3218 3850 visum
3259 3795 3421 3850 nobis
3472 3811 3666 3866 supra,

1967 3887 2370 3956 insumpserat,
2401 3886 2611 3957 partim
2634 3884 2974 3956 Augustino,
3006 3888 3179 3956 prout
3206 3884 3380 3938 satius
3410 3899 3545 3937 esse.
3570 3884 3665 3955 jn-

1966 3976 2200 4042 dicaret,
2232 3974 2684 4029 distribuendam
2735 3972 2957 4027 tradere
3016 3972 3288 4027 voluerat.
3323 3973 3387 4026 Et
3414 3975 3583 4037 certe,
3618 3971 3665 4025 si

1966 4079 2080 4134 qna
2120 4063 2380 4134 pecuniae
2422 4062 2728 4133 cupiditate
2758 4064 2984 4116 sanctus
3035 4061 3247 4116 Prtesul
3287 4060 3488 4115 ductus
3527 4060 3665 4114 fuis-

1967 4157 2070 4219 set,
2103 4167 2208 4206 nec
2240 4151 2393 4206 aliud
2425 4150 2535 4205 nisi
2564 4165 2904 4221 pauperum,
2930 4164 3175 4221 quorum
3205 4147 3276 4203 ad
3299 4164 3358 4202 se
3375 4148 3669 4219 spectabat

1965 4255 2119 4307 cura,
2148 4239 2523 4310 indigentiam
2553 4238 2980 4303 considerasset,
3021 4253 3140 4291 non
3184 4241 3306 4291 erat
3344 4235 3665 4292 istiusmodi

1966 4328 2181 4382 donum
2212 4328 2561 4398 rejecturus:
2595 4341 2795 4380 verum
2826 4340 2954 4379 cum
3000 4324 3168 4379 famae
3208 4340 3325 4379 sum
3356 4324 3661 4389 rationem,

1962 4433 2079 4470 non
2111 4433 2231 4482 sua,
2260 4415 2357 4470 sed
2389 4415 2569 4485 plebis
2600 4414 2708 4469 sibi
2746 4414 3063 4469 commissa
3106 4428 3276 4468 causa
3319 4412 3458 4485 (ipsi
3508 4412 3665 4468 enim

1962 4504 2280 4559 sufficiebat
2304 4504 2552 4575 propria:
2607 4502 2969 4557 conscientiae
3018 4501 3453 4571 testimonium),
3486 4501 3666 4556 maxi-

1962 4609 2117 4648 mam
2143 4593 2410 4667 haberet;
2434 4596 2633 4647 auctor
2659 4590 2880 4647 Eraclio
2910 4589 3032 4652 fuit,
3055 4594 3119 4645 ut
3136 4590 3242 4644 hac
3262 4589 3507 4661 pecunia
3538 4590 3666 4645 fun-

1961 4682 2099 4736 dum
2132 4686 2368 4736 emeret.
2404 4680 2601 4736 Paruit
2641 4680 2737 4735 ille
2765 4679 2859 4733 isti
2903 4678 3164 4745 consilio,
3196 4683 3251 4733 et
3278 4694 3483 4750 agrum
3512 4679 3668 4734 hunc

1962 4768 2221 4823 Ecclesiae
2251 4768 2490 4837 largitus
2519 4770 2621 4822 est.
2674 4765 2849 4838 Atqui
2895 4766 3051 4821 aliud
3096 4765 3273 4821 etiam
3316 4783 3437 4838 pra:
3487 4767 3687 4831 oculis

1960 4857 2202 4912 habebat
2230 4855 2383 4911 idem
2412 4856 2651 4911 Sanctus
2672 4870 2686 4908 :
2708 4855 2919 4924 [Fateor
2945 4857 3087 4909 enim
3125 4855 3297 4923 vobis,
3329 4855 3520 4927 inquit
3565 4855 3662 4911 ille

1962 4947 2028 5001 ad
2060 4945 2363 5016 populum,
2385 4950 2435 4999 et
2452 4946 2575 5014 ipsa
2594 4948 2845 5014 suspecta
2863 4945 3003 4998 mihi
3019 4943 3197 4999 adhuc
3226 4946 3340 5015 ejus
3360 4949 3491 5000 aetas
3509 4945 3623 5011 fuit
3647 4958 3660 4998 :

1959 5040 2009 5089 et
2035 5034 2257 5089 verebar
2278 5049 2344 5088 ne
2369 5035 2531 5102 forte,
2562 5037 2621 5087 ut
2648 5036 2775 5087 sunt
2804 5033 3061 5099 homines,
3091 5034 3262 5087 matri
3280 5034 3398 5102 ejus
3425 5034 3520 5087 hoc
3548 5031 3660 5086 dis-

1952 5125 2211 5194 pliceret;
2243 5127 2292 5177 et
2325 5123 2524 5177 diceret
2551 5121 2832 5177 inductum
2857 5136 2891 5175 a
2919 5137 3001 5176 me
3030 5124 3205 5189 fuisse
3253 5122 3657 5187 adolescentem,

1932 5218 2018 5279 _ut
2057 5212 2193 5266 bona
2217 5214 2331 5282 ejus
2370 5216 2603 5281 paterna
2646 5226 3023 5277 consumerem,
3055 5215 3105 5265 et
3131 5226 3249 5264 eum
3292 5212 3526 5276 egentem
3566 5222 3660 5261 re-

1959 5303 2273 5370 linquerem.
2306 5300 2429 5356 Ideo
2455 5302 2627 5356 voluit
2655 5301 2769 5369 ejus
2796 5302 3082 5370 pecuniam
3127 5302 3185 5353 in
3212 5299 3311 5352 illa
3324 5298 3659 5366 possessione

1958 5391 2201 5455 servari;
2225 5395 2287 5443 ut
2314 5391 2364 5443 si
2390 5389 2629 5458 aliquid,
2660 5388 2805 5458 quod
2833 5392 2970 5443 Deus
3017 5391 3248 5451 avertat,
3298 5386 3463 5441 aliter
3490 5399 3659 5454 quam

1961 5479 2203 5533 volumus
2223 5480 2503 5547 evenisset,
2532 5477 2850 5532 redderetur
2876 5478 3029 5557 villa,
3078 5489 3143 5529 ne
3183 5475 3498 5543 culparetur
3532 5476 3657 5545 epi-

1961 5569 2108 5639 scopi
2135 5569 2307 5633 fama.
2337 5569 2456 5625 Scio
2484 5570 2625 5623 enim
2653 5570 2916 5637 quantum
2942 5565 3089 5620 vobis
3118 5566 3193 5618 sit
3238 5566 3396 5631 fama
3419 5579 3535 5622 mea
3560 5580 3658 5621 ne-
