  <div class='ocr_page' id='page_1' title='image "/cluster/home/n/w/nwhite01/storage/ocr_20150623/32/umn.31951002477326y/283.png"; bbox 0 0 4062 6360; ppageno 0'>
   <div class='ocr_carea' id='block_1_1' title="bbox 409 266 511 323">
    <p class='ocr_par' dir='ltr' id='par_1_1' title="bbox 409 266 511 323">
     <span class='ocr_line' id='line_1_1' title="bbox 409 266 511 323; baseline -0.039 0"><span class='ocrx_word' id='word_1_1' title='bbox 409 266 511 323; x_wconf 79' lang='grc'><strong><em>543</em></strong></span> 
     </span>
    </p>
   </div>
   <div class='ocr_carea' id='block_1_2' title="bbox 406 376 2105 458">
    <p class='ocr_par' dir='ltr' id='par_1_2' title="bbox 406 376 2105 458">
     <span class='ocr_line' id='line_1_2' title="bbox 406 376 2105 458; baseline 0.003 -12"><span class='ocrx_word' id='word_1_2' title='bbox 406 391 644 446; x_wconf 85' lang='lat' dir='ltr'><strong><em>cessaria</em></strong></span> <span class='ocrx_word' id='word_1_3' title='bbox 674 407 690 445; x_wconf 90' lang='lat'><strong><em>:</em></strong></span> <span class='ocrx_word' id='word_1_4' title='bbox 722 403 849 445; x_wconf 86' lang='lat' dir='ltr'><strong><em>nam</em></strong></span> <span class='ocrx_word' id='word_1_5' title='bbox 877 390 1015 445; x_wconf 86' lang='lat' dir='ltr'><strong><em>mihi</em></strong></span> <span class='ocrx_word' id='word_1_6' title='bbox 1034 392 1229 458; x_wconf 71' lang='lat' dir='ltr'><strong><em>sufﬁcit</em></strong></span> <span class='ocrx_word' id='word_1_7' title='bbox 1259 394 1580 447; x_wconf 76' lang='lat' dir='ltr'><strong><em>conscientia</em></strong></span> <span class='ocrx_word' id='word_1_8' title='bbox 1609 407 1742 447; x_wconf 88' lang='lat' dir='ltr'><strong><em>mea.</em></strong></span> <span class='ocrx_word' id='word_1_9' title='bbox 1773 396 1919 450; x_wconf 89' lang='lat' dir='ltr'><strong><em>Emit</em></strong></span> <span class='ocrx_word' id='word_1_10' title='bbox 1944 376 2105 451; x_wconf 81' lang='lat' dir='ltr'><strong><em>etiam</em></strong></span> 
     </span>
    </p>
   </div>
   <div class='ocr_carea' id='block_1_3' title="bbox 406 478 2105 554">
    <p class='ocr_par' dir='ltr' id='par_1_3' title="bbox 406 478 2105 554">
     <span class='ocr_line' id='line_1_3' title="bbox 406 478 2105 554; baseline 0.002 -19"><span class='ocrx_word' id='word_1_11' title='bbox 406 480 667 549; x_wconf 74' lang='lat' dir='ltr'><strong><em>Spatium,</em></strong></span> <span class='ocrx_word' id='word_1_12' title='bbox 699 478 889 549; x_wconf 79' lang='lat' dir='ltr'><strong><em>pergit</em></strong></span> <span class='ocrx_word' id='word_1_13' title='bbox 932 478 1308 551; x_wconf 80' lang='lat' dir='ltr'><strong><em>Augustinus,</em></strong></span> <span class='ocrx_word' id='word_1_14' title='bbox 1353 480 1422 535; x_wconf 92' lang='lat' dir='ltr'><strong><em>ab</em></strong></span> <span class='ocrx_word' id='word_1_15' title='bbox 1472 483 1581 535; x_wconf 91' lang='lat' dir='ltr'><strong><em>ista</em></strong></span> <span class='ocrx_word' id='word_1_16' title='bbox 1624 487 1815 554; x_wconf 90' lang='lat' dir='ltr'><strong><em>postea</em></strong></span> <span class='ocrx_word' id='word_1_17' title='bbox 1844 485 2105 550; x_wconf 78' lang='lat' dir='ltr'><strong><em>Ecclesia,</em></strong></span> 
     </span>
    </p>
   </div>
   <div class='ocr_carea' id='block_1_4' title="bbox 408 567 2108 640">
    <p class='ocr_par' dir='ltr' id='par_1_4' title="bbox 408 567 2108 640">
     <span class='ocr_line' id='line_1_4' title="bbox 408 567 2108 640; baseline 0.004 -19"><span class='ocrx_word' id='word_1_18' title='bbox 408 572 591 622; x_wconf 89' lang='lat' dir='ltr'><strong><em>notum</em></strong></span> <span class='ocrx_word' id='word_1_19' title='bbox 634 567 807 637; x_wconf 88' lang='lat' dir='ltr'><strong><em>vobis,</em></strong></span> <span class='ocrx_word' id='word_1_20' title='bbox 850 572 899 623; x_wconf 90' lang='lat' dir='ltr'><strong><em>et</em></strong></span> <span class='ocrx_word' id='word_1_21' title='bbox 934 583 1035 623; x_wconf 89' lang='lat' dir='ltr'><strong><em>sua</em></strong></span> <span class='ocrx_word' id='word_1_22' title='bbox 1058 570 1291 638; x_wconf 87' lang='lat' dir='ltr'><strong><em>pecunia</em></strong></span> <span class='ocrx_word' id='word_1_23' title='bbox 1319 568 1609 640; x_wconf 76' lang='lat' dir='ltr'><strong><em>aedificavit</em></strong></span> <span class='ocrx_word' id='word_1_24' title='bbox 1648 571 1901 639; x_wconf 89' lang='lat' dir='ltr'><strong><em>domum;</em></strong></span> <span class='ocrx_word' id='word_1_25' title='bbox 1933 578 1983 628; x_wconf 91' lang='lat' dir='ltr'><strong><em>et</em></strong></span> <span class='ocrx_word' id='word_1_26' title='bbox 2012 572 2108 628; x_wconf 84' lang='lat' dir='ltr'><strong><em>hoc</em></strong></span> 
     </span>
    </p>
   </div>
   <div class='ocr_carea' id='block_1_5' title="bbox 406 657 2111 729">
    <p class='ocr_par' dir='ltr' id='par_1_5' title="bbox 406 657 2111 729">
     <span class='ocr_line' id='line_1_5' title="bbox 406 657 2111 729; baseline 0.003 -17"><span class='ocrx_word' id='word_1_27' title='bbox 406 660 594 714; x_wconf 88' lang='lat' dir='ltr'><strong><em>nostis.</em></strong></span> <span class='ocrx_word' id='word_1_28' title='bbox 648 657 792 714; x_wconf 87' lang='lat' dir='ltr'><strong><em>Ante</em></strong></span> <span class='ocrx_word' id='word_1_29' title='bbox 805 673 1006 727; x_wconf 88' lang='lat' dir='ltr'><strong><em>paucos</em></strong></span> <span class='ocrx_word' id='word_1_30' title='bbox 1043 658 1157 713; x_wconf 89' lang='lat' dir='ltr'><strong><em>dies</em></strong></span> <span class='ocrx_word' id='word_1_31' title='bbox 1176 661 1505 729; x_wconf 79' lang='lat' dir='ltr'><strong><em>priusquam</em></strong></span> <span class='ocrx_word' id='word_1_32' title='bbox 1534 676 1825 716; x_wconf 83' lang='lat' dir='ltr'><strong><em>sermonem</em></strong></span> <span class='ocrx_word' id='word_1_33' title='bbox 1850 663 1915 717; x_wconf 89' lang='lat' dir='ltr'><strong><em>de</em></strong></span> <span class='ocrx_word' id='word_1_34' title='bbox 1935 664 2035 718; x_wconf 84' lang='lat' dir='ltr'><strong><em>hac</em></strong></span> <span class='ocrx_word' id='word_1_35' title='bbox 2052 678 2111 717; x_wconf 87' lang='lat' dir='ltr'><strong><em>re</em></strong></span> 
     </span>
    </p>
   </div>
   <div class='ocr_carea' id='block_1_6' title="bbox 410 747 2109 821">
    <p class='ocr_par' dir='ltr' id='par_1_6' title="bbox 410 747 2109 821">
     <span class='ocr_line' id='line_1_6' title="bbox 410 747 2109 821; baseline 0.003 -20"><span class='ocrx_word' id='word_1_36' title='bbox 410 748 654 801; x_wconf 81' lang='lat' dir='ltr'><strong><em>haberem</em></strong></span> <span class='ocrx_word' id='word_1_37' title='bbox 691 747 981 813; x_wconf 78' lang='lat' dir='ltr'><strong><em>vobiscum,</em></strong></span> <span class='ocrx_word' id='word_1_38' title='bbox 1020 763 1138 802; x_wconf 89' lang='lat' dir='ltr'><strong><em>eam</em></strong></span> <span class='ocrx_word' id='word_1_39' title='bbox 1180 748 1404 802; x_wconf 82' lang='lat' dir='ltr'><strong><em>donavit</em></strong></span> <span class='ocrx_word' id='word_1_40' title='bbox 1431 750 1697 805; x_wconf 72' lang='lat' dir='ltr'><strong><em>Ecclesiae.</em></strong></span> <span class='ocrx_word' id='word_1_41' title='bbox 1744 753 2109 821; x_wconf 72' lang='lat' dir='ltr'><strong><em>Emspectabat</em></strong></span> 
     </span>
    </p>
   </div>
   <div class='ocr_carea' id='block_1_7' title="bbox 409 838 2109 907">
    <p class='ocr_par' dir='ltr' id='par_1_7' title="bbox 409 838 2109 907">
     <span class='ocr_line' id='line_1_7' title="bbox 409 838 2109 907; baseline 0.001 -16"><span class='ocrx_word' id='word_1_42' title='bbox 409 839 549 891; x_wconf 89' lang='lat' dir='ltr'><strong><em>enim</em></strong></span> <span class='ocrx_word' id='word_1_43' title='bbox 604 840 665 890; x_wconf 90' lang='lat' dir='ltr'><strong><em>ut</em></strong></span> <span class='ocrx_word' id='word_1_44' title='bbox 707 851 823 890; x_wconf 89' lang='lat' dir='ltr'><strong><em>eam</em></strong></span> <span class='ocrx_word' id='word_1_45' title='bbox 856 838 1149 905; x_wconf 79' lang='lat' dir='ltr'><strong><em>perﬁceret,</em></strong></span> <span class='ocrx_word' id='word_1_46' title='bbox 1192 841 1241 891; x_wconf 87' lang='lat' dir='ltr'><strong><em>et</em></strong></span> <span class='ocrx_word' id='word_1_47' title='bbox 1279 840 1579 907; x_wconf 77' lang='lat' dir='ltr'><strong><em>perfectam</em></strong></span> <span class='ocrx_word' id='word_1_48' title='bbox 1621 839 1868 894; x_wconf 86' lang='lat' dir='ltr'><strong><em>donaret.</em></strong></span> <span class='ocrx_word' id='word_1_49' title='bbox 1916 841 2109 895; x_wconf 85' lang='lat' dir='ltr'><strong><em>Fabri-</em></strong></span> 
     </span>
    </p>
   </div>
   <div class='ocr_carea' id='block_1_8' title="bbox 410 924 2112 998">
    <p class='ocr_par' dir='ltr' id='par_1_8' title="bbox 410 924 2112 998">
     <span class='ocr_line' id='line_1_8' title="bbox 410 924 2112 998; baseline 0.002 -18"><span class='ocrx_word' id='word_1_50' title='bbox 410 925 575 980; x_wconf 89' lang='lat' dir='ltr'><strong><em>candi</em></strong></span> <span class='ocrx_word' id='word_1_51' title='bbox 602 929 778 980; x_wconf 87' lang='lat' dir='ltr'><strong><em>autem</em></strong></span> <span class='ocrx_word' id='word_1_52' title='bbox 808 924 1022 979; x_wconf 91' lang='lat' dir='ltr'><strong><em>domum</em></strong></span> <span class='ocrx_word' id='word_1_53' title='bbox 1053 928 1344 981; x_wconf 82' lang='lat' dir='ltr'><strong><em>necessitas</em></strong></span> <span class='ocrx_word' id='word_1_54' title='bbox 1374 928 1460 981; x_wconf 89' lang='lat' dir='ltr'><strong><em>illi</em></strong></span> <span class='ocrx_word' id='word_1_55' title='bbox 1477 929 1628 982; x_wconf 89' lang='lat' dir='ltr'><strong><em>nulla</em></strong></span> <span class='ocrx_word' id='word_1_56' title='bbox 1654 934 1791 996; x_wconf 89' lang='lat' dir='ltr'><strong><em>erat,</em></strong></span> <span class='ocrx_word' id='word_1_57' title='bbox 1834 930 1944 983; x_wconf 84' lang='lat' dir='ltr'><strong><em>nisi</em></strong></span> <span class='ocrx_word' id='word_1_58' title='bbox 1980 931 2112 998; x_wconf 87' lang='lat' dir='ltr'><strong><em>quia</em></strong></span> 
     </span>
    </p>
   </div>
   <div class='ocr_carea' id='block_1_9' title="bbox 411 1015 2111 1083">
    <p class='ocr_par' dir='ltr' id='par_1_9' title="bbox 411 1015 2111 1083">
     <span class='ocr_line' id='line_1_9' title="bbox 411 1015 2111 1083; baseline 0.001 -14"><span class='ocrx_word' id='word_1_59' title='bbox 411 1015 670 1083; x_wconf 83' lang='lat' dir='ltr'><strong><em>cogitavit</em></strong></span> <span class='ocrx_word' id='word_1_60' title='bbox 698 1019 923 1068; x_wconf 88' lang='lat' dir='ltr'><strong><em>matrem</em></strong></span> <span class='ocrx_word' id='word_1_61' title='bbox 946 1029 1102 1069; x_wconf 90' lang='lat' dir='ltr'><strong><em>suam</em></strong></span> <span class='ocrx_word' id='word_1_62' title='bbox 1129 1016 1230 1070; x_wconf 91' lang='lat' dir='ltr'><strong><em>huc</em></strong></span> <span class='ocrx_word' id='word_1_63' title='bbox 1258 1031 1369 1071; x_wconf 90' lang='lat' dir='ltr'><strong><em>esse</em></strong></span> <span class='ocrx_word' id='word_1_64' title='bbox 1385 1022 1665 1071; x_wconf 81' lang='lat' dir='ltr'><strong><em>venturam</em></strong></span> <span class='ocrx_word' id='word_1_65' title='bbox 1697 1035 1715 1083; x_wconf 89' lang='lat'><strong><em>;</em></strong></span> <span class='ocrx_word' id='word_1_66' title='bbox 1741 1019 1791 1072; x_wconf 87' lang='lat' dir='ltr'><strong><em>si</em></strong></span> <span class='ocrx_word' id='word_1_67' title='bbox 1828 1022 2006 1072; x_wconf 87' lang='lat' dir='ltr'><strong><em>autem</em></strong></span> <span class='ocrx_word' id='word_1_68' title='bbox 2024 1033 2111 1074; x_wconf 85' lang='lat' dir='ltr'><strong><em>ve-</em></strong></span> 
     </span>
    </p>
   </div>
   <div class='ocr_carea' id='block_1_10' title="bbox 410 1103 2111 1176">
    <p class='ocr_par' dir='ltr' id='par_1_10' title="bbox 410 1103 2111 1176">
     <span class='ocr_line' id='line_1_10' title="bbox 410 1103 2111 1176; baseline 0.002 -19"><span class='ocrx_word' id='word_1_69' title='bbox 410 1104 595 1164; x_wconf 86' lang='lat' dir='ltr'><strong><em>nisset,</em></strong></span> <span class='ocrx_word' id='word_1_70' title='bbox 614 1104 673 1157; x_wconf 91' lang='lat' dir='ltr'><strong><em>in</em></strong></span> <span class='ocrx_word' id='word_1_71' title='bbox 700 1118 758 1158; x_wconf 90' lang='lat' dir='ltr'><strong><em>re</em></strong></span> <span class='ocrx_word' id='word_1_72' title='bbox 783 1104 890 1171; x_wconf 81' lang='lat' dir='ltr'><strong><em>filii</em></strong></span> <span class='ocrx_word' id='word_1_73' title='bbox 911 1105 1001 1158; x_wconf 89' lang='lat' dir='ltr'><strong><em>sui</em></strong></span> <span class='ocrx_word' id='word_1_74' title='bbox 1028 1103 1302 1158; x_wconf 85' lang='lat' dir='ltr'><strong><em>habitaret</em></strong></span> <span class='ocrx_word' id='word_1_75' title='bbox 1326 1123 1342 1158; x_wconf 89' lang='lat'><strong><em>:</em></strong></span> <span class='ocrx_word' id='word_1_76' title='bbox 1368 1105 1522 1159; x_wconf 84' lang='lat' dir='ltr'><strong><em>modo</em></strong></span> <span class='ocrx_word' id='word_1_77' title='bbox 1551 1108 1602 1160; x_wconf 90' lang='lat' dir='ltr'><strong><em>si</em></strong></span> <span class='ocrx_word' id='word_1_78' title='bbox 1624 1109 1847 1173; x_wconf 84' lang='lat' dir='ltr'><strong><em>venerit,</em></strong></span> <span class='ocrx_word' id='word_1_79' title='bbox 1870 1109 1927 1160; x_wconf 87' lang='lat' dir='ltr'><strong><em>in</em></strong></span> <span class='ocrx_word' id='word_1_80' title='bbox 1957 1123 2111 1176; x_wconf 69' lang='lat' dir='ltr'><strong><em>opere</em></strong></span> 
     </span>
    </p>
   </div>
   <div class='ocr_carea' id='block_1_11' title="bbox 409 1190 2109 1265">
    <p class='ocr_par' dir='ltr' id='par_1_11' title="bbox 409 1190 2109 1265">
     <span class='ocr_line' id='line_1_11' title="bbox 409 1190 2109 1265; baseline 0.004 -21"><span class='ocrx_word' id='word_1_81' title='bbox 409 1192 516 1260; x_wconf 81' lang='lat' dir='ltr'><strong><em>ﬁlii</em></strong></span> <span class='ocrx_word' id='word_1_82' title='bbox 535 1192 622 1246; x_wconf 89' lang='lat' dir='ltr'><strong><em>sui</em></strong></span> <span class='ocrx_word' id='word_1_83' title='bbox 650 1190 940 1247; x_wconf 82' lang='lat' dir='ltr'><strong><em>habitabit.</em></strong></span> <span class='ocrx_word' id='word_1_84' title='bbox 977 1194 1357 1247; x_wconf 85' lang='lat' dir='ltr'><strong><em>Testimonium</em></strong></span> <span class='ocrx_word' id='word_1_85' title='bbox 1395 1195 1445 1248; x_wconf 89' lang='lat' dir='ltr'><strong><em>ei</em></strong></span> <span class='ocrx_word' id='word_1_86' title='bbox 1478 1195 1750 1264; x_wconf 85' lang='lat' dir='ltr'><strong><em>perhibeo,</em></strong></span> <span class='ocrx_word' id='word_1_87' title='bbox 1783 1211 1995 1265; x_wconf 81' lang='lat' dir='ltr'><strong><em>pauper</em></strong></span> <span class='ocrx_word' id='word_1_88' title='bbox 2024 1211 2109 1250; x_wconf 86' lang='lat' dir='ltr'><strong><em>re-</em></strong></span> 
     </span>
    </p>
   </div>
   <div class='ocr_carea' id='block_1_12' title="bbox 412 1280 2109 1353">
    <p class='ocr_par' dir='ltr' id='par_1_12' title="bbox 412 1280 2109 1353">
     <span class='ocr_line' id='line_1_12' title="bbox 412 1280 2109 1353; baseline 0.002 -18"><span class='ocrx_word' id='word_1_89' title='bbox 412 1282 644 1335; x_wconf 85' lang='lat' dir='ltr'><strong><em>mansit:</em></strong></span> <span class='ocrx_word' id='word_1_90' title='bbox 694 1280 789 1335; x_wconf 91' lang='lat' dir='ltr'><strong><em>sed</em></strong></span> <span class='ocrx_word' id='word_1_91' title='bbox 837 1283 896 1334; x_wconf 91' lang='lat' dir='ltr'><strong><em>in</em></strong></span> <span class='ocrx_word' id='word_1_92' title='bbox 944 1281 1231 1336; x_wconf 86' lang='lat' dir='ltr'><strong><em>charitatis</em></strong></span> <span class='ocrx_word' id='word_1_93' title='bbox 1271 1285 1599 1351; x_wconf 77' lang='lat' dir='ltr'><strong><em>possessione</em></strong></span> <span class='ocrx_word' id='word_1_94' title='bbox 1637 1287 1958 1353; x_wconf 84' lang='lat' dir='ltr'><strong><em>permansit.</em></strong></span> <span class='ocrx_word' id='word_1_95' title='bbox 1987 1284 2109 1340; x_wconf 84' lang='lat' dir='ltr'><strong><em>Ali-</em></strong></span> 
     </span>
    </p>
   </div>
   <div class='ocr_carea' id='block_1_13' title="bbox 412 1362 2109 1442">
    <p class='ocr_par' dir='ltr' id='par_1_13' title="bbox 412 1362 2109 1442">
     <span class='ocr_line' id='line_1_13' title="bbox 412 1362 2109 1442; baseline 0.002 -18"><span class='ocrx_word' id='word_1_96' title='bbox 412 1372 509 1439; x_wconf 88' lang='lat' dir='ltr'><strong><em>qui</em></strong></span> <span class='ocrx_word' id='word_1_97' title='bbox 552 1370 757 1423; x_wconf 80' lang='lat' dir='ltr'><strong><em>servuli</em></strong></span> <span class='ocrx_word' id='word_1_98' title='bbox 790 1371 841 1423; x_wconf 87' lang='lat' dir='ltr'><strong><em>ei</em></strong></span> <span class='ocrx_word' id='word_1_99' title='bbox 887 1362 1086 1439; x_wconf 74' lang='lat' dir='ltr'><strong><em>reliqui</em></strong></span> <span class='ocrx_word' id='word_1_100' title='bbox 1117 1372 1359 1437; x_wconf 85' lang='lat' dir='ltr'><strong><em>fuerant,</em></strong></span> <span class='ocrx_word' id='word_1_101' title='bbox 1400 1373 1524 1441; x_wconf 84' lang='lat' dir='ltr'><strong><em>jam</em></strong></span> <span class='ocrx_word' id='word_1_102' title='bbox 1562 1372 1783 1442; x_wconf 85' lang='lat' dir='ltr'><strong><em>quidem</em></strong></span> <span class='ocrx_word' id='word_1_103' title='bbox 1819 1375 1875 1427; x_wconf 88' lang='lat' dir='ltr'><strong><em>in</em></strong></span> <span class='ocrx_word' id='word_1_104' title='bbox 1915 1388 2109 1428; x_wconf 85' lang='lat' dir='ltr'><strong><em>mona-</em></strong></span> 
     </span>
    </p>
   </div>
   <div class='ocr_carea' id='block_1_14' title="bbox 410 1460 2107 1527">
    <p class='ocr_par' dir='ltr' id='par_1_14' title="bbox 410 1460 2107 1527">
     <span class='ocr_line' id='line_1_14' title="bbox 410 1460 2107 1527; baseline 0.002 -13"><span class='ocrx_word' id='word_1_105' title='bbox 410 1460 572 1514; x_wconf 85' lang='lat' dir='ltr'><strong><em>sterio</em></strong></span> <span class='ocrx_word' id='word_1_106' title='bbox 599 1460 852 1524; x_wconf 84' lang='lat' dir='ltr'><strong><em>viventes,</em></strong></span> <span class='ocrx_word' id='word_1_107' title='bbox 907 1473 1037 1527; x_wconf 89' lang='lat' dir='ltr'><strong><em>quos</em></strong></span> <span class='ocrx_word' id='word_1_108' title='bbox 1078 1462 1253 1513; x_wconf 89' lang='lat' dir='ltr'><strong><em>tamen</em></strong></span> <span class='ocrx_word' id='word_1_109' title='bbox 1284 1460 1457 1516; x_wconf 88' lang='lat' dir='ltr'><strong><em>Gestis</em></strong></span> <span class='ocrx_word' id='word_1_110' title='bbox 1499 1463 1872 1518; x_wconf 84' lang='lat' dir='ltr'><strong><em>ecclesiasticis</em></strong></span> <span class='ocrx_word' id='word_1_111' title='bbox 1910 1478 2107 1517; x_wconf 88' lang='lat' dir='ltr'><strong><em>manu-</em></strong></span> 
     </span>
    </p>
   </div>
   <div class='ocr_carea' id='block_1_15' title="bbox 412 1546 2110 1617">
    <p class='ocr_par' dir='ltr' id='par_1_15' title="bbox 412 1546 2110 1617">
     <span class='ocr_line' id='line_1_15' title="bbox 412 1546 2110 1617; baseline 0.003 -15"><span class='ocrx_word' id='word_1_112' title='bbox 412 1549 677 1602; x_wconf 85' lang='lat' dir='ltr'><strong><em>missurus</em></strong></span> <span class='ocrx_word' id='word_1_113' title='bbox 708 1551 786 1601; x_wconf 91' lang='lat' dir='ltr'><strong><em>est</em></strong></span> <span class='ocrx_word' id='word_1_114' title='bbox 812 1546 986 1601; x_wconf 86' lang='lat' dir='ltr'><strong><em>hodie.</em></strong></span> <span class='ocrx_word' id='word_1_115' title='bbox 1037 1550 1197 1603; x_wconf 74' lang='lat' dir='ltr'><strong><em>Nemo</em></strong></span> <span class='ocrx_word' id='word_1_116' title='bbox 1243 1564 1367 1617; x_wconf 88' lang='lat' dir='ltr'><strong><em>ergo</em></strong></span> <span class='ocrx_word' id='word_1_117' title='bbox 1414 1549 1584 1617; x_wconf 88' lang='lat' dir='ltr'><strong><em>dicat,</em></strong></span> <span class='ocrx_word' id='word_1_118' title='bbox 1616 1551 1764 1606; x_wconf 87' lang='lat' dir='ltr'><strong><em>dives</em></strong></span> <span class='ocrx_word' id='word_1_119' title='bbox 1807 1555 1920 1607; x_wconf 90' lang='lat' dir='ltr'><strong><em>est:</em></strong></span> <span class='ocrx_word' id='word_1_120' title='bbox 1960 1567 2110 1607; x_wconf 89' lang='lat' dir='ltr'><strong><em>nemo</em></strong></span> 
     </span>
    </p>
   </div>
   <div class='ocr_carea' id='block_1_16' title="bbox 411 1636 2112 1710">
    <p class='ocr_par' dir='ltr' id='par_1_16' title="bbox 411 1636 2112 1710">
     <span class='ocr_line' id='line_1_16' title="bbox 411 1636 2112 1710; baseline 0.002 -21"><span class='ocrx_word' id='word_1_121' title='bbox 411 1637 700 1703; x_wconf 70' lang='lat' dir='ltr'><strong><em>existimet,</em></strong></span> <span class='ocrx_word' id='word_1_122' title='bbox 722 1652 872 1690; x_wconf 88' lang='lat' dir='ltr'><strong><em>nemo</em></strong></span> <span class='ocrx_word' id='word_1_123' title='bbox 906 1636 1043 1690; x_wconf 87' lang='lat' dir='ltr'><strong><em>male</em></strong></span> <span class='ocrx_word' id='word_1_124' title='bbox 1088 1638 1365 1708; x_wconf 89' lang='lat' dir='ltr'><strong><em>loquatur,</em></strong></span> <span class='ocrx_word' id='word_1_125' title='bbox 1390 1654 1540 1693; x_wconf 89' lang='lat' dir='ltr'><strong><em>nemo</em></strong></span> <span class='ocrx_word' id='word_1_126' title='bbox 1587 1654 1642 1693; x_wconf 89' lang='lat' dir='ltr'><strong><em>se</em></strong></span> <span class='ocrx_word' id='word_1_127' title='bbox 1680 1641 1858 1710; x_wconf 86' lang='lat' dir='ltr'><strong><em>ipsum</em></strong></span> <span class='ocrx_word' id='word_1_128' title='bbox 1886 1641 1968 1694; x_wconf 87' lang='lat' dir='ltr'><strong><em>vel</em></strong></span> <span class='ocrx_word' id='word_1_129' title='bbox 1995 1642 2112 1694; x_wconf 89' lang='lat' dir='ltr'><strong><em>ani-</em></strong></span> 
     </span>
    </p>
   </div>
   <div class='ocr_carea' id='block_1_17' title="bbox 408 1723 2103 1784">
    <p class='ocr_par' dir='ltr' id='par_1_17' title="bbox 408 1723 2103 1784">
     <span class='ocr_line' id='line_1_17' title="bbox 408 1723 2103 1784; baseline 0.004 -7"><span class='ocrx_word' id='word_1_130' title='bbox 408 1739 543 1778; x_wconf 87' lang='lat' dir='ltr'><strong><em>mam</em></strong></span> <span class='ocrx_word' id='word_1_131' title='bbox 571 1739 722 1779; x_wconf 90' lang='lat' dir='ltr'><strong><em>suam</em></strong></span> <span class='ocrx_word' id='word_1_132' title='bbox 741 1726 853 1779; x_wconf 89' lang='lat' dir='ltr'><strong><em>suis</em></strong></span> <span class='ocrx_word' id='word_1_133' title='bbox 884 1723 1133 1779; x_wconf 82' lang='lat' dir='ltr'><strong><em>dentibus</em></strong></span> <span class='ocrx_word' id='word_1_134' title='bbox 1163 1726 1351 1780; x_wconf 76' lang='lat' dir='ltr'><strong><em>lanict.</em></strong></span> <span class='ocrx_word' id='word_1_135' title='bbox 1382 1727 1667 1782; x_wconf 89' lang='lat' dir='ltr'><strong><em>Pecuniam</em></strong></span> <span class='ocrx_word' id='word_1_136' title='bbox 1706 1729 1914 1783; x_wconf 88' lang='lat' dir='ltr'><strong><em>nullam</em></strong></span> <span class='ocrx_word' id='word_1_137' title='bbox 1944 1729 2103 1784; x_wconf 84' lang='lat' dir='ltr'><strong><em>habet</em></strong></span> 
     </span>
    </p>
   </div>
   <div class='ocr_carea' id='block_1_18' title="bbox 409 1814 2108 1886">
    <p class='ocr_par' dir='ltr' id='par_1_18' title="bbox 409 1814 2108 1886">
     <span class='ocr_line' id='line_1_18' title="bbox 409 1814 2108 1886; baseline 0.004 -21"><span class='ocrx_word' id='word_1_138' title='bbox 409 1815 699 1878; x_wconf 89' lang='lat' dir='ltr'><strong><em>servatam,</em></strong></span> <span class='ocrx_word' id='word_1_139' title='bbox 716 1815 926 1867; x_wconf 86' lang='lat' dir='ltr'><strong><em>utinam</em></strong></span> <span class='ocrx_word' id='word_1_140' title='bbox 948 1828 1110 1881; x_wconf 91' lang='lat' dir='ltr'><strong><em>quam</em></strong></span> <span class='ocrx_word' id='word_1_141' title='bbox 1122 1814 1274 1869; x_wconf 89' lang='lat' dir='ltr'><strong><em>debet</em></strong></span> <span class='ocrx_word' id='word_1_142' title='bbox 1292 1817 1544 1871; x_wconf 89' lang='lat' dir='ltr'><strong><em>restituat</em></strong></span> <span class='ocrx_word' id='word_1_143' title='bbox 1564 1819 1583 1870; x_wconf 89' lang='lat'><strong><em>.&#39;</em></strong></span> <span class='ocrx_word' id='word_1_144' title='bbox 1607 1818 1794 1885; x_wconf 86' lang='lat' dir='ltr'><strong><em>(Serm.</em></strong></span> <span class='ocrx_word' id='word_1_145' title='bbox 1811 1820 1934 1886; x_wconf 77' lang='lat'><strong><em>356,</em></strong></span> <span class='ocrx_word' id='word_1_146' title='bbox 1959 1833 2014 1872; x_wconf 93' lang='lat' dir='ltr'><strong><em>n.</em></strong></span> <span class='ocrx_word' id='word_1_147' title='bbox 2034 1818 2108 1886; x_wconf 83' lang='lat'><strong><em>7.)</em></strong></span> 
     </span>
    </p>
   </div>
   <div class='ocr_carea' id='block_1_19' title="bbox 483 1900 2110 1975">
    <p class='ocr_par' dir='ltr' id='par_1_19' title="bbox 483 1900 2110 1975">
     <span class='ocr_line' id='line_1_19' title="bbox 483 1900 2110 1975; baseline 0.002 -20"><span class='ocrx_word' id='word_1_148' title='bbox 483 1902 534 1955; x_wconf 91' lang='lat'><strong><em>3.</em></strong></span> <span class='ocrx_word' id='word_1_149' title='bbox 598 1900 712 1954; x_wconf 92' lang='lat' dir='ltr'><strong><em>Hoc</em></strong></span> <span class='ocrx_word' id='word_1_150' title='bbox 759 1900 915 1972; x_wconf 91' lang='lat' dir='ltr'><strong><em>apud</em></strong></span> <span class='ocrx_word' id='word_1_151' title='bbox 962 1902 1387 1973; x_wconf 90' lang='lat' dir='ltr'><strong><em>Hipponensem</em></strong></span> <span class='ocrx_word' id='word_1_152' title='bbox 1439 1904 1662 1975; x_wconf 85' lang='lat' dir='ltr'><strong><em>plebem</em></strong></span> <span class='ocrx_word' id='word_1_153' title='bbox 1719 1905 2110 1961; x_wconf 88' lang='lat' dir='ltr'><strong><em>testimonium</em></strong></span> 
     </span>
    </p>
   </div>
   <div class='ocr_carea' id='block_1_20' title="bbox 411 1988 2112 2061">
    <p class='ocr_par' dir='ltr' id='par_1_20' title="bbox 411 1988 2112 2061">
     <span class='ocr_line' id='line_1_20' title="bbox 411 1988 2112 2061; baseline 0.004 -20"><span class='ocrx_word' id='word_1_154' title='bbox 411 1988 614 2042; x_wconf 80' lang='lat' dir='ltr'><strong><em>servati</em></strong></span> <span class='ocrx_word' id='word_1_155' title='bbox 646 1988 824 2044; x_wconf 81' lang='lat' dir='ltr'><strong><em>sancti</em></strong></span> <span class='ocrx_word' id='word_1_156' title='bbox 879 1989 1161 2061; x_wconf 88' lang='lat' dir='ltr'><strong><em>propositi</em></strong></span> <span class='ocrx_word' id='word_1_157' title='bbox 1193 1991 1408 2046; x_wconf 83' lang='lat' dir='ltr'><strong><em>Eraclio</em></strong></span> <span class='ocrx_word' id='word_1_158' title='bbox 1440 1992 1622 2049; x_wconf 88' lang='lat' dir='ltr'><strong><em>adhuc</em></strong></span> <span class='ocrx_word' id='word_1_159' title='bbox 1669 1992 1819 2049; x_wconf 73' lang='lat' dir='ltr'><strong><em>inter</em></strong></span> <span class='ocrx_word' id='word_1_160' title='bbox 1846 1994 2112 2049; x_wconf 86' lang='lat' dir='ltr'><strong><em>diaconos</em></strong></span> 
     </span>
    </p>
   </div>
   <div class='ocr_carea' id='block_1_21' title="bbox 410 2077 2112 2150">
    <p class='ocr_par' dir='ltr' id='par_1_21' title="bbox 410 2077 2112 2150">
     <span class='ocr_line' id='line_1_21' title="bbox 410 2077 2112 2150; baseline 0.004 -20"><span class='ocrx_word' id='word_1_161' title='bbox 410 2077 714 2131; x_wconf 89' lang='lat' dir='ltr'><strong><em>constituto</em></strong></span> <span class='ocrx_word' id='word_1_162' title='bbox 745 2077 895 2133; x_wconf 89' lang='lat' dir='ltr'><strong><em>dedit</em></strong></span> <span class='ocrx_word' id='word_1_163' title='bbox 925 2078 1315 2150; x_wconf 79' lang='lat' dir='ltr'><strong><em>Augustinus;</em></strong></span> <span class='ocrx_word' id='word_1_164' title='bbox 1350 2080 1502 2135; x_wconf 91' lang='lat' dir='ltr'><strong><em>illius</em></strong></span> <span class='ocrx_word' id='word_1_165' title='bbox 1532 2082 1685 2137; x_wconf 83' lang='lat' dir='ltr'><strong><em>haud</em></strong></span> <span class='ocrx_word' id='word_1_166' title='bbox 1726 2082 1899 2138; x_wconf 89' lang='lat' dir='ltr'><strong><em>dubie</em></strong></span> <span class='ocrx_word' id='word_1_167' title='bbox 1933 2083 2112 2139; x_wconf 88' lang='lat' dir='ltr'><strong><em>virtus</em></strong></span> 
     </span>
    </p>
   </div>
   <div class='ocr_carea' id='block_1_22' title="bbox 411 2165 2107 2243">
    <p class='ocr_par' dir='ltr' id='par_1_22' title="bbox 411 2165 2107 2243">
     <span class='ocr_line' id='line_1_22' title="bbox 411 2165 2107 2243; baseline 0.004 -23"><span class='ocrx_word' id='word_1_168' title='bbox 411 2165 830 2221; x_wconf 90' lang='lat' dir='ltr'><strong><em>incrementum</em></strong></span> <span class='ocrx_word' id='word_1_169' title='bbox 862 2167 934 2222; x_wconf 91' lang='lat' dir='ltr'><strong><em>ab</em></strong></span> <span class='ocrx_word' id='word_1_170' title='bbox 990 2184 1057 2223; x_wconf 91' lang='lat' dir='ltr'><strong><em>eo</em></strong></span> <span class='ocrx_word' id='word_1_171' title='bbox 1099 2172 1360 2240; x_wconf 89' lang='lat' dir='ltr'><strong><em>tempore</em></strong></span> <span class='ocrx_word' id='word_1_172' title='bbox 1391 2186 1507 2224; x_wconf 91' lang='lat' dir='ltr'><strong><em>non</em></strong></span> <span class='ocrx_word' id='word_1_173' title='bbox 1537 2170 1827 2226; x_wconf 91' lang='lat' dir='ltr'><strong><em>modicum</em></strong></span> <span class='ocrx_word' id='word_1_174' title='bbox 1860 2176 2107 2243; x_wconf 85' lang='lat' dir='ltr'><strong><em>ceperat,</em></strong></span> 
     </span>
    </p>
   </div>
   <div class='ocr_carea' id='block_1_23' title="bbox 410 2255 2110 2333">
    <p class='ocr_par' dir='ltr' id='par_1_23' title="bbox 410 2255 2110 2333">
     <span class='ocr_line' id='line_1_23' title="bbox 410 2255 2110 2333; baseline 0.004 -24"><span class='ocrx_word' id='word_1_175' title='bbox 410 2255 640 2327; x_wconf 82' lang='lat' dir='ltr'><strong><em>quando</em></strong></span> <span class='ocrx_word' id='word_1_176' title='bbox 678 2255 841 2311; x_wconf 90' lang='lat' dir='ltr'><strong><em>illum</em></strong></span> <span class='ocrx_word' id='word_1_177' title='bbox 866 2256 1249 2328; x_wconf 81' lang='lat' dir='ltr'><strong><em>Hipponensis</em></strong></span> <span class='ocrx_word' id='word_1_178' title='bbox 1280 2258 1609 2330; x_wconf 86' lang='lat' dir='ltr'><strong><em>Episcopus,</em></strong></span> <span class='ocrx_word' id='word_1_179' title='bbox 1641 2276 1757 2315; x_wconf 90' lang='lat' dir='ltr'><strong><em>non</em></strong></span> <span class='ocrx_word' id='word_1_180' title='bbox 1781 2260 1951 2316; x_wconf 92' lang='lat' dir='ltr'><strong><em>modo</em></strong></span> <span class='ocrx_word' id='word_1_181' title='bbox 1981 2278 2110 2333; x_wconf 89' lang='lat' dir='ltr'><strong><em>pre-</em></strong></span> 
     </span>
    </p>
   </div>
   <div class='ocr_carea' id='block_1_24' title="bbox 412 2343 2113 2417">
    <p class='ocr_par' dir='ltr' id='par_1_24' title="bbox 412 2343 2113 2417">
     <span class='ocr_line' id='line_1_24' title="bbox 412 2343 2113 2417; baseline 0.005 -20"><span class='ocrx_word' id='word_1_182' title='bbox 412 2343 683 2414; x_wconf 86' lang='lat' dir='ltr'><strong><em>sbyterali</em></strong></span> <span class='ocrx_word' id='word_1_183' title='bbox 712 2360 953 2399; x_wconf 89' lang='lat' dir='ltr'><strong><em>munere</em></strong></span> <span class='ocrx_word' id='word_1_184' title='bbox 981 2343 1220 2415; x_wconf 90' lang='lat' dir='ltr'><strong><em>dignum</em></strong></span> <span class='ocrx_word' id='word_1_185' title='bbox 1255 2345 1556 2417; x_wconf 85' lang='lat' dir='ltr'><strong><em>judicavit,</em></strong></span> <span class='ocrx_word' id='word_1_186' title='bbox 1584 2364 1784 2403; x_wconf 86' lang='lat' dir='ltr'><strong><em>verum</em></strong></span> <span class='ocrx_word' id='word_1_187' title='bbox 1815 2349 1981 2403; x_wconf 89' lang='lat' dir='ltr'><strong><em>etiam</em></strong></span> <span class='ocrx_word' id='word_1_188' title='bbox 2007 2349 2113 2405; x_wconf 86' lang='lat' dir='ltr'><strong><em>sibi</em></strong></span> 
     </span>
    </p>
   </div>
   <div class='ocr_carea' id='block_1_25' title="bbox 411 2432 2112 2507">
    <p class='ocr_par' dir='ltr' id='par_1_25' title="bbox 411 2432 2112 2507">
     <span class='ocr_line' id='line_1_25' title="bbox 411 2432 2112 2507; baseline 0.004 -22"><span class='ocrx_word' id='word_1_189' title='bbox 411 2432 701 2503; x_wconf 83' lang='lat' dir='ltr'><strong><em>adoptavit</em></strong></span> <span class='ocrx_word' id='word_1_190' title='bbox 743 2432 804 2487; x_wconf 91' lang='lat' dir='ltr'><strong><em>in</em></strong></span> <span class='ocrx_word' id='word_1_191' title='bbox 853 2449 1250 2489; x_wconf 85' lang='lat' dir='ltr'><strong><em>successorem.</em></strong></span> <span class='ocrx_word' id='word_1_192' title='bbox 1289 2436 1403 2489; x_wconf 91' lang='lat' dir='ltr'><strong><em>Hoc</em></strong></span> <span class='ocrx_word' id='word_1_193' title='bbox 1443 2437 1677 2506; x_wconf 86' lang='lat' dir='ltr'><strong><em>populo,</em></strong></span> <span class='ocrx_word' id='word_1_194' title='bbox 1711 2436 1792 2491; x_wconf 90' lang='lat' dir='ltr'><strong><em>uti</em></strong></span> <span class='ocrx_word' id='word_1_195' title='bbox 1848 2437 2112 2507; x_wconf 87' lang='lat' dir='ltr'><strong><em>diximus,</em></strong></span> 
     </span>
    </p>
   </div>
   <div class='ocr_carea' id='block_1_26' title="bbox 414 2520 2112 2587">
    <p class='ocr_par' dir='ltr' id='par_1_26' title="bbox 414 2520 2112 2587">
     <span class='ocr_line' id='line_1_26' title="bbox 414 2520 2112 2587; baseline 0.005 -13"><span class='ocrx_word' id='word_1_196' title='bbox 414 2520 738 2587; x_wconf 86' lang='lat' dir='ltr'><strong><em>declaravit,</em></strong></span> <span class='ocrx_word' id='word_1_197' title='bbox 767 2524 823 2575; x_wconf 90' lang='lat' dir='ltr'><strong><em>et</em></strong></span> <span class='ocrx_word' id='word_1_198' title='bbox 875 2520 934 2576; x_wconf 91' lang='lat' dir='ltr'><strong><em>in</em></strong></span> <span class='ocrx_word' id='word_1_199' title='bbox 960 2522 1192 2577; x_wconf 87' lang='lat' dir='ltr'><strong><em>nomine</em></strong></span> <span class='ocrx_word' id='word_1_200' title='bbox 1226 2522 1430 2577; x_wconf 86' lang='lat' dir='ltr'><strong><em>Christi</em></strong></span> <span class='ocrx_word' id='word_1_201' title='bbox 1463 2524 1535 2578; x_wconf 90' lang='lat' dir='ltr'><strong><em>ad</em></strong></span> <span class='ocrx_word' id='word_1_202' title='bbox 1563 2524 1705 2580; x_wconf 91' lang='lat' dir='ltr'><strong><em>illud</em></strong></span> <span class='ocrx_word' id='word_1_203' title='bbox 1760 2541 1969 2580; x_wconf 88' lang='lat' dir='ltr'><strong><em>munus</em></strong></span> <span class='ocrx_word' id='word_1_204' title='bbox 2014 2526 2112 2582; x_wconf 90' lang='lat' dir='ltr'><strong><em>de-</em></strong></span> 
     </span>
    </p>
   </div>
   <div class='ocr_carea' id='block_1_27' title="bbox 413 2607 2111 2683">
    <p class='ocr_par' dir='ltr' id='par_1_27' title="bbox 413 2607 2111 2683">
     <span class='ocr_line' id='line_1_27' title="bbox 413 2607 2111 2683; baseline 0.005 -22"><span class='ocrx_word' id='word_1_205' title='bbox 413 2607 660 2679; x_wconf 80' lang='lat' dir='ltr'><strong><em>signavit</em></strong></span> <span class='ocrx_word' id='word_1_206' title='bbox 698 2610 892 2680; x_wconf 86' lang='lat' dir='ltr'><strong><em>(Epist.</em></strong></span> <span class='ocrx_word' id='word_1_207' title='bbox 940 2612 1064 2679; x_wconf 77' lang='lat'><strong><em>213,</em></strong></span> <span class='ocrx_word' id='word_1_208' title='bbox 1106 2627 1161 2665; x_wconf 86' lang='lat' dir='ltr'><strong><em>n.</em></strong></span> <span class='ocrx_word' id='word_1_209' title='bbox 1191 2613 1240 2677; x_wconf 85' lang='lat'><strong><em>5)</em></strong></span> <span class='ocrx_word' id='word_1_210' title='bbox 1269 2628 1280 2665; x_wconf 93' lang='lat'>:</span> <span class='ocrx_word' id='word_1_211' title='bbox 1334 2616 1507 2683; x_wconf 87' lang='lat' dir='ltr'><strong><em>atque</em></strong></span> <span class='ocrx_word' id='word_1_212' title='bbox 1538 2617 1600 2667; x_wconf 91' lang='lat' dir='ltr'><strong><em>ut</em></strong></span> <span class='ocrx_word' id='word_1_213' title='bbox 1629 2613 1827 2669; x_wconf 90' lang='lat' dir='ltr'><strong><em>eadem</em></strong></span> <span class='ocrx_word' id='word_1_214' title='bbox 1875 2614 1974 2669; x_wconf 89' lang='lat' dir='ltr'><strong><em>illa</em></strong></span> <span class='ocrx_word' id='word_1_215' title='bbox 2002 2632 2111 2681; x_wconf 89' lang='lat' dir='ltr'><strong><em>res,</em></strong></span> 
     </span>
    </p>
   </div>
   <div class='ocr_carea' id='block_1_28' title="bbox 415 2696 2113 2774">
    <p class='ocr_par' dir='ltr' id='par_1_28' title="bbox 415 2696 2113 2774">
     <span class='ocr_line' id='line_1_28' title="bbox 415 2696 2113 2774; baseline 0.006 -24"><span class='ocrx_word' id='word_1_216' title='bbox 415 2696 571 2768; x_wconf 89' lang='lat' dir='ltr'><strong><em>quod</em></strong></span> <span class='ocrx_word' id='word_1_217' title='bbox 604 2696 806 2752; x_wconf 85' lang='lat' dir='ltr'><strong><em>attinet</em></strong></span> <span class='ocrx_word' id='word_1_218' title='bbox 834 2698 904 2753; x_wconf 90' lang='lat' dir='ltr'><strong><em>ad</em></strong></span> <span class='ocrx_word' id='word_1_219' title='bbox 924 2697 1210 2767; x_wconf 88' lang='lat' dir='ltr'><strong><em>homines,</em></strong></span> <span class='ocrx_word' id='word_1_220' title='bbox 1244 2700 1410 2756; x_wconf 84' lang='lat' dir='ltr'><strong><em>ﬁrma</em></strong></span> <span class='ocrx_word' id='word_1_221' title='bbox 1438 2706 1673 2774; x_wconf 82' lang='lat' dir='ltr'><strong><em>rataque</em></strong></span> <span class='ocrx_word' id='word_1_222' title='bbox 1712 2709 1990 2771; x_wconf 88' lang='lat' dir='ltr'><strong><em>maneret,</em></strong></span> <span class='ocrx_word' id='word_1_223' title='bbox 2042 2705 2113 2760; x_wconf 91' lang='lat' dir='ltr'><strong><em>ad</em></strong></span> 
     </span>
    </p>
   </div>
   <div class='ocr_carea' id='block_1_29' title="bbox 414 2786 2116 2865">
    <p class='ocr_par' dir='ltr' id='par_1_29' title="bbox 414 2786 2116 2865">
     <span class='ocr_line' id='line_1_29' title="bbox 414 2786 2116 2865; baseline 0.005 -25"><span class='ocrx_word' id='word_1_224' title='bbox 414 2786 811 2842; x_wconf 86' lang='lat' dir='ltr'><strong><em>auctoritatem</em></strong></span> <span class='ocrx_word' id='word_1_225' title='bbox 849 2788 1231 2844; x_wconf 87' lang='lat' dir='ltr'><strong><em>authenticam</em></strong></span> <span class='ocrx_word' id='word_1_226' title='bbox 1279 2790 1430 2845; x_wconf 86' lang='lat' dir='ltr'><strong><em>actui</em></strong></span> <span class='ocrx_word' id='word_1_227' title='bbox 1467 2791 1902 2861; x_wconf 87' lang='lat' dir='ltr'><strong><em>conciliandam,</em></strong></span> <span class='ocrx_word' id='word_1_228' title='bbox 1944 2792 2116 2865; x_wconf 88' lang='lat' dir='ltr'><strong><em>jussit</em></strong></span> 
     </span>
    </p>
   </div>
   <div class='ocr_carea' id='block_1_30' title="bbox 415 2874 2116 2955">
    <p class='ocr_par' dir='ltr' id='par_1_30' title="bbox 415 2874 2116 2955">
     <span class='ocr_line' id='line_1_30' title="bbox 415 2874 2116 2955; baseline 0.005 -26"><span class='ocrx_word' id='word_1_229' title='bbox 415 2892 448 2929; x_wconf 91' lang='lat' dir='ltr'><strong><em>a</em></strong></span> <span class='ocrx_word' id='word_1_230' title='bbox 474 2874 710 2930; x_wconf 89' lang='lat' dir='ltr'><strong><em>notariis</em></strong></span> <span class='ocrx_word' id='word_1_231' title='bbox 738 2876 1149 2945; x_wconf 85' lang='lat' dir='ltr'><strong><em>ecclesiasticis,</em></strong></span> <span class='ocrx_word' id='word_1_232' title='bbox 1185 2884 1243 2933; x_wconf 89' lang='lat' dir='ltr'><strong><em>et</em></strong></span> <span class='ocrx_word' id='word_1_233' title='bbox 1270 2894 1369 2934; x_wconf 87' lang='lat' dir='ltr'><strong><em>sua</em></strong></span> <span class='ocrx_word' id='word_1_234' title='bbox 1397 2878 1578 2951; x_wconf 90' lang='lat' dir='ltr'><strong><em>ipsius</em></strong></span> <span class='ocrx_word' id='word_1_235' title='bbox 1608 2882 1801 2948; x_wconf 89' lang='lat' dir='ltr'><strong><em>verba,</em></strong></span> <span class='ocrx_word' id='word_1_236' title='bbox 1824 2887 1881 2936; x_wconf 88' lang='lat' dir='ltr'><strong><em>et</em></strong></span> <span class='ocrx_word' id='word_1_237' title='bbox 1917 2881 2116 2955; x_wconf 90' lang='lat' dir='ltr'><strong><em>populi</em></strong></span> 
     </span>
    </p>
   </div>
   <div class='ocr_carea' id='block_1_31' title="bbox 415 2963 2116 3043">
    <p class='ocr_par' dir='ltr' id='par_1_31' title="bbox 415 2963 2116 3043">
     <span class='ocr_line' id='line_1_31' title="bbox 415 2963 2116 3043; baseline 0.005 -25"><span class='ocrx_word' id='word_1_238' title='bbox 415 2963 522 3019; x_wconf 87' lang='lat' dir='ltr'><strong><em>sibi</em></strong></span> <span class='ocrx_word' id='word_1_239' title='bbox 576 2965 975 3035; x_wconf 87' lang='lat' dir='ltr'><strong><em>respondentis</em></strong></span> <span class='ocrx_word' id='word_1_240' title='bbox 1028 2968 1483 3036; x_wconf 87' lang='lat' dir='ltr'><strong><em>acclamationes,</em></strong></span> <span class='ocrx_word' id='word_1_241' title='bbox 1537 2969 1668 3025; x_wconf 88' lang='lat' dir='ltr'><strong><em>stilo</em></strong></span> <span class='ocrx_word' id='word_1_242' title='bbox 1715 2970 1920 3043; x_wconf 84' lang='lat' dir='ltr'><strong><em>excipi.</em></strong></span> <span class='ocrx_word' id='word_1_243' title='bbox 1951 2971 2116 3036; x_wconf 89' lang='lat' dir='ltr'><strong><em>Quod</em></strong></span> 
     </span>
    </p>
   </div>
   <div class='ocr_carea' id='block_1_32' title="bbox 413 3052 2115 3131">
    <p class='ocr_par' dir='ltr' id='par_1_32' title="bbox 413 3052 2115 3131">
     <span class='ocr_line' id='line_1_32' title="bbox 413 3052 2115 3131; baseline 0.004 -25"><span class='ocrx_word' id='word_1_244' title='bbox 413 3068 547 3107; x_wconf 87' lang='lat' dir='ltr'><strong><em>vero</em></strong></span> <span class='ocrx_word' id='word_1_245' title='bbox 575 3052 643 3107; x_wconf 90' lang='lat' dir='ltr'><strong><em>ad</em></strong></span> <span class='ocrx_word' id='word_1_246' title='bbox 678 3052 987 3109; x_wconf 84' lang='lat' dir='ltr'><strong><em>voluntatis</em></strong></span> <span class='ocrx_word' id='word_1_247' title='bbox 1015 3054 1220 3111; x_wconf 73' lang='lat' dir='ltr'><strong><em>divinae</em></strong></span> <span class='ocrx_word' id='word_1_248' title='bbox 1249 3057 1455 3127; x_wconf 90' lang='lat' dir='ltr'><strong><em>placita</em></strong></span> <span class='ocrx_word' id='word_1_249' title='bbox 1504 3074 1567 3113; x_wconf 90' lang='lat' dir='ltr'><strong><em>ac</em></strong></span> <span class='ocrx_word' id='word_1_250' title='bbox 1612 3059 1857 3127; x_wconf 89' lang='lat' dir='ltr'><strong><em>decreta,</em></strong></span> <span class='ocrx_word' id='word_1_251' title='bbox 1890 3059 2115 3131; x_wconf 87' lang='lat' dir='ltr'><strong><em>plebem</em></strong></span> 
     </span>
    </p>
   </div>
   <div class='ocr_carea' id='block_1_33' title="bbox 414 3141 2116 3220">
    <p class='ocr_par' dir='ltr' id='par_1_33' title="bbox 414 3141 2116 3220">
     <span class='ocr_line' id='line_1_33' title="bbox 414 3141 2116 3220; baseline 0.002 -23"><span class='ocrx_word' id='word_1_252' title='bbox 414 3141 770 3211; x_wconf 83' lang='lat' dir='ltr'><strong><em>adhortatur,</em></strong></span> <span class='ocrx_word' id='word_1_253' title='bbox 818 3146 884 3197; x_wconf 89' lang='lat' dir='ltr'><strong><em>ut</em></strong></span> <span class='ocrx_word' id='word_1_254' title='bbox 931 3142 1146 3214; x_wconf 89' lang='lat' dir='ltr'><strong><em>junctis</em></strong></span> <span class='ocrx_word' id='word_1_255' title='bbox 1185 3146 1472 3216; x_wconf 84' lang='lat' dir='ltr'><strong><em>precibus,</em></strong></span> <span class='ocrx_word' id='word_1_256' title='bbox 1531 3163 1730 3202; x_wconf 88' lang='lat' dir='ltr'><strong><em>eorum</em></strong></span> <span class='ocrx_word' id='word_1_257' title='bbox 1781 3164 1911 3220; x_wconf 66' lang='lat' dir='ltr'><strong><em>quas</em></strong></span> <span class='ocrx_word' id='word_1_258' title='bbox 1968 3150 2116 3203; x_wconf 90' lang='lat' dir='ltr'><strong><em>Deus</em></strong></span> 
     </span>
    </p>
   </div>
   <div class='ocr_carea' id='block_1_34' title="bbox 415 3228 2111 3301">
    <p class='ocr_par' dir='ltr' id='par_1_34' title="bbox 415 3228 2111 3301">
     <span class='ocr_line' id='line_1_34' title="bbox 415 3228 2111 3301; baseline 0.004 -17"><span class='ocrx_word' id='word_1_259' title='bbox 415 3228 477 3284; x_wconf 87' lang='lat' dir='ltr'><strong><em>in</em></strong></span> <span class='ocrx_word' id='word_1_260' title='bbox 506 3229 924 3301; x_wconf 88' lang='lat' dir='ltr'><strong><em>ipsisoperatus</em></strong></span> <span class='ocrx_word' id='word_1_261' title='bbox 952 3230 1155 3300; x_wconf 89' lang='lat' dir='ltr'><strong><em>fuerat,</em></strong></span> <span class='ocrx_word' id='word_1_262' title='bbox 1176 3233 1755 3290; x_wconf 81' lang='lat' dir='ltr'><strong><em>conﬁrmationemab</em></strong></span> <span class='ocrx_word' id='word_1_263' title='bbox 1777 3235 1981 3291; x_wconf 88' lang='lat' dir='ltr'><strong><em>eodem</em></strong></span> <span class='ocrx_word' id='word_1_264' title='bbox 2002 3236 2111 3291; x_wconf 90' lang='lat' dir='ltr'><strong><em>im-</em></strong></span> 
     </span>
    </p>
   </div>
   <div class='ocr_carea' id='block_1_35' title="bbox 418 3321 2118 3395">
    <p class='ocr_par' dir='ltr' id='par_1_35' title="bbox 418 3321 2118 3395">
     <span class='ocr_line' id='line_1_35' title="bbox 418 3321 2118 3395; baseline 0.005 -23"><span class='ocrx_word' id='word_1_265' title='bbox 418 3322 642 3389; x_wconf 90' lang='lat' dir='ltr'><strong><em>petrare</em></strong></span> <span class='ocrx_word' id='word_1_266' title='bbox 673 3322 969 3389; x_wconf 80' lang='lat' dir='ltr'><strong><em>satagant:</em></strong></span> <span class='ocrx_word' id='word_1_267' title='bbox 1001 3321 1109 3374; x_wconf 83' lang='lat' dir='ltr'><strong><em>Hoc</em></strong></span> <span class='ocrx_word' id='word_1_268' title='bbox 1135 3336 1259 3389; x_wconf 88' lang='lat' dir='ltr'><strong><em>ergo</em></strong></span> <span class='ocrx_word' id='word_1_269' title='bbox 1287 3323 1422 3389; x_wconf 88' lang='lat' dir='ltr'><strong><em>volo,</em></strong></span> <span class='ocrx_word' id='word_1_270' title='bbox 1461 3322 1668 3395; x_wconf 85' lang='lat' dir='ltr'><strong><em>inquit,</em></strong></span> <span class='ocrx_word' id='word_1_271' title='bbox 1708 3325 1803 3379; x_wconf 84' lang='lat' dir='ltr'><strong><em>hoc</em></strong></span> <span class='ocrx_word' id='word_1_272' title='bbox 1835 3340 1869 3379; x_wconf 92' lang='lat' dir='ltr'><strong><em>a</em></strong></span> <span class='ocrx_word' id='word_1_273' title='bbox 1895 3327 2118 3381; x_wconf 89' lang='lat' dir='ltr'><strong><em>Domino</em></strong></span> 
     </span>
    </p>
   </div>
   <div class='ocr_carea' id='block_1_36' title="bbox 418 3408 2117 3482">
    <p class='ocr_par' dir='ltr' id='par_1_36' title="bbox 418 3408 2117 3482">
     <span class='ocr_line' id='line_1_36' title="bbox 418 3408 2117 3482; baseline 0.006 -21"><span class='ocrx_word' id='word_1_274' title='bbox 418 3409 523 3461; x_wconf 86' lang='lat' dir='ltr'><strong><em>Deo</em></strong></span> <span class='ocrx_word' id='word_1_275' title='bbox 543 3410 724 3461; x_wconf 90' lang='lat' dir='ltr'><strong><em>nostro</em></strong></span> <span class='ocrx_word' id='word_1_276' title='bbox 753 3422 892 3461; x_wconf 90' lang='lat' dir='ltr'><strong><em>nunc</em></strong></span> <span class='ocrx_word' id='word_1_277' title='bbox 921 3408 1084 3463; x_wconf 87' lang='lat' dir='ltr'><strong><em>etiam</em></strong></span> <span class='ocrx_word' id='word_1_278' title='bbox 1112 3410 1170 3463; x_wconf 85' lang='lat' dir='ltr'><strong><em>in</em></strong></span> <span class='ocrx_word' id='word_1_279' title='bbox 1197 3413 1353 3464; x_wconf 58' lang='lat' dir='ltr'><strong><em>atate</em></strong></span> <span class='ocrx_word' id='word_1_280' title='bbox 1372 3411 1590 3479; x_wconf 86' lang='lat' dir='ltr'><strong><em>frigida</em></strong></span> <span class='ocrx_word' id='word_1_281' title='bbox 1608 3416 1744 3468; x_wconf 83' lang='lat' dir='ltr'><strong><em>votis</em></strong></span> <span class='ocrx_word' id='word_1_282' title='bbox 1783 3416 2117 3482; x_wconf 82' lang='lat' dir='ltr'><strong><em>ferventibus</em></strong></span> 
     </span>
    </p>
   </div>
   <div class='ocr_carea' id='block_1_37' title="bbox 417 3496 2118 3573">
    <p class='ocr_par' dir='ltr' id='par_1_37' title="bbox 417 3496 2118 3573">
     <span class='ocr_line' id='line_1_37' title="bbox 417 3496 2118 3573; baseline 0.005 -23"><span class='ocrx_word' id='word_1_283' title='bbox 417 3510 612 3566; x_wconf 85' lang='lat' dir='ltr'><strong><em>posco;</em></strong></span> <span class='ocrx_word' id='word_1_284' title='bbox 639 3496 735 3551; x_wconf 84' lang='lat' dir='ltr'><strong><em>hoc</em></strong></span> <span class='ocrx_word' id='word_1_285' title='bbox 761 3501 821 3551; x_wconf 90' lang='lat' dir='ltr'><strong><em>ut</em></strong></span> <span class='ocrx_word' id='word_1_286' title='bbox 848 3512 1049 3552; x_wconf 88' lang='lat' dir='ltr'><strong><em>mecum</em></strong></span> <span class='ocrx_word' id='word_1_287' title='bbox 1075 3501 1258 3567; x_wconf 88' lang='lat' dir='ltr'><strong><em>oretis,</em></strong></span> <span class='ocrx_word' id='word_1_288' title='bbox 1282 3500 1555 3567; x_wconf 69' lang='lat' dir='ltr'><strong><em>emhortor,</em></strong></span> <span class='ocrx_word' id='word_1_289' title='bbox 1580 3502 1857 3570; x_wconf 89' lang='lat' dir='ltr'><strong><em>admoneo,</em></strong></span> <span class='ocrx_word' id='word_1_290' title='bbox 1880 3519 2027 3573; x_wconf 85' lang='lat' dir='ltr'><strong><em>rogo,</em></strong></span> <span class='ocrx_word' id='word_1_291' title='bbox 2058 3509 2118 3558; x_wconf 90' lang='lat' dir='ltr'><strong><em>ut</em></strong></span> 
     </span>
    </p>
   </div>
   <div class='ocr_carea' id='block_1_38' title="bbox 420 3586 2118 3663">
    <p class='ocr_par' dir='ltr' id='par_1_38' title="bbox 420 3586 2118 3663">
     <span class='ocr_line' id='line_1_38' title="bbox 420 3586 2118 3663; baseline 0.005 -25"><span class='ocrx_word' id='word_1_292' title='bbox 420 3588 658 3639; x_wconf 88' lang='lat' dir='ltr'><strong><em>omnium</em></strong></span> <span class='ocrx_word' id='word_1_293' title='bbox 678 3586 734 3639; x_wconf 89' lang='lat' dir='ltr'><strong><em>in</em></strong></span> <span class='ocrx_word' id='word_1_294' title='bbox 740 3601 875 3656; x_wconf 89' lang='lat' dir='ltr'><strong><em>pace</em></strong></span> <span class='ocrx_word' id='word_1_295' title='bbox 886 3586 1092 3642; x_wconf 87' lang='lat' dir='ltr'><strong><em>Christi</em></strong></span> <span class='ocrx_word' id='word_1_296' title='bbox 1100 3588 1309 3643; x_wconf 88' lang='lat' dir='ltr'><strong><em>collatis</em></strong></span> <span class='ocrx_word' id='word_1_297' title='bbox 1322 3593 1371 3644; x_wconf 87' lang='lat' dir='ltr'><strong><em>et</em></strong></span> <span class='ocrx_word' id='word_1_298' title='bbox 1391 3592 1635 3659; x_wconf 85' lang='lat' dir='ltr'><strong><em>conﬂatis</em></strong></span> <span class='ocrx_word' id='word_1_299' title='bbox 1649 3593 1913 3647; x_wconf 88' lang='lat' dir='ltr'><strong><em>mentibus</em></strong></span> <span class='ocrx_word' id='word_1_300' title='bbox 1932 3596 2118 3663; x_wconf 80' lang='lat' dir='ltr'><strong><em>conﬁr-</em></strong></span> 
     </span>
    </p>
   </div>
   <div class='ocr_carea' id='block_1_39' title="bbox 422 3674 2115 3749">
    <p class='ocr_par' dir='ltr' id='par_1_39' title="bbox 422 3674 2115 3749">
     <span class='ocr_line' id='line_1_39' title="bbox 422 3674 2115 3749; baseline 0.005 -21"><span class='ocrx_word' id='word_1_301' title='bbox 422 3676 526 3728; x_wconf 89' lang='lat' dir='ltr'><strong><em>met</em></strong></span> <span class='ocrx_word' id='word_1_302' title='bbox 544 3675 702 3737; x_wconf 88' lang='lat' dir='ltr'><strong><em>Deus,</em></strong></span> <span class='ocrx_word' id='word_1_303' title='bbox 724 3674 870 3745; x_wconf 89' lang='lat' dir='ltr'><strong><em>quod</em></strong></span> <span class='ocrx_word' id='word_1_304' title='bbox 897 3680 1147 3746; x_wconf 85' lang='lat' dir='ltr'><strong><em>operatus</em></strong></span> <span class='ocrx_word' id='word_1_305' title='bbox 1176 3682 1254 3732; x_wconf 90' lang='lat' dir='ltr'><strong><em>est</em></strong></span> <span class='ocrx_word' id='word_1_306' title='bbox 1279 3678 1521 3735; x_wconf 87' lang='lat' dir='ltr'><strong><em>innobis.</em></strong></span> <span class='ocrx_word' id='word_1_307' title='bbox 1551 3681 1959 3746; x_wconf 85' lang='lat' dir='ltr'><strong><em>Quimisitmihi</em></strong></span> <span class='ocrx_word' id='word_1_308' title='bbox 1977 3698 2115 3749; x_wconf 90' lang='lat' dir='ltr'><strong><em>eum,</em></strong></span> 
     </span>
    </p>
   </div>
   <div class='ocr_carea' id='block_1_40' title="bbox 419 3767 2124 3841">
    <p class='ocr_par' dir='ltr' id='par_1_40' title="bbox 419 3767 2124 3841">
     <span class='ocr_line' id='line_1_40' title="bbox 419 3767 2124 3841; baseline 0.006 -24"><span class='ocrx_word' id='word_1_309' title='bbox 419 3768 590 3818; x_wconf 81' lang='lat' dir='ltr'><strong><em>servet</em></strong></span> <span class='ocrx_word' id='word_1_310' title='bbox 609 3779 746 3831; x_wconf 89' lang='lat' dir='ltr'><strong><em>eum,</em></strong></span> <span class='ocrx_word' id='word_1_311' title='bbox 778 3769 950 3820; x_wconf 88' lang='lat' dir='ltr'><strong><em>servet</em></strong></span> <span class='ocrx_word' id='word_1_312' title='bbox 970 3767 1306 3834; x_wconf 85' lang='lat' dir='ltr'><strong><em>incolumem,</em></strong></span> <span class='ocrx_word' id='word_1_313' title='bbox 1330 3772 1631 3825; x_wconf 83' lang='lat' dir='ltr'><strong><em>servetsine</em></strong></span> <span class='ocrx_word' id='word_1_314' title='bbox 1652 3773 1877 3826; x_wconf 77' lang='lat' dir='ltr'><strong><em>crimine</em></strong></span> <span class='ocrx_word' id='word_1_315' title='bbox 1901 3788 1915 3839; x_wconf 90' lang='lat'><strong><em>;</em></strong></span> <span class='ocrx_word' id='word_1_316' title='bbox 1948 3776 2011 3826; x_wconf 88' lang='lat' dir='ltr'><strong><em>ut</em></strong></span> <span class='ocrx_word' id='word_1_317' title='bbox 2026 3774 2124 3841; x_wconf 87' lang='lat' dir='ltr'><strong><em>qui</em></strong></span> 
     </span>
    </p>
   </div>
   <div class='ocr_carea' id='block_1_41' title="bbox 419 3853 2115 3930">
    <p class='ocr_par' dir='ltr' id='par_1_41' title="bbox 419 3853 2115 3930">
     <span class='ocr_line' id='line_1_41' title="bbox 419 3853 2115 3930; baseline 0.005 -24"><span class='ocrx_word' id='word_1_318' title='bbox 419 3855 557 3923; x_wconf 78' lang='lat' dir='ltr'><strong><em>facit</em></strong></span> <span class='ocrx_word' id='word_1_319' title='bbox 583 3853 847 3921; x_wconf 84' lang='lat' dir='ltr'><strong><em>gaudium</em></strong></span> <span class='ocrx_word' id='word_1_320' title='bbox 870 3857 1123 3921; x_wconf 87' lang='lat' dir='ltr'><strong><em>viventis,</em></strong></span> <span class='ocrx_word' id='word_1_321' title='bbox 1164 3857 1334 3912; x_wconf 87' lang='lat' dir='ltr'><strong><em>locum</em></strong></span> <span class='ocrx_word' id='word_1_322' title='bbox 1353 3860 1607 3929; x_wconf 84' lang='lat' dir='ltr'><strong><em>suppleat</em></strong></span> <span class='ocrx_word' id='word_1_323' title='bbox 1626 3862 1903 3927; x_wconf 80' lang='lat' dir='ltr'><strong><em>morientis</em></strong></span> <span class='ocrx_word' id='word_1_324' title='bbox 1928 3860 2115 3930; x_wconf 69' lang='lat' dir='ltr'><strong><em>(Ibid,</em></strong></span> 
     </span>
    </p>
   </div>
   <div class='ocr_carea' id='block_1_42' title="bbox 422 3941 2116 4020">
    <p class='ocr_par' dir='ltr' id='par_1_42' title="bbox 422 3941 2116 4020">
     <span class='ocr_line' id='line_1_42' title="bbox 422 3941 2116 4020; baseline 0.004 -24"><span class='ocrx_word' id='word_1_325' title='bbox 422 3958 478 3996; x_wconf 86' lang='grc' dir='ltr'>η.</span> <span class='ocrx_word' id='word_1_326' title='bbox 510 3941 581 4013; x_wconf 80' lang='lat'><strong><em>2).</em></strong></span> <span class='ocrx_word' id='word_1_327' title='bbox 616 3942 922 3998; x_wconf 83' lang='lat' dir='ltr'><strong><em>Ardentius</em></strong></span> <span class='ocrx_word' id='word_1_328' title='bbox 952 3948 1124 4016; x_wconf 90' lang='lat' dir='ltr'><strong><em>atque</em></strong></span> <span class='ocrx_word' id='word_1_329' title='bbox 1164 3946 1366 4001; x_wconf 75' lang='lat' dir='ltr'><strong><em>atiectu</em></strong></span> <span class='ocrx_word' id='word_1_330' title='bbox 1396 3947 1624 4018; x_wconf 91' lang='lat' dir='ltr'><strong><em>plenius</em></strong></span> <span class='ocrx_word' id='word_1_331' title='bbox 1652 3948 1799 4004; x_wconf 90' lang='lat' dir='ltr'><strong><em>nihil</em></strong></span> <span class='ocrx_word' id='word_1_332' title='bbox 1844 3950 2116 4020; x_wconf 86' lang='lat' dir='ltr'><strong><em>reperias.</em></strong></span> 
     </span>
    </p>
   </div>
   <div class='ocr_carea' id='block_1_43' title="bbox 423 4030 2119 4107">
    <p class='ocr_par' dir='ltr' id='par_1_43' title="bbox 423 4030 2119 4107">
     <span class='ocr_line' id='line_1_43' title="bbox 423 4030 2119 4107; baseline 0.005 -23"><span class='ocrx_word' id='word_1_333' title='bbox 423 4030 742 4086; x_wconf 90' lang='lat' dir='ltr'><strong><em>Heraclium</em></strong></span> <span class='ocrx_word' id='word_1_334' title='bbox 770 4048 937 4103; x_wconf 91' lang='lat' dir='ltr'><strong><em>porro</em></strong></span> <span class='ocrx_word' id='word_1_335' title='bbox 965 4032 1073 4088; x_wconf 91' lang='lat' dir='ltr'><strong><em>sibi</em></strong></span> <span class='ocrx_word' id='word_1_336' title='bbox 1102 4050 1482 4091; x_wconf 89' lang='lat' dir='ltr'><strong><em>successorem</em></strong></span> <span class='ocrx_word' id='word_1_337' title='bbox 1533 4036 1859 4107; x_wconf 81' lang='lat' dir='ltr'><strong><em>designasse</em></strong></span> <span class='ocrx_word' id='word_1_338' title='bbox 1886 4043 2119 4093; x_wconf 90' lang='lat' dir='ltr'><strong><em>conten-</em></strong></span> 
     </span>
    </p>
   </div>
   <div class='ocr_carea' id='block_1_44' title="bbox 420 4119 2123 4192">
    <p class='ocr_par' dir='ltr' id='par_1_44' title="bbox 420 4119 2123 4192">
     <span class='ocr_line' id='line_1_44' title="bbox 420 4119 2123 4192; baseline 0.005 -19"><span class='ocrx_word' id='word_1_339' title='bbox 420 4121 532 4186; x_wconf 89' lang='lat' dir='ltr'><strong><em>tus,</em></strong></span> <span class='ocrx_word' id='word_1_340' title='bbox 566 4119 895 4191; x_wconf 89' lang='lat' dir='ltr'><strong><em>episcopum</em></strong></span> <span class='ocrx_word' id='word_1_341' title='bbox 916 4137 1048 4175; x_wconf 90' lang='lat' dir='ltr'><strong><em>eum</em></strong></span> <span class='ocrx_word' id='word_1_342' title='bbox 1078 4123 1396 4178; x_wconf 91' lang='lat' dir='ltr'><strong><em>consecrari</em></strong></span> <span class='ocrx_word' id='word_1_343' title='bbox 1425 4124 1631 4192; x_wconf 87' lang='lat' dir='ltr'><strong><em>noluit,</em></strong></span> <span class='ocrx_word' id='word_1_344' title='bbox 1664 4125 1725 4180; x_wconf 92' lang='lat' dir='ltr'><strong><em>in</em></strong></span> <span class='ocrx_word' id='word_1_345' title='bbox 1751 4126 1859 4181; x_wconf 91' lang='lat' dir='ltr'><strong><em>hoc</em></strong></span> <span class='ocrx_word' id='word_1_346' title='bbox 1909 4127 2123 4181; x_wconf 89' lang='lat' dir='ltr'><strong><em>scilicet</em></strong></span> 
     </span>
    </p>
   </div>
   <div class='ocr_carea' id='block_1_45' title="bbox 421 4208 2122 4286">
    <p class='ocr_par' dir='ltr' id='par_1_45' title="bbox 421 4208 2122 4286">
     <span class='ocr_line' id='line_1_45' title="bbox 421 4208 2122 4286; baseline 0.005 -25"><span class='ocrx_word' id='word_1_347' title='bbox 421 4211 716 4277; x_wconf 89' lang='lat' dir='ltr'><strong><em>peccatum</em></strong></span> <span class='ocrx_word' id='word_1_348' title='bbox 773 4223 895 4261; x_wconf 89' lang='lat' dir='ltr'><strong><em>esse</em></strong></span> <span class='ocrx_word' id='word_1_349' title='bbox 944 4208 1296 4275; x_wconf 84' lang='lat' dir='ltr'><strong><em>existimans,</em></strong></span> <span class='ocrx_word' id='word_1_350' title='bbox 1356 4212 1508 4282; x_wconf 91' lang='lat' dir='ltr'><strong><em>quod</em></strong></span> <span class='ocrx_word' id='word_1_351' title='bbox 1553 4212 1679 4266; x_wconf 92' lang='lat' dir='ltr'><strong><em>vivo</em></strong></span> <span class='ocrx_word' id='word_1_352' title='bbox 1726 4213 1948 4268; x_wconf 90' lang='lat' dir='ltr'><strong><em>Valerio</em></strong></span> <span class='ocrx_word' id='word_1_353' title='bbox 2001 4214 2122 4286; x_wconf 89' lang='lat' dir='ltr'><strong><em>ipse</em></strong></span> 
     </span>
    </p>
   </div>
   <div class='ocr_carea' id='block_1_46' title="bbox 422 4293 2122 4372">
    <p class='ocr_par' dir='ltr' id='par_1_46' title="bbox 422 4293 2122 4372">
     <span class='ocr_line' id='line_1_46' title="bbox 422 4293 2122 4372; baseline 0.005 -24"><span class='ocrx_word' id='word_1_354' title='bbox 422 4293 621 4349; x_wconf 81' lang='lat' dir='ltr'><strong><em>fuisset</em></strong></span> <span class='ocrx_word' id='word_1_355' title='bbox 647 4300 1008 4350; x_wconf 90' lang='lat' dir='ltr'><strong><em>consecratus</em></strong></span> <span class='ocrx_word' id='word_1_356' title='bbox 1039 4296 1224 4365; x_wconf 85' lang='lat' dir='ltr'><strong><em>(Ibid.,</em></strong></span> <span class='ocrx_word' id='word_1_357' title='bbox 1258 4313 1353 4353; x_wconf 88' lang='lat' dir='ltr'><strong><em>nn.</em></strong></span> <span class='ocrx_word' id='word_1_358' title='bbox 1380 4300 1434 4365; x_wconf 75' lang='grc'><strong>4,</strong></span> <span class='ocrx_word' id='word_1_359' title='bbox 1458 4301 1530 4371; x_wconf 80' lang='lat'><strong><em>5).</em></strong></span> <span class='ocrx_word' id='word_1_360' title='bbox 1563 4300 1730 4354; x_wconf 91' lang='lat' dir='ltr'><strong><em>Illum</em></strong></span> <span class='ocrx_word' id='word_1_361' title='bbox 1749 4300 1927 4372; x_wconf 88' lang='lat' dir='ltr'><strong><em>igitur</em></strong></span> <span class='ocrx_word' id='word_1_362' title='bbox 1955 4301 2014 4357; x_wconf 91' lang='lat' dir='ltr'><strong><em>in</em></strong></span> <span class='ocrx_word' id='word_1_363' title='bbox 2036 4319 2122 4357; x_wconf 90' lang='lat' dir='ltr'><strong><em>or-</em></strong></span> 
     </span>
    </p>
   </div>
   <div class='ocr_carea' id='block_1_47' title="bbox 425 4381 2121 4455">
    <p class='ocr_par' dir='ltr' id='par_1_47' title="bbox 425 4381 2121 4455">
     <span class='ocr_line' id='line_1_47' title="bbox 425 4381 2121 4455; baseline 0.005 -18"><span class='ocrx_word' id='word_1_364' title='bbox 425 4381 560 4437; x_wconf 90' lang='lat' dir='ltr'><strong><em>dine</em></strong></span> <span class='ocrx_word' id='word_1_365' title='bbox 588 4383 961 4455; x_wconf 81' lang='lat' dir='ltr'><strong><em>presbyterali</em></strong></span> <span class='ocrx_word' id='word_1_366' title='bbox 1006 4385 1187 4440; x_wconf 89' lang='lat' dir='ltr'><strong><em>voluit</em></strong></span> <span class='ocrx_word' id='word_1_367' title='bbox 1222 4402 1541 4455; x_wconf 90' lang='lat' dir='ltr'><strong><em>remanere,</em></strong></span> <span class='ocrx_word' id='word_1_368' title='bbox 1588 4388 1771 4444; x_wconf 88' lang='lat' dir='ltr'><strong><em>nihilo</em></strong></span> <span class='ocrx_word' id='word_1_369' title='bbox 1814 4394 2005 4446; x_wconf 89' lang='lat' dir='ltr'><strong><em>tamen</em></strong></span> <span class='ocrx_word' id='word_1_370' title='bbox 2035 4408 2121 4445; x_wconf 90' lang='lat' dir='ltr'><strong><em>se-</em></strong></span> 
     </span>
    </p>
   </div>
   <div class='ocr_carea' id='block_1_48' title="bbox 425 4469 2125 4551">
    <p class='ocr_par' dir='ltr' id='par_1_48' title="bbox 425 4469 2125 4551">
     <span class='ocr_line' id='line_1_48' title="bbox 425 4469 2125 4551; baseline 0.006 -26"><span class='ocrx_word' id='word_1_371' title='bbox 425 4469 546 4526; x_wconf 89' lang='lat' dir='ltr'><strong><em>cius</em></strong></span> <span class='ocrx_word' id='word_1_372' title='bbox 568 4487 739 4526; x_wconf 90' lang='lat' dir='ltr'><strong><em>omne</em></strong></span> <span class='ocrx_word' id='word_1_373' title='bbox 752 4472 1114 4544; x_wconf 88' lang='lat' dir='ltr'><strong><em>negotiorum</em></strong></span> <span class='ocrx_word' id='word_1_374' title='bbox 1144 4475 1721 4546; x_wconf 90' lang='lat' dir='ltr'><strong><em>pondusineumdem</em></strong></span> <span class='ocrx_word' id='word_1_375' title='bbox 1748 4479 2007 4546; x_wconf 89' lang='lat' dir='ltr'><strong><em>contulit,</em></strong></span> <span class='ocrx_word' id='word_1_376' title='bbox 2029 4497 2125 4551; x_wconf 90' lang='lat' dir='ltr'><strong><em>po-</em></strong></span> 
     </span>
    </p>
   </div>
   <div class='ocr_carea' id='block_1_49' title="bbox 426 4560 2125 4639">
    <p class='ocr_par' dir='ltr' id='par_1_49' title="bbox 426 4560 2125 4639">
     <span class='ocr_line' id='line_1_49' title="bbox 426 4560 2125 4639; baseline 0.005 -25"><span class='ocrx_word' id='word_1_377' title='bbox 426 4560 627 4632; x_wconf 87' lang='lat' dir='ltr'><strong><em>pulum</em></strong></span> <span class='ocrx_word' id='word_1_378' title='bbox 675 4562 998 4628; x_wconf 81' lang='lat' dir='ltr'><strong><em>obsecrans,</em></strong></span> <span class='ocrx_word' id='word_1_379' title='bbox 1046 4580 1265 4636; x_wconf 88' lang='lat' dir='ltr'><strong><em>perque</em></strong></span> <span class='ocrx_word' id='word_1_380' title='bbox 1310 4565 1595 4622; x_wconf 88' lang='lat' dir='ltr'><strong><em>Christum</em></strong></span> <span class='ocrx_word' id='word_1_381' title='bbox 1650 4567 2030 4639; x_wconf 88' lang='lat' dir='ltr'><strong><em>obstringens,</em></strong></span> <span class='ocrx_word' id='word_1_382' title='bbox 2063 4574 2125 4624; x_wconf 88' lang='lat' dir='ltr'><strong><em>ut</em></strong></span> 
     </span>
    </p>
   </div>
   <div class='ocr_carea' id='block_1_50' title="bbox 424 4648 2122 4729">
    <p class='ocr_par' dir='ltr' id='par_1_50' title="bbox 424 4648 2122 4729">
     <span class='ocr_line' id='line_1_50' title="bbox 424 4648 2122 4729; baseline 0.005 -26"><span class='ocrx_word' id='word_1_383' title='bbox 424 4648 486 4703; x_wconf 91' lang='lat' dir='ltr'><strong><em>in</em></strong></span> <span class='ocrx_word' id='word_1_384' title='bbox 516 4651 939 4723; x_wconf 88' lang='lat' dir='ltr'><strong><em>emergentibus</em></strong></span> <span class='ocrx_word' id='word_1_385' title='bbox 968 4652 1213 4725; x_wconf 87' lang='lat' dir='ltr'><strong><em>negotiis</em></strong></span> <span class='ocrx_word' id='word_1_386' title='bbox 1240 4654 1468 4710; x_wconf 88' lang='lat' dir='ltr'><strong><em>adirent</em></strong></span> <span class='ocrx_word' id='word_1_387' title='bbox 1513 4656 1583 4711; x_wconf 90' lang='lat' dir='ltr'><strong><em>ad</em></strong></span> <span class='ocrx_word' id='word_1_388' title='bbox 1615 4654 1956 4725; x_wconf 81' lang='lat' dir='ltr'><strong><em>Heraclidm,</em></strong></span> <span class='ocrx_word' id='word_1_389' title='bbox 2009 4675 2122 4729; x_wconf 91' lang='lat' dir='ltr'><strong><em>quo</em></strong></span> 
     </span>
    </p>
   </div>
   <div class='ocr_carea' id='block_1_51' title="bbox 426 4737 2120 4817">
    <p class='ocr_par' dir='ltr' id='par_1_51' title="bbox 426 4737 2120 4817">
     <span class='ocr_line' id='line_1_51' title="bbox 426 4737 2120 4817; baseline 0.005 -23"><span class='ocrx_word' id='word_1_390' title='bbox 426 4737 506 4794; x_wconf 90' lang='lat' dir='ltr'><strong><em>eis</em></strong></span> <span class='ocrx_word' id='word_1_391' title='bbox 541 4738 663 4811; x_wconf 89' lang='lat' dir='ltr'><strong><em>ipse</em></strong></span> <span class='ocrx_word' id='word_1_392' title='bbox 717 4757 821 4812; x_wconf 91' lang='lat' dir='ltr'><strong><em>pro</em></strong></span> <span class='ocrx_word' id='word_1_393' title='bbox 867 4758 970 4797; x_wconf 91' lang='lat' dir='ltr'><strong><em>sua</em></strong></span> <span class='ocrx_word' id='word_1_394' title='bbox 1017 4743 1295 4815; x_wconf 90' lang='lat' dir='ltr'><strong><em>sapientia</em></strong></span> <span class='ocrx_word' id='word_1_395' title='bbox 1323 4744 1673 4817; x_wconf 87' lang='lat' dir='ltr'><strong><em>provideret,</em></strong></span> <span class='ocrx_word' id='word_1_396' title='bbox 1707 4746 1794 4800; x_wconf 86' lang='lat' dir='ltr'><strong><em>vel</em></strong></span> <span class='ocrx_word' id='word_1_397' title='bbox 1824 4763 1858 4801; x_wconf 93' lang='lat' dir='ltr'><strong><em>a</em></strong></span> <span class='ocrx_word' id='word_1_398' title='bbox 1886 4763 1945 4802; x_wconf 89' lang='lat' dir='ltr'><strong><em>se</em></strong></span> <span class='ocrx_word' id='word_1_399' title='bbox 1997 4751 2120 4802; x_wconf 89' lang='lat' dir='ltr'><strong><em>tan-</em></strong></span> 
     </span>
    </p>
   </div>
   <div class='ocr_carea' id='block_1_52' title="bbox 424 4829 2126 4905">
    <p class='ocr_par' dir='ltr' id='par_1_52' title="bbox 424 4829 2126 4905">
     <span class='ocr_line' id='line_1_52' title="bbox 424 4829 2126 4905; baseline 0.006 -25"><span class='ocrx_word' id='word_1_400' title='bbox 424 4842 599 4899; x_wconf 88' lang='lat' dir='ltr'><strong><em>quam</em></strong></span> <span class='ocrx_word' id='word_1_401' title='bbox 655 4845 688 4882; x_wconf 89' lang='lat' dir='ltr'><strong><em>a</em></strong></span> <span class='ocrx_word' id='word_1_402' title='bbox 723 4834 904 4900; x_wconf 91' lang='lat' dir='ltr'><strong><em>patre,</em></strong></span> <span class='ocrx_word' id='word_1_403' title='bbox 932 4829 1031 4887; x_wconf 90' lang='lat' dir='ltr'><strong><em>ubi</em></strong></span> <span class='ocrx_word' id='word_1_404' title='bbox 1050 4833 1433 4889; x_wconf 89' lang='lat' dir='ltr'><strong><em>necessarium</em></strong></span> <span class='ocrx_word' id='word_1_405' title='bbox 1446 4833 1717 4905; x_wconf 44' lang='lat' dir='ltr'><strong><em>[haberem</em></strong></span> <span class='ocrx_word' id='word_1_406' title='bbox 1746 4835 2049 4891; x_wconf 88' lang='lat' dir='ltr'><strong><em>consilium</em></strong></span> <span class='ocrx_word' id='word_1_407' title='bbox 2071 4840 2126 4891; x_wconf 89' lang='lat' dir='ltr'><strong><em>et</em></strong></span> 
     </span>
    </p>
   </div>
   <div class='ocr_carea' id='block_1_53' title="bbox 426 4916 2123 4997">
    <p class='ocr_par' dir='ltr' id='par_1_53' title="bbox 426 4916 2123 4997">
     <span class='ocr_line' id='line_1_53' title="bbox 426 4916 2123 4997; baseline 0.005 -27"><span class='ocrx_word' id='word_1_408' title='bbox 426 4916 704 4972; x_wconf 78' lang='lat' dir='ltr'><strong><em>auxilium</em></strong></span> <span class='ocrx_word' id='word_1_409' title='bbox 733 4925 1007 4990; x_wconf 89' lang='lat' dir='ltr'><strong><em>posceret.</em></strong></span> <span class='ocrx_word' id='word_1_410' title='bbox 1043 4923 1167 4976; x_wconf 89' lang='lat' dir='ltr'><strong><em>Non</em></strong></span> <span class='ocrx_word' id='word_1_411' title='bbox 1196 4923 1352 4978; x_wconf 90' lang='lat' dir='ltr'><strong><em>enim</em></strong></span> <span class='ocrx_word' id='word_1_412' title='bbox 1379 4923 1665 4995; x_wconf 87' lang='lat' dir='ltr'><strong><em>cogitabat</em></strong></span> <span class='ocrx_word' id='word_1_413' title='bbox 1690 4940 1793 4980; x_wconf 91' lang='lat' dir='ltr'><strong><em>suo</em></strong></span> <span class='ocrx_word' id='word_1_414' title='bbox 1824 4941 1883 4979; x_wconf 90' lang='lat' dir='ltr'><strong><em>se</em></strong></span> <span class='ocrx_word' id='word_1_415' title='bbox 1912 4925 2123 4997; x_wconf 90' lang='lat' dir='ltr'><strong><em>populo</em></strong></span> 
     </span>
    </p>
   </div>
   <div class='ocr_carea' id='block_1_54' title="bbox 424 5005 2120 5082">
    <p class='ocr_par' dir='ltr' id='par_1_54' title="bbox 424 5005 2120 5082">
     <span class='ocr_line' id='line_1_54' title="bbox 424 5005 2120 5082; baseline 0.004 -22"><span class='ocrx_word' id='word_1_416' title='bbox 424 5005 781 5075; x_wconf 87' lang='lat' dir='ltr'><strong><em>subtrahere,</em></strong></span> <span class='ocrx_word' id='word_1_417' title='bbox 812 5013 912 5063; x_wconf 90' lang='lat' dir='ltr'><strong><em>aut</em></strong></span> <span class='ocrx_word' id='word_1_418' title='bbox 938 5010 989 5064; x_wconf 92' lang='lat' dir='ltr'><strong><em>ei</em></strong></span> <span class='ocrx_word' id='word_1_419' title='bbox 1020 5011 1135 5065; x_wconf 93' lang='lat' dir='ltr'><strong><em>ullo</em></strong></span> <span class='ocrx_word' id='word_1_420' title='bbox 1181 5016 1345 5082; x_wconf 90' lang='lat' dir='ltr'><strong><em>pacto</em></strong></span> <span class='ocrx_word' id='word_1_421' title='bbox 1396 5014 1590 5068; x_wconf 90' lang='lat' dir='ltr'><strong><em>deesse</em></strong></span> <span class='ocrx_word' id='word_1_422' title='bbox 1644 5014 1704 5068; x_wconf 90' lang='lat' dir='ltr'><strong><em>in</em></strong></span> <span class='ocrx_word' id='word_1_423' title='bbox 1756 5014 2120 5069; x_wconf 88' lang='lat' dir='ltr'><strong><em>necessariis:</em></strong></span> 
     </span>
    </p>
   </div>
   <div class='ocr_carea' id='block_1_55' title="bbox 426 5093 2122 5174">
    <p class='ocr_par' dir='ltr' id='par_1_55' title="bbox 426 5093 2122 5174">
     <span class='ocr_line' id='line_1_55' title="bbox 426 5093 2122 5174; baseline 0.005 -26"><span class='ocrx_word' id='word_1_424' title='bbox 426 5097 483 5149; x_wconf 90' lang='lat' dir='ltr'><strong><em>at</em></strong></span> <span class='ocrx_word' id='word_1_425' title='bbox 511 5093 621 5150; x_wconf 90' lang='lat' dir='ltr'><strong><em>sibi</em></strong></span> <span class='ocrx_word' id='word_1_426' title='bbox 648 5097 1044 5153; x_wconf 88' lang='lat' dir='ltr'><strong><em>tantummodo</em></strong></span> <span class='ocrx_word' id='word_1_427' title='bbox 1074 5100 1327 5171; x_wconf 90' lang='lat' dir='ltr'><strong><em>quietem</em></strong></span> <span class='ocrx_word' id='word_1_428' title='bbox 1359 5101 1610 5173; x_wconf 86' lang='lat' dir='ltr'><strong><em>aliquam</em></strong></span> <span class='ocrx_word' id='word_1_429' title='bbox 1640 5119 1708 5157; x_wconf 92' lang='lat' dir='ltr'><strong><em>eo</em></strong></span> <span class='ocrx_word' id='word_1_430' title='bbox 1737 5102 1930 5158; x_wconf 90' lang='lat' dir='ltr'><strong><em>animo</em></strong></span> <span class='ocrx_word' id='word_1_431' title='bbox 1964 5119 2122 5174; x_wconf 77' lang='lat' dir='ltr'><strong><em>qua-.-</em></strong></span> 
     </span>
    </p>
   </div>
   <div class='ocr_carea' id='block_1_56' title="bbox 424 5182 2124 5263">
    <p class='ocr_par' dir='ltr' id='par_1_56' title="bbox 424 5182 2124 5263">
     <span class='ocr_line' id='line_1_56' title="bbox 424 5182 2124 5263; baseline 0.006 -26"><span class='ocrx_word' id='word_1_432' title='bbox 424 5182 606 5251; x_wconf 87' lang='lat' dir='ltr'><strong><em>rebat,</em></strong></span> <span class='ocrx_word' id='word_1_433' title='bbox 659 5200 777 5239; x_wconf 90' lang='lat' dir='ltr'><strong><em>non</em></strong></span> <span class='ocrx_word' id='word_1_434' title='bbox 818 5189 883 5239; x_wconf 92' lang='lat' dir='ltr'><strong><em>ut</em></strong></span> <span class='ocrx_word' id='word_1_435' title='bbox 925 5186 1199 5242; x_wconf 84' lang='lat' dir='ltr'><strong><em>otiaretur</em></strong></span> <span class='ocrx_word' id='word_1_436' title='bbox 1246 5204 1310 5243; x_wconf 90' lang='lat' dir='ltr'><strong><em>ac</em></strong></span> <span class='ocrx_word' id='word_1_437' title='bbox 1340 5205 1444 5260; x_wconf 92' lang='lat' dir='ltr'><strong><em>per</em></strong></span> <span class='ocrx_word' id='word_1_438' title='bbox 1472 5190 1753 5246; x_wconf 88' lang='lat' dir='ltr'><strong><em>desidiam</em></strong></span> <span class='ocrx_word' id='word_1_439' title='bbox 1780 5196 2007 5263; x_wconf 86' lang='lat' dir='ltr'><strong><em>tempus</em></strong></span> <span class='ocrx_word' id='word_1_440' title='bbox 2047 5197 2124 5247; x_wconf 86' lang='lat' dir='ltr'><strong><em>te-</em></strong></span> 
     </span>
    </p>
   </div>
   <div class='ocr_carea' id='block_1_57' title="bbox 423 5274 2123 5351">
    <p class='ocr_par' dir='ltr' id='par_1_57' title="bbox 423 5274 2123 5351">
     <span class='ocr_line' id='line_1_57' title="bbox 423 5274 2123 5351; baseline 0.005 -24"><span class='ocrx_word' id='word_1_441' title='bbox 423 5277 596 5342; x_wconf 86' lang='lat' dir='ltr'><strong><em>reret,</em></strong></span> <span class='ocrx_word' id='word_1_442' title='bbox 623 5274 725 5329; x_wconf 86' lang='lat' dir='ltr'><strong><em>sed</em></strong></span> <span class='ocrx_word' id='word_1_443' title='bbox 754 5281 817 5329; x_wconf 87' lang='lat' dir='ltr'><strong><em>ut</em></strong></span> <span class='ocrx_word' id='word_1_444' title='bbox 845 5291 904 5328; x_wconf 89' lang='lat' dir='ltr'><strong><em>se</em></strong></span> <span class='ocrx_word' id='word_1_445' title='bbox 930 5278 1136 5344; x_wconf 90' lang='lat' dir='ltr'><strong><em>totum,</em></strong></span> <span class='ocrx_word' id='word_1_446' title='bbox 1167 5277 1357 5346; x_wconf 89' lang='lat' dir='ltr'><strong><em>quoad</em></strong></span> <span class='ocrx_word' id='word_1_447' title='bbox 1382 5276 1442 5331; x_wconf 90' lang='lat' dir='ltr'><strong><em>in</em></strong></span> <span class='ocrx_word' id='word_1_448' title='bbox 1497 5278 1603 5333; x_wconf 91' lang='lat' dir='ltr'><strong><em>hac</em></strong></span> <span class='ocrx_word' id='word_1_449' title='bbox 1652 5278 1769 5334; x_wconf 86' lang='lat' dir='ltr'><strong><em>vita</em></strong></span> <span class='ocrx_word' id='word_1_450' title='bbox 1825 5296 2123 5351; x_wconf 90' lang='lat' dir='ltr'><strong><em>superesse</em></strong></span> 
     </span>
    </p>
   </div>
   <div class='ocr_carea' id='block_1_58' title="bbox 426 5361 2120 5436">
    <p class='ocr_par' dir='ltr' id='par_1_58' title="bbox 426 5361 2120 5436">
     <span class='ocr_line' id='line_1_58' title="bbox 426 5361 2120 5436; baseline 0.004 -20"><span class='ocrx_word' id='word_1_451' title='bbox 426 5361 571 5417; x_wconf 88' lang='lat' dir='ltr'><strong><em>Deus</em></strong></span> <span class='ocrx_word' id='word_1_452' title='bbox 613 5364 964 5431; x_wconf 87' lang='lat' dir='ltr'><strong><em>concederet,</em></strong></span> <span class='ocrx_word' id='word_1_453' title='bbox 1009 5363 1432 5436; x_wconf 87' lang='lat' dir='ltr'><strong><em>Scripturarum</em></strong></span> <span class='ocrx_word' id='word_1_454' title='bbox 1470 5367 1656 5421; x_wconf 89' lang='lat' dir='ltr'><strong><em>studio</em></strong></span> <span class='ocrx_word' id='word_1_455' title='bbox 1687 5368 1956 5424; x_wconf 86' lang='lat' dir='ltr'><strong><em>traderet.</em></strong></span> <span class='ocrx_word' id='word_1_456' title='bbox 1993 5369 2120 5424; x_wconf 81' lang='lat' dir='ltr'><strong><em>Jam</em></strong></span> 
     </span>
    </p>
   </div>
   <div class='ocr_carea' id='block_1_59' title="bbox 428 5452 2127 5521">
    <p class='ocr_par' dir='ltr' id='par_1_59' title="bbox 428 5452 2127 5521">
     <span class='ocr_line' id='line_1_59' title="bbox 428 5452 2127 5521; baseline 0.004 -15"><span class='ocrx_word' id='word_1_457' title='bbox 428 5455 560 5507; x_wconf 88' lang='lat' dir='ltr'><strong><em>ante</em></strong></span> <span class='ocrx_word' id='word_1_458' title='bbox 587 5468 622 5507; x_wconf 92' lang='lat' dir='ltr'><strong><em>a</em></strong></span> <span class='ocrx_word' id='word_1_459' title='bbox 650 5452 816 5508; x_wconf 90' lang='lat' dir='ltr'><strong><em>nobis</em></strong></span> <span class='ocrx_word' id='word_1_460' title='bbox 853 5453 1237 5519; x_wconf 88' lang='lat' dir='ltr'><strong><em>observatum,</em></strong></span> <span class='ocrx_word' id='word_1_461' title='bbox 1266 5459 1370 5521; x_wconf 89' lang='lat' dir='ltr'><strong><em>est,</em></strong></span> <span class='ocrx_word' id='word_1_462' title='bbox 1401 5455 1515 5511; x_wconf 92' lang='lat' dir='ltr'><strong><em>duo</em></strong></span> <span class='ocrx_word' id='word_1_463' title='bbox 1553 5456 1796 5512; x_wconf 89' lang='lat' dir='ltr'><strong><em>concilia</em></strong></span> <span class='ocrx_word' id='word_1_464' title='bbox 1849 5456 2127 5513; x_wconf 72' lang='lat' dir='ltr'><strong><em>Numidia:</em></strong></span> 
     </span>
    </p>
   </div>
   <div class='ocr_carea' id='block_1_60' title="bbox 430 5541 2127 5615">
    <p class='ocr_par' dir='ltr' id='par_1_60' title="bbox 430 5541 2127 5615">
     <span class='ocr_line' id='line_1_60' title="bbox 430 5541 2127 5615; baseline 0.003 -20"><span class='ocrx_word' id='word_1_465' title='bbox 430 5543 487 5595; x_wconf 89' lang='lat' dir='ltr'><strong><em>et</em></strong></span> <span class='ocrx_word' id='word_1_466' title='bbox 515 5541 870 5614; x_wconf 78' lang='lat' dir='ltr'><strong><em>Carthaginis</em></strong></span> <span class='ocrx_word' id='word_1_467' title='bbox 898 5543 1083 5601; x_wconf 85' lang='lat' dir='ltr'><strong><em>eidem</em></strong></span> <span class='ocrx_word' id='word_1_468' title='bbox 1114 5548 1247 5599; x_wconf 89' lang='lat' dir='ltr'><strong><em>ante</em></strong></span> <span class='ocrx_word' id='word_1_469' title='bbox 1275 5560 1487 5615; x_wconf 90' lang='lat' dir='ltr'><strong><em>paucos</em></strong></span> <span class='ocrx_word' id='word_1_470' title='bbox 1541 5562 1722 5603; x_wconf 87' lang='lat' dir='ltr'><strong><em>annos</em></strong></span> <span class='ocrx_word' id='word_1_471' title='bbox 1776 5546 2127 5601; x_wconf 87' lang='lat' dir='ltr'><strong><em>commisisse</em></strong></span> 
     </span>
    </p>
   </div>
   <div class='ocr_carea' id='block_1_61' title="bbox 1625 270 2656 330">
    <p class='ocr_par' dir='ltr' id='par_1_61' title="bbox 1625 270 2656 330">
     <span class='ocr_line' id='line_1_61' title="bbox 1625 270 2656 330; baseline 0.002 -7"><span class='ocrx_word' id='word_1_472' title='bbox 1625 270 1779 324; x_wconf 81' lang='lat' dir='ltr'><strong><em>VITA</em></strong></span> <span class='ocrx_word' id='word_1_473' title='bbox 1815 270 1872 325; x_wconf 93' lang='lat' dir='ltr'><strong><em>S.</em></strong></span> <span class='ocrx_word' id='word_1_474' title='bbox 1912 272 2286 330; x_wconf 81' lang='lat' dir='ltr'><strong><em>AUGUSTINI</em></strong></span> <span class='ocrx_word' id='word_1_475' title='bbox 2329 271 2656 330; x_wconf 79' lang='lat' dir='ltr'><strong><em>EPISCOPI.</em></strong></span> 
     </span>
    </p>
   </div>
   <div class='ocr_carea' id='block_1_62' title="bbox 3829 271 3940 326">
    <p class='ocr_par' dir='ltr' id='par_1_62' title="bbox 3829 271 3940 326">
     <span class='ocr_line' id='line_1_62' title="bbox 3829 271 3940 326; baseline 0.036 -4"><span class='ocrx_word' id='word_1_476' title='bbox 3829 271 3940 326; x_wconf 63' lang='grc'><strong><em>544</em></strong></span> 
     </span>
    </p>
   </div>
   <div class='ocr_carea' id='block_1_63' title="bbox 2218 390 3940 468">
    <p class='ocr_par' dir='ltr' id='par_1_63' title="bbox 2218 390 3940 468">
     <span class='ocr_line' id='line_1_63' title="bbox 2218 390 3940 468; baseline -0.004 -17"><span class='ocrx_word' id='word_1_477' title='bbox 2218 396 2365 451; x_wconf 88' lang='lat' dir='ltr'><strong><em>hanc</em></strong></span> <span class='ocrx_word' id='word_1_478' title='bbox 2393 392 2766 468; x_wconf 88' lang='lat' dir='ltr'><strong><em>provinciam.</em></strong></span> <span class='ocrx_word' id='word_1_479' title='bbox 2795 392 2864 447; x_wconf 88' lang='lat' dir='ltr'><strong><em>In</em></strong></span> <span class='ocrx_word' id='word_1_480' title='bbox 2893 406 3021 448; x_wconf 88' lang='lat' dir='ltr'><strong><em>eam</em></strong></span> <span class='ocrx_word' id='word_1_481' title='bbox 3041 405 3165 447; x_wconf 88' lang='lat' dir='ltr'><strong><em>rem</em></strong></span> <span class='ocrx_word' id='word_1_482' title='bbox 3185 392 3435 464; x_wconf 88' lang='lat' dir='ltr'><strong><em>populus</em></strong></span> <span class='ocrx_word' id='word_1_483' title='bbox 3455 390 3538 445; x_wconf 88' lang='lat' dir='ltr'><strong><em>illi</em></strong></span> <span class='ocrx_word' id='word_1_484' title='bbox 3569 391 3782 462; x_wconf 90' lang='lat' dir='ltr'><strong><em>quinos</em></strong></span> <span class='ocrx_word' id='word_1_485' title='bbox 3815 390 3940 445; x_wconf 87' lang='lat' dir='ltr'><strong><em>dies</em></strong></span> 
     </span>
    </p>
   </div>
   <div class='ocr_carea' id='block_1_64' title="bbox 2217 480 3937 555">
    <p class='ocr_par' dir='ltr' id='par_1_64' title="bbox 2217 480 3937 555">
     <span class='ocr_line' id='line_1_64' title="bbox 2217 480 3937 555; baseline -0.003 -15"><span class='ocrx_word' id='word_1_486' title='bbox 2217 500 2320 555; x_wconf 85' lang='lat' dir='ltr'><strong><em>per</em></strong></span> <span class='ocrx_word' id='word_1_487' title='bbox 2398 481 2783 539; x_wconf 89' lang='lat' dir='ltr'><strong><em>hebdomadas</em></strong></span> <span class='ocrx_word' id='word_1_488' title='bbox 2832 480 3084 553; x_wconf 87' lang='lat' dir='ltr'><strong><em>singulas</em></strong></span> <span class='ocrx_word' id='word_1_489' title='bbox 3140 483 3513 535; x_wconf 88' lang='lat' dir='ltr'><strong><em>concesserat.</em></strong></span> <span class='ocrx_word' id='word_1_490' title='bbox 3544 480 3759 535; x_wconf 85' lang='lat' dir='ltr'><strong><em>Verum</em></strong></span> <span class='ocrx_word' id='word_1_491' title='bbox 3819 496 3937 535; x_wconf 87' lang='lat' dir='ltr'><strong><em>non</em></strong></span> 
     </span>
    </p>
   </div>
   <div class='ocr_carea' id='block_1_65' title="bbox 2219 568 3941 641">
    <p class='ocr_par' dir='ltr' id='par_1_65' title="bbox 2219 568 3941 641">
     <span class='ocr_line' id='line_1_65' title="bbox 2219 568 3941 641; baseline -0.003 -11"><span class='ocrx_word' id='word_1_492' title='bbox 2219 574 2317 630; x_wconf 91' lang='lat' dir='ltr'><strong><em>diu</em></strong></span> <span class='ocrx_word' id='word_1_493' title='bbox 2346 573 2499 629; x_wconf 90' lang='lat' dir='ltr'><strong><em>istud</em></strong></span> <span class='ocrx_word' id='word_1_494' title='bbox 2526 574 2811 626; x_wconf 88' lang='lat' dir='ltr'><strong><em>servatum</em></strong></span> <span class='ocrx_word' id='word_1_495' title='bbox 2844 574 2959 625; x_wconf 89' lang='lat' dir='ltr'><strong><em>est:</em></strong></span> <span class='ocrx_word' id='word_1_496' title='bbox 2998 586 3185 641; x_wconf 91' lang='lat' dir='ltr'><strong><em>neque</em></strong></span> <span class='ocrx_word' id='word_1_497' title='bbox 3217 568 3410 624; x_wconf 91' lang='lat' dir='ltr'><strong><em>minus</em></strong></span> <span class='ocrx_word' id='word_1_498' title='bbox 3454 585 3625 623; x_wconf 90' lang='lat' dir='ltr'><strong><em>mane</em></strong></span> <span class='ocrx_word' id='word_1_499' title='bbox 3674 585 3857 641; x_wconf 89' lang='lat' dir='ltr'><strong><em>quam</em></strong></span> <span class='ocrx_word' id='word_1_500' title='bbox 3905 587 3941 624; x_wconf 92' lang='lat' dir='ltr'><strong><em>a</em></strong></span> 
     </span>
    </p>
   </div>
   <div class='ocr_carea' id='block_1_66' title="bbox 2218 657 3939 735">
    <p class='ocr_par' dir='ltr' id='par_1_66' title="bbox 2218 657 3939 735">
     <span class='ocr_line' id='line_1_66' title="bbox 2218 657 3939 735; baseline -0.002 -17"><span class='ocrx_word' id='word_1_501' title='bbox 2218 662 2460 735; x_wconf 88' lang='lat' dir='ltr'><strong><em>prandio</em></strong></span> <span class='ocrx_word' id='word_1_502' title='bbox 2493 677 2689 715; x_wconf 90' lang='lat' dir='ltr'><strong><em>causas</em></strong></span> <span class='ocrx_word' id='word_1_503' title='bbox 2719 659 2916 715; x_wconf 90' lang='lat' dir='ltr'><strong><em>audire</em></strong></span> <span class='ocrx_word' id='word_1_504' title='bbox 2948 657 3045 712; x_wconf 88' lang='lat' dir='ltr'><strong><em>Vir</em></strong></span> <span class='ocrx_word' id='word_1_505' title='bbox 3070 663 3299 713; x_wconf 90' lang='lat' dir='ltr'><strong><em>sanctus</em></strong></span> <span class='ocrx_word' id='word_1_506' title='bbox 3347 658 3673 729; x_wconf 84' lang='lat' dir='ltr'><strong><em>cogebatur.</em></strong></span> <span class='ocrx_word' id='word_1_507' title='bbox 3722 660 3790 714; x_wconf 84' lang='lat' dir='ltr'><strong><em>Et</em></strong></span> <span class='ocrx_word' id='word_1_508' title='bbox 3825 659 3939 714; x_wconf 87' lang='lat' dir='ltr'><strong><em>hoc</em></strong></span> 
     </span>
    </p>
   </div>
   <div class='ocr_carea' id='block_1_67' title="bbox 2221 747 3936 824">
    <p class='ocr_par' dir='ltr' id='par_1_67' title="bbox 2221 747 3936 824">
     <span class='ocr_line' id='line_1_67' title="bbox 2221 747 3936 824; baseline -0.002 -18"><span class='ocrx_word' id='word_1_509' title='bbox 2221 752 2451 824; x_wconf 88' lang='lat' dir='ltr'><strong><em>quidem</em></strong></span> <span class='ocrx_word' id='word_1_510' title='bbox 2502 750 2630 816; x_wconf 78' lang='lat' dir='ltr'><strong><em>fuit,</em></strong></span> <span class='ocrx_word' id='word_1_511' title='bbox 2662 766 2765 806; x_wconf 89' lang='lat' dir='ltr'><strong><em>cur</em></strong></span> <span class='ocrx_word' id='word_1_512' title='bbox 2810 748 2962 821; x_wconf 89' lang='lat' dir='ltr'><strong><em>plebi</em></strong></span> <span class='ocrx_word' id='word_1_513' title='bbox 3006 747 3372 820; x_wconf 89' lang='lat' dir='ltr'><strong><em>supplicaret,</em></strong></span> <span class='ocrx_word' id='word_1_514' title='bbox 3422 748 3637 801; x_wconf 88' lang='lat' dir='ltr'><strong><em>molem</em></strong></span> <span class='ocrx_word' id='word_1_515' title='bbox 3686 748 3843 802; x_wconf 89' lang='lat' dir='ltr'><strong><em>hanc</em></strong></span> <span class='ocrx_word' id='word_1_516' title='bbox 3875 748 3936 803; x_wconf 91' lang='lat' dir='ltr'><strong><em>in</em></strong></span> 
     </span>
    </p>
   </div>
   <div class='ocr_carea' id='block_1_68' title="bbox 2221 826 3933 908">
    <p class='ocr_par' dir='ltr' id='par_1_68' title="bbox 2221 826 3933 908">
     <span class='ocr_line' id='line_1_68' title="bbox 2221 826 3933 908; baseline -0.004 -12"><span class='ocrx_word' id='word_1_517' title='bbox 2221 840 2540 897; x_wconf 78' lang='lat' dir='ltr'><strong><em>Heracliam</em></strong></span> <span class='ocrx_word' id='word_1_518' title='bbox 2597 837 2896 894; x_wconf 88' lang='lat' dir='ltr'><strong><em>transferri</em></strong></span> <span class='ocrx_word' id='word_1_519' title='bbox 2966 826 3198 904; x_wconf 87' lang='lat' dir='ltr'><strong><em>sineret,</em></strong></span> <span class='ocrx_word' id='word_1_520' title='bbox 3248 841 3681 908; x_wconf 85' lang='lat' dir='ltr'><strong><em>annueretque:</em></strong></span> <span class='ocrx_word' id='word_1_521' title='bbox 3748 853 3933 907; x_wconf 90' lang='lat' dir='ltr'><strong><em>quam</em></strong></span> 
     </span>
    </p>
   </div>
   <div class='ocr_carea' id='block_1_69' title="bbox 2218 924 3935 1002">
    <p class='ocr_par' dir='ltr' id='par_1_69' title="bbox 2218 924 3935 1002">
     <span class='ocr_line' id='line_1_69' title="bbox 2218 924 3935 1002; baseline -0.003 -18"><span class='ocrx_word' id='word_1_522' title='bbox 2218 929 2557 1002; x_wconf 86' lang='lat' dir='ltr'><strong><em>petitionem</em></strong></span> <span class='ocrx_word' id='word_1_523' title='bbox 2608 927 2752 983; x_wconf 89' lang='lat' dir='ltr'><strong><em>nihil</em></strong></span> <span class='ocrx_word' id='word_1_524' title='bbox 2816 930 3080 982; x_wconf 89' lang='lat' dir='ltr'><strong><em>cunctata</em></strong></span> <span class='ocrx_word' id='word_1_525' title='bbox 3125 925 3287 997; x_wconf 87' lang='lat' dir='ltr'><strong><em>plebs</em></strong></span> <span class='ocrx_word' id='word_1_526' title='bbox 3327 929 3550 996; x_wconf 88' lang='lat' dir='ltr'><strong><em>gratam</em></strong></span> <span class='ocrx_word' id='word_1_527' title='bbox 3614 941 3672 979; x_wconf 90' lang='lat' dir='ltr'><strong><em>se</em></strong></span> <span class='ocrx_word' id='word_1_528' title='bbox 3715 924 3935 979; x_wconf 88' lang='lat' dir='ltr'><strong><em>habere</em></strong></span> 
     </span>
    </p>
   </div>
   <div class='ocr_carea' id='block_1_70' title="bbox 2220 1013 3938 1089">
    <p class='ocr_par' dir='ltr' id='par_1_70' title="bbox 2220 1013 3938 1089">
     <span class='ocr_line' id='line_1_70' title="bbox 2220 1013 3938 1089; baseline -0.004 -16"><span class='ocrx_word' id='word_1_529' title='bbox 2220 1018 2557 1089; x_wconf 84' lang='lat' dir='ltr'><strong><em>signiﬁcavit</em></strong></span> <span class='ocrx_word' id='word_1_530' title='bbox 2588 1016 2773 1086; x_wconf 88' lang='lat' dir='ltr'><strong><em>(lbid.,</em></strong></span> <span class='ocrx_word' id='word_1_531' title='bbox 2801 1032 2857 1071; x_wconf 91' lang='lat' dir='ltr'><strong><em>n.</em></strong></span> <span class='ocrx_word' id='word_1_532' title='bbox 2883 1016 2959 1084; x_wconf 80' lang='grc'><strong><em>5).</em></strong></span> <span class='ocrx_word' id='word_1_533' title='bbox 2993 1014 3164 1070; x_wconf 90' lang='lat' dir='ltr'><strong><em>Petiit</em></strong></span> <span class='ocrx_word' id='word_1_534' title='bbox 3193 1014 3427 1068; x_wconf 89' lang='lat' dir='ltr'><strong><em>demum</em></strong></span> <span class='ocrx_word' id='word_1_535' title='bbox 3452 1013 3834 1085; x_wconf 82' lang='lat' dir='ltr'><strong><em>Augustinus,</em></strong></span> <span class='ocrx_word' id='word_1_536' title='bbox 3872 1017 3938 1067; x_wconf 88' lang='lat' dir='ltr'><strong><em>ut</em></strong></span> 
     </span>
    </p>
   </div>
   <div class='ocr_carea' id='block_1_71' title="bbox 2220 1101 3936 1179">
    <p class='ocr_par' dir='ltr' id='par_1_71' title="bbox 2220 1101 3936 1179">
     <span class='ocr_line' id='line_1_71' title="bbox 2220 1101 3936 1179; baseline -0.005 -18"><span class='ocrx_word' id='word_1_537' title='bbox 2220 1106 2321 1179; x_wconf 89' lang='lat' dir='ltr'><strong><em>qui</em></strong></span> <span class='ocrx_word' id='word_1_538' title='bbox 2359 1110 2614 1176; x_wconf 88' lang='lat' dir='ltr'><strong><em>possent,</em></strong></span> <span class='ocrx_word' id='word_1_539' title='bbox 2673 1120 2865 1158; x_wconf 90' lang='lat' dir='ltr'><strong><em>rerum</em></strong></span> <span class='ocrx_word' id='word_1_540' title='bbox 2910 1103 2971 1159; x_wconf 92' lang='lat' dir='ltr'><strong><em>in</em></strong></span> <span class='ocrx_word' id='word_1_541' title='bbox 3028 1101 3330 1175; x_wconf 85' lang='lat' dir='ltr'><strong><em>praesentia</em></strong></span> <span class='ocrx_word' id='word_1_542' title='bbox 3372 1105 3660 1173; x_wconf 87' lang='lat' dir='ltr'><strong><em>gestarum</em></strong></span> <span class='ocrx_word' id='word_1_543' title='bbox 3703 1101 3936 1157; x_wconf 86' lang='lat' dir='ltr'><strong><em>tabulas</em></strong></span> 
     </span>
    </p>
   </div>
   <div class='ocr_carea' id='block_1_72' title="bbox 2219 1189 3938 1266">
    <p class='ocr_par' dir='ltr' id='par_1_72' title="bbox 2219 1189 3938 1266">
     <span class='ocr_line' id='line_1_72' title="bbox 2219 1189 3938 1266; baseline -0.003 -17"><span class='ocrx_word' id='word_1_544' title='bbox 2219 1194 2605 1266; x_wconf 86' lang='lat' dir='ltr'><strong><em>obsignarent,</em></strong></span> <span class='ocrx_word' id='word_1_545' title='bbox 2636 1208 2817 1264; x_wconf 87' lang='lat' dir='ltr'><strong><em>eaque</em></strong></span> <span class='ocrx_word' id='word_1_546' title='bbox 2853 1190 3046 1246; x_wconf 88' lang='lat' dir='ltr'><strong><em>omnia</em></strong></span> <span class='ocrx_word' id='word_1_547' title='bbox 3072 1191 3322 1264; x_wconf 87' lang='lat' dir='ltr'><strong><em>populus</em></strong></span> <span class='ocrx_word' id='word_1_548' title='bbox 3363 1189 3566 1245; x_wconf 89' lang='lat' dir='ltr'><strong><em>ultimo</em></strong></span> <span class='ocrx_word' id='word_1_549' title='bbox 3595 1206 3699 1245; x_wconf 88' lang='lat' dir='ltr'><strong><em>suo</em></strong></span> <span class='ocrx_word' id='word_1_550' title='bbox 3726 1190 3938 1245; x_wconf 77' lang='lat' dir='ltr'><strong><em>suffra-</em></strong></span> 
     </span>
    </p>
   </div>
   <div class='ocr_carea' id='block_1_73' title="bbox 2221 1279 3935 1355">
    <p class='ocr_par' dir='ltr' id='par_1_73' title="bbox 2221 1279 3935 1355">
     <span class='ocr_line' id='line_1_73' title="bbox 2221 1279 3935 1355; baseline -0.003 -17"><span class='ocrx_word' id='word_1_551' title='bbox 2221 1283 2314 1355; x_wconf 92' lang='lat' dir='ltr'><strong><em>gio</em></strong></span> <span class='ocrx_word' id='word_1_552' title='bbox 2345 1282 2766 1350; x_wconf 90' lang='lat' dir='ltr'><strong><em>communiret;</em></strong></span> <span class='ocrx_word' id='word_1_553' title='bbox 2799 1281 2952 1353; x_wconf 89' lang='lat' dir='ltr'><strong><em>quod</em></strong></span> <span class='ocrx_word' id='word_1_554' title='bbox 2978 1284 3034 1335; x_wconf 91' lang='lat' dir='ltr'><strong><em>et</em></strong></span> <span class='ocrx_word' id='word_1_555' title='bbox 3070 1280 3282 1335; x_wconf 87' lang='lat' dir='ltr'><strong><em>factum</em></strong></span> <span class='ocrx_word' id='word_1_556' title='bbox 3321 1284 3408 1333; x_wconf 89' lang='lat' dir='ltr'><strong><em>est</em></strong></span> <span class='ocrx_word' id='word_1_557' title='bbox 3435 1279 3589 1334; x_wconf 91' lang='lat' dir='ltr'><strong><em>illico</em></strong></span> <span class='ocrx_word' id='word_1_558' title='bbox 3627 1279 3803 1334; x_wconf 85' lang='lat' dir='ltr'><strong><em>variis</em></strong></span> <span class='ocrx_word' id='word_1_559' title='bbox 3835 1296 3935 1334; x_wconf 84' lang='lat' dir='ltr'><strong><em>ac-</em></strong></span> 
     </span>
    </p>
   </div>
   <div class='ocr_carea' id='block_1_74' title="bbox 2220 1367 3935 1443">
    <p class='ocr_par' dir='ltr' id='par_1_74' title="bbox 2220 1367 3935 1443">
     <span class='ocr_line' id='line_1_74' title="bbox 2220 1367 3935 1443; baseline -0.003 -16"><span class='ocrx_word' id='word_1_560' title='bbox 2220 1371 2675 1437; x_wconf 90' lang='lat' dir='ltr'><strong><em>clamationibus,</em></strong></span> <span class='ocrx_word' id='word_1_561' title='bbox 2726 1386 2868 1443; x_wconf 89' lang='lat' dir='ltr'><strong><em>quas</em></strong></span> <span class='ocrx_word' id='word_1_562' title='bbox 2907 1369 3143 1442; x_wconf 89' lang='lat' dir='ltr'><strong><em>quidem</em></strong></span> <span class='ocrx_word' id='word_1_563' title='bbox 3194 1369 3255 1424; x_wconf 90' lang='lat' dir='ltr'><strong><em>in</em></strong></span> <span class='ocrx_word' id='word_1_564' title='bbox 3312 1368 3591 1439; x_wconf 87' lang='lat' dir='ltr'><strong><em>episcopis</em></strong></span> <span class='ocrx_word' id='word_1_565' title='bbox 3646 1367 3935 1439; x_wconf 86' lang='lat' dir='ltr'><strong><em>eligendis</em></strong></span> 
     </span>
    </p>
   </div>
   <div class='ocr_carea' id='block_1_75' title="bbox 2221 1457 3937 1533">
    <p class='ocr_par' dir='ltr' id='par_1_75' title="bbox 2221 1457 3937 1533">
     <span class='ocr_line' id='line_1_75' title="bbox 2221 1457 3937 1533; baseline -0.002 -17"><span class='ocrx_word' id='word_1_566' title='bbox 2221 1461 2487 1533; x_wconf 90' lang='lat' dir='ltr'><strong><em>usurpari</em></strong></span> <span class='ocrx_word' id='word_1_567' title='bbox 2519 1461 2708 1528; x_wconf 91' lang='lat' dir='ltr'><strong><em>solita,</em></strong></span> <span class='ocrx_word' id='word_1_568' title='bbox 2739 1476 2874 1515; x_wconf 84' lang='lat' dir='ltr'><strong><em>vero</em></strong></span> <span class='ocrx_word' id='word_1_569' title='bbox 2897 1458 3083 1514; x_wconf 90' lang='lat' dir='ltr'><strong><em>simile</em></strong></span> <span class='ocrx_word' id='word_1_570' title='bbox 3113 1462 3196 1513; x_wconf 89' lang='lat' dir='ltr'><strong><em>est</em></strong></span> <span class='ocrx_word' id='word_1_571' title='bbox 3235 1458 3424 1529; x_wconf 86' lang='lat' dir='ltr'><strong><em>(Ibid.,</em></strong></span> <span class='ocrx_word' id='word_1_572' title='bbox 3452 1473 3507 1512; x_wconf 89' lang='lat' dir='ltr'><strong><em>n.</em></strong></span> <span class='ocrx_word' id='word_1_573' title='bbox 3539 1458 3616 1527; x_wconf 89' lang='lat'><strong><em>6).</em></strong></span> <span class='ocrx_word' id='word_1_574' title='bbox 3649 1458 3765 1513; x_wconf 89' lang='lat' dir='ltr'><strong><em>Sub</em></strong></span> <span class='ocrx_word' id='word_1_575' title='bbox 3803 1457 3937 1513; x_wconf 61' lang='lat' dir='ltr'><strong><em>haec</em></strong></span> 
     </span>
    </p>
   </div>
   <div class='ocr_carea' id='block_1_76' title="bbox 2221 1545 3942 1621">
    <p class='ocr_par' dir='ltr' id='par_1_76' title="bbox 2221 1545 3942 1621">
     <span class='ocr_line' id='line_1_76' title="bbox 2221 1545 3942 1621; baseline -0.002 -16"><span class='ocrx_word' id='word_1_576' title='bbox 2221 1551 2316 1605; x_wconf 87' lang='lat' dir='ltr'><strong><em>Vir</em></strong></span> <span class='ocrx_word' id='word_1_577' title='bbox 2371 1554 2599 1605; x_wconf 91' lang='lat' dir='ltr'><strong><em>sanctus</em></strong></span> <span class='ocrx_word' id='word_1_578' title='bbox 2644 1549 2900 1621; x_wconf 81' lang='lat' dir='ltr'><strong><em>perrexit</em></strong></span> <span class='ocrx_word' id='word_1_579' title='bbox 2941 1548 3014 1603; x_wconf 92' lang='lat' dir='ltr'><strong><em>ad</em></strong></span> <span class='ocrx_word' id='word_1_580' title='bbox 3044 1547 3398 1602; x_wconf 79' lang='lat' dir='ltr'><strong><em>offerendum</em></strong></span> <span class='ocrx_word' id='word_1_581' title='bbox 3432 1545 3799 1609; x_wconf 82' lang='lat' dir='ltr'><strong><em>sacriﬁcium,</em></strong></span> <span class='ocrx_word' id='word_1_582' title='bbox 3834 1564 3942 1618; x_wconf 85' lang='lat' dir='ltr'><strong><em>po-</em></strong></span> 
     </span>
    </p>
   </div>
   <div class='ocr_carea' id='block_1_77' title="bbox 2220 1634 3944 1712">
    <p class='ocr_par' dir='ltr' id='par_1_77' title="bbox 2220 1634 3944 1712">
     <span class='ocr_line' id='line_1_77' title="bbox 2220 1634 3944 1712; baseline -0.002 -18"><span class='ocrx_word' id='word_1_583' title='bbox 2220 1640 2355 1712; x_wconf 90' lang='lat' dir='ltr'><strong><em>pulo</em></strong></span> <span class='ocrx_word' id='word_1_584' title='bbox 2388 1639 2553 1710; x_wconf 89' lang='lat' dir='ltr'><strong><em>prius</em></strong></span> <span class='ocrx_word' id='word_1_585' title='bbox 2581 1638 2841 1711; x_wconf 87' lang='lat' dir='ltr'><strong><em>impense</em></strong></span> <span class='ocrx_word' id='word_1_586' title='bbox 2870 1636 3184 1702; x_wconf 90' lang='lat' dir='ltr'><strong><em>admonito,</em></strong></span> <span class='ocrx_word' id='word_1_587' title='bbox 3225 1639 3290 1690; x_wconf 91' lang='lat' dir='ltr'><strong><em>ut</em></strong></span> <span class='ocrx_word' id='word_1_588' title='bbox 3315 1651 3488 1690; x_wconf 73' lang='lat' dir='ltr'><strong><em>sacrae</em></strong></span> <span class='ocrx_word' id='word_1_589' title='bbox 3516 1634 3690 1706; x_wconf 87' lang='lat' dir='ltr'><strong><em>hujus</em></strong></span> <span class='ocrx_word' id='word_1_590' title='bbox 3721 1637 3944 1708; x_wconf 88' lang='lat' dir='ltr'><strong><em>suppli-</em></strong></span> 
     </span>
    </p>
   </div>
   <div class='ocr_carea' id='block_1_78' title="bbox 2221 1723 3941 1799">
    <p class='ocr_par' dir='ltr' id='par_1_78' title="bbox 2221 1723 3941 1799">
     <span class='ocr_line' id='line_1_78' title="bbox 2221 1723 3941 1799; baseline -0.001 -18"><span class='ocrx_word' id='word_1_591' title='bbox 2221 1728 2457 1783; x_wconf 90' lang='lat' dir='ltr'><strong><em>cationis</em></strong></span> <span class='ocrx_word' id='word_1_592' title='bbox 2485 1728 2626 1783; x_wconf 89' lang='lat' dir='ltr'><strong><em>hora</em></strong></span> <span class='ocrx_word' id='word_1_593' title='bbox 2681 1744 2738 1781; x_wconf 93' lang='lat' dir='ltr'><strong><em>se</em></strong></span> <span class='ocrx_word' id='word_1_594' title='bbox 2792 1726 3038 1799; x_wconf 91' lang='lat' dir='ltr'><strong><em>quisque</em></strong></span> <span class='ocrx_word' id='word_1_595' title='bbox 3087 1725 3156 1781; x_wconf 90' lang='lat' dir='ltr'><strong><em>ab</em></strong></span> <span class='ocrx_word' id='word_1_596' title='bbox 3188 1723 3315 1779; x_wconf 89' lang='lat' dir='ltr'><strong><em>aliis</em></strong></span> <span class='ocrx_word' id='word_1_597' title='bbox 3344 1723 3493 1778; x_wconf 91' lang='lat' dir='ltr'><strong><em>curis</em></strong></span> <span class='ocrx_word' id='word_1_598' title='bbox 3546 1723 3836 1789; x_wconf 81' lang='lat' dir='ltr'><strong><em>evelleret,</em></strong></span> <span class='ocrx_word' id='word_1_599' title='bbox 3873 1742 3941 1779; x_wconf 90' lang='lat' dir='ltr'><strong><em>ac</em></strong></span> 
     </span>
    </p>
   </div>
   <div class='ocr_carea' id='block_1_79' title="bbox 2223 1808 3938 1887">
    <p class='ocr_par' dir='ltr' id='par_1_79' title="bbox 2223 1808 3938 1887">
     <span class='ocr_line' id='line_1_79' title="bbox 2223 1808 3938 1887; baseline -0.002 -16"><span class='ocrx_word' id='word_1_600' title='bbox 2223 1817 2419 1871; x_wconf 91' lang='lat' dir='ltr'><strong><em>sedulo</em></strong></span> <span class='ocrx_word' id='word_1_601' title='bbox 2445 1833 2549 1887; x_wconf 92' lang='lat' dir='ltr'><strong><em>pro</em></strong></span> <span class='ocrx_word' id='word_1_602' title='bbox 2597 1815 2948 1887; x_wconf 85' lang='lat' dir='ltr'><strong><em>Hipponensi</em></strong></span> <span class='ocrx_word' id='word_1_603' title='bbox 2989 1814 3251 1880; x_wconf 88' lang='lat' dir='ltr'><strong><em>Ecclesia,</em></strong></span> <span class='ocrx_word' id='word_1_604' title='bbox 3302 1828 3404 1885; x_wconf 86' lang='lat' dir='ltr'><strong><em>pro</em></strong></span> <span class='ocrx_word' id='word_1_605' title='bbox 3435 1828 3495 1867; x_wconf 90' lang='lat' dir='ltr'><strong><em>se</em></strong></span> <span class='ocrx_word' id='word_1_606' title='bbox 3540 1808 3711 1883; x_wconf 87' lang='lat' dir='ltr'><strong><em>atque</em></strong></span> <span class='ocrx_word' id='word_1_607' title='bbox 3753 1813 3938 1867; x_wconf 83' lang='lat' dir='ltr'><strong><em>Hera-</em></strong></span> 
     </span>
    </p>
   </div>
   <div class='ocr_carea' id='block_1_80' title="bbox 2220 1901 3944 1977">
    <p class='ocr_par' dir='ltr' id='par_1_80' title="bbox 2220 1901 3944 1977">
     <span class='ocr_line' id='line_1_80' title="bbox 2220 1901 3944 1977; baseline -0.002 -17"><span class='ocrx_word' id='word_1_608' title='bbox 2220 1907 2328 1960; x_wconf 92' lang='lat' dir='ltr'><strong><em>clio</em></strong></span> <span class='ocrx_word' id='word_1_609' title='bbox 2357 1910 2730 1977; x_wconf 89' lang='lat' dir='ltr'><strong><em>precarentur</em></strong></span> <span class='ocrx_word' id='word_1_610' title='bbox 2770 1905 2955 1975; x_wconf 87' lang='lat' dir='ltr'><strong><em>(lbid.,</em></strong></span> <span class='ocrx_word' id='word_1_611' title='bbox 2989 1921 3043 1959; x_wconf 91' lang='lat' dir='ltr'><strong><em>n.</em></strong></span> <span class='ocrx_word' id='word_1_612' title='bbox 3076 1905 3151 1973; x_wconf 79' lang='lat'><strong><em>‘7).</em></strong></span> <span class='ocrx_word' id='word_1_613' title='bbox 3186 1905 3251 1958; x_wconf 82' lang='lat' dir='ltr'><strong><em>Et</em></strong></span> <span class='ocrx_word' id='word_1_614' title='bbox 3277 1903 3401 1958; x_wconf 70' lang='lat' dir='ltr'><strong><em>haec</em></strong></span> <span class='ocrx_word' id='word_1_615' title='bbox 3430 1918 3601 1973; x_wconf 89' lang='lat' dir='ltr'><strong><em>porro</em></strong></span> <span class='ocrx_word' id='word_1_616' title='bbox 3632 1901 3944 1957; x_wconf 85' lang='lat' dir='ltr'><strong><em>continent</em></strong></span> 
     </span>
    </p>
   </div>
   <div class='ocr_carea' id='block_1_81' title="bbox 2222 1988 3942 2066">
    <p class='ocr_par' dir='ltr' id='par_1_81' title="bbox 2222 1988 3942 2066">
     <span class='ocr_line' id='line_1_81' title="bbox 2222 1988 3942 2066; baseline -0.003 -16"><span class='ocrx_word' id='word_1_617' title='bbox 2222 1995 2456 2066; x_wconf 89' lang='lat' dir='ltr'><strong><em>hujusce</em></strong></span> <span class='ocrx_word' id='word_1_618' title='bbox 2488 1996 2800 2049; x_wconf 87' lang='lat' dir='ltr'><strong><em>conventus</em></strong></span> <span class='ocrx_word' id='word_1_619' title='bbox 2830 1997 2972 2058; x_wconf 87' lang='lat' dir='ltr'><strong><em>acta,</em></strong></span> <span class='ocrx_word' id='word_1_620' title='bbox 3010 2008 3139 2064; x_wconf 65' lang='lat' dir='ltr'><strong><em>qua:</em></strong></span> <span class='ocrx_word' id='word_1_621' title='bbox 3168 1991 3318 2046; x_wconf 90' lang='lat' dir='ltr'><strong><em>inter</em></strong></span> <span class='ocrx_word' id='word_1_622' title='bbox 3343 1988 3796 2061; x_wconf 86' lang='lat' dir='ltr'><strong><em>Augustinianas</em></strong></span> <span class='ocrx_word' id='word_1_623' title='bbox 3819 1992 3942 2061; x_wconf 87' lang='lat' dir='ltr'><strong><em>epi-</em></strong></span> 
     </span>
    </p>
   </div>
   <div class='ocr_carea' id='block_1_82' title="bbox 2222 2077 3944 2151">
    <p class='ocr_par' dir='ltr' id='par_1_82' title="bbox 2222 2077 3944 2151">
     <span class='ocr_line' id='line_1_82' title="bbox 2222 2077 3944 2151; baseline -0.002 -14"><span class='ocrx_word' id='word_1_624' title='bbox 2222 2084 2391 2138; x_wconf 89' lang='lat' dir='ltr'><strong><em>stolas</em></strong></span> <span class='ocrx_word' id='word_1_625' title='bbox 2413 2084 2624 2138; x_wconf 88' lang='lat' dir='ltr'><strong><em>inserta</em></strong></span> <span class='ocrx_word' id='word_1_626' title='bbox 2663 2085 2813 2136; x_wconf 90' lang='lat' dir='ltr'><strong><em>sunt.</em></strong></span> <span class='ocrx_word' id='word_1_627' title='bbox 2849 2082 3053 2136; x_wconf 82' lang='lat' dir='ltr'><strong><em>Extant</em></strong></span> <span class='ocrx_word' id='word_1_628' title='bbox 3082 2079 3322 2135; x_wconf 88' lang='lat' dir='ltr'><strong><em>Heraclii</em></strong></span> <span class='ocrx_word' id='word_1_629' title='bbox 3352 2077 3669 2151; x_wconf 85' lang='lat' dir='ltr'><strong><em>presbyteri</em></strong></span> <span class='ocrx_word' id='word_1_630' title='bbox 3714 2094 3944 2134; x_wconf 86' lang='lat' dir='ltr'><strong><em>sermo-</em></strong></span> 
     </span>
    </p>
   </div>
   <div class='ocr_carea' id='block_1_83' title="bbox 2222 2166 3942 2241">
    <p class='ocr_par' dir='ltr' id='par_1_83' title="bbox 2222 2166 3942 2241">
     <span class='ocr_line' id='line_1_83' title="bbox 2222 2166 3942 2241; baseline -0.003 -14"><span class='ocrx_word' id='word_1_631' title='bbox 2222 2190 2322 2227; x_wconf 90' lang='lat' dir='ltr'><strong><em>nes</em></strong></span> <span class='ocrx_word' id='word_1_632' title='bbox 2343 2173 2457 2228; x_wconf 91' lang='lat' dir='ltr'><strong><em>duo</em></strong></span> <span class='ocrx_word' id='word_1_633' title='bbox 2481 2189 2493 2227; x_wconf 90' lang='lat'>:</span> <span class='ocrx_word' id='word_1_634' title='bbox 2517 2188 2668 2227; x_wconf 90' lang='lat' dir='ltr'><strong><em>unus</em></strong></span> <span class='ocrx_word' id='word_1_635' title='bbox 2696 2169 3017 2241; x_wconf 81' lang='lat' dir='ltr'><strong><em>Augustino</em></strong></span> <span class='ocrx_word' id='word_1_636' title='bbox 3044 2173 3328 2241; x_wconf 60' lang='lat' dir='ltr'><strong><em>praesente</em></strong></span> <span class='ocrx_word' id='word_1_637' title='bbox 3358 2168 3607 2235; x_wconf 87' lang='lat' dir='ltr'><strong><em>habitus,</em></strong></span> <span class='ocrx_word' id='word_1_638' title='bbox 3638 2166 3698 2222; x_wconf 91' lang='lat' dir='ltr'><strong><em>in</em></strong></span> <span class='ocrx_word' id='word_1_639' title='bbox 3722 2184 3844 2239; x_wconf 88' lang='lat' dir='ltr'><strong><em>quo</em></strong></span> <span class='ocrx_word' id='word_1_640' title='bbox 3879 2185 3942 2222; x_wconf 86' lang='lat' dir='ltr'><strong><em>se</em></strong></span> 
     </span>
    </p>
   </div>
   <div class='ocr_carea' id='block_1_84' title="bbox 2223 2256 3940 2333">
    <p class='ocr_par' dir='ltr' id='par_1_84' title="bbox 2223 2256 3940 2333">
     <span class='ocr_line' id='line_1_84' title="bbox 2223 2256 3940 2333; baseline -0.002 -18"><span class='ocrx_word' id='word_1_641' title='bbox 2223 2261 2316 2317; x_wconf 92' lang='lat' dir='ltr'><strong><em>ille</em></strong></span> <span class='ocrx_word' id='word_1_642' title='bbox 2348 2260 2697 2333; x_wconf 66' lang='lat' dir='ltr'><strong><em>prmdicandi</em></strong></span> <span class='ocrx_word' id='word_1_643' title='bbox 2726 2258 2885 2314; x_wconf 86' lang='lat' dir='ltr'><strong><em>verbi</em></strong></span> <span class='ocrx_word' id='word_1_644' title='bbox 2912 2258 3013 2313; x_wconf 90' lang='lat' dir='ltr'><strong><em>Dei</em></strong></span> <span class='ocrx_word' id='word_1_645' title='bbox 3032 2257 3389 2330; x_wconf 88' lang='lat' dir='ltr'><strong><em>provinciam</em></strong></span> <span class='ocrx_word' id='word_1_646' title='bbox 3407 2273 3594 2327; x_wconf 90' lang='lat' dir='ltr'><strong><em>nuper</em></strong></span> <span class='ocrx_word' id='word_1_647' title='bbox 3614 2256 3940 2328; x_wconf 87' lang='lat' dir='ltr'><strong><em>suscepisse</em></strong></span> 
     </span>
    </p>
   </div>
   <div class='ocr_carea' id='block_1_85' title="bbox 2223 2346 3939 2420">
    <p class='ocr_par' dir='ltr' id='par_1_85' title="bbox 2223 2346 3939 2420">
     <span class='ocr_line' id='line_1_85' title="bbox 2223 2346 3939 2420; baseline -0.003 -15"><span class='ocrx_word' id='word_1_648' title='bbox 2223 2350 2555 2405; x_wconf 87' lang='lat' dir='ltr'><strong><em>necessitate</em></strong></span> <span class='ocrx_word' id='word_1_649' title='bbox 2585 2349 2964 2420; x_wconf 89' lang='lat' dir='ltr'><strong><em>compulsum,</em></strong></span> <span class='ocrx_word' id='word_1_650' title='bbox 2994 2350 3166 2419; x_wconf 89' lang='lat' dir='ltr'><strong><em>atque</em></strong></span> <span class='ocrx_word' id='word_1_651' title='bbox 3196 2346 3338 2401; x_wconf 91' lang='lat' dir='ltr'><strong><em>illud</em></strong></span> <span class='ocrx_word' id='word_1_652' title='bbox 3365 2346 3485 2417; x_wconf 88' lang='lat' dir='ltr'><strong><em>jam</em></strong></span> <span class='ocrx_word' id='word_1_653' title='bbox 3524 2348 3652 2400; x_wconf 90' lang='lat' dir='ltr'><strong><em>ante</em></strong></span> <span class='ocrx_word' id='word_1_654' title='bbox 3707 2346 3939 2416; x_wconf 62' lang='lat' dir='ltr'><strong><em>prendi-</em></strong></span> 
     </span>
    </p>
   </div>
   <div class='ocr_carea' id='block_1_86' title="bbox 2222 2434 3938 2511">
    <p class='ocr_par' dir='ltr' id='par_1_86' title="bbox 2222 2434 3938 2511">
     <span class='ocr_line' id='line_1_86' title="bbox 2222 2434 3938 2511; baseline -0.002 -18"><span class='ocrx_word' id='word_1_655' title='bbox 2222 2455 2349 2494; x_wconf 90' lang='lat' dir='ltr'><strong><em>care</em></strong></span> <span class='ocrx_word' id='word_1_656' title='bbox 2379 2438 2613 2511; x_wconf 67' lang='lat' dir='ltr'><strong><em>coepisse</em></strong></span> <span class='ocrx_word' id='word_1_657' title='bbox 2640 2436 2979 2510; x_wconf 85' lang='lat' dir='ltr'><strong><em>proﬁtetur;</em></strong></span> <span class='ocrx_word' id='word_1_658' title='bbox 3014 2436 3155 2491; x_wconf 86' lang='lat' dir='ltr'><strong><em>alter</em></strong></span> <span class='ocrx_word' id='word_1_659' title='bbox 3184 2435 3253 2490; x_wconf 90' lang='lat' dir='ltr'><strong><em>de</em></strong></span> <span class='ocrx_word' id='word_1_660' title='bbox 3284 2434 3470 2489; x_wconf 86' lang='lat' dir='ltr'><strong><em>verbis</em></strong></span> <span class='ocrx_word' id='word_1_661' title='bbox 3510 2434 3759 2504; x_wconf 90' lang='lat' dir='ltr'><strong><em>Domini,</em></strong></span> <span class='ocrx_word' id='word_1_662' title='bbox 3793 2436 3938 2490; x_wconf 80' lang='lat' dir='ltr'><strong><em>Mat-</em></strong></span> 
     </span>
    </p>
   </div>
   <div class='ocr_carea' id='block_1_87' title="bbox 2224 2524 3940 2605">
    <p class='ocr_par' dir='ltr' id='par_1_87' title="bbox 2224 2524 3940 2605">
     <span class='ocr_line' id='line_1_87' title="bbox 2224 2524 3940 2605; baseline -0.003 -22"><span class='ocrx_word' id='word_1_663' title='bbox 2224 2529 2358 2583; x_wconf 64' lang='lat' dir='ltr'><strong><em>thaai</em></strong></span> <span class='ocrx_word' id='word_1_664' title='bbox 2378 2528 2563 2605; x_wconf 88' lang='lat' dir='ltr'><strong><em>capite</em></strong></span> <span class='ocrx_word' id='word_1_665' title='bbox 2591 2527 2810 2582; x_wconf 89' lang='lat' dir='ltr'><strong><em>decimo</em></strong></span> <span class='ocrx_word' id='word_1_666' title='bbox 2835 2530 3059 2598; x_wconf 90' lang='lat' dir='ltr'><strong><em>quarto,</em></strong></span> <span class='ocrx_word' id='word_1_667' title='bbox 3094 2524 3196 2579; x_wconf 89' lang='lat' dir='ltr'><strong><em>ubi</em></strong></span> <span class='ocrx_word' id='word_1_668' title='bbox 3235 2524 3511 2579; x_wconf 90' lang='lat' dir='ltr'><strong><em>Dominus</em></strong></span> <span class='ocrx_word' id='word_1_669' title='bbox 3553 2539 3725 2595; x_wconf 87' lang='lat' dir='ltr'><strong><em>super</em></strong></span> <span class='ocrx_word' id='word_1_670' title='bbox 3749 2540 3940 2595; x_wconf 85' lang='lat' dir='ltr'><strong><em>aquas</em></strong></span> 
     </span>
    </p>
   </div>
   <div class='ocr_carea' id='block_1_88' title="bbox 2224 2612 3939 2683">
    <p class='ocr_par' dir='ltr' id='par_1_88' title="bbox 2224 2612 3939 2683">
     <span class='ocr_line' id='line_1_88' title="bbox 2224 2612 3939 2683; baseline -0.002 -12"><span class='ocrx_word' id='word_1_671' title='bbox 2224 2616 2554 2683; x_wconf 89' lang='lat' dir='ltr'><strong><em>ambulavit,</em></strong></span> <span class='ocrx_word' id='word_1_672' title='bbox 2610 2620 2665 2670; x_wconf 88' lang='lat' dir='ltr'><strong><em>et</em></strong></span> <span class='ocrx_word' id='word_1_673' title='bbox 2718 2616 2917 2671; x_wconf 89' lang='lat' dir='ltr'><strong><em>Petrus</em></strong></span> <span class='ocrx_word' id='word_1_674' title='bbox 2974 2613 3259 2669; x_wconf 86' lang='lat' dir='ltr'><strong><em>titubavit.</em></strong></span> <span class='ocrx_word' id='word_1_675' title='bbox 3310 2612 3648 2669; x_wconf 85' lang='lat' dir='ltr'><strong><em>Maximinus</em></strong></span> <span class='ocrx_word' id='word_1_676' title='bbox 3699 2612 3939 2668; x_wconf 61' lang='lat' dir='ltr'><strong><em>Arianae</em></strong></span> 
     </span>
    </p>
   </div>
   <div class='ocr_carea' id='block_1_89' title="bbox 2225 2702 3942 2778">
    <p class='ocr_par' dir='ltr' id='par_1_89' title="bbox 2225 2702 3942 2778">
     <span class='ocr_line' id='line_1_89' title="bbox 2225 2702 3942 2778; baseline -0.003 -17"><span class='ocrx_word' id='word_1_677' title='bbox 2225 2711 2393 2761; x_wconf 66' lang='lat' dir='ltr'><strong><em>sectas</em></strong></span> <span class='ocrx_word' id='word_1_678' title='bbox 2423 2706 2745 2778; x_wconf 91' lang='lat' dir='ltr'><strong><em>episcopus,</em></strong></span> <span class='ocrx_word' id='word_1_679' title='bbox 2777 2704 2876 2777; x_wconf 91' lang='lat' dir='ltr'><strong><em>qui</em></strong></span> <span class='ocrx_word' id='word_1_680' title='bbox 2902 2704 3007 2759; x_wconf 89' lang='lat' dir='ltr'><strong><em>sub</em></strong></span> <span class='ocrx_word' id='word_1_681' title='bbox 3029 2703 3182 2758; x_wconf 90' lang='lat' dir='ltr'><strong><em>idem</em></strong></span> <span class='ocrx_word' id='word_1_682' title='bbox 3211 2708 3439 2774; x_wconf 89' lang='lat' dir='ltr'><strong><em>tempus</em></strong></span> <span class='ocrx_word' id='word_1_683' title='bbox 3478 2702 3801 2773; x_wconf 82' lang='lat' dir='ltr'><strong><em>Hipponem</em></strong></span> <span class='ocrx_word' id='word_1_684' title='bbox 3842 2718 3942 2756; x_wconf 83' lang='lat' dir='ltr'><strong><em>ve-</em></strong></span> 
     </span>
    </p>
   </div>
   <div class='ocr_carea' id='block_1_90' title="bbox 2224 2789 3943 2867">
    <p class='ocr_par' dir='ltr' id='par_1_90' title="bbox 2224 2789 3943 2867">
     <span class='ocr_line' id='line_1_90' title="bbox 2224 2789 3943 2867; baseline -0.004 -17"><span class='ocrx_word' id='word_1_685' title='bbox 2224 2795 2331 2865; x_wconf 88' lang='lat' dir='ltr'><strong><em>nit,</em></strong></span> <span class='ocrx_word' id='word_1_686' title='bbox 2380 2794 2663 2867; x_wconf 90' lang='lat' dir='ltr'><strong><em>principio</em></strong></span> <span class='ocrx_word' id='word_1_687' title='bbox 2716 2792 3051 2864; x_wconf 87' lang='lat' dir='ltr'><strong><em>disceptavit</em></strong></span> <span class='ocrx_word' id='word_1_688' title='bbox 3094 2807 3224 2846; x_wconf 92' lang='lat' dir='ltr'><strong><em>cum</em></strong></span> <span class='ocrx_word' id='word_1_689' title='bbox 3265 2790 3519 2846; x_wconf 89' lang='lat' dir='ltr'><strong><em>Heraclio</em></strong></span> <span class='ocrx_word' id='word_1_690' title='bbox 3549 2789 3665 2844; x_wconf 89' lang='lat' dir='ltr'><strong><em>sive</em></strong></span> <span class='ocrx_word' id='word_1_691' title='bbox 3716 2790 3943 2844; x_wconf 87' lang='lat' dir='ltr'><strong><em>Eraclio</em></strong></span> 
     </span>
    </p>
   </div>
   <div class='ocr_carea' id='block_1_91' title="bbox 2226 2878 3942 2956">
    <p class='ocr_par' dir='ltr' id='par_1_91' title="bbox 2226 2878 3942 2956">
     <span class='ocr_line' id='line_1_91' title="bbox 2226 2878 3942 2956; baseline -0.003 -18"><span class='ocrx_word' id='word_1_692' title='bbox 2226 2884 2581 2956; x_wconf 82' lang='lat' dir='ltr'><strong><em>presbytero,</em></strong></span> <span class='ocrx_word' id='word_1_693' title='bbox 2640 2898 2741 2955; x_wconf 89' lang='lat' dir='ltr'><strong><em>per</em></strong></span> <span class='ocrx_word' id='word_1_694' title='bbox 2792 2898 2963 2953; x_wconf 90' lang='lat' dir='ltr'><strong><em>quem</em></strong></span> <span class='ocrx_word' id='word_1_695' title='bbox 3028 2884 3225 2953; x_wconf 89' lang='lat' dir='ltr'><strong><em>postea</em></strong></span> <span class='ocrx_word' id='word_1_696' title='bbox 3278 2880 3399 2953; x_wconf 90' lang='lat' dir='ltr'><strong><em>ipse</em></strong></span> <span class='ocrx_word' id='word_1_697' title='bbox 3448 2878 3811 2951; x_wconf 79' lang='lat' dir='ltr'><strong><em>Augustinus</em></strong></span> <span class='ocrx_word' id='word_1_698' title='bbox 3869 2880 3942 2933; x_wconf 90' lang='lat' dir='ltr'><strong><em>ad</em></strong></span> 
     </span>
    </p>
   </div>
   <div class='ocr_carea' id='block_1_92' title="bbox 2226 2968 3946 3040">
    <p class='ocr_par' dir='ltr' id='par_1_92' title="bbox 2226 2968 3946 3040">
     <span class='ocr_line' id='line_1_92' title="bbox 2226 2968 3946 3040; baseline -0.003 -12"><span class='ocrx_word' id='word_1_699' title='bbox 2226 2972 2545 3028; x_wconf 90' lang='lat' dir='ltr'><strong><em>ineundum</em></strong></span> <span class='ocrx_word' id='word_1_700' title='bbox 2595 2988 2725 3026; x_wconf 91' lang='lat' dir='ltr'><strong><em>cum</em></strong></span> <span class='ocrx_word' id='word_1_701' title='bbox 2757 2972 2962 3026; x_wconf 88' lang='lat' dir='ltr'><strong><em>eodem</em></strong></span> <span class='ocrx_word' id='word_1_702' title='bbox 3006 2970 3275 3025; x_wconf 69' lang='lat' dir='ltr'><strong><em>hazretico</em></strong></span> <span class='ocrx_word' id='word_1_703' title='bbox 3305 2968 3655 3040; x_wconf 88' lang='lat' dir='ltr'><strong><em>colloquium</em></strong></span> <span class='ocrx_word' id='word_1_704' title='bbox 3702 2972 3946 3023; x_wconf 86' lang='lat' dir='ltr'><strong><em>vocatus</em></strong></span> 
     </span>
    </p>
   </div>
   <div class='ocr_carea' id='block_1_93' title="bbox 2229 3059 3254 3133">
    <p class='ocr_par' dir='ltr' id='par_1_93' title="bbox 2229 3059 3254 3133">
     <span class='ocr_line' id='line_1_93' title="bbox 2229 3059 3254 3133; baseline -0.005 -16"><span class='ocrx_word' id='word_1_705' title='bbox 2229 3066 2311 3118; x_wconf 90' lang='lat' dir='ltr'><strong><em>est</em></strong></span> <span class='ocrx_word' id='word_1_706' title='bbox 2342 3062 2548 3133; x_wconf 88' lang='lat' dir='ltr'><strong><em>(Collat.</em></strong></span> <span class='ocrx_word' id='word_1_707' title='bbox 2582 3077 2700 3116; x_wconf 91' lang='lat' dir='ltr'><strong><em>cum</em></strong></span> <span class='ocrx_word' id='word_1_708' title='bbox 2730 3061 3052 3127; x_wconf 71' lang='lat' dir='ltr'><strong><em>Mamimino,</em></strong></span> <span class='ocrx_word' id='word_1_709' title='bbox 3087 3075 3141 3114; x_wconf 84' lang='grc' dir='ltr'>η.</span> <span class='ocrx_word' id='word_1_710' title='bbox 3180 3059 3254 3128; x_wconf 81' lang='grc'><strong><em>1).</em></strong></span> 
     </span>
    </p>
   </div>
   <div class='ocr_carea' id='block_1_94' title="bbox 2297 3145 3946 3217">
    <p class='ocr_par' dir='ltr' id='par_1_94' title="bbox 2297 3145 3946 3217">
     <span class='ocr_line' id='line_1_94' title="bbox 2297 3145 3946 3217; baseline -0.005 -11"><span class='ocrx_word' id='word_1_711' title='bbox 2297 3154 2347 3206; x_wconf 82' lang='grc'><strong><em>4.</em></strong></span> <span class='ocrx_word' id='word_1_712' title='bbox 2378 3149 2531 3205; x_wconf 89' lang='lat' dir='ltr'><strong><em>Libri</em></strong></span> <span class='ocrx_word' id='word_1_713' title='bbox 2556 3149 2625 3204; x_wconf 85' lang='lat' dir='ltr'><strong><em>ad</em></strong></span> <span class='ocrx_word' id='word_1_714' title='bbox 2660 3148 2971 3204; x_wconf 90' lang='lat' dir='ltr'><strong><em>monachos</em></strong></span> <span class='ocrx_word' id='word_1_715' title='bbox 2996 3146 3405 3202; x_wconf 89' lang='lat' dir='ltr'><strong><em>Adrumetinos</em></strong></span> <span class='ocrx_word' id='word_1_716' title='bbox 3433 3161 3620 3217; x_wconf 89' lang='lat' dir='ltr'><strong><em>neque</em></strong></span> <span class='ocrx_word' id='word_1_717' title='bbox 3664 3148 3799 3217; x_wconf 88' lang='lat' dir='ltr'><strong><em>post</em></strong></span> <span class='ocrx_word' id='word_1_718' title='bbox 3832 3145 3946 3200; x_wconf 88' lang='lat' dir='ltr'><strong><em>hoc</em></strong></span> 
     </span>
    </p>
   </div>
   <div class='ocr_carea' id='block_1_95' title="bbox 2232 3233 3941 3310">
    <p class='ocr_par' dir='ltr' id='par_1_95' title="bbox 2232 3233 3941 3310">
     <span class='ocr_line' id='line_1_95' title="bbox 2232 3233 3941 3310; baseline -0.004 -15"><span class='ocrx_word' id='word_1_719' title='bbox 2232 3243 2477 3310; x_wconf 87' lang='lat' dir='ltr'><strong><em>tempus,</em></strong></span> <span class='ocrx_word' id='word_1_720' title='bbox 2506 3254 2691 3310; x_wconf 90' lang='lat' dir='ltr'><strong><em>neque</em></strong></span> <span class='ocrx_word' id='word_1_721' title='bbox 2713 3243 2843 3293; x_wconf 91' lang='lat' dir='ltr'><strong><em>ante</em></strong></span> <span class='ocrx_word' id='word_1_722' title='bbox 2870 3236 3175 3308; x_wconf 89' lang='lat' dir='ltr'><strong><em>conscripti</em></strong></span> <span class='ocrx_word' id='word_1_723' title='bbox 3197 3240 3329 3290; x_wconf 91' lang='lat' dir='ltr'><strong><em>sunt</em></strong></span> <span class='ocrx_word' id='word_1_724' title='bbox 3348 3252 3360 3290; x_wconf 92' lang='lat'>:</span> <span class='ocrx_word' id='word_1_725' title='bbox 3378 3233 3856 3307; x_wconf 88' lang='lat' dir='ltr'><strong><em>quandoquidem</em></strong></span> <span class='ocrx_word' id='word_1_726' title='bbox 3879 3234 3941 3289; x_wconf 89' lang='lat' dir='ltr'><strong><em>in</em></strong></span> 
     </span>
    </p>
   </div>
   <div class='ocr_carea' id='block_1_96' title="bbox 2232 3321 3944 3396">
    <p class='ocr_par' dir='ltr' id='par_1_96' title="bbox 2232 3321 3944 3396">
     <span class='ocr_line' id='line_1_96' title="bbox 2232 3321 3944 3396; baseline -0.005 -12"><span class='ocrx_word' id='word_1_727' title='bbox 2232 3326 2751 3385; x_wconf 84' lang='lat' dir='ltr'><strong><em>Retractationibus</em></strong></span> <span class='ocrx_word' id='word_1_728' title='bbox 2772 3325 2919 3381; x_wconf 90' lang='lat' dir='ltr'><strong><em>circa</em></strong></span> <span class='ocrx_word' id='word_1_729' title='bbox 2948 3342 3166 3380; x_wconf 89' lang='lat' dir='ltr'><strong><em>annum</em></strong></span> <span class='ocrx_word' id='word_1_730' title='bbox 3196 3321 3832 3396; x_wconf 89' lang='lat' dir='ltr'><strong><em>quadringentesimum</em></strong></span> <span class='ocrx_word' id='word_1_731' title='bbox 3863 3322 3944 3378; x_wconf 87' lang='lat' dir='ltr'><strong><em>vi-</em></strong></span> 
     </span>
    </p>
   </div>
   <div class='ocr_carea' id='block_1_97' title="bbox 2228 3413 3940 3489">
    <p class='ocr_par' dir='ltr' id='par_1_97' title="bbox 2228 3413 3940 3489">
     <span class='ocr_line' id='line_1_97' title="bbox 2228 3413 3940 3489; baseline -0.005 -16"><span class='ocrx_word' id='word_1_732' title='bbox 2228 3418 2510 3489; x_wconf 86' lang='lat' dir='ltr'><strong><em>gesimum</em></strong></span> <span class='ocrx_word' id='word_1_733' title='bbox 2539 3415 2843 3488; x_wconf 90' lang='lat' dir='ltr'><strong><em>septimum</em></strong></span> <span class='ocrx_word' id='word_1_734' title='bbox 2874 3414 3038 3470; x_wconf 91' lang='lat' dir='ltr'><strong><em>editis</em></strong></span> <span class='ocrx_word' id='word_1_735' title='bbox 3067 3413 3649 3485; x_wconf 89' lang='lat' dir='ltr'><strong><em>comprehenduntur,</em></strong></span> <span class='ocrx_word' id='word_1_736' title='bbox 3707 3427 3816 3466; x_wconf 89' lang='lat' dir='ltr'><strong><em>nec</em></strong></span> <span class='ocrx_word' id='word_1_737' title='bbox 3852 3415 3940 3466; x_wconf 81' lang='lat' dir='ltr'><strong><em>ta-</em></strong></span> 
     </span>
    </p>
   </div>
   <div class='ocr_carea' id='block_1_98' title="bbox 2231 3500 3941 3574">
    <p class='ocr_par' dir='ltr' id='par_1_98' title="bbox 2231 3500 3941 3574">
     <span class='ocr_line' id='line_1_98' title="bbox 2231 3500 3941 3574; baseline -0.004 -13"><span class='ocrx_word' id='word_1_738' title='bbox 2231 3524 2363 3563; x_wconf 89' lang='lat' dir='ltr'><strong><em>men</em></strong></span> <span class='ocrx_word' id='word_1_739' title='bbox 2390 3506 2473 3561; x_wconf 88' lang='lat' dir='ltr'><strong><em>ibi</em></strong></span> <span class='ocrx_word' id='word_1_740' title='bbox 2502 3504 2894 3561; x_wconf 90' lang='lat' dir='ltr'><strong><em>nisiultimum</em></strong></span> <span class='ocrx_word' id='word_1_741' title='bbox 2917 3505 3105 3558; x_wconf 88' lang='lat' dir='ltr'><strong><em>locum</em></strong></span> <span class='ocrx_word' id='word_1_742' title='bbox 3126 3505 3423 3574; x_wconf 89' lang='lat' dir='ltr'><strong><em>occupant.</em></strong></span> <span class='ocrx_word' id='word_1_743' title='bbox 3439 3502 3569 3556; x_wconf 87' lang='lat' dir='ltr'><strong><em>Erat</em></strong></span> <span class='ocrx_word' id='word_1_744' title='bbox 3597 3516 3767 3572; x_wconf 91' lang='lat' dir='ltr'><strong><em>porro</em></strong></span> <span class='ocrx_word' id='word_1_745' title='bbox 3780 3500 3941 3571; x_wconf 89' lang='lat' dir='ltr'><strong><em>apud</em></strong></span> 
     </span>
    </p>
   </div>
   <div class='ocr_carea' id='block_1_99' title="bbox 2228 3587 3943 3660">
    <p class='ocr_par' dir='ltr' id='par_1_99' title="bbox 2228 3587 3943 3660">
     <span class='ocr_line' id='line_1_99' title="bbox 2228 3587 3943 3660; baseline -0.005 -10"><span class='ocrx_word' id='word_1_746' title='bbox 2228 3595 2627 3660; x_wconf 88' lang='lat' dir='ltr'><strong><em>Adrumetum,</em></strong></span> <span class='ocrx_word' id='word_1_747' title='bbox 2688 3593 2975 3647; x_wconf 88' lang='lat' dir='ltr'><strong><em>civitatem</em></strong></span> <span class='ocrx_word' id='word_1_748' title='bbox 3012 3592 3072 3647; x_wconf 91' lang='lat' dir='ltr'><strong><em>in</em></strong></span> <span class='ocrx_word' id='word_1_749' title='bbox 3128 3591 3401 3647; x_wconf 87' lang='lat' dir='ltr'><strong><em>Bizacena</em></strong></span> <span class='ocrx_word' id='word_1_750' title='bbox 3450 3587 3747 3660; x_wconf 87' lang='lat' dir='ltr'><strong><em>provincia</em></strong></span> <span class='ocrx_word' id='word_1_751' title='bbox 3784 3588 3943 3643; x_wconf 89' lang='lat' dir='ltr'><strong><em>cele-</em></strong></span> 
     </span>
    </p>
   </div>
   <div class='ocr_carea' id='block_1_100' title="bbox 2228 3674 3944 3751">
    <p class='ocr_par' dir='ltr' id='par_1_100' title="bbox 2228 3674 3944 3751">
     <span class='ocr_line' id='line_1_100' title="bbox 2228 3674 3944 3751; baseline -0.004 -13"><span class='ocrx_word' id='word_1_752' title='bbox 2228 3683 2409 3748; x_wconf 89' lang='lat' dir='ltr'><strong><em>brem,</em></strong></span> <span class='ocrx_word' id='word_1_753' title='bbox 2445 3681 2858 3737; x_wconf 88' lang='lat' dir='ltr'><strong><em>monachorum</em></strong></span> <span class='ocrx_word' id='word_1_754' title='bbox 2889 3678 3274 3751; x_wconf 85' lang='lat' dir='ltr'><strong><em>congregatio,</em></strong></span> <span class='ocrx_word' id='word_1_755' title='bbox 3306 3676 3398 3731; x_wconf 92' lang='lat' dir='ltr'><strong><em>cui</em></strong></span> <span class='ocrx_word' id='word_1_756' title='bbox 3422 3679 3558 3731; x_wconf 89' lang='lat' dir='ltr'><strong><em>tunc</em></strong></span> <span class='ocrx_word' id='word_1_757' title='bbox 3585 3674 3762 3730; x_wconf 87' lang='lat' dir='ltr'><strong><em>abbas</em></strong></span> <span class='ocrx_word' id='word_1_758' title='bbox 3790 3692 3944 3747; x_wconf 68' lang='lat' dir='ltr'><strong><em>pras-</em></strong></span> 
     </span>
    </p>
   </div>
   <div class='ocr_carea' id='block_1_101' title="bbox 2231 3763 3942 3838">
    <p class='ocr_par' dir='ltr' id='par_1_101' title="bbox 2231 3763 3942 3838">
     <span class='ocr_line' id='line_1_101' title="bbox 2231 3763 3942 3838; baseline -0.004 -13"><span class='ocrx_word' id='word_1_759' title='bbox 2231 3775 2354 3826; x_wconf 90' lang='lat' dir='ltr'><strong><em>erat</em></strong></span> <span class='ocrx_word' id='word_1_760' title='bbox 2374 3769 2725 3825; x_wconf 86' lang='lat' dir='ltr'><strong><em>Valentinus.</em></strong></span> <span class='ocrx_word' id='word_1_761' title='bbox 2753 3770 2891 3823; x_wconf 81' lang='lat' dir='ltr'><strong><em>Cum</em></strong></span> <span class='ocrx_word' id='word_1_762' title='bbox 2914 3783 2979 3822; x_wconf 82' lang='lat' dir='ltr'><strong><em>ex</em></strong></span> <span class='ocrx_word' id='word_1_763' title='bbox 3004 3766 3126 3838; x_wconf 84' lang='lat' dir='ltr'><strong><em>ejus</em></strong></span> <span class='ocrx_word' id='word_1_764' title='bbox 3154 3764 3401 3821; x_wconf 89' lang='lat' dir='ltr'><strong><em>alumnis</em></strong></span> <span class='ocrx_word' id='word_1_765' title='bbox 3449 3763 3682 3835; x_wconf 89' lang='lat' dir='ltr'><strong><em>quidam</em></strong></span> <span class='ocrx_word' id='word_1_766' title='bbox 3695 3764 3942 3819; x_wconf 89' lang='lat' dir='ltr'><strong><em>nomine</em></strong></span> 
     </span>
    </p>
   </div>
   <div class='ocr_carea' id='block_1_102' title="bbox 2234 3850 3942 3925">
    <p class='ocr_par' dir='ltr' id='par_1_102' title="bbox 2234 3850 3942 3925">
     <span class='ocr_line' id='line_1_102' title="bbox 2234 3850 3942 3925; baseline -0.006 -10"><span class='ocrx_word' id='word_1_767' title='bbox 2234 3861 2449 3925; x_wconf 84' lang='lat' dir='ltr'><strong><em>Florus,</em></strong></span> <span class='ocrx_word' id='word_1_768' title='bbox 2473 3858 2544 3913; x_wconf 91' lang='lat' dir='ltr'><strong><em>ad</em></strong></span> <span class='ocrx_word' id='word_1_769' title='bbox 2575 3859 2778 3914; x_wconf 90' lang='lat' dir='ltr'><strong><em>urbem</em></strong></span> <span class='ocrx_word' id='word_1_770' title='bbox 2814 3856 3164 3921; x_wconf 89' lang='lat' dir='ltr'><strong><em>Uzalensem,</em></strong></span> <span class='ocrx_word' id='word_1_771' title='bbox 3206 3870 3338 3925; x_wconf 64' lang='lat' dir='ltr'><strong><em>quas</em></strong></span> <span class='ocrx_word' id='word_1_772' title='bbox 3375 3852 3559 3924; x_wconf 90' lang='lat' dir='ltr'><strong><em>patria</em></strong></span> <span class='ocrx_word' id='word_1_773' title='bbox 3586 3850 3769 3923; x_wconf 91' lang='lat' dir='ltr'><strong><em>ipsius</em></strong></span> <span class='ocrx_word' id='word_1_774' title='bbox 3805 3852 3942 3919; x_wconf 82' lang='lat' dir='ltr'><strong><em>fuit,</em></strong></span> 
     </span>
    </p>
   </div>
   <div class='ocr_carea' id='block_1_103' title="bbox 2230 3939 3942 4013">
    <p class='ocr_par' dir='ltr' id='par_1_103' title="bbox 2230 3939 3942 4013">
     <span class='ocr_line' id='line_1_103' title="bbox 2230 3939 3942 4013; baseline -0.005 -9"><span class='ocrx_word' id='word_1_775' title='bbox 2230 3966 2347 4004; x_wconf 91' lang='lat' dir='ltr'><strong><em>una</em></strong></span> <span class='ocrx_word' id='word_1_776' title='bbox 2383 3964 2513 4003; x_wconf 90' lang='lat' dir='ltr'><strong><em>cum</em></strong></span> <span class='ocrx_word' id='word_1_777' title='bbox 2548 3947 2729 4003; x_wconf 86' lang='lat' dir='ltr'><strong><em>Felice</em></strong></span> <span class='ocrx_word' id='word_1_778' title='bbox 2773 3944 3125 4001; x_wconf 74' lang='lat' dir='ltr'><strong><em>Adrumetizn</em></strong></span> <span class='ocrx_word' id='word_1_779' title='bbox 3156 3942 3293 3997; x_wconf 88' lang='lat' dir='ltr'><strong><em>item</em></strong></span> <span class='ocrx_word' id='word_1_780' title='bbox 3324 3939 3783 4013; x_wconf 89' lang='lat' dir='ltr'><strong><em>congregationis</em></strong></span> <span class='ocrx_word' id='word_1_781' title='bbox 3812 3956 3942 3995; x_wconf 86' lang='lat' dir='ltr'><strong><em>mo-</em></strong></span> 
     </span>
    </p>
   </div>
   <div class='ocr_carea' id='block_1_104' title="bbox 2233 4028 3938 4105">
    <p class='ocr_par' dir='ltr' id='par_1_104' title="bbox 2233 4028 3938 4105">
     <span class='ocr_line' id='line_1_104' title="bbox 2233 4028 3938 4105; baseline -0.005 -12"><span class='ocrx_word' id='word_1_782' title='bbox 2233 4038 2411 4094; x_wconf 90' lang='lat' dir='ltr'><strong><em>nacho</em></strong></span> <span class='ocrx_word' id='word_1_783' title='bbox 2439 4036 2704 4102; x_wconf 88' lang='lat' dir='ltr'><strong><em>venisset,</em></strong></span> <span class='ocrx_word' id='word_1_784' title='bbox 2735 4034 2783 4089; x_wconf 88' lang='lat' dir='ltr'><strong><em>is</em></strong></span> <span class='ocrx_word' id='word_1_785' title='bbox 2807 4038 3092 4105; x_wconf 88' lang='lat' dir='ltr'><strong><em>repertam</em></strong></span> <span class='ocrx_word' id='word_1_786' title='bbox 3123 4031 3238 4087; x_wconf 89' lang='lat' dir='ltr'><strong><em>illic</em></strong></span> <span class='ocrx_word' id='word_1_787' title='bbox 3269 4029 3572 4103; x_wconf 87' lang='lat' dir='ltr'><strong><em>Augustini</em></strong></span> <span class='ocrx_word' id='word_1_788' title='bbox 3606 4029 3675 4084; x_wconf 90' lang='lat' dir='ltr'><strong><em>ad</em></strong></span> <span class='ocrx_word' id='word_1_789' title='bbox 3712 4028 3938 4084; x_wconf 79' lang='lat' dir='ltr'><strong><em>Sixtum</em></strong></span> 
     </span>
    </p>
   </div>
   <div class='ocr_carea' id='block_1_105' title="bbox 2232 4117 3936 4199">
    <p class='ocr_par' dir='ltr' id='par_1_105' title="bbox 2232 4117 3936 4199">
     <span class='ocr_line' id='line_1_105' title="bbox 2232 4117 3936 4199; baseline -0.006 -18"><span class='ocrx_word' id='word_1_790' title='bbox 2232 4126 2527 4199; x_wconf 88' lang='lat' dir='ltr'><strong><em>epistolam</em></strong></span> <span class='ocrx_word' id='word_1_791' title='bbox 2563 4125 2761 4196; x_wconf 86' lang='lat' dir='ltr'><strong><em>(Epist.</em></strong></span> <span class='ocrx_word' id='word_1_792' title='bbox 2819 4124 2963 4193; x_wconf 71' lang='grc'>194),</span> <span class='ocrx_word' id='word_1_793' title='bbox 2995 4122 3242 4176; x_wconf 90' lang='lat' dir='ltr'><strong><em>dictante</em></strong></span> <span class='ocrx_word' id='word_1_794' title='bbox 3296 4120 3500 4176; x_wconf 88' lang='lat' dir='ltr'><strong><em>eodem</em></strong></span> <span class='ocrx_word' id='word_1_795' title='bbox 3531 4117 3736 4184; x_wconf 85' lang='lat' dir='ltr'><strong><em>Felice,</em></strong></span> <span class='ocrx_word' id='word_1_796' title='bbox 3774 4123 3936 4172; x_wconf 86' lang='lat' dir='ltr'><strong><em>tran-</em></strong></span> 
     </span>
    </p>
   </div>
   <div class='ocr_carea' id='block_1_106' title="bbox 2233 4207 3946 4285">
    <p class='ocr_par' dir='ltr' id='par_1_106' title="bbox 2233 4207 3946 4285">
     <span class='ocr_line' id='line_1_106' title="bbox 2233 4207 3946 4285; baseline -0.005 -17"><span class='ocrx_word' id='word_1_797' title='bbox 2233 4215 2457 4285; x_wconf 87' lang='lat' dir='ltr'><strong><em>scripsit</em></strong></span> <span class='ocrx_word' id='word_1_798' title='bbox 2487 4214 2673 4284; x_wconf 86' lang='lat' dir='ltr'><strong><em>(Apud</em></strong></span> <span class='ocrx_word' id='word_1_799' title='bbox 2701 4214 3091 4281; x_wconf 85' lang='lat' dir='ltr'><strong><em>Augustinum,</em></strong></span> <span class='ocrx_word' id='word_1_800' title='bbox 3145 4212 3324 4280; x_wconf 84' lang='lat' dir='ltr'><strong><em>Epist.</em></strong></span> <span class='ocrx_word' id='word_1_801' title='bbox 3382 4211 3508 4273; x_wconf 78' lang='lat'><strong><em>216,</em></strong></span> <span class='ocrx_word' id='word_1_802' title='bbox 3559 4223 3614 4262; x_wconf 91' lang='lat' dir='ltr'><strong><em>n.</em></strong></span> <span class='ocrx_word' id='word_1_803' title='bbox 3664 4207 3743 4277; x_wconf 79' lang='lat'><strong><em>2).</em></strong></span> <span class='ocrx_word' id='word_1_804' title='bbox 3785 4208 3946 4261; x_wconf 88' lang='lat' dir='ltr'><strong><em>Hanc</em></strong></span> 
     </span>
    </p>
   </div>
   <div class='ocr_carea' id='block_1_107' title="bbox 2233 4296 3942 4365">
    <p class='ocr_par' dir='ltr' id='par_1_107' title="bbox 2233 4296 3942 4365">
     <span class='ocr_line' id='line_1_107' title="bbox 2233 4296 3942 4365; baseline -0.005 -6"><span class='ocrx_word' id='word_1_805' title='bbox 2233 4320 2363 4359; x_wconf 92' lang='lat' dir='ltr'><strong><em>vero</em></strong></span> <span class='ocrx_word' id='word_1_806' title='bbox 2396 4318 2525 4358; x_wconf 89' lang='lat' dir='ltr'><strong><em>cum</em></strong></span> <span class='ocrx_word' id='word_1_807' title='bbox 2555 4303 2930 4357; x_wconf 89' lang='lat' dir='ltr'><strong><em>Adrumetum</em></strong></span> <span class='ocrx_word' id='word_1_808' title='bbox 2961 4299 3131 4355; x_wconf 86' lang='lat' dir='ltr'><strong><em>allata</em></strong></span> <span class='ocrx_word' id='word_1_809' title='bbox 3151 4302 3314 4365; x_wconf 89' lang='lat' dir='ltr'><strong><em>esset,</em></strong></span> <span class='ocrx_word' id='word_1_810' title='bbox 3340 4296 3397 4351; x_wconf 91' lang='lat' dir='ltr'><strong><em>in</em></strong></span> <span class='ocrx_word' id='word_1_811' title='bbox 3421 4297 3670 4352; x_wconf 90' lang='lat' dir='ltr'><strong><em>alienum</em></strong></span> <span class='ocrx_word' id='word_1_812' title='bbox 3702 4312 3942 4351; x_wconf 89' lang='lat' dir='ltr'><strong><em>sensum</em></strong></span> 
     </span>
    </p>
   </div>
   <div class='ocr_carea' id='block_1_108' title="bbox 2232 4385 3942 4463">
    <p class='ocr_par' dir='ltr' id='par_1_108' title="bbox 2232 4385 3942 4463">
     <span class='ocr_line' id='line_1_108' title="bbox 2232 4385 3942 4463; baseline -0.005 -16"><span class='ocrx_word' id='word_1_813' title='bbox 2232 4394 2547 4463; x_wconf 88' lang='lat' dir='ltr'><strong><em>rapuerunt</em></strong></span> <span class='ocrx_word' id='word_1_814' title='bbox 2595 4388 2882 4457; x_wconf 91' lang='lat' dir='ltr'><strong><em>nonnulli,</em></strong></span> <span class='ocrx_word' id='word_1_815' title='bbox 2914 4387 3170 4460; x_wconf 90' lang='lat' dir='ltr'><strong><em>quinque</em></strong></span> <span class='ocrx_word' id='word_1_816' title='bbox 3200 4386 3438 4441; x_wconf 81' lang='lat' dir='ltr'><strong><em>forsitan</em></strong></span> <span class='ocrx_word' id='word_1_817' title='bbox 3466 4388 3565 4439; x_wconf 90' lang='lat' dir='ltr'><strong><em>aut</em></strong></span> <span class='ocrx_word' id='word_1_818' title='bbox 3594 4400 3713 4438; x_wconf 91' lang='lat' dir='ltr'><strong><em>non</em></strong></span> <span class='ocrx_word' id='word_1_819' title='bbox 3754 4385 3942 4439; x_wconf 91' lang='lat' dir='ltr'><strong><em>multo</em></strong></span> 
     </span>
    </p>
   </div>
   <div class='ocr_carea' id='block_1_109' title="bbox 2233 4473 3944 4553">
    <p class='ocr_par' dir='ltr' id='par_1_109' title="bbox 2233 4473 3944 4553">
     <span class='ocr_line' id='line_1_109' title="bbox 2233 4473 3944 4553; baseline -0.005 -18"><span class='ocrx_word' id='word_1_820' title='bbox 2233 4481 2425 4553; x_wconf 89' lang='lat' dir='ltr'><strong><em>plures</em></strong></span> <span class='ocrx_word' id='word_1_821' title='bbox 2456 4477 2743 4545; x_wconf 88' lang='lat' dir='ltr'><strong><em>monachi,</em></strong></span> <span class='ocrx_word' id='word_1_822' title='bbox 2774 4477 2874 4549; x_wconf 90' lang='lat' dir='ltr'><strong><em>qui</em></strong></span> <span class='ocrx_word' id='word_1_823' title='bbox 2903 4477 2974 4531; x_wconf 91' lang='lat' dir='ltr'><strong><em>ab</em></strong></span> <span class='ocrx_word' id='word_1_824' title='bbox 3004 4475 3169 4531; x_wconf 90' lang='lat' dir='ltr'><strong><em>sociis</em></strong></span> <span class='ocrx_word' id='word_1_825' title='bbox 3217 4474 3355 4543; x_wconf 89' lang='lat' dir='ltr'><strong><em>suis,</em></strong></span> <span class='ocrx_word' id='word_1_826' title='bbox 3396 4490 3538 4546; x_wconf 91' lang='lat' dir='ltr'><strong><em>quos</em></strong></span> <span class='ocrx_word' id='word_1_827' title='bbox 3568 4473 3782 4527; x_wconf 89' lang='lat' dir='ltr'><strong><em>rectius</em></strong></span> <span class='ocrx_word' id='word_1_828' title='bbox 3812 4474 3944 4544; x_wconf 86' lang='lat' dir='ltr'><strong><em>epi-</em></strong></span> 
     </span>
    </p>
   </div>
   <div class='ocr_carea' id='block_1_110' title="bbox 2234 4562 3941 4638">
    <p class='ocr_par' dir='ltr' id='par_1_110' title="bbox 2234 4562 3941 4638">
     <span class='ocr_line' id='line_1_110' title="bbox 2234 4562 3941 4638; baseline -0.004 -13"><span class='ocrx_word' id='word_1_829' title='bbox 2234 4570 2435 4625; x_wconf 89' lang='lat' dir='ltr'><strong><em>stolam</em></strong></span> <span class='ocrx_word' id='word_1_830' title='bbox 2469 4565 2789 4638; x_wconf 89' lang='lat' dir='ltr'><strong><em>intelligere</em></strong></span> <span class='ocrx_word' id='word_1_831' title='bbox 2839 4569 3057 4620; x_wconf 88' lang='lat' dir='ltr'><strong><em>certum</em></strong></span> <span class='ocrx_word' id='word_1_832' title='bbox 3089 4567 3230 4627; x_wconf 88' lang='lat' dir='ltr'><strong><em>erat,</em></strong></span> <span class='ocrx_word' id='word_1_833' title='bbox 3262 4562 3682 4618; x_wconf 89' lang='lat' dir='ltr'><strong><em>contendebant</em></strong></span> <span class='ocrx_word' id='word_1_834' title='bbox 3727 4562 3811 4617; x_wconf 88' lang='lat' dir='ltr'><strong><em>ita</em></strong></span> <span class='ocrx_word' id='word_1_835' title='bbox 3842 4563 3941 4618; x_wconf 88' lang='lat' dir='ltr'><strong><em>de-</em></strong></span> 
     </span>
    </p>
   </div>
   <div class='ocr_carea' id='block_1_111' title="bbox 2233 4650 3946 4728">
    <p class='ocr_par' dir='ltr' id='par_1_111' title="bbox 2233 4650 3946 4728">
     <span class='ocr_line' id='line_1_111' title="bbox 2233 4650 3946 4728; baseline -0.006 -15"><span class='ocrx_word' id='word_1_836' title='bbox 2233 4657 2391 4713; x_wconf 88' lang='lat' dir='ltr'><strong><em>fendi</em></strong></span> <span class='ocrx_word' id='word_1_837' title='bbox 2430 4655 2695 4728; x_wconf 87' lang='lat' dir='ltr'><strong><em>gratiam,</em></strong></span> <span class='ocrx_word' id='word_1_838' title='bbox 2724 4660 2791 4710; x_wconf 90' lang='lat' dir='ltr'><strong><em>ut</em></strong></span> <span class='ocrx_word' id='word_1_839' title='bbox 2837 4654 3084 4709; x_wconf 89' lang='lat' dir='ltr'><strong><em>liberum</em></strong></span> <span class='ocrx_word' id='word_1_840' title='bbox 3124 4652 3428 4707; x_wconf 89' lang='lat' dir='ltr'><strong><em>arbitrium</em></strong></span> <span class='ocrx_word' id='word_1_841' title='bbox 3458 4650 3852 4719; x_wconf 86' lang='lat' dir='ltr'><strong><em>adimeretur;</em></strong></span> <span class='ocrx_word' id='word_1_842' title='bbox 3889 4656 3946 4705; x_wconf 90' lang='lat' dir='ltr'><strong><em>et</em></strong></span> 
     </span>
    </p>
   </div>
   <div class='ocr_carea' id='block_1_112' title="bbox 2233 4738 3943 4818">
    <p class='ocr_par' dir='ltr' id='par_1_112' title="bbox 2233 4738 3943 4818">
     <span class='ocr_line' id='line_1_112' title="bbox 2233 4738 3943 4818; baseline -0.005 -16"><span class='ocrx_word' id='word_1_843' title='bbox 2233 4761 2589 4818; x_wconf 89' lang='lat' dir='ltr'><strong><em>consequens</em></strong></span> <span class='ocrx_word' id='word_1_844' title='bbox 2635 4747 2799 4811; x_wconf 88' lang='lat' dir='ltr'><strong><em>esset,</em></strong></span> <span class='ocrx_word' id='word_1_845' title='bbox 2834 4742 3142 4799; x_wconf 91' lang='lat' dir='ltr'><strong><em>Dominum</em></strong></span> <span class='ocrx_word' id='word_1_846' title='bbox 3166 4741 3240 4814; x_wconf 86' lang='lat' dir='ltr'><strong><em>lin</em></strong></span> <span class='ocrx_word' id='word_1_847' title='bbox 3288 4745 3542 4795; x_wconf 87' lang='lat' dir='ltr'><strong><em>extremo</em></strong></span> <span class='ocrx_word' id='word_1_848' title='bbox 3567 4738 3791 4811; x_wconf 90' lang='lat' dir='ltr'><strong><em>judicio</em></strong></span> <span class='ocrx_word' id='word_1_849' title='bbox 3823 4756 3943 4794; x_wconf 91' lang='lat' dir='ltr'><strong><em>non</em></strong></span> 
     </span>
    </p>
   </div>
   <div class='ocr_carea' id='block_1_113' title="bbox 2233 4827 3943 4904">
    <p class='ocr_par' dir='ltr' id='par_1_113' title="bbox 2233 4827 3943 4904">
     <span class='ocr_line' id='line_1_113' title="bbox 2233 4827 3943 4904; baseline -0.007 -12"><span class='ocrx_word' id='word_1_850' title='bbox 2233 4835 2591 4892; x_wconf 84' lang='lat' dir='ltr'><strong><em>redditurum</em></strong></span> <span class='ocrx_word' id='word_1_851' title='bbox 2646 4831 2957 4904; x_wconf 88' lang='lat' dir='ltr'><strong><em>unicuique</em></strong></span> <span class='ocrx_word' id='word_1_852' title='bbox 3023 4830 3338 4886; x_wconf 90' lang='lat' dir='ltr'><strong><em>secundum</em></strong></span> <span class='ocrx_word' id='word_1_853' title='bbox 3378 4844 3551 4900; x_wconf 90' lang='lat' dir='ltr'><strong><em>opera</em></strong></span> <span class='ocrx_word' id='word_1_854' title='bbox 3591 4828 3717 4898; x_wconf 88' lang='lat' dir='ltr'><strong><em>ejus</em></strong></span> <span class='ocrx_word' id='word_1_855' title='bbox 3749 4827 3943 4896; x_wconf 81' lang='lat' dir='ltr'><strong><em>(Ibid.,</em></strong></span> 
     </span>
    </p>
   </div>
   <div class='ocr_carea' id='block_1_114' title="bbox 2233 4916 3944 4995">
    <p class='ocr_par' dir='ltr' id='par_1_114' title="bbox 2233 4916 3944 4995">
     <span class='ocr_line' id='line_1_114' title="bbox 2233 4916 3944 4995; baseline -0.007 -14"><span class='ocrx_word' id='word_1_856' title='bbox 2233 4942 2289 4981; x_wconf 82' lang='grc' dir='ltr'>η.</span> <span class='ocrx_word' id='word_1_857' title='bbox 2323 4924 2396 4995; x_wconf 89' lang='lat'><strong><em>3).</em></strong></span> <span class='ocrx_word' id='word_1_858' title='bbox 2444 4925 2877 4995; x_wconf 88' lang='lat' dir='ltr'><strong><em>Ingravescente</em></strong></span> <span class='ocrx_word' id='word_1_859' title='bbox 2906 4919 2967 4975; x_wconf 92' lang='lat' dir='ltr'><strong><em>in</em></strong></span> <span class='ocrx_word' id='word_1_860' title='bbox 3016 4919 3137 4975; x_wconf 86' lang='lat' dir='ltr'><strong><em>dies</em></strong></span> <span class='ocrx_word' id='word_1_861' title='bbox 3168 4918 3424 4984; x_wconf 90' lang='lat' dir='ltr'><strong><em>discidio,</em></strong></span> <span class='ocrx_word' id='word_1_862' title='bbox 3465 4932 3593 4971; x_wconf 92' lang='lat' dir='ltr'><strong><em>cum</em></strong></span> <span class='ocrx_word' id='word_1_863' title='bbox 3625 4916 3802 4970; x_wconf 86' lang='lat' dir='ltr'><strong><em>etiam</em></strong></span> <span class='ocrx_word' id='word_1_864' title='bbox 3836 4916 3944 4970; x_wconf 88' lang='lat' dir='ltr'><strong><em>im-</em></strong></span> 
     </span>
    </p>
   </div>
   <div class='ocr_carea' id='block_1_115' title="bbox 2233 5005 3945 5085">
    <p class='ocr_par' dir='ltr' id='par_1_115' title="bbox 2233 5005 3945 5085">
     <span class='ocr_line' id='line_1_115' title="bbox 2233 5005 3945 5085; baseline -0.005 -17"><span class='ocrx_word' id='word_1_865' title='bbox 2233 5012 2402 5085; x_wconf 89' lang='lat' dir='ltr'><strong><em>periti</em></strong></span> <span class='ocrx_word' id='word_1_866' title='bbox 2433 5012 2518 5067; x_wconf 92' lang='lat' dir='ltr'><strong><em>illi</em></strong></span> <span class='ocrx_word' id='word_1_867' title='bbox 2548 5011 2611 5066; x_wconf 92' lang='lat' dir='ltr'><strong><em>in</em></strong></span> <span class='ocrx_word' id='word_1_868' title='bbox 2641 5011 2953 5066; x_wconf 89' lang='lat' dir='ltr'><strong><em>monachos</em></strong></span> <span class='ocrx_word' id='word_1_869' title='bbox 3003 5009 3334 5064; x_wconf 88' lang='lat' dir='ltr'><strong><em>innocentes</em></strong></span> <span class='ocrx_word' id='word_1_870' title='bbox 3366 5005 3639 5061; x_wconf 89' lang='lat' dir='ltr'><strong><em>invidiam</em></strong></span> <span class='ocrx_word' id='word_1_871' title='bbox 3687 5021 3945 5060; x_wconf 91' lang='lat' dir='ltr'><strong><em>commo-</em></strong></span> 
     </span>
    </p>
   </div>
   <div class='ocr_carea' id='block_1_116' title="bbox 2233 5094 3952 5173">
    <p class='ocr_par' dir='ltr' id='par_1_116' title="bbox 2233 5094 3952 5173">
     <span class='ocr_line' id='line_1_116' title="bbox 2233 5094 3952 5173; baseline -0.005 -16"><span class='ocrx_word' id='word_1_872' title='bbox 2233 5106 2449 5167; x_wconf 82' lang='lat' dir='ltr'><strong><em>verant,</em></strong></span> <span class='ocrx_word' id='word_1_873' title='bbox 2499 5100 3023 5173; x_wconf 89' lang='lat' dir='ltr'><strong><em>perturbarentque</em></strong></span> <span class='ocrx_word' id='word_1_874' title='bbox 3063 5096 3277 5163; x_wconf 89' lang='lat' dir='ltr'><strong><em>omnia,</em></strong></span> <span class='ocrx_word' id='word_1_875' title='bbox 3318 5099 3475 5151; x_wconf 89' lang='lat' dir='ltr'><strong><em>ratus</em></strong></span> <span class='ocrx_word' id='word_1_876' title='bbox 3502 5098 3587 5150; x_wconf 90' lang='lat' dir='ltr'><strong><em>est</em></strong></span> <span class='ocrx_word' id='word_1_877' title='bbox 3633 5094 3837 5149; x_wconf 85' lang='lat' dir='ltr'><strong><em>Florus</em></strong></span> <span class='ocrx_word' id='word_1_878' title='bbox 3869 5094 3952 5150; x_wconf 82' lang='lat' dir='ltr'><strong><em>of-</em></strong></span> 
     </span>
    </p>
   </div>
   <div class='ocr_carea' id='block_1_117' title="bbox 2236 5182 3950 5259">
    <p class='ocr_par' dir='ltr' id='par_1_117' title="bbox 2236 5182 3950 5259">
     <span class='ocr_line' id='line_1_117' title="bbox 2236 5182 3950 5259; baseline -0.006 -12"><span class='ocrx_word' id='word_1_879' title='bbox 2236 5190 2352 5247; x_wconf 82' lang='lat' dir='ltr'><strong><em>ﬁcii</em></strong></span> <span class='ocrx_word' id='word_1_880' title='bbox 2381 5190 2470 5245; x_wconf 91' lang='lat' dir='ltr'><strong><em>sui</em></strong></span> <span class='ocrx_word' id='word_1_881' title='bbox 2500 5206 2643 5256; x_wconf 89' lang='lat' dir='ltr'><strong><em>esse,</em></strong></span> <span class='ocrx_word' id='word_1_882' title='bbox 2677 5189 2849 5259; x_wconf 89' lang='lat' dir='ltr'><strong><em>hujus</em></strong></span> <span class='ocrx_word' id='word_1_883' title='bbox 2887 5186 2972 5242; x_wconf 90' lang='lat' dir='ltr'><strong><em>rei</em></strong></span> <span class='ocrx_word' id='word_1_884' title='bbox 3001 5186 3232 5241; x_wconf 90' lang='lat' dir='ltr'><strong><em>tandem</em></strong></span> <span class='ocrx_word' id='word_1_885' title='bbox 3272 5183 3634 5239; x_wconf 89' lang='lat' dir='ltr'><strong><em>Valentinum</em></strong></span> <span class='ocrx_word' id='word_1_886' title='bbox 3678 5182 3950 5237; x_wconf 88' lang='lat' dir='ltr'><strong><em>abbatem</em></strong></span> 
     </span>
    </p>
   </div>
   <div class='ocr_carea' id='block_1_118' title="bbox 2235 5269 3951 5348">
    <p class='ocr_par' dir='ltr' id='par_1_118' title="bbox 2235 5269 3951 5348">
     <span class='ocr_line' id='line_1_118' title="bbox 2235 5269 3951 5348; baseline -0.006 -13"><span class='ocrx_word' id='word_1_887' title='bbox 2235 5280 2566 5335; x_wconf 88' lang='lat' dir='ltr'><strong><em>admonere.</em></strong></span> <span class='ocrx_word' id='word_1_888' title='bbox 2605 5278 2703 5333; x_wconf 89' lang='lat' dir='ltr'><strong><em>Hic</em></strong></span> <span class='ocrx_word' id='word_1_889' title='bbox 2736 5277 3036 5348; x_wconf 89' lang='lat' dir='ltr'><strong><em>epistolam</em></strong></span> <span class='ocrx_word' id='word_1_890' title='bbox 3085 5274 3242 5330; x_wconf 90' lang='lat' dir='ltr'><strong><em>illam</em></strong></span> <span class='ocrx_word' id='word_1_891' title='bbox 3302 5289 3430 5327; x_wconf 90' lang='lat' dir='ltr'><strong><em>vere</em></strong></span> <span class='ocrx_word' id='word_1_892' title='bbox 3458 5269 3769 5341; x_wconf 87' lang='lat' dir='ltr'><strong><em>Augustini</em></strong></span> <span class='ocrx_word' id='word_1_893' title='bbox 3801 5287 3951 5337; x_wconf 87' lang='lat' dir='ltr'><strong><em>esse,</em></strong></span> 
     </span>
    </p>
   </div>
   <div class='ocr_carea' id='block_1_119' title="bbox 2237 5359 3955 5441">
    <p class='ocr_par' dir='ltr' id='par_1_119' title="bbox 2237 5359 3955 5441">
     <span class='ocr_line' id='line_1_119' title="bbox 2237 5359 3955 5441; baseline -0.006 -17"><span class='ocrx_word' id='word_1_894' title='bbox 2237 5384 2417 5441; x_wconf 89' lang='lat' dir='ltr'><strong><em>eaque</em></strong></span> <span class='ocrx_word' id='word_1_895' title='bbox 2447 5384 2564 5424; x_wconf 91' lang='lat' dir='ltr'><strong><em>non</em></strong></span> <span class='ocrx_word' id='word_1_896' title='bbox 2599 5368 2768 5422; x_wconf 90' lang='lat' dir='ltr'><strong><em>aliam</em></strong></span> <span class='ocrx_word' id='word_1_897' title='bbox 2799 5382 2971 5438; x_wconf 90' lang='lat' dir='ltr'><strong><em>quam</em></strong></span> <span class='ocrx_word' id='word_1_898' title='bbox 3027 5364 3399 5419; x_wconf 86' lang='lat' dir='ltr'><strong><em>orthodoxam</em></strong></span> <span class='ocrx_word' id='word_1_899' title='bbox 3446 5359 3768 5416; x_wconf 88' lang='lat' dir='ltr'><strong><em>doctrinam</em></strong></span> <span class='ocrx_word' id='word_1_900' title='bbox 3798 5360 3955 5415; x_wconf 88' lang='lat' dir='ltr'><strong><em>tradi</em></strong></span> 
     </span>
    </p>
   </div>
   <div class='ocr_carea' id='block_1_120' title="bbox 2237 5448 3954 5523">
    <p class='ocr_par' dir='ltr' id='par_1_120' title="bbox 2237 5448 3954 5523">
     <span class='ocr_line' id='line_1_120' title="bbox 2237 5448 3954 5523; baseline -0.006 -10"><span class='ocrx_word' id='word_1_901' title='bbox 2237 5457 2475 5513; x_wconf 90' lang='lat' dir='ltr'><strong><em>minime</em></strong></span> <span class='ocrx_word' id='word_1_902' title='bbox 2530 5457 2819 5523; x_wconf 86' lang='lat' dir='ltr'><strong><em>dubitans,</em></strong></span> <span class='ocrx_word' id='word_1_903' title='bbox 2875 5453 3133 5510; x_wconf 88' lang='lat' dir='ltr'><strong><em>animum</em></strong></span> <span class='ocrx_word' id='word_1_904' title='bbox 3159 5450 3391 5507; x_wconf 81' lang='lat' dir='ltr'><strong><em>induxit</em></strong></span> <span class='ocrx_word' id='word_1_905' title='bbox 3417 5465 3654 5522; x_wconf 90' lang='lat' dir='ltr'><strong><em>operam</em></strong></span> <span class='ocrx_word' id='word_1_906' title='bbox 3687 5448 3855 5519; x_wconf 86' lang='lat' dir='ltr'><strong><em>dare,</em></strong></span> <span class='ocrx_word' id='word_1_907' title='bbox 3885 5454 3954 5504; x_wconf 87' lang='lat' dir='ltr'><strong><em>ut</em></strong></span> 
     </span>
    </p>
   </div>
   <div class='ocr_carea' id='block_1_121' title="bbox 2242 5537 3955 5617">
    <p class='ocr_par' dir='ltr' id='par_1_121' title="bbox 2242 5537 3955 5617">
     <span class='ocr_line' id='line_1_121' title="bbox 2242 5537 3955 5617; baseline -0.004 -18"><span class='ocrx_word' id='word_1_908' title='bbox 2242 5545 2445 5617; x_wconf 87' lang='lat' dir='ltr'><strong><em>impias</em></strong></span> <span class='ocrx_word' id='word_1_909' title='bbox 2476 5546 2601 5600; x_wconf 85' lang='lat' dir='ltr'><strong><em>illas</em></strong></span> <span class='ocrx_word' id='word_1_910' title='bbox 2629 5543 2974 5615; x_wconf 68' lang='lat' dir='ltr'><strong><em>quaestiones</em></strong></span> <span class='ocrx_word' id='word_1_911' title='bbox 3004 5542 3072 5597; x_wconf 87' lang='lat' dir='ltr'><strong><em>ab</em></strong></span> <span class='ocrx_word' id='word_1_912' title='bbox 3099 5540 3320 5596; x_wconf 85' lang='lat' dir='ltr'><strong><em>inscitia</em></strong></span> <span class='ocrx_word' id='word_1_913' title='bbox 3349 5537 3739 5612; x_wconf 85' lang='lat' dir='ltr'><strong><em>quorumdam</em></strong></span> <span class='ocrx_word' id='word_1_914' title='bbox 3766 5554 3797 5593; x_wconf 89' lang='lat' dir='ltr'><strong><em>e</em></strong></span> <span class='ocrx_word' id='word_1_915' title='bbox 3833 5538 3955 5593; x_wconf 87' lang='lat' dir='ltr'><strong><em>suis</em></strong></span> 
     </span>
    </p>
   </div>
  </div>
