4062 6342
140 313 245 366 545

134 428 384 485 alumnis
406 428 690 501 profectas
720 426 971 481 auferret
999 422 1191 496 (Apud
1214 426 1353 490 Aug.
1384 425 1489 492 Ep.
1518 425 1645 490 216,
1665 439 1725 477 τι.
1750 424 1792 492 1)
1818 438 1831 477 :

134 536 378 592 eamque
403 518 477 573 ob
508 532 737 572 causam
768 516 923 570 misit
953 514 1022 569 ad
1055 512 1328 568 Evodium
1359 512 1693 567 Uzalensem
1724 510 1839 582 epi-

135 623 395 680 scopum,
410 606 563 661 illius
575 622 746 676 super
759 603 845 659 his
859 601 1275 676 quasstionibus
1289 599 1562 671 rescripta
1575 599 1838 671 flagitans

134 697 300 751 41b.n.
323 698 395 766 3).
430 693 827 765 Ubicomperit
846 691 1106 757 Evodius,
1124 690 1406 744 esseinter
1433 688 1840 743 Adrumetinos

137 783 443 851 monachos
489 786 609 836 tam
639 781 1002 835 vehementes
1032 794 1204 849 super
1234 776 1417 847 gratia
1447 780 1503 829 et
1535 775 1716 829 libero
1746 791 1838 829 ar—

134 871 307 927 bitrio
356 869 442 923 vel
474 868 573 923 Dei
611 867 839 939 justitia
879 864 1291 931 contentiones,
1334 863 1639 931 rescripsit,
1684 862 1841 933 quod

136 960 248 1032 ipsi
294 958 547 1014 veritatis
594 954 954 1027 indagationi
1004 954 1317 1020 studerent,
1367 951 1475 1006 sibi
1515 951 1746 1024 probari
1784 950 1842 1005 id

136 1048 391 1121 quidem,
424 1062 623 1101 verum
654 1044 910 1099 studium
948 1042 1098 1097 istud
1131 1046 1394 1112 oportere
1426 1041 1495 1095 ab
1533 1039 1841 1111 asperitate

140 1136 304 1191 omni
322 1141 379 1191 et
407 1134 776 1191 contentione
808 1149 929 1187 esse
957 1132 1238 1197 alienum;
1273 1147 1302 1184 e
1332 1129 1692 1183 contentione
1720 1132 1855 1189 tur-7

140 1228 241 1281 bas
273 1224 448 1292 nasci,
481 1223 553 1278 ab
573 1239 767 1277 amore
800 1226 991 1275 autem
1020 1218 1273 1274 veritatis
1303 1217 1573 1289 pietatem
1602 1216 1838 1289 requiri.

144 1313 284 1369 Dein
315 1311 427 1367 illis
460 1312 775 1366 secundum
806 1307 1112 1379 Augustini
1143 1307 1462 1361 doctrinam
1490 1305 1742 1376 exponit,
1764 1304 1841 1359 li-

142 1404 344 1456 berum
376 1399 682 1456 arbitrium
730 1414 852 1452 esse
883 1396 1117 1468 quidem
1147 1395 1207 1449 in
1237 1394 1492 1462 homine,
1525 1394 1623 1449 sed
1654 1411 1685 1449 a
1714 1410 1843 1465 per-

142 1495 363 1561 petrata
392 1487 595 1544 Adami
629 1488 796 1557 culpa
840 1485 1094 1540 saucium
1125 1489 1297 1555 atque
1328 1483 1645 1551 inﬁrmum,
1678 1482 1845 1553 eique

142 1579 397 1634 sanando
443 1577 733 1632 Christum
774 1576 1121 1631 Salvatorem
1171 1574 1406 1627 missum
1455 1572 1646 1627 fuisse.
1701 1573 1846 1625 Tum

142 1667 350 1722 additis
380 1668 526 1721 hanc
556 1666 617 1720 in
646 1681 769 1720 rem
796 1663 922 1719 aliis
950 1662 1326 1729 documentis,
1386 1662 1515 1717 illos
1557 1660 1843 1723 admonet,

142 1757 188 1810 si
216 1755 451 1827 quando
482 1755 631 1809 inter
662 1753 967 1825 legendum
998 1751 1375 1806 illustriorum
1406 1751 1659 1804 virorum
1707 1748 1844 1803 scri-

140 1850 235 1915 pta
260 1844 521 1899 incidunt
548 1843 686 1897 inea
718 1858 847 1913 quas
880 1841 1186 1896 difﬁculter
1217 1839 1568 1909 intelligant,
1592 1855 1709 1892 non
1740 1838 1839 1893 de-

144 1934 280 1988 bere
311 1932 466 2004 ipsos
494 1931 919 2003 praecipitanter
964 1929 1024 1983 in
1070 1943 1271 1983 eorum
1315 1927 1850 1982 condemnationem

146 2021 302 2088 ferri,
335 2021 433 2077 sed
463 2020 738 2084 oratione,
772 2023 838 2074 ut
867 2018 1066 2073 eadem
1095 2016 1193 2071 illa
1224 2020 1413 2071 mente
1444 2019 1840 2087 assequantur,

145 2110 493 2165 contendere
510 2113 539 2162 ’Β
569 2110 736 2179 (Tom.
776 2110 858 2174 10,
892 2108 1069 2176 Epist.
1108 2107 1321 2161 Valent.
1356 2105 1431 2159 ad
1458 2105 1627 2171 Aug.,
1652 2106 1710 2159 in
1734 2108 1845 2158 not.

147 2200 497 2271 Rescripsit.)

215 2294 266 2343 ὅ.
324 2288 731 2360 Imperitorum
781 2286 1029 2358 querelis
1076 2300 1178 2338 nec
1234 2282 1431 2338 Evodii
1470 2282 1722 2353 episcopi
1761 2298 1850 2335 re-

146 2379 399 2449 sponsio,
423 2383 537 2431 'nec
568 2377 740 2431 etiam
771 2391 805 2428 a
831 2374 1041 2429 Sabino
1083 2376 1275 2427 sancto
1319 2371 1568 2443 quodam
1614 2370 1849 2441 presby-

148 2473 271 2521 tero
303 2467 436 2521 data
466 2465 525 2519 in
557 2464 873 2536 epistolam,
915 2462 984 2517 de
1023 2478 1137 2533 qua
1177 2460 1618 2530 disceptabatur,
1675 2474 1849 2529 expo-

157 2555 287 2610 sitio
336 2553 605 2609 satisfecit
635 2554 827 2623 (Epist.
886 2554 1013 2616 216,
1042 2566 1100 2606 η.
1151 2551 1222 2619 3).
1279 2549 1420 2602 Hinc
1471 2546 1855 2619 Augustinum

148 2645 460 2715 ipsummet
517 2656 832 2697 convenere
893 2639 1027 2706 duo,
1095 2637 1428 2692 Cresconius
1480 2635 1752 2689 duntaxat
1798 2640 1854 2688 et

149 2734 320 2801 Felix,
344 2732 488 2786 alius
514 2732 604 2785 hic
636 2729 867 2801 quidem
899 2728 969 2781 ab
1003 2742 1070 2781 eo
1122 2726 1224 2797 qui
1255 2724 1405 2779 Flori
1459 2740 1651 2778 comes
1700 2723 1853 2794 apud

152 2821 368 2875 Uzalim
397 2819 616 2885 fuerat;
664 2821 836 2888 atque
879 2816 1091 2870 horum
1140 2815 1382 2869 duorum
1435 2813 1706 2879 discessu,
1754 2814 1854 2868 alii

151 2910 396 2963 fratrum
448 2905 629 2978 quieti
670 2907 1085 2959 remanserunt.
1136 2902 1302 2972 Apud
1353 2906 1610 2956 sanctum
1656 2903 1856 2956 Docto-

151 3014 271 3052 rem
302 2994 602 3068 conquesti
633 2999 768 3048 sunt
797 2992 912 3059 isti,
943 2990 1187 3061 gratiam
1223 2990 1302 3043 sic
1325 2990 1624 3060 prmdicari
1659 3006 1689 3043 a
1721 2989 1855 3061 qui—

149 3087 393 3141 busdam
420 3101 449 3139 e
485 3083 602 3139 suis
627 3080 922 3150 fratribus,
950 3083 1015 3134 ut
1059 3078 1129 3133 ab
1159 3078 1230 3133 iis
1260 3082 1316 3133 et
1342 3084 1584 3149 negetur
1609 3078 1854 3133 liberum

148 3174 474 3240 arbitrium,
525 3178 581 3227 et
610 3171 927 3226 afﬁrmatur
952 3184 1057 3223 nos
1095 3184 1164 3222 ex
1211 3167 1423 3222 nostris
1443 3166 1714 3238 operibus
1755 3168 1850 3239 ju-

153 3263 424 3318 dicandos
453 3277 571 3316 non
592 3277 711 3315 esse
741 3276 755 3314 :
789 3276 822 3313 a
850 3256 1110 3330 pluribus
1133 3261 1325 3311 tamen
1356 3255 1483 3310 aliis
1512 3272 1643 3310 cum
1670 3255 1854 3327 gratia

153 3352 427 3407 liberum‘
452 3336 752 3405 arbitrium
792 3345 1024 3418 agnosci
1072 3344 1263 3401 testati
1310 3350 1445 3399 sunt
1489 3347 1684 3415 (Epist.
1725 3348 1852 3411 214,

150 3456 208 3496 n.
260 3442 328 3513 1).
383 3439 564 3494 Iidem
611 3438 848 3508 insuper
874 3436 1129 3490 excitatas
1150 3434 1303 3504 apud
1328 3451 1385 3487 se
1408 3432 1855 3505 perturbationis

153 3544 382 3584 causam
413 3528 473 3582 in
513 3528 742 3582 Florum
781 3523 1199 3580 transferebant
1228 3522 1418 3592 (Ibid.,
1468 3537 1525 3576 n.
1567 3522 1645 3591 6).
1682 3521 1853 3575 Suam

152 3616 332 3687 igitur
356 3618 427 3673 ad
455 3615 676 3672 Sixtum
707 3614 1011 3685 epistolam
1052 3612 1164 3667 illis
1205 3627 1398 3666 coram
1438 3609 1697 3682 exposuit
1733 3612 1855 3664 Au-

151 3706 414 3775 gustinus
455 3704 653 3775 (Epist.
679 3705 805 3769 215,
836 3719 892 3757 n.
932 3705 1001 3771 1),
1044 3718 1106 3755 ac
1138 3705 1418 3771 praeterea
1446 3699 1752 3770 epistolam
1783 3698 1856 3753 ad

154 3793 519 3848 Valentinum
551 3797 608 3846 et
633 3792 755 3863 ejus
782 3788 1244 3861 congregationis
1286 3788 1597 3841 monachos
1635 3786 1858 3857 scripsit

149 3880 212 3934 in
242 3882 485 3937 arduam
513 3880 673 3933 illam
714 3880 784 3932 de
824 3880 1115 3932 voluntate
1160 3881 1215 3930 et
1253 3875 1438 3947 gratia
1479 3874 1855 3945 qmestionem

152 3970 345 4035 (Ibid,
377 3985 435 4024 η.
458 3968 535 4038 2).
580 3967 662 4021 Ibi
694 3967 945 4037 rogabat,
978 3965 1086 4019 sibi
1121 3964 1271 4018 mitti
1300 3964 1552 4031 Florum,
1595 3962 1653 4016 id
1683 3961 1854 4016 nimi-

150 4073 283 4110 rum
314 4056 657 4125 conjectans,
706 4053 857 4125 quod
892 4069 982 4107 res
1030 4056 1172 4121 erat,
1218 4052 1487 4105 adversus
1531 4050 1697 4105 illum
1728 4050 1855 4104 ideo

151 4142 495 4197 tumultuari
528 4141 857 4209 nonnullos,
904 4140 1056 4211 quod
1086 4155 1203 4194 non
1243 4139 1379 4193 satis
1426 4138 1497 4192 ab
1524 4138 1595 4191 iis
1638 4137 1853 4192 intelli-

152 4237 405 4303 geretur,
437 4247 569 4286 cum
598 4229 995 4285 difﬁcillimam
1038 4228 1417 4299 quaestionem
1457 4232 1513 4282 et
1540 4226 1738 4298 paucis
1765 4226 1856 4279 in-

151 4321 514 4393 telligibilem
560 4319 773 4373 solvere
825 4329 995 4389 atque
1041 4317 1288 4371 enodare
1319 4320 1623 4369 conaretur
1653 4315 1850 4385 (Epist.

154 4413 279 4480 214,
308 4426 366 4464 τι.
391 4409 464 4481 6).
493 4407 799 4478 Epistolam
830 4407 975 4460 hanc
1005 4404 1242 4460 tradidit
1280 4404 1574 4458 monachis
1604 4403 1853 4457 reditum

152 4499 489 4567 parantibus
518 4498 578 4551 in
620 4495 1034 4550 monasterium
1064 4508 1255 4561 suum,
1303 4492 1404 4548 ubi
1433 4494 1664 4559 Pascha,
1695 4493 1847 4563 quod

153 4584 263 4640 hoc
294 4602 443 4641 anno
475 4583 1041 4657 quadringentesimo
1067 4581 1341 4653 vigesimo
1370 4579 1616 4652 septimo
1654 4579 1714 4634 in
1743 4583 1855 4634 ter-

156 4673 299 4729 tium
336 4690 519 4730 nonas
550 4672 756 4743 apriles
786 4671 1094 4737 incidebat,
1141 4669 1482 4723 celebraturi
1522 4672 1704 4723 erant.
1746 4670 1854 4724 Ve-

154 4777 282 4817 rum
313 4763 399 4818 vel
430 4762 727 4834 quidpiam
783 4777 855 4815 ne
895 4758 1393 4831 proﬁciscerentur
1418 4755 1739 4811 intercessit
1767 4756 1856 4810 vel

152 4850 279 4906 illos
307 4851 659 4924 Augustinus
712 4848 1005 4921 aliquanto
1054 4846 1268 4902 diutius
1297 4845 1368 4901 ob
1396 4844 1455 4899 id
1486 4844 1673 4899 solum
1703 4843 1857 4914 apud

154 4954 212 4991 se
264 4939 469 5009 tenuit,
525 4944 590 4993 ut
627 4942 824 4993 contra
853 4953 1061 4993 novam
1088 4934 1357 4991 haaresim
1416 4932 1855 5003 Pelagianorum

154 5024 548 5082 instructiores
603 5026 671 5080 ad
728 5041 862 5079 suos
915 5024 1170 5079 redirent
1222 5023 1417 5092 (Epist.
1478 5024 1606 5087 215,
1673 5036 1729 5075 η.
1783 5019 1852 5089 1).

154 5111 462 5168 Transacto
488 5112 719 5176 Pascha,
753 5111 1056 5182 epistolam
1097 5109 1167 5163 iis
1197 5109 1435 5163 alteram
1480 5107 1668 5162 adhuc
1700 5104 1858 5161 dedit

157 5197 225 5252 ad
254 5200 619 5256 Valentinum
660 5204 717 5254 et
750 5200 872 5271 ejus
913 5198 1244 5264 monachos,
1277 5213 1421 5269 quos
1472 5196 1541 5251 de
1591 5196 1755 5250 Floro
1787 5193 1857 5248 ad

156 5300 216 5338 se
263 5288 604 5343 destinando
662 5303 889 5341 rursum
934 5286 1243 5358 compellat
1288 5286 1351 5340 in
1395 5285 1519 5340 haec
1556 5284 1763 5339 verba:
1796 5284 1859 5339 Si

158 5375 294 5439 quid
311 5377 376 5432 de
401 5377 554 5431 vobis
582 5390 805 5443 mereor,
835 5377 1021 5430 veniat
1040 5375 1114 5429 ad
1142 5390 1224 5429 me
1241 5376 1422 5442 frater
1448 5374 1636 5429 Florus
1666 5371 1854 5441 (Ibid,

158 5475 215 5514 π.
244 5465 316 5533 8).
348 5464 471 5519 Illis
504 5465 677 5520 etiam
718 5479 822 5536 per
864 5463 1095 5519 eosdem
1135 5462 1292 5517 misit
1318 5463 1566 5518 duorum
1596 5459 1858 5516 concilio-

162 5562 289 5607 rum
329 5552 797 5625 Carthaginensis
828 5551 1135 5625 provincia
1180 5555 1239 5605 et
1283 5550 1588 5618 Numidiae,
1636 5564 1856 5603 necnon

1600 300 1804 356 LIBER
1860 299 2196 356 OCTAVUS.

3543 311 3644 365 546

1950 423 2204 496 quinque
2232 423 2633 496 episcoporum
2666 426 2737 481 ad
2769 426 3164 482 Innocentium
3195 428 3482 500 epistolas,
3514 449 3646 490 cum

1951 511 2136 566 tribus
2186 512 2444 584 ejusdem
2508 530 2671 585 papas
2722 514 3036 587 responsis;
3086 516 3352 587 epistolas
3420 536 3647 593 quoque

1951 601 2199 655 Africani
2231 601 2457 656 concilii
2488 603 2557 657 ad
2589 604 2895 668 Zosimum,
2925 608 2980 659 et
3009 605 3216 660 Zosimi
3254 607 3324 661 ad
3356 608 3648 666 universos

1950 690 2122 745 totius
2160 690 2313 745 orbis
2352 690 2673 762 episc0pos;
2715 692 2961 763 denique
3000 691 3223 748 concilii
3267 695 3512 766 plenarii
3553 702 3646 753 to-

1952 778 2063 833 tius
2111 778 2315 832 Africaa
2356 778 2783 833 constitutiones
2824 780 3090 834 adversus
3133 797 3353 836 errores
3393 785 3647 855 Pelagia-

1954 883 2054 921 nos
2085 883 2099 921 :
2135 883 2264 938 qua:
2292 866 2485 920 omnia
2513 867 2624 921 illis
2653 867 2951 939 dirigenda
2997 885 3117 923 esse
3148 870 3407 938 credidit,
3440 873 3647 944 quibus

1952 959 2359 1027 cognoscerent
2411 956 2895 1027 quemadmodum
2952 957 3226 1011 catholica
3294 959 3535 1015 Ecclesia
3588 961 3648 1016 in

1955 1045 2056 1099 Dei
2086 1043 2472 1098 misericordia
2503 1044 2822 1115 Pelagiana:
2852 1042 3092 1100 haeresis
3122 1063 3341 1101 venena
3367 1048 3648 1119 depulerit

1956 1133 2224 1203 (Ibid.,n.
2257 1134 2333 1202 2).
2382 1134 2476 1186 His
2521 1133 2739 1188 addidit
2788 1150 2998 1189 novum
3046 1134 3115 1189 de
3162 1136 3269 1190 hac
3313 1135 3435 1207 ipsa
3481 1154 3644 1208 qua:—

1954 1221 2158 1286 stione,
2190 1219 2335 1275 circa
2363 1236 2536 1292 quam
2567 1221 2917 1289 laborabant,
2950 1222 3223 1294 scriptum
3266 1240 3300 1277 a
3336 1239 3393 1277 se
3436 1224 3646 1280 librum

1954 1308 2015 1361 in
2060 1324 2260 1363 eorum
2298 1308 2560 1379 gratiam,
2595 1309 2685 1363 cui
2724 1309 2955 1365 titulum
2998 1312 3228 1380 indidit,
3260 1316 3331 1367 De
3369 1316 3560 1369 Gratia
3602 1320 3652 1369 et

1955 1398 2145 1452 Libero
2179 1398 2445 1465 Arbitrio,
2479 1397 2554 1451 ad
2585 1399 2930 1453 Valentinum
2960 1403 3010 1453 et
3042 1416 3161 1454 cum
3198 1401 3289 1454 illo
3326 1403 3609 1457 monachos
3633 1400 3667 1468 ;’

1957 1484 2056 1539 ubi
2095 1485 2449 1540 demonstrat
2486 1486 2719 1558 quidem
2759 1488 3007 1559 copiose,
3038 1487 3300 1544 homines
3341 1489 3521 1545 libero
3562 1505 3650 1544 ar-

1954 1574 2126 1629 bitrio
2156 1590 2276 1628 esse
2306 1574 2590 1645 praeditos,
2616 1576 2713 1630 sed
2740 1575 2846 1629 hoc
2869 1577 3049 1631 multo
3074 1577 3379 1647 copiosius,
3406 1578 3652 1634 liberum

1958 1661 2171 1717 scilicet
2218 1662 2522 1718 arbitrium
2569 1664 2766 1733 gratiae
2813 1664 3077 1734 praesidio
3132 1664 3465 1721 destitutum
3506 1667 3654 1722 nihil

1958 1766 2163 1822 posse:
2207 1755 2376 1822 atque
2416 1752 2488 1805 ad
2530 1752 2653 1822 ejus
2696 1752 2996 1806 lectionem
3038 1769 3135 1806 eos
3180 1753 3483 1809 exhortans
3527 1754 3648 1809 ait:

1958 1842 2198 1909 Repetite
2238 1838 2458 1893 assidue
2498 1840 2693 1893 librum
2743 1843 2937 1903 istum;
2983 1846 3033 1894 et
3073 1843 3124 1895 si
3174 1843 3499 1910 intelligitis,
3548 1846 3653 1898 Deo

1959 1930 2171 1996 gratias
2197 1931 2369 1995 agite;
2408 1927 2505 1982 ubi
2530 1932 2707 1982 autem
2735 1944 2841 1982 non
2871 1930 3195 1997 intelligitis,
3231 1935 3379 1985 orate
3406 1935 3467 1985 ut
3495 1932 3654 1986 intel-

1961 2018 2148 2085 ligatis
2172 2032 2187 2071 :
2219 2016 2375 2070 dabit
2403 2019 2543 2070 enim
2572 2018 2722 2071 vobis
2767 2020 3022 2072 Dominus
3052 2018 3375 2074 intellectum
3399 2019 3496 2093 (De
3526 2024 3657 2079 Gra-

1961 2108 2042 2161 tia
2070 2110 2120 2159 et
2144 2105 2334 2160 Libero
2364 2105 2633 2174 Arbitrio,
2654 2121 2708 2159 n.
2734 2105 2840 2172 46).
2876 2106 3098 2160 Huncce
3124 2106 3332 2161 librum
3353 2112 3409 2162 et
3436 2108 3548 2162 alia
3567 2125 3659 2163 su-

1961 2210 2066 2265 pra
2114 2197 2432 2247 memorata
2477 2193 2881 2265 instrumenta,
2926 2211 3055 2265 quia
3101 2196 3173 2250 ad
3220 2196 3656 2267 Pelagianorum

1961 2280 2498 2336 condemnationem
2548 2282 2895 2353 spectabant,
2965 2283 3280 2351 monachis,
3339 2302 3442 2356 per
3512 2302 3656 2357 quos

1963 2372 2361 2438 mittebantur,
2412 2375 2543 2425 ante
2595 2371 2905 2426 discessum
2948 2371 3009 2426 in
3071 2373 3377 2443 prmsentia
3418 2374 3656 2446 legerat,

1964 2476 2187 2514 necnon
2217 2457 2483 2531 Cypriani
2515 2459 2732 2530 pariter
2773 2460 2984 2515 librum
3014 2460 3075 2515 in
3104 2460 3431 2516 Orationem
3471 2463 3660 2518 Domi-

1963 2549 2167 2615 nicam,
2202 2548 2261 2602 in
2287 2565 2400 2619 quo
2430 2553 2656 2604 sanctus
2694 2548 2790 2604 ille
2821 2553 3038 2621 martyr
3075 2550 3319 2621 gratiam
3344 2551 3661 2606 luculenter

1965 2637 2342 2693 commendat.

2037 2730 2088 2781 6.
2121 2725 2428 2798 Augustini
2466 2725 2684 2781 litteras
2722 2726 3047 2798 librumque
3078 2727 3185 2781 sibi
3223 2733 3281 2782 et
3324 2729 3441 2783 suis
3468 2729 3661 2784 fratri-

1970 2815 2076 2870 bus
2106 2819 2501 2886 nuncupatum
2544 2830 2610 2868 ea
2639 2831 2752 2886 qua
2780 2831 2882 2886 par
2910 2819 3030 2869 erat
3056 2816 3420 2871 veneratione
3450 2818 3663 2889 accepit

1965 2903 2338 2958 Valentinus:
2388 2918 2575 2973 neque
2625 2902 2929 2966 commisit,
2965 2902 3102 2974 quin
3146 2904 3381 2958 fratrem
3428 2906 3660 2961 Florum

1966 2991 2038 3045 ad
2062 2992 2228 3046 illum
2256 2990 2536 3057 mitteret;
2568 2991 2699 3045 data
2728 2991 2963 3063 insuper
2990 2991 3229 3062 epistola
3261 2992 3453 3063 (Apud
3476 2994 3664 3060 Augu-

1963 3083 2189 3147 stinum,
2217 3082 2394 3150 Epist.
2426 3080 2575 3150 216),
2608 3096 2722 3151 qua
2749 3079 2807 3135 id
2849 3096 3017 3134 omne
3045 3080 3197 3151 quod
3228 3080 3287 3135 in
3319 3082 3661 3136 monasterio

1966 3182 2067 3223 suo
2099 3172 2323 3240 gestum
2351 3167 2554 3234 fuerat,
2587 3167 2855 3223 narrabat
2884 3172 3075 3223 sancto
3107 3170 3362 3237 Precsuli',
3394 3184 3458 3224 ac
3501 3187 3664 3226 suam

1964 3257 2144 3327 ipsius
2173 3257 2369 3326 ﬁdem,
2405 3256 2666 3311 eamdem
2698 3260 2753 3312 et
2786 3257 2974 3311 fratris
3015 3256 3163 3311 Flori
3198 3274 3319 3313 esse
3348 3258 3662 3328 afﬁrmans,

1967 3346 2360 3417 proﬁtebatur.
2389 3346 2743 3416 Augustinus
2768 3344 2928 3400 lectis
2956 3345 3241 3400 Valentini
3268 3346 3493 3415 litteris,
3523 3365 3665 3420 quas

1966 3435 2143 3489 frater
2173 3434 2370 3488 Florus
2398 3433 2611 3505 aliique
2641 3450 2769 3487 cum
2812 3450 2878 3488 eo
2906 3434 3078 3489 simul
3109 3435 3179 3490 ad
3215 3435 3406 3507 ipsum
3432 3437 3665 3492 venien-

1967 3528 2051 3577 tes
2081 3522 2409 3588 attulerant,
2442 3521 2561 3591 egit
2605 3522 2718 3577 Deo
2768 3522 2999 3593 gratias,
3032 3524 3186 3595 quod
3217 3540 3417 3579 eorum
3446 3525 3507 3579 in
3554 3526 3663 3580 Do-

1966 3610 2124 3665 mino
2155 3626 2373 3682 pacem,
2403 3613 2461 3663 et
2501 3609 2562 3663 in
2592 3609 2830 3665 veritate
2872 3612 3329 3679 consensionem,
3360 3617 3416 3668 et
3444 3613 3502 3668 in
3533 3613 3668 3669 cha-

1967 3699 2133 3754 ritate
2178 3697 2540 3769 flagrantiam
2582 3713 2651 3752 ex
2678 3698 2792 3752 illis
2829 3700 3203 3770 cognovisset,
3236 3717 3433 3756 verum
3462 3702 3530 3756 de
3559 3702 3666 3757 fra-

1967 3793 2053 3842 tre
2079 3789 2243 3841 Floro
2274 3785 2635 3854 nominatim,
2658 3786 2994 3842 catholicam
3024 3788 3082 3841 in
3105 3805 3173 3843 eo
3204 3789 3373 3843 ﬁdem
3392 3790 3460 3844 de
3482 3790 3667 3861 gratia

1967 3879 2022 3929 et
2067 3874 2245 3928 libero
2297 3872 2529 3927 arbitrio
2576 3872 2859 3929 invenisse
2903 3892 2960 3929 se
3007 3877 3228 3930 laetatus
3272 3880 3374 3931 est.
3420 3878 3568 3931 Unde
3609 3879 3669 3933 1ιί

1963 3966 2147 4034 potius
2186 3961 2494 4029 corrigendi
2529 3966 2675 4029 sunt,
2707 3961 2805 4028 ait,
2848 3979 2979 4033 quos
3023 3964 3239 4033 quidem
3278 3967 3521 4035 propitio
3563 3969 3665 4021 Deo

1967 4056 2223 4105 correctos
2260 4065 2370 4103 esse
2403 4049 2524 4118 jam
2565 4052 2832 4116 existimo,
2873 4054 2969 4120 qui
2997 4067 3115 4105 eum
3152 4067 3258 4106 non
3294 4053 3666 4122 intelligebant

1969 4139 2062 4209 (De
2109 4139 2449 4207 Correptione
2486 4142 2537 4191 et
2578 4138 2791 4200 Gratia,
2824 4154 2917 4193 nn.
2974 4143 3025 4206 1,
3073 4138 3149 4210 2).
3196 4141 3427 4211 Accepit
3471 4145 3665 4196 tamen

1968 4231 2195 4281 sanctus
2224 4228 2449 4295 Doctor,
2479 4224 2651 4297 idque
2688 4226 2923 4281 forsitan
2966 4243 3034 4282 ex
3072 4226 3194 4299 ipso
3240 4229 3575 4295 Floro,.esse
3607 4229 3669 4285 in

1966 4315 2365 4370 Adrumatensi
2406 4315 2749 4369 monasterio
2798 4316 3127 4387 quemdam,
3163 4316 3263 4388 qui
3309 4317 3565 4373 diceret:
3606 4318 3670 4374 Si

1966 4406 2103 4458 Deus
2153 4407 2411 4472 operatur
2456 4405 2515 4457 in
2559 4403 2713 4457 nobis
2750 4405 2882 4458 velle
2923 4409 2974 4457 et
3014 4406 3257 4474 operari,
3300 4406 3667 4475 nequidquam

1961 4494 2295 4562 pracipiunt
2315 4493 2412 4559 qui
2422 4495 2668 4561 praesunt
2688 4492 2825 4561 quid
2843 4492 3111 4561 agendum
3130 4494 3211 4547 vel
3228 4494 3551 4561 fugiendum
3564 4497 3636 4550 sit
3653 4515 3669 4564 ;

1967 4586 2064 4634 aut
2086 4582 2275 4634 saltem
2300 4584 2590 4649 postquam
2620 4579 2765 4648 quod
2793 4580 2985 4635 bonum
3026 4586 3334 4651 rectumque
3369 4584 3443 4637 sit
3468 4598 3671 4652 praece-

1966 4670 2166 4739 perint,
2197 4668 2566 4722 tantummodo
2595 4672 2745 4722 orent
2772 4671 2959 4736 Deum,
2991 4674 3052 4723 ut
3079 4669 3143 4723 id
3169 4669 3428 4739 discipuli
3456 4675 3624 4739 agant
3648 4688 3664 4727 :

1965 4771 2072 4810 non
2100 4761 2279 4809 autem
2308 4771 2391 4809 eos
2421 4758 2741 4824 corripiant,
2766 4758 2817 4810 si
2840 4772 2944 4811 non
2983 4759 3210 4825 egerint,
3244 4773 3363 4813 cum
3394 4762 3531 4815 Deus
3563 4776 3669 4815 non
3700 4808 3703 4811 .

1968 4845 2082 4899 illis
2113 4842 2322 4897 dederit
2348 4845 2547 4912 ipsam,
2576 4859 2686 4912 qua
2706 4849 2980 4915 precepta
3004 4845 3123 4914 ejus
3150 4848 3309 4915 fiunt,
3334 4847 3545 4917 ﬁdelem
3573 4849 3671 4903 Dei

1966 4936 2017 4985 et
2045 4932 2292 5001 proximi
2330 4931 2650 4985 charitatem
2695 4930 3175 5001 (Retractationum
3221 4934 3356 4990 libro
3392 4938 3446 5002 2,
3487 4951 3533 4992 c.
3576 4938 3663 5003 67,

1966 5022 2040 5074 De
2067 5020 2406 5088 Correptione
2436 5023 2487 5073 et
2517 5019 2727 5087 Gratia,
2758 5035 2815 5075 η.
2847 5022 2985 5093 3-6).
3022 5022 3095 5077 Ut
3123 5022 3231 5078 hoc
3260 5023 3433 5079 etiam
3462 5024 3666 5092 telum,

1967 5122 2081 5177 quo
2101 5105 2342 5161 validius
2370 5105 2512 5161 nihil
2540 5105 2609 5161 ab
2633 5106 2703 5160 iis
2723 5107 2824 5179 qui
2847 5112 3078 5165 terrena
3098 5110 3329 5182 sapiunt
3347 5110 3665 5180 intorqueri

1967 5211 2131 5267 posse
2168 5194 2450 5261 videatur,
2487 5212 2521 5250 a
2564 5195 2770 5251 tradita
2813 5195 3073 5253 doctrina
3117 5199 3314 5271 gratiae
3360 5198 3669 5268 depelleret

1967 5281 2342 5353 Augustinus,
2391 5284 2638 5339 alterum
2686 5283 2917 5351 librum,
2962 5284 3062 5358 qui
3106 5288 3183 5340 De
3230 5284 3570 5355 Cor-raptione
3617 5290 3669 5338 et

1969 5370 2161 5427 Gratia
2188 5375 2560 5443 praenotatur,
2584 5371 2655 5427 ad
2675 5372 2906 5427 eosdem
2934 5371 3302 5428 Valentinum
3331 5373 3389 5425 et
3406 5367 3539 5425 cum
3567 5370 3666 5426 illo

1967 5459 2275 5515 monachos
2313 5461 2564 5532 scripsit;
2598 5478 2713 5515 non
2743 5478 2856 5533 quo
2886 5461 3151 5516 adversus
3190 5474 3286 5513 eos
3316 5458 3486 5529 ipsos,
3517 5475 3668 5531 quo-

1969 5563 2098 5603 rum
2144 5553 2361 5603 rectum
2408 5551 2529 5602 erat
2574 5564 2674 5603 cor
2715 5563 2846 5603 cum
2891 5548 3029 5617 Deo,
3068 5545 3167 5602 sed
3211 5546 3477 5602 adversus
3514 5547 3668 5621 ipsas
