4062 6362
390 266 489 322 547
1620 259 1785 315 VITA
1821 258 1876 314 S.
1917 255 2291 316 AUGUSTINI
2333 255 2664 313 EPISCOPI.

389 389 694 454 humanas,
724 389 791 441 ut
836 384 934 455 ait,
965 383 1336 456 cogitationes
1364 398 1469 454 pro
1515 382 1760 438 caelestis
1788 386 1846 437 et
1882 381 2089 450 divinas

390 476 590 549 gratiae
635 474 911 531 charitate
958 477 1216 529 certaret.
1260 473 1402 528 Nam
1447 472 1542 526 ille
1587 472 1709 545 ipse
1754 472 2089 540 monachus,

391 565 553 637 cujus
598 564 791 620 animo
842 566 1165 620 occurrerat
1225 562 1507 633 ejusmodi
1567 562 1854 633 cogitatio,
1907 560 2093 633 potuit

390 658 547 710 recto
576 653 639 709 in
673 655 855 708 Deum
892 651 1060 707 corde
1085 667 1198 706 non
1228 652 1300 705 ob
1328 650 1483 705 aliud
1513 656 1769 705 mentem
1797 650 1867 705 de
1897 650 2002 703 hac
2031 666 2091 703 re

393 759 559 799 suam
588 742 833 813 aperire,
864 740 973 795 nisi
1004 744 1066 794 ut
1094 739 1264 794 istum
1294 756 1526 811 quoque
1554 740 1766 794 nodum
1791 737 2091 793 solertissi-

391 846 523 886 mus
567 846 634 885 ac
682 826 1199 900 perspicacissimus
1260 827 1457 897 gratias
1514 828 1717 881 Doctor
1762 825 2087 896 explicaret.

393 918 673 991 Explicuit
704 932 839 971 sane
869 933 1150 988 perquam
1191 916 1500 987 diligenter
1537 916 1638 971 Dei
1667 916 1891 986 adjutus
1932 930 2090 969 reve-

393 1009 631 1069 latione;
666 1021 780 1077 quo
810 1004 872 1059 ﬁt
902 1010 967 1059 ut
993 1021 1112 1059 non
1143 1004 1357 1075 injuria
1384 1005 1596 1059 librum
1637 1019 1804 1058 suum
1839 1004 1948 1057 hoc
1976 1003 2091 1057 fine

392 1095 690 1151 concludat
720 1111 733 1149 :
769 1095 901 1161 Quae
927 1108 1046 1148 cum
1077 1098 1155 1147 ita
1183 1096 1314 1159 sint,
1357 1110 1449 1148 nec
1476 1092 1659 1162 gratia
1691 1092 1945 1161 prohibet
1972 1107 2089 1146 cor-

388 1187 705 1255 reptionem,
735 1198 829 1237 nec
876 1185 1141 1251 correptio
1179 1186 1341 1249 negat
1365 1184 1605 1250 gratiam
1630 1196 1643 1235 :
1673 1185 1723 1235 et
1750 1180 1869 1234 ideo
1897 1182 1976 1234 sic
2012 1185 2091 1235 est

384 1271 755 1343 precipienda
777 1271 1024 1340 justitia,
1048 1275 1110 1324 ut
1137 1286 1171 1324 a
1195 1274 1300 1325 Deo
1330 1272 1527 1338 gratia,
1560 1285 1669 1339 qua
1698 1270 1759 1324 id
1788 1270 1931 1334 quod
1953 1285 2090 1339 prae-

386 1363 589 1431 cipitur
632 1362 751 1429 fiat,
782 1357 936 1430 ﬁdeli
978 1361 1217 1413 oratione
1248 1363 1527 1428 poscatur,
1568 1363 1619 1412 et
1663 1358 1757 1412 hoc
1805 1362 2090 1427 utrumque

384 1453 467 1505 ita
509 1448 827 1517 faciendum
869 1452 966 1509 est,
1001 1454 1059 1501 ut
1088 1462 1257 1515 neque
1287 1448 1444 1516 justa
1474 1449 1738 1516 correptio
1780 1447 2089 1515 negligatur

387 1541 479 1608 (De
526 1537 874 1606 Correptione
919 1541 969 1591 et
1015 1536 1228 1602 Gratia,
1269 1552 1326 1590 n.
1375 1536 1484 1605 49).
1519 1535 1620 1590 Hic
1666 1535 1900 1607 quidem
1945 1535 2090 1589 liber

386 1642 595 1698 parvus
642 1627 795 1680 mole
844 1629 947 1692 est,
981 1624 1080 1679 sed
1122 1623 1380 1679 doctrina
1426 1623 1739 1691 maximus;
1772 1627 1923 1678 totus
1970 1639 2090 1694 my-

383 1714 570 1770 steriis
601 1714 866 1777 refertus,
888 1712 1217 1767 universam
1244 1712 1451 1767 divinae
1482 1712 1680 1783 gratiae
1706 1712 2088 1768 oeconomiam

385 1803 562 1859 oculis
611 1802 860 1875 subjicit,
895 1807 957 1857 ut
991 1803 1121 1873 jure
1168 1802 1375 1856 merito
1413 1818 1622 1856 aureus
1666 1817 1700 1855 a
1747 1800 2088 1856 doctissimis

387 1897 772 1963 nuncupetur.
787 1894 902 1960 Ego
915 1892 1152 1960 quidem,
1167 1890 1607 1945 eminentissimi
1623 1889 1729 1945 viri
1746 1890 1918 1945 verba
1931 1894 2084 1957 sunt,

386 1984 528 2037 hunc
558 1982 757 2037 librum
785 1982 923 2037 soleo
953 1981 1230 2050 appellare
1257 1981 1476 2047 clavem,
1515 1996 1624 2050 qua
1663 1980 1738 2034 ad
1779 1982 2089 2034 universam

385 2073 690 2140 Augustini
718 2070 784 2125 de
811 2070 1002 2125 divina
1030 2071 1212 2138 gratia
1241 2074 1291 2123 et
1328 2070 1494 2124 libero
1524 2069 1760 2124 aabitrio
1784 2069 2088 2124 doctrinam

385 2157 575 2213 aditus
603 2160 851 2228 aperitur
878 2156 1080 2227 (Neris,
1113 2157 1366 2210 Historiae
1387 2156 1571 2223 Pelag.
1597 2155 1690 2209 lib.
1727 2158 1778 2224 1,
1802 2171 1923 2224 cap.
1955 2154 2045 2225 23)
2071 2174 2086 2222 ;

384 2263 558 2318 quem
597 2262 731 2300 sane
777 2243 991 2299 librum
1039 2247 1264 2297 sanctus
1307 2245 1553 2314 Prosper
1595 2242 1799 2297 merito
1849 2244 2086 2313 plenum

382 2335 590 2391 divinze
621 2331 973 2389 auctoritatis
1002 2331 1061 2385 in
1093 2330 1333 2401 epistola
1362 2332 1433 2385 ad
1461 2330 1847 2401 Augustinum
1872 2347 2088 2387 nuncu-

383 2423 541 2494 pavit
568 2422 761 2493 (Apud
786 2422 1174 2489 Augustinum,
1208 2421 1386 2489 Epist.
1418 2422 1541 2483 225,
1574 2435 1631 2474 n.
1657 2421 1731 2490 2).
1790 2446 1795 2449 η

1031 2508 1270 2572 ,ΕΑΡΠΤ
1307 2509 1422 2562 VII.

389 2604 409 2653 l
439 2601 638 2655 Contra
659 2598 941 2667 Pelagiani
963 2601 1161 2652 erroris
1182 2598 1444 2666 reliquias
1463 2598 1520 2651 in
1544 2597 1719 2652 Vitali
1733 2597 2086 2667 deprehensas

454 2689 798 2756 Augustinus
823 2690 1057 2755 pugnat,
1087 2690 1137 2740 et
1166 2688 1458 2740 sententias
1502 2686 1567 2740 de
1594 2688 1780 2752 gratia
1809 2685 2086 2741 duodecim

448 2779 680 2846 profert.
710 2777 744 2830 2
772 2775 1085 2830 Palatinum
1112 2778 1310 2840 monet,
1335 2774 1625 2843 petendum
1673 2790 1709 2828 a
1751 2777 1857 2829 Deo
1896 2777 2087 2842 gratia:

456 2865 793 2935 adjutorium
821 2864 896 2919 ad
918 2862 1378 2933 perseverandum
1401 2864 1459 2917 in
1486 2863 1637 2918 bono.
1670 2865 1700 2916 3
1730 2864 1949 2932 Leporii
1968 2879 2087 2918 con-

458 2960 547 3010 tra
582 2954 743 3024 ﬁdem
786 2954 1186 3008 Incarnationis
1223 2956 1275 3006 et
1316 2953 1512 3020 gratiae
1547 2967 1752 3007 errores
1790 2954 1847 3005 in
1890 2953 2084 3008 Galliis

456 3044 808 3098 damnantur.
839 3044 874 3096 4
918 3040 1011 3097 Ad
1050 3056 1240 3096 sanam
1286 3040 1445 3109 ﬁdem
1490 3045 1772 3095 revocatur
1819 3042 2084 3109 Leporius

457 3147 621 3200 opera
670 3130 992 3198 Augustini.
1039 3132 1069 3181 5
1119 3131 1220 3182 Hic
1268 3128 1604 3183 recensendis
1654 3129 1767 3182 suis
1813 3129 2085 3196 opusculis

453 3216 734 3273 incumbit.
769 3219 800 3270 6
832 3215 1116 3284 Speculum
1146 3231 1213 3268 ea:
1237 3216 1503 3270 universe
1527 3215 1826 3285 Scriptum
1856 3215 1982 3269 locis
2011 3214 2085 3268 ad

454 3304 891 3371 con/armandas.
916 3303 999 3357 vel
1055 3302 1412 3358 emendandos
1458 3317 1628 3358 mores
1676 3302 1885 3357 idoneis
1932 3304 2086 3357 insti-

457 3396 580 3448 tuit.

456 3486 507 3537 1.
537 3480 696 3536 Circa
736 3477 1112 3552 quaestionem
1146 3479 1216 3535 de
1262 3479 1445 3550 gratia
1475 3479 1578 3533 Dei
1619 3483 1675 3534 et
1706 3479 1887 3534 libero
1930 3480 2084 3535 arbi-

382 3569 493 3625 trio
522 3566 815 3623 laborabat
848 3566 1041 3622 Vitalis
1071 3566 1328 3639 quidam,
1350 3566 1590 3637 perinde
1620 3571 1791 3639 atque
1819 3568 2084 3623 monachi

382 3652 850 3709 Adrumetenses.
889 3653 986 3708 Vir
1014 3653 1110 3710 ille
1138 3654 1199 3709 in
1228 3654 1663 3727 Carthagiuensi
1692 3656 1933 3712 Ecclesia
1958 3674 2083 3712 eru-

381 3740 533 3796 ditus
581 3744 778 3813 (Epist.
820 3746 945 3811 217,
992 3759 1049 3799 n.
1081 3746 1161 3815 2),
1195 3760 1256 3799 ac
1302 3744 1433 3798 vitae
1474 3744 1714 3800 forsitan
1760 3761 1970 3817 genere
2021 3763 2083 3801 ac

380 3830 733 3903 professione
778 3833 1089 3888 monachus
1119 3837 1275 3902 erat;
1308 3834 1381 3889 ob
1410 3832 1583 3904 idque
1613 3850 1732 3889 non
1767 3834 1879 3890 alia
1908 3852 2082 3906 quam

339 3977 347 3987 ,
381 3918 572 3974 fratris
594 3920 976 3992 appellatione
998 3920 1302 3978 decoratur
1329 3922 1399 3977 ab
1416 3923 1739 3994 Augustino
1758 3943 1774 3991 ;
1792 3923 1894 3995 qui
1910 3924 2083 3979 etiam

383 4012 444 4062 ut
471 4009 542 4064 ad
564 4009 711 4064 servi
733 4010 853 4078 Dei,
877 4010 969 4065 cui
993 4011 1238 4066 salutem
1258 4011 1415 4079 dicit,
1440 4028 1561 4065 sese
1588 4012 1821 4067 modum
1847 4029 2081 4083 compo-

380 4101 500 4167 nat,
529 4097 871 4168 sibimetipsi
900 4115 1061 4153 servo
1090 4098 1297 4154 Christi
1337 4115 1401 4152 ac
1425 4116 1529 4170 per
1555 4099 1746 4170 ipsum
1772 4117 1932 4155 servo
1963 4117 2081 4155 ser-

381 4201 582 4239 vorum
604 4185 1025 4256 ipsiustitulum
1048 4186 1242 4241 sumit.
1262 4187 1430 4241 Illum
1442 4188 1678 4258 quidem
1690 4204 1806 4243 non
1819 4190 2085 4244 credebat

380 4273 715 4328 hareticum
760 4290 879 4329 esse
928 4274 1332 4346 Pelagianum;
1391 4275 1488 4330 sed
1534 4284 1653 4330 tam
1705 4277 2082 4333 orthodoxum

382 4376 503 4415 esse
534 4361 783 4431 volebat,
805 4365 871 4416 ut
896 4360 1041 4415 nihil
1069 4361 1234 4416 istius
1264 4362 1334 4417 ad
1366 4362 1557 4433 ipsum
1581 4364 1870 4433 transiret,
1900 4367 1988 4420 vel
2020 4365 2082 4421 in

381 4448 506 4520 ipso
557 4449 986 4520 relinqueretur
1041 4450 1252 4505 erroris
1288 4451 1478 4522 (lbid.,
1517 4467 1576 4507 n.
1634 4454 1741 4522 25).
1793 4454 2082 4526 Pelagiani

383 4540 585 4607 quippe
612 4539 794 4592 omnia
835 4537 909 4592 ad
935 4537 1148 4609 ﬁdelem
1173 4542 1433 4610 piamque
1459 4543 1630 4596 vitam
1668 4543 1940 4597 hominum
1960 4560 2084 4613 per-

384 4628 614 4680 tinentia
641 4628 724 4680 ita
753 4627 1021 4698 tribuunt,
1051 4626 1240 4698 inquit
1276 4634 1503 4685 sanctus
1542 4630 1768 4698 Doctor,
1799 4631 1962 4686 libero
1990 4648 2080 4687 vo-

381 4716 609 4770 luntatis
651 4715 903 4787 arbitrio,
932 4722 995 4771 ut
1033 4718 1283 4773 habenda
1328 4735 1396 4774 ea:
1440 4719 1616 4783 nobis,
1647 4734 1753 4774 non
1790 4736 1825 4774 a
1868 4723 2082 4776 Domino

377 4809 571 4874 putent
600 4820 709 4859 esse
738 4806 1008 4875 poscenda
1033 4823 1045 4862 :
1082 4811 1140 4862 tu
1168 4812 1368 4875 autem,
1400 4811 1450 4863 si
1477 4824 1539 4863 ea
1580 4824 1698 4879 quae
1743 4809 1809 4864 de
1839 4814 1888 4864 te
1915 4811 2082 4865 audio

376 4908 506 4947 vera
526 4898 674 4960 sunt,
689 4895 909 4949 initium
925 4895 1074 4965 ﬁdei,
1087 4896 1183 4950 ubi
1199 4902 1278 4953 est
1296 4900 1457 4952 etiam
1476 4900 1697 4953 initium
1718 4898 1884 4969 bona,
1899 4900 1994 4954 hoc
2004 4905 2083 4955 est

379 4983 485 5051 pia
525 4983 845 5050 voluntatis,
874 4997 981 5038 non
1024 4985 1107 5038 vis
1152 4984 1352 5039 donum
1398 4999 1509 5040 esse
1544 4987 1670 5052 Dei;
1704 4985 1799 5040 sed
1826 5002 1893 5040 ea:
1928 4986 2081 5041 nobis

376 5084 472 5125 nos
498 5069 692 5125 habere
719 5071 994 5126 contendis
1031 5076 1092 5126 ut
1120 5073 1331 5127 credere
1354 5075 1683 5143 incipiamus
1718 5091 1731 5129 :
1763 5080 1955 5130 caetera
1978 5091 2081 5130 au-

382 5162 484 5213 tem
508 5159 773 5225 religiosa
794 5159 920 5212 vita
949 5158 1087 5212 bona
1114 5161 1281 5214 Deum
1300 5176 1402 5230 per
1428 5163 1669 5228 gratiam
1690 5177 1846 5217 suam
1864 5163 1985 5231 jam
2009 5180 2077 5217 ea:

376 5248 482 5317 fide
499 5248 828 5317 petentibus,
863 5248 1248 5315 quaerentibus,
1277 5250 1621 5319 pulsantibus
1646 5250 1850 5306 donare
1870 5267 2083 5307 consen-

380 5337 451 5388 tis
478 5336 661 5405 (1bid.,
683 5352 738 5390 n.
758 5337 869 5406 29).
900 5334 1095 5389 Vitalis
1115 5352 1251 5406 ergo
1271 5335 1491 5392 divinas
1515 5338 1881 5394 auctoritates
1902 5338 2082 5394 errori

377 5438 481 5477 suo
524 5424 836 5479 contrarias
877 5423 989 5478 alio
1027 5423 1426 5496 detorquebat,
1456 5442 1529 5481 ne
1571 5443 1642 5481 ex
1680 5426 1793 5480 illis
1836 5427 2079 5497 gratiam

378 5510 479 5566 Dei
510 5511 578 5568 ad
600 5511 827 5570 initium
849 5529 1080 5585 quoque
1107 5513 1242 5569 ﬁdei
1266 5530 1329 5571 ac
1351 5515 1462 5584 pia:
1483 5514 1789 5571 voluntatis
1811 5531 2075 5571 necessa-

3809 258 3924 312 548

2201 382 2349 435 riam
2369 396 2490 435 esse
2508 380 2808 434 constaret.
2835 377 2978 433 Nam
2989 376 3061 433 ad
3082 376 3223 432 illud
3238 376 3517 449 Apostoli,
3547 380 3691 433 Deus
3710 382 3795 435 est
3816 381 3923 448 qui

2201 473 2459 539 aperatur
2483 471 2543 523 in
2570 467 2721 522 vobis
2751 471 2801 521 et
2827 467 2960 521 velle
2988 472 3037 522 et
3062 466 3321 537 perﬁcere
3335 467 3594 537 (Philipp.
3611 483 3673 535 η,
3698 468 3920 538 t3),re-

2201 558 2533 629 spondebat,
2566 573 2670 628 per
2689 556 2877 627 legem
2897 572 3081 621 suam,
3106 571 3209 626 per
3227 554 3550 627 Scripturas
3565 572 3699 611 suas
3722 558 3915 612 Deum

2200 647 2428 718 operari
2459 650 2521 700 ut
2546 646 2807 713 velimus,
2831 661 2973 717 quas
2992 646 3079 699 vel
3109 644 3356 717 legimus
3372 646 3459 700 vel
3483 645 3788 713 audimus;
3813 646 3915 701 sed

2199 735 2281 791 eis
2313 734 2633 789 consentire
2654 735 2742 788 vel
2772 750 2886 788 non
2915 734 3261 801 consentire,
3285 734 3363 789 ita
3386 739 3650 789 nostrum
3674 750 3827 802 esse,
3849 740 3918 791 ut

2201 824 2247 878 si
2269 824 2510 879 velimus
2533 824 2652 889 tiat,
2684 824 2732 876 si
2760 828 2954 877 autem
2976 822 3246 888 nolimus,
3273 822 3497 878 nihilin
3511 823 3680 878 nobis
3704 840 3916 896 opera-

2197 914 2418 969 tionem
2440 912 2543 968 Dei
2562 913 2747 967 valere
2768 911 3044 967 faciamus
3062 912 3393 981 (Epist.2l7.
3414 929 3470 967 n.
3502 912 3568 984 1).
3604 914 3721 967 Nec
3745 930 3916 969 secus

2199 1002 2683 1073 interpretabatur
2727 1002 3256 1071 Psalmograplium,
3308 1000 3519 1056 idcirco
3550 1001 3772 1056 dictum
3802 1018 3914 1074 pu-

2197 1094 2343 1157 tans,
2377 1107 2603 1162 gressus
2631 1089 2882 1145 hominis
2930 1088 3101 1160 dirigi
3129 1106 3163 1143 a
3192 1089 3458 1157 Domino,
3501 1095 3568 1144 ut
3596 1090 3753 1145 viam
3787 1092 3917 1161 ejus

2196 1180 2331 1234 velit
2359 1177 2524 1250 (Psal.
2558 1196 2733 1246 xxxvx,
2765 1182 2852 1248 23)
2879 1196 2893 1247 ;
2934 1179 3072 1251 quia
3105 1178 3228 1249 ejus
3258 1179 3600 1247 doctrinam,
3633 1180 3913 1235 suasione

2196 1268 2573 1340 praecedente,
2606 1268 2990 1338 subsequente
3022 1267 3393 1322 consensione
3425 1272 3711 1347 sectatur;
3751 1270 3947 1347 quod\

2197 1357 2461 1412 libertate
2490 1356 2741 1410 naturali
2771 1355 2819 1410 si
2848 1356 2970 1410 vult
3004 1355 3158 1422 facit,
3190 1355 3235 1410 si
3268 1371 3386 1410 non
3415 1344 3538 1410 fult
3590 1372 3708 1411 non
3752 1357 3914 1424 facit,

2198 1461 2302 1516 pro
2352 1461 2419 1500 eo
2475 1444 2627 1517 quod
2655 1444 2873 1511 fecerit,
2925 1443 3233 1515 praemium
3262 1445 3351 1501 vel
3379 1443 3729 1517 supplicium
3758 1461 3917 1500 rece-

2198 1537 2422 1604 pturus.
2468 1533 2555 1587 Ad
2604 1533 2874 1587 eumdem
2904 1533 3165 1596 modum,
3205 1549 3310 1604 per
3356 1534 3542 1605 legem
3584 1534 3687 1588 Dei
3732 1539 3915 1605 atque

2198 1621 2514 1676 doctrinam
2530 1621 2953 1693 Scripturarum
2983 1620 3110 1676 ﬁeri
3123 1621 3434 1684 dicebatur.
3456 1622 3611 1693 quod
3626 1621 3916 1693 scriptum

2197 1715 2304 1778 est,
2349 1713 2703 1781 Praeparatur
2728 1711 2978 1764 voluntas
3025 1726 3060 1763 a
3097 1711 3319 1764 Domino
3361 1711 3546 1781 (Prov.
3591 1727 3712 1778 vm,
3770 1713 3911 1781 l5):

2197 1816 2262 1854 ac
2312 1815 2430 1853 non
2496 1814 2601 1871 per
2665 1799 2944 1853 occultam
2997 1797 3434 1870 inspirationem
3502 1799 3707 1870 gratias
3786 1800 3911 1855 Dei.

2197 1888 2407 1943 Contra
2434 1887 2589 1942 hunc
2628 1887 2825 1941 Vitatis
2866 1902 3119 1941 errorem
3165 1886 3521 1958 Augustinus
3557 1886 3619 1942 in
3659 1887 3915 1958 epistola

2196 1975 2421 2030 circiter
2450 1976 2558 2030 hoc
2589 1980 2815 2046 tempus
2845 1976 2916 2030 ad
2946 1992 3079 2030 eum
3107 1975 3317 2046 scripta
3341 1976 3561 2046 profert
3589 1992 3915 2048 argumen-

2195 2068 2320 2118 tum
2350 2080 2417 2119 ex
2446 2064 2712 2134 precibus
2747 2063 3027 2129 Ecclesiae,
3055 2063 3272 2134 judicio
3304 2080 3427 2132 suo,
3460 2079 3526 2118 ac
3562 2080 3627 2118 re
3670 2081 3914 2137 quoque

2194 2152 2339 2223 ipsa,
2371 2169 2650 2224 perquam
2677 2152 2947 2216 validum,
2972 2157 3029 2207 et
3055 2153 3465 2224 persuadendte
3485 2153 3714 2208 veritati
3742 2154 3913 2209 valde

2196 2242 2491 2297 idoneum.
2531 2242 2774 2297 Ecclesia
2802 2243 3015 2314 quippe
3051 2246 3109 2297 et
3135 2258 3242 2313 pro
3272 2241 3603 2297 infidelibus
3630 2247 3805 2314 rogat
3846 2248 3911 2297 ut

2198 2334 2626 2400 convertantur,
2672 2334 2728 2385 et
2754 2346 2860 2401 pro
2901 2330 3105 2385 iisdem
3134 2332 3419 2385 conversis
3455 2331 3529 2385 ad
3565 2329 3742 2386 ﬁdem
3773 2345 3907 2402 gra-

2199 2418 2306 2473 tias
2334 2418 2491 2489 agit;
2527 2418 3012 2490 quemadmodum
3043 2423 3100 2474 et
3117 2434 3221 2490 pro
3252 2418 3391 2489 ipsis
3420 2417 3688 2474 ﬁdelibus
3719 2420 3909 2474 Deum

2193 2512 2481 2578 precatur,
2518 2511 2580 2561 ut
2621 2507 2680 2561 in
2725 2524 2793 2562 eo
2825 2507 2978 2579 quod
3022 2523 3145 2562 esse
3174 2510 3472 2578 coeperunt
3498 2506 3621 2577 ejus
3659 2523 3907 2563 munere

2194 2600 2580 2666 perseverent.
2612 2596 2811 2664 Atqui,
2843 2595 2943 2662 ait,
2988 2596 3097 2650 haec
3143 2612 3179 2650 a
3205 2598 3429 2651 Domino
3478 2597 3749 2665 poscenda
3796 2613 3911 2653 esse

2195 2699 2299 2738 non
2323 2687 2544 2751 renuis;
2574 2684 2711 2752 quid
2735 2688 2925 2752 restat,
2955 2686 3134 2751 frater
3159 2685 3376 2750 Vitatis,
3408 2686 3522 2738 nisi
3542 2687 3604 2738 ut
3623 2684 3692 2738 ab
3719 2684 3817 2739 illo
3844 2700 3908 2739 ca

2195 2771 2392 2826 donari
2435 2774 2690 2839 fatearis,
2722 2788 2758 2826 a
2785 2788 2891 2842 quo
2928 2771 3201 2842 poscenda
3234 2787 3345 2826 esse
3380 2773 3643 2827 comantis
3694 2774 3906 2843 (Epist.

2197 2863 2324 2928 217,
2355 2876 2410 2915 n.
2446 2864 2477 2915 5
2503 2861 2647 2931 sqq).
2682 2862 2857 2931 Urget
2905 2860 3172 2915 eumdem
3216 2859 3549 2915 auctoritate
3593 2860 3775 2915 sancti
3808 2862 3910 2931 Cy-

2194 2948 2389 3019 priani
2425 2950 2495 3004 de
2534 2949 2681 3003 libro
2707 2949 2765 3002 in
2799 2949 3131 3003 Orationem
3165 2948 3542 3015 Dominicam,
3573 2952 3629 3003 et
3659 2948 3808 3003 libro
3837 2949 3907 3004 de

2195 3038 2551 3093 Mortalitate.
2603 3039 2834 3093 Monens
2871 3036 3075 3092 deinde
3114 3035 3197 3103 ut,
3250 3037 3297 3092 si
3340 3053 3471 3092 vere
3500 3037 3771 3092 volumus
3802 3037 3907 3092 de-

2193 3124 2428 3180 fendere
2457 3125 2701 3179 liberum
2730 3125 3055 3190 arbitrium,
3105 3142 3178 3180 ne
3218 3141 3620 3197 oppugnemus
3653 3125 3810 3179 unde
3842 3124 3909 3179 ﬁt

2192 3214 2459 3281 liberum,
2498 3214 2664 3269 docet
2701 3215 3003 3269 arbitrium
3058 3230 3279 3281 eorum,
3344 3214 3445 3285 qui
3483 3213 3682 3269 ﬁdeles
3729 3212 3907 3282 ﬁunt,

2192 3319 2296 3375 per
2332 3303 2618 3358 Christum
2648 3302 2881 3358 liberari
2906 3320 2941 3357 a
2962 3303 3175 3358 diaboli
3202 3307 3534 3374 postestate,
3563 3307 3624 3357 ut
3653 3302 3755 3357 illo
3785 3318 3912 3357 non

2191 3391 2541 3462 impediente
2569 3392 2803 3447 credant
2846 3392 2907 3446 in
2934 3392 3127 3464 ipsum
3171 3392 3353 3448 libera
3391 3393 3709 3447 voluntate.
3745 3392 3906 3456 Quo-

2192 3479 2351 3534 niam
2379 3479 2610 3535 tandem
2639 3479 2879 3552 quaestio
2906 3480 3174 3536 adversus
3193 3481 3434 3536 Vitalem
3462 3480 3761 3535 tractanda
3779 3480 3907 3534 haec

2194 3567 2433 3622 omnino
2463 3572 2605 3638 erat,
2635 3572 2830 3624 utrum
2857 3569 3145 3641 praecedat
3171 3569 3373 3640 gratia,
3408 3584 3484 3624 an
3512 3568 3905 3639 subsequatur

2190 3656 2414 3711 homini
2445 3657 2821 3727 voluntatem,
2842 3658 2949 3713 hoc
2977 3663 3082 3725 est,
3117 3665 3310 3713 utrum
3340 3656 3505 3713 nobis
3535 3657 3726 3724 detur,
3762 3656 3905 3728 quia

2192 3746 2473 3811 volumus,
2516 3763 2589 3802 an
2638 3763 2741 3818 per
2786 3747 2972 3818 ipsam
3022 3749 3173 3803 Deus
3215 3748 3390 3802 etiam
3431 3746 3540 3801 hoc
3573 3745 3809 3813 efﬁciat,
3843 3750 3908 3799 ut

2190 3834 2467 3901 velimus;
2501 3834 2775 3906 proponit
2801 3835 2887 3890 illi
2916 3835 3219 3891 duodecim
3245 3834 3555 3890 sententias
3585 3833 3656 3890 de
3685 3833 3903 3905 gratia,

2192 3940 2321 3995 quae
2352 3928 2535 3978 totam
2564 3924 2713 3978 hanc
2742 3924 3123 3995 quaestionem
3163 3923 3444 3979 dirimunt
3474 3940 3488 3977 :
3522 3938 3654 3977 cum
3685 3938 3754 3976 ex
3790 3922 3907 3976 illis

2192 4028 2309 4066 non
2338 4013 2526 4067 solum
2556 4012 2847 4081 omnibus,
2879 4012 2977 4068 sed
3008 4011 3182 4067 etiam
3203 4011 3445 4084 singulis
3465 4011 3524 4067 id
3536 4010 3905 4078 conﬁciatur,

2191 4104 2255 4155 ut
2280 4100 2660 4156 conﬁteamur
2687 4101 2871 4173 gratia
2898 4101 3000 4155 Dei
3028 4100 3334 4173 praeveniri
3371 4100 3677 4156 hominum
3696 4101 3907 4156 volun-

2190 4193 2332 4243 tates
2360 4207 2373 4256 ;
2416 4194 2472 4244 et
2501 4206 2605 4261 per
2642 4191 2787 4245 hanc
2820 4207 2913 4245 eas
2939 4189 3130 4262 potius
3159 4190 3493 4262 praeparari,
3539 4205 3717 4260 quam
3748 4190 3903 4260 lpro-

2191 4282 2321 4349 pter
2349 4294 2550 4333 earum
2591 4279 2860 4334 meritum
2898 4279 3038 4334 dari.
3080 4280 3211 4333 Haec
3248 4283 3439 4334 autem
3476 4277 3547 4333 ad
3586 4293 3908 4334 numerum

2192 4366 2612 4421 duodenarium
2642 4367 2869 4438 redigit,
2884 4372 2948 4423 ut
2965 4367 3186 4423 facilius
3205 4366 3501 4423 memoriae.
3532 4366 3905 4428 mandentur.

2190 4454 2625 4527 distinctiusqne
2649 4460 2968 4511 teneantur.
3000 4456 3161 4523 Sese,
3192 4473 3324 4511 cum
3354 4456 3429 4511 sit
3456 4454 3709 4527 propitio
3736 4455 3904 4511 Chri-

2191 4549 2277 4600 sto
2308 4544 2650 4599 christianus
2691 4544 3021 4612 catholicus,
3062 4545 3261 4600 asserit
3296 4544 3691 4601 indubitanter
3726 4544 3902 4606 scire,

2189 4633 2313 4687 hinc
2343 4631 2441 4687 illa
2460 4632 2701 4687 totidem
2730 4633 3000 4704 dogmata
3028 4650 3150 4688 esse
3173 4633 3450 4688 catholica
3479 4636 3637 4688 extra
3668 4637 3905 4687 contro-

2187 4721 2430 4776 versiam
2452 4736 2685 4775 omnem
2715 4721 2918 4791 posita,
2951 4738 2983 4776 a
3014 4722 3221 4792 quibus
3250 4721 3515 4776 recedere
3528 4735 3904 4791 nequaquam

2188 4809 2403 4876 liceret,
2437 4825 2635 4881 quaeve
2680 4809 2752 4864 ad
2784 4809 2957 4864 ﬁdem
3000 4811 3286 4882 pertinere
3312 4826 3385 4864 ne
3417 4810 3615 4864 Vitalis
3653 4807 3901 4880 quidem

2188 4913 2511 4969 repugnare
2540 4902 2757 4968 posset.
2797 4898 2857 4953 Si
2889 4903 3082 4953 tamen
3130 4914 3195 4953 ex
3242 4898 3323 4953 eis
3367 4897 3595 4969 aliquod
3626 4902 3797 4965 esset,
3830 4898 3903 4953 de

2188 5002 2303 5058 quo
2331 4990 2588 5042 censeret
2612 4986 3016 5054 dubitandum,
3049 4987 3293 5058 rogabat
3317 4986 3377 5042 id
3407 4985 3515 5041 sibi
3532 4986 3896 5057 signiﬁcare;

2187 5078 2253 5129 ut
2281 5075 2468 5130 eidem
2496 5075 2619 5146 ipse
2648 5092 2754 5146 pro
2786 5091 2873 5139 ea,
2908 5092 3081 5147 quam
3109 5077 3385 5131 Dominus
3413 5076 3593 5142 daret,
3625 5075 3903 5131 facultate

2188 5164 2580 5234 responderet.
2605 5164 2843 5219 Interim
2865 5181 2996 5236 quae
3016 5170 3213 5220 contra
3235 5165 3491 5237 proferre
3503 5164 3697 5235 potuit
3714 5164 3899 5220 frater

2188 5253 2408 5321 Vitalis,
2458 5257 2516 5308 et
2559 5269 2689 5324 quas
2744 5252 2956 5324 partim
2995 5254 3288 5325 protulere
3334 5258 3534 5325 postea
3568 5252 3672 5325 qui
3724 5254 3904 5325 vulgo

2188 5341 2457 5397 dicuntur
2495 5341 2962 5414 Semipelagiani,
2993 5358 3061 5398 ea
3097 5342 3267 5398 diluit
3310 5347 3368 5398 et
3393 5342 3599 5397 evertit
3626 5342 3905 5413 egregius

2188 5427 2388 5500 gratias
2413 5428 2693 5484 defensor.
2726 5428 2985 5501 Denique
3013 5428 3076 5484 in
3101 5434 3353 5485 extrema
3388 5428 3635 5500 epistola
3662 5429 3777 5486 hoc
3801 5431 3905 5485 ad-

2190 5518 2295 5584 dit,
2327 5517 2375 5573 si
2398 5518 2706 5574 contendat
2732 5516 2828 5574 ille
2866 5534 2973 5589 pro
3020 5517 3100 5574 eis
3132 5518 3233 5590 qui
3279 5517 3507 5575 credere
3558 5518 3795 5589 nolunt,
3846 5524 3905 5575 ut
