4062 6344
178 265 285 319 549

173 385 356 441 velint
399 385 651 453 credere,
694 400 813 440 non
849 384 1128 440 orandum
1176 399 1338 452 esse;
1383 382 1635 456 itemque
1664 384 1877 456 gratias

175 475 297 529 Deo
328 490 445 529 non
472 474 740 545 agendas,
783 489 914 528 cum
942 473 1025 541 hi,
1058 472 1159 545 qui
1188 472 1419 528 credere
1466 472 1759 541 nolebant,
1794 473 1878 528 id-

160 562 367 634 ,ipsum
396 562 681 617 voluerint
709 579 723 628 ;
755 567 890 617 tunc
918 577 1217 617 necessum
1267 562 1408 630 fore,
1464 567 1526 616 ut
1569 562 1618 617 is
1648 562 1762 617 alia
1787 562 1877 617 via

173 651 505 719 refellatur;
540 651 641 723 qui
678 651 724 705 si
749 656 1070 723 perseveret
1099 650 1158 706 in
1200 667 1414 717 errore,
1455 651 1704 706 dandam
1733 667 1874 722 ope-

171 757 326 807 ram,
349 757 422 796 ne
450 740 593 795 alios
618 740 676 795 in
705 740 868 795 illum
895 739 1159 811 pellicere
1190 743 1381 811 queat,
1412 739 1691 795 nimirum
1722 744 1780 796 et
1804 739 1874 796 ab

174 828 439 885 Ecclesia:
460 844 697 900 corpore
727 828 1101 886 rescindatur.

246 919 300 972 2.
344 916 457 972 Sub
504 916 657 971 idem
706 916 849 970 forte
877 920 1103 987 tempus
1153 915 1325 970 dabat
1371 914 1723 986 Augustinus
1752 916 1875 970 haec

175 1004 435 1059 Palatino
485 1002 699 1058 monita
730 1020 742 1058 :
777 1004 886 1059 Ora
923 1019 987 1058 ne
1022 1006 1189 1058 intres
1236 1005 1295 1058 in
1336 1004 1699 1058 tentationem.
1747 1006 1876 1073 Ipsa

175 1096 380 1163 quippe
407 1094 580 1148 oratio
617 1092 867 1147 admonet
897 1096 964 1159 te,
1014 1091 1158 1160 quod
1186 1091 1435 1159 indigeas
1465 1091 1740 1160 adjutorio
1768 1095 1873 1147 Do.

174 1184 314 1237 mini
342 1184 443 1250 tui,
486 1197 549 1235 ne
572 1195 717 1250 spem
750 1181 875 1235 bene
902 1180 1122 1236 vivendi
1145 1183 1201 1235 in
1219 1185 1267 1235 te
1286 1195 1481 1250 ponas.
1515 1182 1719 1235 Bonum
1740 1196 1874 1249 quo-

173 1273 327 1325 niam
344 1271 468 1340 jam
494 1271 724 1339 accpisti,
752 1275 831 1324 est
857 1269 1000 1324 unde
1027 1271 1242 1337 gratias
1281 1284 1434 1337 agas.
1475 1270 1657 1325 Sciens
1697 1274 1875 1325 autem

174 1360 320 1414 unde
347 1360 636 1428 acceperis,
659 1358 726 1412 ab
755 1358 849 1412 illo
876 1362 998 1427 pete
1027 1362 1088 1412 ut
1128 1359 1466 1427 perﬁciatur,
1498 1373 1533 1411 a
1562 1372 1666 1427 quo
1685 1357 1875 1412 datum

175 1452 256 1503 est
280 1453 341 1502 ut
366 1449 713 1516 inciperetur.
769 1448 899 1503 Cum
949 1448 1137 1501 timore
1178 1448 1364 1516 itaque
1392 1451 1440 1500 et
1471 1450 1695 1500 tremore
1727 1451 1875 1500 tuam

174 1540 405 1593 salutem
434 1554 673 1609 operare.
730 1541 867 1592 Deus
901 1542 978 1592 est
1019 1540 1161 1593 enim
1194 1540 1290 1607 qui
1326 1543 1591 1607 operatur
1634 1540 1693 1593 in
1737 1543 1785 1593 te
1824 1542 1875 1593 et

171 1628 308 1681 velle
318 1633 368 1682 et
378 1629 629 1696 perﬁcere
637 1642 739 1697 pro
752 1627 889 1681 bona
916 1627 1217 1693 voluntate;
1247 1628 1503 1695 quoniam
1519 1630 1873 1697 przparatur

175 1717 427 1771 voluntas
457 1731 491 1770 a
512 1716 754 1782 Domino,
787 1720 950 1784 atque
986 1715 1054 1769 ab
1091 1720 1209 1785 ipso
1237 1730 1451 1782 gressus
1481 1716 1707 1769 hominis
1737 1714 1877 1769 diri-

172 1811 401 1873 guntur,
431 1809 482 1859 et
508 1807 654 1858 viam
678 1804 794 1873 ejus
823 1805 979 1859 volet.
1003 1805 1125 1858 Haec
1151 1806 1407 1872 cogitatio
1426 1808 1616 1858 sancta
1634 1803 1875 1858 servabit

175 1899 243 1961 te,
284 1899 347 1947 ut
376 1895 649 1955 sapientia
675 1897 770 1946 tua
786 1894 963 1962 pietas
983 1894 1091 1959 sit;
1112 1892 1174 1947 id
1198 1895 1297 1961 est,
1326 1897 1387 1947 ut
1412 1907 1478 1946 ea:
1500 1895 1604 1946 Deo
1621 1894 1695 1947 sis
1709 1892 1876 1947 bonus

172 1987 223 2037 et
254 1983 465 2039 Christi
491 1984 683 2049 gratiae
726 1996 833 2035 non
878 1983 1128 2047 ingratus
1171 1982 1365 2051 (Epist.
1410 1982 1532 2046 2l8,
1563 1996 1620 2035 η.
1663 1980 1735 2052 3).
1770 1982 1875 2035 Pa-

171 2071 387 2126 latinus
414 2070 518 2125 iste
546 2068 751 2140 patria,
780 2072 845 2124 ut
872 2069 1118 2138 videtur,
1164 2068 1563 2140 Hipponensis,
1596 2068 1874 2140 quidquid

174 2160 235 2214 in
265 2159 474 2214 saeculo
505 2162 775 2230 speraret,
811 2157 1020 2213 Christi
1066 2161 1337 2228 operante
1384 2158 1569 2228 gratia
1610 2160 1874 2212 contem-

172 2252 388 2321 pserat,
420 2253 481 2303 ut
509 2252 844 2302 exoneratus
867 2248 1075 2319 jugum
1102 2245 1330 2301 Domini
1359 2253 1415 2301 et
1443 2245 1727 2300 sarcinam
1754 2246 1875 2316 ejus

173 2337 403 2392 tolleret
433 2353 448 2391 :
482 2336 644 2409 isque
673 2336 734 2391 in
759 2337 883 2392 loco
932 2335 1030 2391 ubi
1070 2334 1401 2390 necessariae
1442 2334 1792 2389 hortationes
1822 2333 1875 2389 ei

175 2426 394 2481 affatim
441 2426 842 2499 suppetebant,
894 2425 955 2479 in
984 2424 1236 2496 quodam
1261 2424 1498 2479 fortasse
1528 2423 1875 2479 monasterio

174 2514 635 2585 Carthaginensi,
686 2517 803 2571 Deo
852 2513 1150 2569 serviebat.
1191 2515 1565 2585 Augustinus,
1597 2512 1666 2567 ad
1701 2527 1875 2583 quem

174 2604 271 2659 ille
304 2604 606 2675 scripserat
639 2604 983 2676 miseratque
1025 2602 1226 2668 cilicia,
1260 2602 1527 2657 eumdem
1573 2603 1644 2657 ad
1674 2618 1872 2673 perse-

173 2694 491 2748 verendum
521 2693 581 2747 in
607 2693 760 2749 bono
787 2692 1083 2764 proposito
1131 2692 1463 2746 cohortatur
1504 2707 1609 2762 per
1637 2690 1869 2756 litteras,

173 2786 348 2853 atque
379 2782 552 2836 missa
569 2782 642 2837 ab
672 2798 739 2837 eo
765 2781 951 2836 cilicia
969 2796 1027 2835 se
1055 2779 1508 2834 velutservandae
1534 2777 1875 2833 humilitatis

174 2873 231 2925 et
272 2870 701 2942 frequentandae
747 2869 1019 2926 orationis
1048 2867 1307 2940 symbola
1348 2867 1671 2939 gratissime
1708 2882 1869 2923 acce-

173 2958 326 3030 pisse
356 2959 678 3030 proﬁtetur.

246 3051 299 3103 3.
339 3047 693 3119 Augustinus
737 3045 799 3100 in
836 3061 1009 3117 supra
1045 3048 1361 3101 memorato
1391 3044 1539 3100 libro
1570 3045 1641 3100 de
1672 3045 1874 3100 Corre-

172 3135 369 3206 ptione
408 3140 465 3191 et
513 3135 720 3203 Gratia,
779 3150 910 3189 cum
957 3135 1183 3190 doceret
1229 3133 1518 3189 subveniri
1563 3133 1725 3188 nobis
1772 3149 1876 3204 per

172 3224 557 3295 potentiorem
579 3224 824 3295 gratiam
850 3223 1175 3290 Salvatoris,
1207 3223 1277 3278 de
1298 3223 1440 3277 Filio
1462 3223 1565 3277 Dei
1579 3222 1873 3277 incarnato

174 3315 281 3367 hac
307 3314 601 3369 occasione
622 3313 927 3382 disserens,
957 3312 1121 3380 dixit,
1152 3312 1446 3367 neminem
1464 3326 1583 3366 esse
1613 3315 1730 3366 tam
1760 3326 1873 3364 cae-

173 3419 328 3470 cum,
360 3407 591 3474 tamque
606 3402 871 3473 ignarum
893 3401 953 3456 in
980 3401 1111 3468 ﬁde,
1128 3405 1189 3455 ut
1214 3400 1400 3455 dicere
1426 3400 1650 3467 audeat,
1678 3415 1877 3471 quam-

173 3490 258 3545 vis
285 3491 356 3545 de
386 3490 603 3562 Spiritu
633 3494 826 3545 sancto
856 3494 914 3545 et
940 3488 1161 3559 virgine
1190 3488 1364 3544 Maria
1400 3488 1586 3543 ﬁlium
1626 3487 1874 3543 hominis

174 3586 403 3651 natum,
433 3597 538 3652 per
567 3581 812 3635 liberum
843 3585 1038 3637 tamen
1058 3579 1361 3635 arbitrium
1379 3580 1525 3635 bene
1545 3579 1798 3642 vivendo,
1820 3582 1878 3633 et

174 3670 299 3725 sine
329 3674 560 3741 peccato
590 3670 742 3725 bona
782 3686 956 3741 opera
1003 3668 1280 3735 faciendo,
1326 3669 1601 3723 meruisse
1642 3671 1703 3722 ut
1729 3670 1878 3722 esset

177 3758 279 3813 Dei
311 3759 466 3814 ﬁlius
512 3758 607 3831 (De
654 3760 999 3828 Correptione
1043 3762 1094 3812 et
1124 3758 1340 3824 Gratia,
1394 3773 1449 3811 η.
1481 3757 1589 3828 30).
1621 3756 1874 3827 Quapro-

170 3852 304 3917 pter
323 3863 454 3902 cum
483 3847 540 3901 in
568 3847 722 3901 hunc
745 3862 999 3901 errorem
1046 3862 1105 3900 se
1135 3846 1359 3917 lapsum
1384 3861 1506 3900 esse
1534 3844 1877 3899 conﬁteatur

170 3939 369 4007 aperte
410 3933 680 4005 Leporius
708 3934 769 3987 in
790 3931 1206 3988 emendationis
1226 3949 1345 3987 suae
1364 3933 1557 3987 libello
1583 3949 1597 3998 ;
1626 3932 1749 3986 haec
1770 3932 1877 3986 Le-

171 4020 325 4093 porii
339 4020 683 4087 emendatio,
706 4036 836 4091 quas
863 4019 1171 4090 Augustini
1198 4019 1566 4090 potissimum
1588 4019 1771 4074 labori
1811 4035 1876 4075 ac

171 4108 487 4180 diligentiae
524 4108 800 4163 tribuitur
824 4107 1107 4177 (Gennad.,
1142 4111 1214 4163 De
1241 4108 1607 4177 Scriptoribus
1635 4109 1877 4164 ecclesia-

168 4200 351 4267 sticis,
371 4214 416 4253 c.
451 4197 561 4265 59),
592 4201 784 4251 secuta
813 4196 885 4250 sit
914 4212 1141 4250 necesse
1170 4200 1256 4251 est
1292 4212 1467 4267 supra
1494 4200 1875 4251 memoratum

172 4287 407 4341 librum.
464 4286 571 4341 Sed
622 4290 681 4340 et
724 4285 1015 4356 praecessit
1043 4284 1143 4339 illa
1188 4285 1345 4356 Opus
1377 4284 1779 4355 imperfectum
1816 4285 1876 4340 in

172 4375 493 4442 lulianum,
535 4373 632 4429 ubi
656 4378 882 4429 sanctus
909 4375 1114 4429 Doctor
1136 4358 1375 4428 in.hunc
1399 4373 1591 4444 ipsum
1620 4389 1875 4430 errorem

171 4482 201 4518 e
235 4464 541 4535 Pelagiana
577 4463 779 4518 haeresi
810 4468 1201 4534 emergentem
1226 4461 1653 4518 animadvertit.
1695 4463 1872 4535 Lepo-

175 4553 298 4607 rius
328 4569 480 4624 ergo.
515 4552 865 4624 professione
894 4552 1224 4614 monachus,
1275 4550 1406 4606 vitae
1462 4550 1872 4617 innocentiam,

174 4657 292 4711 qua
321 4641 382 4695 in
407 4640 601 4697 Galliis
639 4640 899 4707 ﬂorebat,
930 4656 1046 4694 non
1075 4639 1287 4694 auxilio
1322 4639 1536 4707 divino,
1567 4640 1665 4695 sed
1693 4639 1873 4695 libero

173 4728 413 4784 arbitrio
440 4729 803 4800 propriisque
832 4728 1047 4784 viribus
1073 4716 1395 4799 arrogabat,
1421 4728 1741 4783 doctrinam
1769 4729 1875 4783 Pe-

170 4817 718 4888 lagianam’secutus.
746 4817 894 4883 Quin
924 4817 1098 4872 etiam
1128 4817 1438 4871 recensitus
1465 4820 1552 4871 est
1581 4816 1734 4871 inter
1751 4815 1872 4887 pri-

173 4922 299 4961 mos
326 4906 760 4979 praecipuosque
791 4907 962 4961 duces
991 4922 1214 4976 eorum,
1245 4904 1345 4978 qui
1370 4920 1472 4977 per
1500 4904 1561 4959 id
1588 4908 1819 4976 tempus
1842 4920 1874 4959 e

174 4996 498 5068 Pelagiana:
535 4995 818 5051 hmreseos
845 4994 1141 5067 principiis
1174 4999 1231 5050 et
1260 4994 1558 5067 antiquam
1589 4993 1875 5049 Ebionita-

173 5100 304 5139 rum
332 5084 683 5155 impietatem
708 5089 1053 5139 renovarunt
1078 5084 1413 5155 (Cassianus,
1444 5087 1519 5139 De
1541 5085 1875 5138 Incarnatio-

171 5188 259 5243 ne,
289 5174 385 5229 lib.
419 5177 467 5228 l.
499 5188 621 5242 cap.
648 5172 724 5241 4),
756 5177 812 5227 et
842 5173 1189 5228 Nestorianaa
1211 5173 1477 5244 jecerunt
1501 5172 1876 5239 fundamenta

174 5261 480 5331 (Facundus
493 5262 915 5328 Hermianensis,
952 5261 1045 5317 lib.
1069 5262 1143 5330 4).
1160 5262 1274 5316 Deu
1283 5278 1340 5316 m
1353 5278 1421 5317 ex
1440 5261 1661 5333 virgine
1672 5264 1874 5315 natum

174 5366 295 5405 esse
324 5354 424 5406 aut
447 5350 976 5420 hominemfactum
1005 5348 1194 5405 dicere
1213 5351 1535 5415 verebatur,
1559 5350 1668 5406 hoc
1692 5364 1875 5404 unum

174 5439 479 5494 concedere
527 5439 787 5515 animum
839 5437 1137 5508 inducens,
1185 5439 1379 5494 Jcsum
1417 5438 1702 5494 Christum
1742 5454 1873 5492 cum

179 5527 292 5582 Deo
318 5527 636 5598 perfectum
662 5525 963 5584 hominem
992 5525 1215 5583 editum
1239 5526 1410 5583 fuisse
1428 5529 1708 5598 Leporius,
1734 5530 1791 5582 in
1813 5528 1875 5581 li-

1638 262 1853 319 LlBER
1890 261 2228 321 OCTAVUS.

3585 276 3691 329 550

1991 384 2123 442 bello
2139 385 2589 459 Emendationis).
2620 386 2743 452 Quo
2772 391 2937 459 pacto
2957 388 3336 460 proprietates
3358 391 3581 447 divinas
3608 393 3690 448 ita

1986 473 2351 546 disjungebat
2397 475 2467 530 ab
2518 475 2808 547 humanis,
2853 481 2917 532 ut
2952 478 3095 534 duos
3124 478 3382 535 Christos
3412 480 3686 550 efﬁceret,

1986 579 2207 618 necnon
2233 568 2495 635 quartam
2515 565 2777 620 Trinitati
2794 582 3102 637 personam
3126 567 3417 639 adjiceret.
3449 570 3535 625 Ad
3564 569 3689 626 hinc

1985 649 2299 722 eﬁ‘utiebat,
2330 651 2618 708 Christum
2660 654 2768 709 sibi
2797 654 3040 727 gloriam
3070 672 3432 729 comparasse
3462 658 3682 727 labore,

1985 739 2283 811 religione,
2313 734 2446 809 ﬁde,
2476 743 2643 797 bonis
2672 743 2941 815 operibus
2975 761 2988 799 :
3022 744 3094 810 ei,
3128 762 3257 817 quae
3284 747 3687 804 tantummodo

1983 828 2145 899 puris
2186 830 2519 886 hominibus
2566 833 2938 900 conveniunt,
2988 834 3336 897 adscribens,
3390 852 3454 891 ac
3496 836 3686 907 ipsum

1982 916 2162 973 ferme
2182 917 2252 973 ad
2284 920 2670 975 conditionem
2690 926 3015 976 sanctorum
3042 921 3366 990 hominum,
3389 923 3522 978 licet
3543 940 3689 995 pra:-

1981 1009 2068 1061 ter
2094 1007 2488 1076 intentionem,
2539 1009 2828 1080 dejiciens.
2878 1011 3107 1065 Errores
3149 1011 3320 1067 etiam
3355 1027 3486 1066 suos
3516 1013 3678 1067 evul-

1985 1095 2139 1166 gavit
2166 1096 2375 1168 scripta
2404 1097 2669 1168 epistola,
2700 1115 2829 1170 qua:
2855 1100 3123 1155 omnibus
3155 1100 3479 1155 orthodoxis
3508 1101 3685 1157 oﬁ'en-

1984 1185 2203 1240 sionem
2224 1185 2489 1256 praebuit.
2512 1187 2659 1241 Itum
2675 1191 2759 1242 est
2773 1188 3000 1243 obviam
3012 1189 3083 1244 ab
3105 1189 3343 1243 eruditis
3366 1190 3679 1246 Galliarum

1984 1273 2140 1343 viris,
2169 1273 2269 1345 qui
2291 1273 2550 1345 Leporio,
2575 1280 2636 1330 ut
2652 1292 2854 1346 pravas
2876 1294 3005 1331 suas
3027 1277 3327 1349 opiniones
3345 1277 3678 1350 corrigeret,

1983 1362 2323 1435 persuadere
2354 1362 2542 1417 conati
2572 1368 2706 1418 sunt
2738 1380 2750 1418 :
2782 1365 2880 1419 sed
2910 1364 3139 1420 frustra.
3173 1366 3532 1437 Quapropter
3569 1366 3680 1422 im-

1983 1450 2091 1521 piis
2120 1451 2242 1522 ejus
2281 1451 2642 1523 dogmatibus
2680 1453 2970 1508 Gallorum
3013 1454 3412 1526 episcoporum
3454 1456 3681 1512 Proculi

1984 1545 2042 1594 et
2078 1539 2323 1611 Cylinnii
2363 1541 2695 1596 auctoritate
2740 1542 3043 1611 damnatis,
3094 1544 3278 1598 solum
3326 1548 3544 1600 vertere
3581 1560 3678 1600 co-

1985 1628 2158 1698 gitur.

2056 1717 2108 1770 4.
2141 1716 2414 1787 Expulsus
2442 1732 2473 1770 e
2503 1716 2694 1771 Galliis
2716 1717 2993 1787 Leporius
3015 1706 3330 1773 transmisit
3351 1718 3409 1774 in
3431 1719 3681 1774 Africam

1985 1819 2116 1859 cum
2143 1804 2364 1875 aliquot
2406 1804 2615 1860 erroris
2661 1804 2750 1858 sui
2788 1804 2974 1861 sociis.
3023 1805 3123 1860 Hic
3160 1806 3424 1861 Aurelius
3452 1807 3679 1862 Cartha-

1984 1891 2259 1964 ginensis,
2290 1892 2642 1963 Augustinus
2667 1897 2724 1946 et
2752 1893 2853 1948 alii
2883 1894 3146 1948 nonnulli
3176 1910 3410 1965 operam
3436 1894 3675 1966 pariter,

1984 1985 2050 2035 ut
2077 1996 2207 2035 eum
2240 1982 2309 2036 ab
2348 1998 2541 2036 errore
2574 1986 2922 2049 revocarent,
2954 1998 3117 2037 suam
3157 1984 3544 2050 contulerunt,
3580 1983 3679 2038 sed

1983 2085 2101 2142 prae
2132 2070 2352 2125 caeteris
2382 2071 2752 2142 Augustinus.
2803 2072 3062 2125 Errorem
3100 2071 3410 2143 aliquando
3441 2071 3676 2127 tandem

1984 2158 2231 2229 agnovit,
2264 2159 2686 2230 detestatusque
2708 2163 2822 2227 est;
2852 2174 2916 2214 ac
2941 2160 3195 2231 ejusdem
3215 2160 3370 2215 virus
3393 2160 3518 2215 vivo
3540 2176 3673 2215 cum

1984 2247 2176 2302 dolore
2204 2264 2267 2301 ac
2308 2252 2501 2303 sancta
2537 2248 2785 2320 quadam
2816 2248 3171 2319 impudentia
3203 2249 3428 2321 publice
3456 2249 3678 2304 confes-

1986 2352 2081 2391 sus
2110 2340 2213 2391 est.
2259 2336 2527 2401 Quicum
2574 2353 2641 2392 eo
2670 2337 3026 2408 trajecerant,
3074 2337 3247 2393 etiam
3284 2354 3415 2392 cum
3461 2354 3527 2393 eo
3553 2353 3682 2392 sen-

1985 2425 2223 2480 tentiam
2265 2429 2574 2483 mutavere.
2624 2427 2800 2481 Porro
2855 2425 3342 2498 quemadmodum
3388 2427 3577 2497 primo
3622 2425 3684 2481 in

1985 2514 2178 2570 Galliis
2222 2515 2486 2586 vulgatus
2530 2520 2653 2570 erat
2688 2513 2842 2569 illius
2880 2530 3059 2583 error,
3090 2514 3170 2570 ita
3226 2513 3679 2585 resipiscentiam

1986 2618 2146 2656 suam
2182 2601 2298 2657 illic
2325 2604 2515 2674 palam
2544 2618 2820 2674 apparere
2848 2602 3065 2658 voluit:
3088 2607 3155 2658 ut
3179 2619 3324 2674 quos
3348 2603 3566 2675 peccati
3594 2602 3681 2657 sui

1985 2695 2153 2745 testes
2205 2691 2504 2759 habuerat,
2557 2692 2794 2746 haberet
2859 2695 2914 2747 et
2976 2692 3350 2763 poenitentiae.
3409 2691 3685 2757 Quocirca

1985 2780 2169 2835 isthuc
2207 2780 2462 2835 libellum
2509 2779 2667 2834 misit
2704 2779 2968 2851 lacrymis
3021 2796 3084 2834 ac
3121 2780 3429 2850 gemitibus
3469 2779 3681 2834 doloris

1985 2868 2073 2922 sui
2101 2868 2338 2939 plenum
2362 2887 2379 2937 ;
2402 2868 2462 2922 in
2487 2884 2601 2940 quo
2623 2867 2703 2922 sic
2723 2870 2872 2923 male
2889 2872 3223 2938 conceptam
3249 2866 3681 2938 persuasionem

1984 2954 2287 3026 magniﬁce
2307 2956 2723 3023 condemnavit,
2744 2960 2805 3011 ut
2824 2972 2940 3011 non
2960 2955 3151 3011 minus
3174 2971 3322 3027 pene
3344 2954 3679 3010 admiranda

1985 3044 2057 3098 sit
2085 3044 2359 3099 correctio
2382 3044 2557 3113 illius,
2589 3061 2763 3116 quam
2791 3045 2969 3100 illaesa
3006 3045 3324 3099 multorum
3352 3043 3495 3099 ﬁdes
3523 3043 3675 3114 (Cas-

1984 3133 2285 3200 sianus,De
2311 3136 2705 3199 Incamatione,
2738 3134 2832 3189 lib.
2870 3138 2920 3201 l,
2951 3149 3073 3204 cap.
3106 3132 3187 3204 4).
3233 3133 3505 3205 Leporius
3541 3148 3679 3203 ergo

1985 3220 2400 3276 emendationis
2429 3238 2546 3275 suae
2566 3222 2824 3276 libellum
2849 3221 2920 3276 ad
2945 3221 3249 3276 Proculum
3271 3224 3327 3275 et
3351 3219 3680 3292 Cylinnium

1986 3310 2211 3381 direxit,
2244 3327 2452 3382 eosque
2482 3315 2546 3365 ut
2575 3310 2681 3365 sibi
2726 3310 3105 3382 ignoscerent,
3151 3312 3544 3381 comprecatus
3574 3312 3679 3365 est.

1988 3400 2140 3454 Hanc
2169 3415 2299 3454 vero
2328 3399 2424 3454 ille
2453 3398 2513 3454 in
2543 3399 2978 3470 Carthaginensi
3021 3398 3273 3467 basilica,
3304 3398 3407 3454 ubi
3440 3398 3682 3470 proinde

1984 3489 2105 3543 haec
2134 3493 2293 3559 gesta
2315 3488 2490 3543 fuisse
2518 3488 2785 3560 colligere
2816 3492 2921 3555 est,
2953 3488 3275 3560 obsignavit
3309 3486 3688 3560 prmseutibus

1985 3576 2288 3648 episcopis,
2321 3576 2598 3632 nimirum
2638 3576 2843 3632 saltem
2884 3576 3142 3647 Aurelio,
3172 3576 3514 3648 Augustino,
3560 3577 3685 3630 Flo-

1986 3665 2171 3720 rentio
2204 3671 2259 3720 et
2297 3665 2618 3720 Secundino
2660 3683 2674 3720 :
2719 3681 2893 3736 quam
2923 3670 2982 3721 et
3027 3665 3305 3720 Dominus
3352 3681 3417 3719 ac
3474 3665 3686 3734 Bonus,

1990 3755 2060 3808 Le
2067 3753 2214 3824 porii
2230 3753 2375 3807 forte
2393 3753 2547 3818 socii,
2573 3753 2977 3825 subscripsere,
2998 3769 3159 3829 suam
3172 3752 3386 3823 pariter
3401 3767 3521 3805 esse
3537 3751 3685 3807 hanc

1986 3843 2158 3897 ﬁdem
2189 3842 2503 3896 contestati.
2532 3841 2709 3896 Iidem
2732 3846 2979 3912 quatuor
3006 3840 3290 3895 antistites
3309 3844 3684 3894 memoratam

1986 3930 2305 4000 epistolam,
2332 3934 2397 3984 ut
2422 3934 2479 3985 et
2508 3945 2634 3984 eam
2667 3928 2893 4001 Leporii
2922 3945 3041 3983 esse
3081 3931 3447 3996 testarentur,
3475 3931 3532 3981 et
3562 3928 3687 3999 ejus
3760 3990 3767 3997 _

1987 4018 2307 4073 doctrinam
2355 4018 2761 4089 approbarent,
2809 4034 2912 4072 sua
2966 4017 3207 4089 quisque
3267 4015 3685 4087 subscriptione

1986 4107 2473 4163 communierant.
2514 4107 2663 4172 Quin
2706 4106 2878 4161 etiam
2921 4106 3139 4161 litteras
3184 4104 3253 4159 ad
3295 4105 3599 4159 Proculum
3629 4110 3687 4160 et

1987 4195 2309 4267 Cylinnium
2339 4196 2821 4266 dederunt_super
2850 4194 3077 4266 Leporii
3114 4198 3171 4249 et
3196 4198 3527 4249 consortum
3559 4194 3685 4265 ejus

1986 4284 2350 4341 conversione
2402 4284 2590 4354 (Apud
2637 4285 3029 4353 Augustinum,
3082 4284 3261 4353 Epist.
3317 4283 3472 4354 2l9),
3522 4284 3687 4354 cujus

1986 4392 2217 4429 omnem
2247 4373 2488 4445 gloriam
2520 4372 2703 4429 redire
2733 4373 2804 4427 ad
2831 4370 3280 4427 misericordiam
3312 4369 3558 4439 divinam
3595 4386 3685 4425 vo-

1985 4465 2130 4519 lunt.
2164 4466 2345 4528 Quam
2389 4462 2532 4517 Galli
2559 4461 2734 4517 iidem
2765 4461 3042 4533 praesules
3078 4459 3346 4516 adversus
3378 4459 3682 4530 Leporium

1985 4552 2361 4608 adhibuerant
2388 4550 2772 4611 severitatem,
2830 4566 2945 4604 non
2974 4549 3273 4617 damnant,
3318 4552 3517 4603 contra
3550 4563 3684 4601 vero

1983 4641 2318 4714 praedicant,
2364 4639 2623 4705 fatentes,
2671 4638 2785 4693 nisi
2830 4654 2898 4693 ea
2938 4636 3337 4708 praecessisset,
3389 4636 3685 4691 lenitatem

1984 4744 2098 4798 qua
2128 4726 2237 4797 ipsi
2263 4725 2629 4797 postmodum
2660 4724 2746 4778 usi
2781 4728 2935 4785 sunt,
2968 4724 3221 4779 futuram
3243 4722 3532 4779 inutilem.
3568 4723 3685 4778 Ro-

1984 4818 2139 4885 gant,
2180 4818 2243 4867 ut
2279 4813 2433 4884 quod
2478 4813 2689 4867 factum
2731 4829 2764 4867 a
2794 4828 2851 4866 se
2893 4811 3100 4880 fuerat,
3152 4811 3238 4866 illi
3275 4828 3379 4867 suo
3410 4810 3690 4882 suﬁ‘ragio‘

1984 4902 2361 4973 comprobent
2383 4918 2396 4969 ;
2429 4901 2733 4971 Leporium
2754 4899 3033 4971 recipiant
3051 4915 3157 4970 per
3182 4915 3348 4955 suam
3368 4899 3545 4971 ipsius
3565 4898 3684 4970 epi-

1984 4991 2210 5057 stolam,
2255 5006 2358 5047 seu
2402 4989 2663 5045 libellum
2708 4990 2780 5045 ad
2828 5005 2922 5044 eos
2970 4983 3221 5044 'missum
3268 4986 3683 5044 emendationis

1982 5079 2163 5151 ipsius
2192 5079 2363 5133 ﬁdem
2397 5079 2722 5146 facientem,
2765 5078 3251 5150 quemadmodum
3282 5077 3392 5150 ipsi
3420 5092 3524 5148 per
3551 5091 3681 5146 pm-

1984 5168 2290 5223 nitentiam
2318 5168 2482 5240 cujus
2508 5167 2717 5223 oculati
2745 5172 2918 5223 testes
2943 5171 3124 5234 erant,
3157 5166 3423 5221 eumdem
3447 5178 3679 5233 recepe-

1984 5262 2150 5326 rant;
2179 5257 2302 5329 ejus
2331 5257 2793 5313 emendationem
2830 5256 3097 5312 omnibus
3125 5255 3215 5326 iis,
3258 5253 3465 5326 quibus
3501 5250 3683 5307 oﬁ'en-

1985 5347 2206 5402 sionem
2263 5346 2518 5417 ejusdem
2574 5346 2743 5417 culpa
2805 5345 3143 5412 incusserat,
3214 5340 3558 5412 signiﬁcent,
3614 5355 3680 5395 ac

1985 5436 2273 5508 responsis
2292 5436 2437 5491 datis
2463 5435 2760 5507 gaudium,
2785 5434 2939 5505 quod
2960 5449 3028 5487 ex
3055 5432 3307 5485 fraterna
3329 5427 3685 5484 correctione

1989 5525 2264 5597 ceperint,
2297 5541 2490 5581 secum
2527 5522 2968 5580 communicent.
3016 5520 3225 5575 Eorum
3255 5533 3315 5572 se
3357 5521 3685 5590 exspectare
