4062 6396
389 291 483 343 551

387 425 750 477 consensum,
784 412 844 463 ut
870 407 955 462 illi
979 408 1466 476 communionem,
1491 424 1604 479 qua
1630 407 1886 478 privatus
1907 407 1976 461 ab
2000 408 2081 461 eis

384 498 587 565 fuerat,
647 497 970 564 restituant,
1030 496 1269 550 minime
1327 496 1650 568 signiﬁcant
1698 513 1709 550 :
1752 497 1847 551 sed
1888 502 2086 551 contra

385 585 643 640 absolute
685 584 882 640 dicunt
927 585 1194 639 eumdem
1226 601 1259 638 a
1302 601 1360 638 se
1400 584 1574 638 fuisse
1628 589 1945 655 receptum,
1976 584 2084 637 rati

384 672 560 727 dubio
584 674 806 744 procul,
838 673 1065 744 quando
1094 673 1140 726 is
1166 690 1366 744 pravas
1398 673 1698 743 opiniones
1728 674 1800 727 ob
1831 690 1970 744 quas
2000 673 2082 727 in-

383 764 638 816 currerat
682 762 1068 816 damnationis
1115 779 1367 833 pmnam,
1421 763 1760 832 ejuraverat,
1809 778 1869 815 se
1917 778 2081 832 posse

383 850 541 905 illam
569 851 909 905 sententiam
938 852 1159 918 tollere,
1190 868 1293 906 nec
1316 868 1449 905 eum
1475 868 1596 905 esse
1619 852 1688 905 ad
1712 850 1925 921 primos
1950 867 2082 903 suos

375 939 599 1009 judices
644 940 1077 994 remittendum.
1117 941 1192 994 Ex
1237 940 1407 1010 hujus
1448 940 1698 1009 epistolae
1731 940 1860 993 stilo
1892 940 2083 991 censet

379 1028 620 1082 Iacobus
656 1028 994 1083 Sirmundus
1025 1045 1152 1083 eam
1185 1028 1253 1082 ab
1288 1027 1607 1099 Augustino
1639 1027 1905 1082 dictatam
1937 1042 2076 1079 esse.

453 1120 507 1172 ὅ.
531 1117 803 1172 Omnium
830 1116 929 1189 qui
952 1117 1021 1171 ab
1047 1116 1370 1187 Augustino
1394 1121 1777 1171 retractantur
1802 1114 2079 1169 librorum

385 1206 612 1274 seriem,
644 1211 708 1261 ut
756 1207 879 1277 jam
909 1206 1354 1273 observavimus,
1387 1204 1601 1260 claudit
1640 1204 1783 1259 liber
1821 1204 1892 1258 de
1948 1204 2081 1257 Cor-

380 1294 640 1366 reptione
690 1299 746 1349 et
792 1294 1002 1350 Gratia.
1055 1295 1190 1349 Inde
1246 1311 1380 1348 vero
1422 1311 1536 1348 non
1579 1299 1792 1348 temere
1829 1292 2079 1363 colligas,

381 1386 535 1439 hunc
564 1385 777 1439 librum
805 1388 862 1439 et
904 1383 1396 1439 Retractationum
1439 1399 1583 1454 opus
1614 1398 1728 1436 uno
1763 1381 2079 1452 eodemque

379 1472 798 1544 propemodum
844 1477 1105 1543 tempore
1143 1472 1392 1542 perfecta
1422 1471 1612 1537 fuisse,
1646 1471 1751 1525 sub
1781 1471 1957 1524 ﬁnem
1995 1470 2078 1523 vi-

379 1561 584 1616 delicet
611 1561 750 1615 anni
779 1560 1332 1631 quadringentesimi
1364 1559 1626 1631 vigesimi
1655 1557 1905 1630 septimi.
1939 1560 2081 1613 Nam

379 1649 486 1705 etsi
510 1650 654 1703 liber
682 1649 777 1703 ille
807 1649 867 1702 in
907 1649 1099 1703 Galliis
1146 1653 1277 1702 ante
1320 1648 1471 1703 visus
1514 1649 1605 1714 sit,
1652 1664 1825 1719 quam
1852 1652 2080 1701 sanctus

380 1739 584 1792 Doctor
613 1737 1060 1792 Retractatioues
1092 1737 1319 1791 easdem
1353 1738 1674 1806 vulgasset;
1710 1738 1857 1791 hanc
1885 1740 2079 1790 tamen

378 1826 853 1889 lucubrationem,
905 1825 1189 1897 siquidem
1238 1825 1414 1879 libros
1464 1829 1661 1879 contra
1707 1824 2078 1880 Maximinum

378 1932 526 1971 anno
549 1914 1113 1987 quadringentesimo
1134 1913 1409 1984 vigesimo
1434 1918 1629 1968 octavo
1650 1914 1936 1968 confectos
1960 1930 2077 1968 non

375 2004 824 2074 comprehendit,
856 2020 1026 2057 nemo
1058 2003 1345 2075 putaverit
1373 2003 1697 2057 absolutam
1738 2004 1917 2057 multo
1948 2006 2078 2073 post

377 2097 635 2146 exactum
665 2091 1017 2162 superiorem
1049 2107 1263 2145 annum
1298 2108 1311 2145 :
1346 2108 1535 2162 neque
1566 2091 1740 2145 etiam
1778 2090 1877 2145 diu
1927 2092 2072 2144 mul-

376 2185 552 2251 toque
600 2184 758 2248 ante,
807 2179 1021 2251 quippe
1052 2195 1182 2233 cum
1228 2179 1290 2234 in
1337 2178 1482 2233 libro
1514 2179 1583 2233 de
1616 2178 1881 2233 Doctrina
1924 2177 2074 2233 chri-

374 2268 559 2323 stiana
586 2272 810 2339 quarto,
837 2283 1009 2338 quem
1031 2271 1152 2321 tum
1175 2267 1325 2333 fecit,
1359 2283 1489 2322 cum
1512 2268 1828 2321 secundum
1859 2267 2072 2321 librum

376 2356 864 2411 Retractationum
893 2355 983 2409 vix
1025 2355 1336 2426 inceperat,
1370 2356 1558 2409 tradat
1588 2355 1941 2426 Augustinus
1966 2372 2069 2409 an-

376 2460 479 2498 nos
508 2445 688 2498 ferme
732 2448 860 2497 octo
892 2444 977 2496 vel
1006 2442 1255 2514 amplius
1302 2442 1610 2510 efﬂuxisse,
1650 2459 1715 2497 ex
1745 2459 1859 2515 quo
1890 2443 2073 2497 Cmsa-

377 2548 535 2586 ream
559 2548 755 2586 mense
783 2531 1093 2601 septembri
1119 2530 1255 2586 anni
1285 2536 1414 2602 post
1439 2530 2072 2602 quadringentesimum

378 2619 584 2675 decimi
612 2619 792 2674 octavi
815 2620 1077 2690 petierat.
1109 2619 1462 2690 Augustinus
1484 2620 1826 2690 jamdudum
1857 2636 2070 2691 propo-

373 2712 582 2771 suerat,
642 2725 772 2762 suos
826 2724 1024 2762 omnes
1071 2708 1268 2775 libros,
1342 2708 1608 2779 epistolas
1667 2725 1731 2762 ac
1779 2724 2074 2763 sermones

373 2797 625 2852 adhibita
658 2796 869 2868 judicis
925 2796 1220 2851 severitate
1272 2814 1602 2865 recensere;
1638 2813 1859 2852 necnon
1902 2797 2074 2868 rigidi

371 2886 622 2940 censoris
650 2885 849 2952 instar,
876 2885 1153 2958 quidquid
1182 2886 1244 2940 in
1263 2885 1374 2940 illis
1393 2886 1933 2956 reprehendendum
1965 2902 2071 2956 pu-

369 2981 531 3043 taret,
568 2976 839 3048 opusculo
869 2977 939 3031 ad
990 2977 1099 3031 hoc
1138 2976 1329 3047 ipsum
1359 2977 1620 3032 instituto
1651 2976 1917 3047 colligere
1949 2979 2070 3044 (Re~

370 3069 755 3121 tractationum
798 3066 1041 3135 prologo,
1069 3081 1124 3120 n.
1185 3069 1232 3136 1)
1280 3081 1293 3119 :
1340 3081 1443 3119 nec
1474 3081 1608 3119 sane
1659 3081 1843 3135 pauca
1886 3068 2070 3130 erant,

370 3168 498 3223 quae
543 3170 576 3207 a
619 3170 675 3209 se
725 3153 873 3208 dicta
910 3153 1186 3223 scriptave
1236 3153 1531 3207 noluisset.
1578 3152 1901 3207 Marcellino
1949 3152 2069 3222 jam

368 3241 501 3295 inde
542 3241 612 3294 ab
656 3257 807 3294 anno
848 3240 1415 3312 quadringentesimo
1461 3239 1800 3294 duodecimo
1831 3241 2070 3294 testaba-

366 3334 481 3395 tur,
528 3333 725 3400 optare
773 3344 831 3383 se
876 3333 941 3382 ut
985 3328 1316 3383 incumbere
1351 3328 1486 3382 huic
1526 3327 1708 3382 labori
1741 3327 1847 3382 sibi
1875 3328 2072 3385 liceret

370 3420 565 3486 (Epist.
618 3419 739 3480 143,
790 3431 884 3471 nn.
939 3420 992 3484 2,
1047 3416 1132 3487 3);
1192 3433 1305 3488 quo
1363 3416 1553 3487 palam
1603 3416 1832 3483 faceret,
1895 3432 2068 3487 quam

368 3521 485 3559 non
516 3509 661 3559 esset
683 3509 944 3576 acceptor
972 3520 1231 3577 personas
1262 3521 1401 3559 suae.
1440 3504 1619 3574 Igitur
1650 3504 1899 3558 indicem
1936 3521 2067 3575 per-

366 3594 547 3648 texuit
572 3594 848 3649 librorum
888 3610 1142 3661 suorum,
1177 3611 1317 3665 quos
1347 3593 1555 3648 idcirco
1585 3593 1900 3648 secundum
1932 3598 2067 3647 mta-

365 3686 482 3737 tem
512 3682 788 3754 cujusque
818 3682 1128 3750 ordinavit,
1155 3688 1215 3737 ut
1244 3682 1292 3736 si
1320 3682 1530 3755 quibus
1560 3683 1811 3754 placeret
1840 3683 2069 3737 eosdem

365 3787 428 3825 ex
460 3771 556 3825 illa
592 3771 736 3826 serie
782 3772 1063 3839 evolvere,
1099 3772 1389 3843 quomodo
1422 3771 1723 3826 scribendo
1754 3771 1877 3841 ipse
1933 3788 2064 3843 pro-

362 3860 578 3927 fecerit,
618 3860 1073 3916 animadvertere
1117 3863 1374 3916 valerent
1428 3862 1909 3932 (Retractationum
1934 3877 2067 3931 pro-

292 3976 302 3984 -
365 3952 502 4020 logo,
531 3966 587 4005 n.
626 3951 697 4019 3).
738 3952 1025 4020 Propterea
1070 3966 1211 4004 nunc
1256 3952 1403 4017 facio
1438 3951 1623 4017 libros,
1654 3949 1752 4017 ait,
1785 3952 1843 4003 in
1869 3951 2066 4018 quibus

362 4040 619 4109 opuscula
648 4055 767 4094 mea
795 4039 1146 4093 retractanda
1184 4041 1415 4107 suscepi,
1447 4043 1507 4092 ut
1542 4054 1635 4092 nec
1674 4054 1755 4092 me
1801 4041 1981 4106 ipsum
2005 4041 2064 4093 in

361 4129 607 4183 omnibus
674 4143 757 4181 me
813 4133 1049 4181 secutum
1100 4129 1273 4193 fuisse
1338 4127 1723 4191 demonstrem;
1774 4126 1868 4179 sed
1919 4143 2056 4195 pro-

360 4216 605 4287 ﬁcienter
662 4230 744 4270 me
796 4218 1045 4269 emistimo
1091 4217 1196 4269 Deo
1251 4218 1542 4268 miserante
1603 4216 1903 4283 scripsisse,
1957 4231 2064 4269 non

364 4310 540 4358 tamen
605 4319 640 4357 a
700 4305 1026 4372 perfectione
1095 4305 1348 4371 coepisse;
1419 4303 1856 4372 quandoquidem
1908 4319 2062 4358 arro-

361 4394 582 4460 gantius
619 4393 828 4461 loquor,
876 4406 1039 4461 quam
1096 4393 1298 4457 verius,
1354 4392 1404 4444 si
1454 4392 1538 4445 vel
1583 4408 1725 4445 nunc
1780 4391 1921 4459 dico,
1980 4409 2061 4447 me

360 4480 436 4534 ad
479 4481 858 4550 perfectionem
924 4481 1042 4534 sine
1105 4480 1215 4534 ullo
1286 4495 1465 4534 errore
1519 4479 1793 4534 scribendi
1842 4481 1963 4550 jam
2004 4484 2060 4535 in

359 4570 470 4622 ista
506 4572 663 4622 aetate
706 4568 932 4622 venisse.
981 4567 1088 4622 Sed
1129 4568 1352 4621 interest
1381 4571 1645 4637 quantum
1694 4569 1833 4622 etin
1863 4569 2058 4636 quibus

358 4657 517 4712 rebus
590 4662 832 4724 erretur;
909 4662 959 4713 et
1023 4673 1187 4727 quam
1253 4659 1418 4726 facile
1495 4660 1723 4727 quisque
1795 4661 2054 4727 corrigat,

358 4747 441 4801 vel
484 4751 692 4816 quanta
750 4750 1062 4816 pertinacia
1125 4763 1284 4802 suum
1343 4748 1629 4813 defendere
1694 4754 1910 4802 conetur
1965 4765 2057 4802 er-

357 4850 548 4888 rorem.
602 4836 760 4888 Bonae
798 4837 1000 4904 quippe
1045 4837 1163 4904 spei
1206 4840 1286 4889 est
1336 4836 1508 4901 homo,
1550 4838 1602 4890 si
1647 4851 1765 4890 eum
1805 4838 1881 4890 sic
1923 4852 2055 4906 pro-

357 4926 619 4993 ﬁcientem
648 4923 762 4977 dies
790 4924 1014 4979 ultimus
1039 4927 1167 4979 vitae
1188 4925 1350 4994 hujus
1379 4926 1662 4990 invenerit,
1694 4930 1756 4980 ut
1785 4924 2057 4995 adjician-

356 5017 447 5066 tur
474 5014 542 5080 ei,
581 5027 699 5082 quae
728 5014 1036 5082 proﬁcienti
1069 5013 1396 5083 defuerunt;
1434 5018 1485 5068 et
1506 5015 1863 5084 perﬁcimidus
1891 5030 2055 5083 quam

348 5100 659 5171 puniendus
700 5103 884 5170 potius
929 5100 1209 5170 judicetur
1269 5101 1368 5170 (De
1420 5104 1565 5156 Dono
1617 5105 2050 5171 perseverantia,

354 5206 407 5244 η.
462 5193 568 5255 55).
620 5188 816 5244 Eidem
859 5189 1113 5260 catalogo
1168 5188 1417 5243 inserere
1462 5189 1643 5244 voluit
1688 5206 1783 5244 eas
1823 5206 2051 5261 quoque

353 5278 881 5346 commentationes,
919 5293 1061 5350 quas
1105 5280 1234 5348 post
1276 5276 1709 5331 conversionem
1742 5278 1930 5334 adhuc
1957 5295 2049 5333 ca-

352 5366 724 5422 techumenus
749 5364 1027 5437 ediderat,
1068 5381 1135 5421 eo
1168 5365 1319 5436 quod
1348 5364 1562 5436 publici
1594 5365 1740 5437 juris
1763 5365 1926 5421 facta:
1956 5382 2048 5421 es-

353 5458 499 5517 sent,
531 5471 635 5510 nec
677 5455 801 5511 sine
848 5456 1038 5510 fructu
1086 5455 1437 5525 legerentur,
1477 5453 1648 5508 modo
1689 5455 1953 5526 quaedam
1988 5455 2048 5509 in

350 5542 465 5597 illis
494 5547 681 5599 errata
727 5548 1151 5612 excusarentur,
1182 5548 1281 5599 aut
1317 5543 1517 5599 saltem
1554 5559 1671 5598 non
1706 5548 2048 5614 putarentur

1628 285 1784 338 VITA
1822 283 1878 339 S.
1918 283 2297 339 AUGUSTINI
2337 282 2666 338 EPISCOPI.

3800 284 3911 337 552

2196 406 2591 477 amplectenda
2622 406 3103 473 (Retractationum
3137 403 3381 473 prologo,
3409 418 3465 458 η.
3500 403 3576 474 3).
3622 406 3913 458 Accurate

2196 495 2253 550 in
2303 495 2541 566 singulis
2594 494 2914 565 quibusque
2959 492 3247 564 operibus,
3306 508 3434 564 quae
3464 493 3552 546 vel
3604 507 3665 545 se
3708 491 3912 562 ipsum

2192 585 2569 651 offenderent,
2626 584 2713 637 vel
2769 583 2909 637 alios
2965 582 3254 636 offendere
3326 586 3581 652 possent,
3638 581 3911 645 adnotat,

2189 673 2529 728 illustrando
2561 674 2715 727 locos
2735 672 3003 727 obscuros
3032 688 3095 725 ac
3112 671 3297 743 pravis
3322 671 3912 743 interpretationibus

2190 762 2462 816 obnoxios
2492 764 2688 832 (Epist.
2738 762 2864 828 224,
2912 777 2957 815 c.
2992 760 3093 831 2);
3151 765 3207 815 et
3237 760 3580 832 corrigendo
3611 760 3911 832 quidquid

2189 852 2257 905 ab
2288 851 2663 905 ecclesiastica
2706 850 2907 921 regula
2932 849 3184 903 alienum
3232 849 3451 920 putavit
3478 850 3815 920 (Possidius,
3844 852 3909 904 in

2193 942 2319 996 Vita
2348 941 2666 1008 Augustini,
2695 955 2746 993 e.
2780 940 2866 1006 28)
2906 954 2964 992 se
3008 938 3119 992 illis
3149 942 3272 992 tum
3304 937 3708 1005 immiscuisse,
3766 954 3909 993 cum

2188 1028 2447 1083 Ecclesia:
2493 1044 2658 1082 usum
2686 1027 2769 1081 vel
2810 1026 3127 1082 doctrinam
3162 1026 3407 1081 necdum
3449 1026 3585 1081 satis
3622 1032 3779 1083 esset
3813 1043 3906 1082 as-

2188 1123 2433 1171 secutus.
2473 1115 2811 1170 Faciendum
2858 1115 2965 1169 sibi
3010 1115 3253 1186 putavit,
3303 1115 3532 1186 quando
3581 1132 3648 1169 ex
3680 1120 3773 1170 tot
3809 1116 3903 1170 lu—

2188 1204 2589 1259 cubrationum
2621 1220 2854 1259 suarum
2884 1203 3158 1274 exemplis
3190 1203 3354 1269 nazvi,
3385 1204 3487 1274 qui
3517 1203 3903 1275 irrepserunt,

2188 1293 2440 1364 expungi
2472 1310 2588 1348 non
2635 1298 2884 1365 possent,
2924 1297 2989 1347 ut
3039 1308 3240 1346 eorum
3294 1292 3634 1347 admoneret
3691 1310 3907 1348 omnes

2188 1381 2474 1451 homines,
2508 1386 2677 1452 atque
2708 1382 2784 1436 ita
2815 1397 2873 1435 se
2914 1380 3030 1452 ipse
3062 1381 3167 1435 sub
3210 1380 3485 1451 magistro
3526 1397 3642 1435 uno
3665 1381 3902 1452 judica-

2185 1476 2290 1538 rct,
2324 1471 2485 1541 cujus
2528 1471 2596 1525 de
2643 1470 3053 1525 offensionibus
3094 1467 3379 1539 judicium
3408 1469 3649 1523 evadere
3707 1486 3889 1541 cupe-

2187 1565 2275 1613 ret
2325 1560 2813 1628 (Itetractationum
2855 1559 3099 1628 prologo,
3157 1574 3251 1612 nn.
3307 1561 3362 1623 2,
3424 1558 3492 1627 3).
3555 1559 3631 1613 Eo
3687 1558 3901 1613 ductus

2187 1647 2447 1714 consilio,
2511 1646 2793 1718 quidquid
2842 1645 3107 1700 homines
3160 1661 3367 1716 parum
3424 1645 3638 1701 cordati
3685 1647 3900 1702 dicturi

2187 1740 2368 1799 erant,
2403 1735 2569 1789 nihili
2599 1735 2751 1789 fecit.
2812 1736 2956 1788 Nam
3013 1735 3081 1788 de
3136 1734 3517 1804 prudentibus
3566 1734 3625 1789 id
3669 1741 3897 1790 certum

2187 1824 2657 1895 exploratumque
2707 1824 2969 1887 habebat,
3005 1840 3102 1877 eos
3132 1822 3243 1877 sibi
3288 1822 3429 1877 vitio
3459 1838 3759 1895 nunquam
3790 1825 3898 1880 da-

2185 1918 2364 1980 turos,
2401 1913 2555 1984 quod
2586 1928 2806 1967 errores
2836 1928 2968 1966 suos
2997 1911 3206 1966 humili
3236 1911 3515 1967 modestia
3542 1912 3889 1983 corrigeret,

2185 2018 2315 2056 cum
2350 2002 2419 2056 ad
2468 2001 2878 2071 perfectionem
2931 2000 3200 2055 humanis
3254 2000 3471 2055 viribus
3528 2002 3895 2073 superiorem

2185 2090 2293 2145 sibi
2322 2107 2438 2145 non
2465 2090 2718 2145 licuisset
2766 2089 3086 2161 pervenire,
3137 2093 3204 2144 ut
3245 2089 3461 2144 scilicet
3489 2106 3775 2162 nusquam
3810 2091 3895 2146 la-

2184 2179 2418 2233 beretur
2444 2179 2638 2248 (Epist.
2689 2179 2809 2245 143,
2850 2194 2944 2233 nn.
2976 2180 3029 2241 2,
3065 2177 3150 2249 3).
3188 2176 3447 2232 Primum
3480 2178 3692 2234 librum
3749 2196 3886 2235 san-

2183 2270 2305 2320 ctus
2336 2268 2539 2320 Doctor
2576 2283 2644 2320 ex
2673 2265 2743 2320 iis
2771 2266 3114 2337 composuit,
3148 2282 3277 2338 quas
3307 2271 3440 2321 ante
3463 2267 3891 2339 episcopatum;

2183 2354 2499 2409 secundum
2524 2371 2679 2422 vero,
2717 2371 2786 2410 ex
2816 2354 2886 2408 iis
2916 2370 3045 2426 quas
3085 2354 3209 2425 jam
3254 2354 3553 2427 episcopus
3604 2356 3889 2411 ediderat.

2185 2444 2260 2497 Ea
2289 2443 2507 2497 ratione
2536 2442 2814 2514 comperit
2862 2444 3130 2515 (namque
3176 2444 3451 2499 hactenus
3477 2444 3621 2499 illud
3649 2445 3893 2516 ignora-

2182 2536 2340 2586 verat
2370 2530 2564 2603 (Epist.
2602 2534 2726 2599 224,
2776 2549 2831 2587 η.
2883 2533 2955 2603 2])
3002 2548 3061 2586 se
3109 2547 3284 2603 opera
3311 2532 3631 2604 nonaginta
3672 2533 3788 2588 tria
3829 2533 3893 2587 in

2183 2619 2343 2675 libris
2398 2620 2654 2675 ducentis
2708 2620 2941 2692 triginta
2995 2621 3217 2676 duobus
3273 2621 3570 2698 in‘lucem
3624 2621 3891 2676 emisisse

2184 2710 2663 2778 (Retractationum
2694 2709 2787 2764 lib.
2820 2713 2875 2776 2,
2908 2726 3027 2779 cap.
3076 2712 3182 2777 67).
3220 2711 3372 2765 Duos
3399 2711 3569 2765 hosce
3597 2710 3781 2765 libros
3827 2716 3893 2766 ut

2182 2802 2311 2851 ante
2339 2798 2554 2868 publici
2591 2797 2736 2867 juris
2775 2798 3004 2866 faceret,
3053 2815 3227 2870 quam
3257 2800 3524 2871 epistolas
3554 2816 3619 2853 ac
3666 2817 3891 2855 sermo-

2181 2900 2282 2938 nes
2327 2901 2460 2939 suos
2511 2885 2905 2951 recensuisset,
2963 2902 2995 2939 a
3050 2884 3323 2940 fratribus
3373 2886 3483 2941 fuit
3527 2888 3886 2959 compulsus.

2180 2973 2464 3028 Possidius
2512 2978 2754 3028 testatur
2808 2973 3043 3028 titulum
3096 2973 3209 3028 illis
3264 2974 3514 3029 inditum
3571 2974 3770 3041 fuisse,
3815 2980 3891 3030 De

2179 3065 2495 3117 Recensione
2558 3063 2819 3117 librorum
2867 3062 3183 3133 (Possidius,
3254 3065 3313 3118 in
3377 3066 3504 3119 Vita
3553 3064 3889 3131 Augustini,

2179 3167 2223 3205 c.
2263 3151 2371 3220 9.8).
2405 3153 2812 3207 Verumtamen
2841 3168 2972 3206 cum
3015 3152 3354 3207 eorumdem
3384 3151 3652 3207 meminit
3678 3156 3887 3225 Augu-

2177 3239 2377 3307 stinus,
2409 3245 2470 3294 ut
2499 3240 2815 3310 plurimum
2845 3242 3015 3296 verbo
3059 3241 3383 3295 Retractare
3437 3241 3640 3297 utitur.
3676 3243 3885 3313 Itaque

2177 3327 2344 3383 hodie
2397 3332 2822 3385 Retractationes
2872 3329 3264 3385 inscribuntur
3306 3329 3484 3384 iidem
3530 3329 3685 3398 libri,
3739 3348 3888 3403 quo-

2178 3418 2347 3472 modo
2395 3419 2549 3489 apud
2603 3418 2919 3490 ipsummet
2979 3418 3387 3489 Augustinum,
3447 3423 3502 3474 et
3557 3421 3885 3476 secundum

2177 3523 2308 3561 eum
2342 3507 2497 3577 apud
2540 3492 2884 3579 Prosperum
2930 3511 2987 3562 et
3034 3507 3434 3562 Cassiodorum
3465 3500 3765 3578 incriptos.
3792 3526 3884 3564 re-

2176 3596 2387 3667 perias.
2428 3596 2539 3652 Sed
2570 3613 2704 3651 cave
2733 3613 2808 3652 ne
2850 3613 3043 3652 vocem
3074 3598 3222 3652 hanc
3266 3597 3420 3652 idem
3448 3613 3650 3652 sonare
3709 3603 3884 3669 puta-

2175 3685 2344 3749 veris,
2408 3686 2564 3756 quod
2626 3685 2998 3757 palinodiam,
3063 3692 3130 3741 ut
3193 3686 3410 3753 dicunt,
3473 3702 3680 3741 canere
3722 3703 3736 3742 :
3782 3687 3885 3742 illa

2176 3773 2391 3845 quippe
2423 3773 2575 3844 apud
2601 3773 2985 3844 Augustinum
3014 3773 3227 3845 passim
3249 3789 3545 3829 recensere
3577 3791 3641 3829 ac
3672 3791 3882 3830 secun-

2175 3863 2308 3916 dam
2369 3878 2565 3916 curam
2627 3862 2897 3916 adhibere
2951 3861 3252 3933 signiﬁcat.
3310 3863 3375 3916 Et
3421 3861 3607 3932 reipsa
3660 3868 3885 3933 quanta

2173 3955 2388 4021 quanta
2445 3951 2746 4005 severitate
2802 3951 2949 4005 hanc
2991 3955 3250 4006 exerceat
3298 3966 3619 4017 censuram,
3658 3949 3722 4004 in
3770 3952 3882 4006 hoc

2171 4039 2351 4092 ferme
2378 4043 2704 4109 occupatur,
2730 4043 2790 4093 ut
2821 4043 3074 4094 mentem
3105 4056 3268 4095 suam
3293 4039 3530 4111 aperiat,
3576 4039 3884 4110 provideat

2172 4143 2242 4180 ne
2275 4127 2333 4180 in
2359 4126 2682 4198 sequiorem
2712 4142 2943 4183 sensum
2969 4128 3143 4182 verba
3173 4127 3438 4200 quaedam
3468 4128 3638 4199 paulo
3663 4127 3880 4183 obscu-

2169 4215 2322 4269 riora
2351 4216 2721 4287 accipiantur,
2751 4222 2850 4271 aut
2868 4217 3135 4271 emendet
3153 4216 3266 4271 alia
3288 4216 3604 4283 nonnulla;
3637 4216 3879 4271 interim

2169 4321 2445 4371 errorem,
2502 4305 2564 4358 in
2622 4321 2796 4376 quem
2844 4305 3148 4377 .inciderit,
3225 4306 3451 4361 nullum
3535 4309 3875 4373 retractans,

2165 4398 2377 4464 praeter
2426 4393 2969 4469 Semipelagianum,
3023 4410 3094 4449 ne
3146 4409 3319 4466 quem
3371 4393 3519 4448 forte
3557 4392 3880 4450 deterreret

2167 4482 2289 4551 ejus
2343 4480 2703 4535 observantia
2751 4486 2807 4535 et
2862 4481 3221 4549 existimatio,
3281 4482 3592 4554 quominus
3645 4483 3755 4537 hac
3812 4484 3880 4539 in

2165 4574 2325 4640 parte
2363 4586 2397 4623 a
2425 4569 2705 4625 sententia
2728 4569 2906 4641 ipsius
2954 4571 3287 4626 discederet.
3320 4570 3477 4625 Idem
3528 4570 3653 4641 ipse
3680 4571 3878 4626 varios

2165 4675 2229 4713 ex
2261 4659 2382 4714 istis
2421 4659 2644 4714 duobus
2668 4659 2827 4713 libris
2855 4661 3126 4730 producit
3153 4661 3324 4726 locos,
3368 4659 3467 4713 ubi
3506 4674 3766 4714 errorem
3797 4659 3877 4713 il-

2163 4748 2305 4814 lum,
2336 4746 2397 4802 in
2451 4763 2625 4820 quem
2677 4752 2807 4802 ante
2863 4748 3257 4820 episcopatum
3305 4749 3496 4819 lapsus
3542 4747 3732 4802 fuerat
3758 4750 3875 4803 ab-

2156 4835 2407 4907 jurabat.
2441 4836 2710 4891 Sanctum
2741 4837 3037 4891 Doctorem
3066 4836 3425 4917 recensendis
3444 4835 3562 4891 suis
3591 4837 3873 4907 operibus

2163 4924 2462 4993 desudare,
2520 4925 2695 4980 etiam
2749 4924 3087 4997 priusquam
3139 4927 3246 4981 hac
3316 4925 3387 4980 de
3425 4942 3490 4981 re
3542 4925 3877 4997 quidquam

2162 5015 2447 5084 edidisset,
2489 5014 2779 5070 ferebatur
2800 5014 2862 5069 in
2900 5015 3133 5082 Galliis;
3164 5019 3222 5069 et
3264 5014 3427 5069 illum
3487 5013 3737 5069 Hilarius
3765 5015 3874 5070 ob-

2161 5103 2438 5172 secrabat,
2466 5107 2534 5158 ut
2562 5103 2661 5159 ubi
2689 5103 2944 5174 primum
2973 5119 3041 5158 ea
3084 5102 3341 5158 recensio
3369 5102 3432 5157 in
3478 5089 3665 5158 lucem
3694 5103 3871 5157 exiis-

2162 5196 2264 5260 set,
2298 5191 2445 5246 hanc
2499 5192 2573 5246 ad
2610 5208 2669 5247 se
2722 5192 2975 5247 mitteret
3023 5193 3218 5263 (Epist.
3277 5194 3403 5258 226,
3451 5207 3510 5245 n.
3566 5191 3669 5258 10).
3711 5189 3873 5254 Quo-

2157 5280 2307 5335 circa
2332 5281 2684 5351 Augustinus
2712 5281 2772 5336 in
2802 5297 2903 5336 suo
2929 5282 3002 5337 ad
3051 5280 3329 5335 Hilarium
3375 5295 3676 5352 responso,
3712 5295 3876 5334 eam-

2160 5368 2291 5429 dem
2321 5369 2393 5423 ab
2447 5385 2514 5423 eo
2567 5369 2813 5425 necdum
2842 5371 3048 5425 lectam
3090 5370 3285 5437 fuisse,
3335 5372 3400 5423 ut
3450 5372 3670 5423 certum
3699 5368 3879 5439 ponit

2160 5456 2255 5527 (De
2298 5459 2450 5513 Dono
2471 5460 2902 5528 perseverantiae,
2934 5475 2990 5514 n.
3021 5458 3132 5530 2'7).
3168 5460 3484 5529 Aggressus
3518 5460 3607 5510 est
3655 5455 3876 5511 deinde

2155 5544 2547 5600 recensionem
2592 5544 2963 5617 epistolarum
2992 5561 3247 5614 suarum,
3298 5561 3330 5600 e
3384 5544 3596 5618 quibus
3649 5544 3876 5611 multas
