4062 6382
138 338 233 388 333
1601 337 1810 396 LIBER
1851 340 2188 397 OCTAVUS.
3542 349 3644 403 554

131 461 245 525 jam
294 460 600 529 relegerat,
633 477 764 515 cum
801 477 935 517 eum
976 461 1324 533 respondere
1364 467 1489 517 octo
1524 462 1734 517 Juliani
1766 461 1839 517 li-

136 547 248 601 bris
279 547 539 618 oportuit
564 547 772 618 (Epist.
803 552 929 615 224,
958 566 1014 605 η.
1045 552 1117 618 2).
1149 550 1322 622 Atqui
1351 546 1424 605 ne
1450 555 1573 605 tum
1603 552 1837 623 quidem

138 636 412 705 laborem,
444 652 618 708 quem
652 637 864 709 oppido
911 639 1289 694 necessarium
1322 639 1635 710 judicabat,
1664 640 1838 694 inter-

113 724 336 779 ‘misit:
386 726 592 780 borum
644 742 887 796 operum
934 728 1101 782 alteri
1149 728 1322 793 diem,
1372 728 1535 783 alteri
1589 733 1837 795 noctem,

139 830 267 868 cum
307 829 424 868 non
456 812 612 868 aliud
641 815 874 885 majoris
913 816 1193 870 momenti
1229 817 1525 887 negotium
1571 818 1838 876 obstaret.

144 902 600 972 impertiebatur.
635 904 843 957 Verum
887 904 1185 974 quantovis
1226 908 1513 958 teneretur
1559 905 1842 959 desiderio

146 995 525 1046 memoratum
577 1007 720 1062 opus
758 984 1114 1062 perﬁciendi,
1148 992 1289 1047 illud
1339 998 1530 1046 tamen
1570 993 1840 1064 imperfe-

153 1085 301 1133 ctum
332 1080 658 1150 relinquere
682 1080 934 1150 primum
956 1080 1257 1134 Vandalico
1286 1080 1454 1147 bello,
1475 1080 1681 1135 dehinc
1711 1098 1842 1152 pro-

152 1168 275 1239 pria
319 1184 420 1221 sua
470 1172 654 1223 morte
715 1172 942 1222 coactus
998 1174 1101 1223 est.
1153 1168 1439 1224 Possidius
1492 1169 1647 1224 enim
1702 1170 1845 1224 duos

152 1260 373 1310 tantum
403 1256 890 1311 Retractationum
920 1256 1095 1311 libros
1128 1256 1397 1327 agnoscit.
1428 1256 1845 1327 Supplevithoc

152 1344 396 1415 quodam
445 1344 616 1398 modo
665 1343 819 1398 idem
864 1344 1149 1399 Possidius
1189 1361 1257 1398 eo
1294 1345 1560 1410 indiculo,
1595 1362 1768 1417 quem
1815 1362 1845 1399 e

153 1432 327 1486 sancti
367 1433 482 1486 Viri
524 1433 706 1496 libris,
734 1433 988 1503 epistolis
1026 1449 1091 1487 ac
1132 1434 1487 1488 sermonibus
1516 1433 1842 1501 contexuit;

152 1520 359 1591 quibus
402 1521 669 1575 omnibus
699 1537 982 1575 summam
1021 1521 1178 1575 mille
1208 1521 1442 1589 triginta
1471 1522 1845 1592 scriptionum

152 1610 353 1664 conlici
397 1608 678 1676 afﬁrmat;
707 1614 944 1678 exceptis
976 1612 1068 1677 iis,
1109 1611 1267 1664 addit
1296 1611 1412 1675 ille,
1448 1614 1545 1679 qui
1569 1613 1848 1665 numerari

149 1714 253 1752 non
302 1704 552 1768 possunt,
600 1701 733 1766 quia
777 1714 870 1752 nec
916 1715 1194 1753 numerum
1251 1700 1553 1765 designavit
1606 1701 1848 1768 ipsorum

154 1787 476 1855 (Possidius,
506 1790 564 1840 in
609 1788 884 1856 Indiculo,
928 1804 1047 1856 cap.
1086 1788 1189 1854 10).
1234 1788 1682 1842 Innumerabiles
1727 1804 1847 1841 esse

152 1876 303 1930 illius
350 1876 617 1947 epistolas
675 1892 740 1930 ac
787 1892 1076 1930 sermones
1130 1876 1322 1929 Victor
1368 1876 1608 1931 Vitcnsis
1655 1880 1850 1930 auctor

151 1970 233 2018 est
266 1966 360 2033 (De
385 1968 753 2020 Persecutione
788 1966 1063 2033 Vundal.,
1104 1965 1203 2021 lib.
1249 1969 1296 2030 ι,
1326 1980 1382 2019 n.
1417 1967 1486 2033 3).
1522 1966 1714 2036 Neque
1744 1966 1849 2019 hoc

128 2053 405 2123 profecto
446 2053 552 2107 sibi
598 2053 904 2125 quisquam
944 2069 1095 2124 aegre
1125 2053 1465 2123 persuadeat
1501 2053 1571 2107 de
1609 2054 1707 2107 illo
1741 2056 1851 2106 An-

151 2142 350 2208 tistite,
383 2143 483 2212 qui
509 2145 660 2195 totos
691 2140 924 2211 triginta
951 2157 1133 2195 annos
1163 2140 1380 2195 oraculi
1407 2141 1531 2195 loco
1568 2141 1848 2195 universa.

155 2229 413 2284 Ecclesiae
451 2229 644 2284 latinas.
675 2228 811 2295 fuit;
844 2228 945 2299 qui
972 2227 1218 2283 aliorum
1245 2233 1445 2300 rogatu
1491 2245 1850 2300 quacumque

151 2320 283 2372 data
318 2317 612 2372 occasione
652 2317 822 2371 verba
859 2318 1042 2371 facere
1089 2317 1413 2387 compulsus
1443 2324 1528 2370 est
1554 2317 1848 2387 (Retracto-

156 2409 361 2461 tionum
410 2407 651 2477 prologo,
700 2421 758 2460 η.
808 2405 895 2474 2);
953 2404 1052 2475 qui
1112 2405 1359 2475 denique
1417 2405 1486 2460 ad
1540 2409 1851 2460 extremam

153 2512 336 2567 usque
382 2494 787 2566 aegritudinem
832 2493 1058 2548 assidue
1107 2494 1343 2547 verbum
1386 2494 1484 2548 Dei
1527 2494 1854 2564 praedicavit

151 2584 475 2654 (Possidius,
506 2585 566 2637 in
601 2585 728 2638 Vita
758 2585 1075 2650 Augustini,
1105 2598 1148 2636 c.
1184 2584 1291 2651 31).

224 2678 278 2730 ϐ.
338 2673 573 2728 Videtur
620 2671 904 2726 Possidius
959 2670 1220 2737 innuere,
1275 2672 1660 2742 Augustinum
1714 2672 1853 2726 illud

153 2760 345 2833 operis
373 2758 529 2830 quod
560 2760 852 2829 Speculum
882 2759 1189 2830 inscripsit,
1219 2759 1604 2829 composuisse
1634 2759 1857 2813 circiter

154 2851 310 2905 idem
340 2853 588 2920 tempus,
617 2864 730 2919 quo
761 2848 1204 2903 Retractationes
1230 2865 1380 2914 suas,
1412 2853 1467 2903 et
1490 2849 1662 2919 paulo
1695 2854 1855 2902 ante-

153 2954 332 3009 quam
377 2938 466 2991 vet
513 2936 920 2991 descenderent
969 2935 1031 2989 in
1076 2935 1347 3003 Africam,
1386 2936 1473 2991 vel
1515 2936 1857 3006 Hipponem-

154 3027 401 3097 Regium
450 3024 785 3079 accederent
832 3022 1072 3078 Vandali
1115 3024 1305 3092 (lbid.,
1332 3041 1376 3079 c.
1417 3025 1533 3094 28).
1584 3025 1658 3077 Ea
1699 3040 1854 3077 com-

152 3115 434 3170 mentatio
481 3117 701 3168 constat
765 3111 1043 3183 excerptis
1084 3128 1149 3166 ex
1196 3116 1443 3183 utroque
1498 3113 1855 3166 Testamento

154 3204 317 3270 locis,
347 3202 408 3257 in
450 3202 658 3273 quibus
701 3201 866 3256 nobis
903 3200 1118 3272 aliquid
1158 3217 1191 3255 a
1230 3202 1343 3255 Deo
1384 3200 1718 3271 praecipitur
1759 3205 1858 3255 aut

153 3292 526 3363 prohibetur:
549 3306 666 3345 non
698 3289 852 3343 enim
880 3294 1186 3361 propterea
1214 3288 1527 3360 composita
1555 3294 1658 3358 est,
1682 3294 1743 3343 ut
1763 3289 1858 3344 illa

152 3380 462 3447 discamus,
514 3395 643 3451 quae
685 3378 1089 3434 tantummodo
1147 3395 1253 3433 nos
1292 3382 1553 3449 oporteat
1596 3378 1858 3447 credere;

155 3485 347 3541 neque
376 3472 441 3524 ut
469 3472 867 3540 proponantur
884 3466 944 3521 in
967 3467 1177 3539 quibus
1197 3482 1351 3522 sacra
1382 3466 1628 3537 quadam
1658 3467 1858 3522 obscu-

153 3558 329 3612 ritate
378 3570 773 3626 exerceamur;
810 3571 1009 3610 verum
1057 3558 1122 3609 ut
1164 3555 1465 3626 praeceptis
1509 3554 1860 3626 simplicibus

154 3652 334 3718 atque
360 3662 391 3701 a
420 3645 737 3717 ﬁgurarum
769 3644 1063 3698 involucro
1093 3643 1308 3711 liberis,
1342 3659 1471 3714 quas
1510 3643 1706 3698 ﬁdeles
1735 3660 1857 3699 om-

154 3750 261 3788 nes
308 3750 533 3788 servare
579 3748 809 3787 necesse
858 3731 952 3798 sit,
1003 3732 1185 3787 nostri
1228 3732 1603 3786 instituantur
1647 3748 1856 3786 mores.

154 3825 317 3879 Hanc
355 3826 547 3877 autem
588 3820 980 3875 collectionem
1020 3836 1218 3874 eorum
1258 3820 1439 3890 gratia
1478 3820 1858 3888 concinnavit,

151 3911 259 3983 qui
285 3911 408 3982 jam
433 3910 748 3974 credentes,
777 3908 1153 3962 obedire'Dco
1173 3908 1405 3974 volunt;
1435 3907 1684 3961 maxime
1705 3922 1858 3973 vero,

151 3999 371 4071 quibus
411 4013 527 4052 non
557 3996 689 4050 licet
716 3996 913 4050 multae
944 3994 1175 4049 lectioni
1204 4010 1438 4065 operam
1474 3995 1629 4057 dare,
1658 4011 1772 4066 quo
1803 4011 1860 4047 se

94 4116 109 4125 π
147 4090 315 4159 ipsos
353 4085 414 4139 in
449 4101 517 4139 ea
553 4084 1020 4155 contemplantes.
1054 4082 1155 4137 ubi
1194 4083 1307 4137 Deo
1344 4086 1585 4153 pareant
1620 4087 1719 4137 aut
1746 4098 1862 4137 non

147 4178 422 4249 pareant,
440 4176 720 4245 quantum
733 4170 1081 4242 profecerint
1101 4170 1160 4225 in
1173 4170 1443 4241 operibus
1454 4170 1639 4236 bonis,
1657 4169 1861 4241 quidve

152 4263 269 4320 sibi
311 4262 499 4317 adhuc
545 4261 692 4317 desit
721 4261 791 4315 ad
832 4258 1265 4331 perfectionem,
1294 4258 1725 4329 deprehendant
1760 4275 1774 4313 :
1808 4261 1864 4311 et

153 4352 241 4407 sic
271 4349 380 4420 ipsi
412 4349 482 4404 de
521 4347 709 4410 bonis,
738 4362 867 4418 qua:
902 4345 962 4399 in
1005 4362 1064 4400 se
1098 4344 1623 4410 animadverterint,
1652 4343 1862 4415 gratias

153 4443 366 4511 agant;
396 4452 593 4493 omnes
622 4451 752 4489 suas
779 4450 944 4489 curas
969 4449 1034 4488 ac
1071 4449 1268 4504 preces
1297 4432 1369 4487 ad
1406 4448 1606 4487 eorum
1635 4447 1862 4486 conser-

154 4527 453 4584 vationem
494 4525 648 4582 ﬁdeli
696 4524 906 4596 pietate
947 4523 1242 4577 conferant
1287 4525 1342 4576 et
1384 4538 1583 4576 nervos
1621 4537 1753 4576 suos
1794 4520 1864 4575 ad

156 4634 250 4685 ea,
286 4615 497 4687 quibus
536 4630 595 4669 se
633 4614 933 4669 destitutos
966 4611 1232 4678 viderint,
1260 4611 1641 4681 comparanda
1676 4609 1863 4664 inten-

158 4707 327 4763 dant.
354 4705 419 4759 Et
442 4705 549 4758 hoc
577 4703 688 4758 fuit
715 4717 920 4767 causae,
950 4716 1053 4755 cur
1091 4700 1303 4756 eisdem
1333 4699 1611 4769 excerptis
1639 4697 1867 4769 Speculi

155 4793 401 4852 titulum
431 4791 792 4857 inscriberet;
824 4789 1033 4862 quibus
1059 4789 1334 4844 duntaxat
1359 4788 1563 4858 adjecit
1581 4785 1866 4857 praefatio-

156 4898 327 4953 nem,
366 4898 479 4953 qua
528 4879 753 4935 consilii
803 4879 891 4935 sui
937 4878 1220 4933 rationem
1271 4876 1476 4931 reddit.
1522 4877 1693 4930 Locos
1739 4874 1867 4928 illos

157 4971 483 5030 secundum
525 4968 787 5023 ordinem
828 4968 1109 5023 librorum
1146 4965 1450 5037 Scriptura:
1486 4964 1661 5019 refert
1692 4980 1705 5018 :
1736 4979 1867 5018 cum

158 5065 363 5118 autem
388 5058 537 5113 inter
550 5057 707 5128 ipsos
728 5056 993 5111 nonnulli
1020 5056 1321 5111 videantur
1342 5053 1449 5108 sibi
1470 5052 1715 5107 invicem
1735 5067 1865 5106 con-

159 5148 353 5216 trarii,
385 5148 488 5203 hos
518 5149 743 5200 sanctus
760 5144 1025 5212 Antistes,
1043 5147 1169 5215 post
1188 5142 1515 5198 absolutum
1539 5140 1865 5212 Speculum,

159 5234 588 5312 quaestionibus
632 5232 939 5305 propositis
979 5232 1373 5303 expositurum
1427 5247 1484 5285 se
1535 5228 1867 5284 conciliatu-

161 5341 418 5397 rumque
442 5324 763 5397 pollicetur.
796 5321 1271 5377 Lucubrationem
1298 5322 1447 5376 hanc
1474 5333 1758 5391 nusquam
1785 5316 1870 5371 in-

162 5414 399 5483 venias;
419 5413 538 5469 imo
558 5428 693 5468 vero
715 5427 841 5467 eam
862 5410 933 5465 ab
961 5410 1279 5481 Augustino
1298 5409 1531 5465 omnino
1555 5423 1674 5462 non
1699 5404 1869 5460 fuisse

163 5504 387 5562 editam
418 5502 552 5558 hinc
577 5501 836 5574 judicare
865 5503 970 5567 est,
1002 5498 1158 5570 quod
1185 5497 1474 5554 Possidius
1500 5497 1719 5552 nullam
1748 5495 1871 5565 ejus

167 5590 532 5648 mentionem
588 5590 742 5659 facit,
781 5587 1011 5644 tametsi
1065 5604 1138 5643 ne
1189 5587 1583 5659 praefationem
1641 5581 1871 5656 quidem

529 5690 803 5756 PATROI..
855 5686 1106 5754 XXXII.

1950 463 2190 534 Speculo
2219 465 2517 535 praeﬁxam
2552 468 2622 521 ab
2653 473 2881 523 auctore
2920 468 3148 522 silentio
3178 470 3537 539 praeterierit.

2586 556 2814 611 CAPUT
2863 558 3008 612 VIII.

1955 645 1975 695 t
2017 644 2328 710 Bonifacius
2377 645 2668 698 secundum
2695 661 2917 700 uxorem
2947 645 3117 712 ducit,
3151 652 3201 702 et
3228 651 3439 715 magnis
3463 654 3651 718 postea

2022 732 2423 787 calamitatibus
2467 736 2824 801 conflictatur.
2864 737 2897 787 2
2926 736 3131 789 Bellum
3162 738 3212 788 ei
3259 737 3401 790 hosti
3436 739 3653 807 imperii

2022 819 2293 874 declarato
2335 822 2594 887 infertur,
2636 825 2797 875 misso
2839 825 3106 877 Mavortia
3153 824 3382 892 aliisque
3428 827 3486 878 in
3532 841 3651 879 eum

2023 908 2267 963 ducibus.
2305 911 2335 962 3
2379 911 2721 977 Augustinus
2748 912 3092 977 Bonifacium
3129 928 3226 980 per
3255 913 3465 967 litteras
3492 917 3553 966 ut
3594 916 3653 966 in

2023 994 2265 1065 ofﬁcium
2294 997 2478 1050 redeat
2502 998 2847 1052 adhortatur.
2870 1001 2903 1052 4
2933 999 3269 1066 Segisvultus
3298 1002 3457 1069 ca'pti
3477 1003 3534 1054 in
3557 1002 3655 1055 Bo-

2022 1083 2287 1150 nifacium
2336 1084 2461 1138 belli
2504 1101 2690 1139 curam
2729 1088 2975 1155 suscipit.
3010 1092 3038 1141 ὅ
3072 1088 3376 1157 Effundunt
3413 1103 3467 1143 se
3509 1091 3652 1144 Van-

2026 1170 2144 1224 dali
2186 1173 2244 1224 in
2276 1173 2529 1239 Africam
2559 1175 2656 1227 Dei
2683 1179 2836 1234 nutu.
2871 1180 2931 1228 ut
2955 1177 3262 1244 puniantur
3286 1177 3406 1242 alii,
3439 1177 3541 1230 alii
3569 1192 3653 1231 co-

2023 1264 2298 1315 ronentur.
2332 1264 2363 1314 6
2394 1262 2602 1326 Africa:
2626 1278 2726 1331 per
2777 1263 3050 1317 Vandalos
3091 1266 3251 1330 ferox
3289 1269 3340 1319 et
3384 1264 3655 1318 horrenda

2026 1348 2392 1417 depopulotio.
2426 1352 2453 1401 Ἰ
2486 1349 2576 1403 An
2605 1351 2870 1419 episcopis
2897 1352 3053 1405 liceat
3081 1354 3139 1405 in
3167 1352 3477 1407 istiusmodi
3503 1353 3656 1406 cala-

2026 1437 2307 1491 mitatibus
2336 1438 2475 1504 fuga
2504 1438 2612 1490 sibi
2634 1440 2922 1493 consulere.
3618 1436 3633 1448 ’

2035 1527 2087 1577 1.
2124 1525 2445 1594 Antequam
2496 1525 2649 1579 hunc
2696 1542 2913 1580 annum
2959 1527 3308 1595 claudamus,
3343 1530 3652 1598 repetenda

1957 1616 2040 1664 est
2069 1611 2343 1665 Bonifacii
2371 1613 2594 1667 comitis
2622 1614 2888 1678 historia;
2922 1614 3023 1685 qui
3051 1631 3201 1669 nunc
3232 1615 3442 1669 mirum
3474 1631 3653 1685 quan-

1957 1704 2362 1755 tum‘mutatus
2391 1702 2461 1755 ab
2484 1702 2581 1756 illo
2605 1707 2710 1770 est,
2738 1704 2898 1773 cujus
2924 1708 3056 1756 ante
3080 1703 3297 1774 aliquot
3316 1719 3495 1756 annos
3524 1702 3655 1756 feci-

1958 1803 2088 1841 Inus
2128 1788 2500 1843 mentionem.
2539 1789 2793 1845 Diximus
2828 1790 2992 1844 illum
3023 1789 3083 1843 in
3112 1790 3299 1844 Africa
3327 1806 3478 1843 anno
3509 1806 3650 1860 qua-

1960 1876 2407 1946 dringentesimo
2447 1878 2667 1931 decimo
2696 1878 2938 1948 septimo
2968 1877 3027 1931 in
3057 1878 3207 1931 bello
3234 1877 3485 1948 gerendo
3516 1894 3652 1931 con-

1959 1969 2045 2018 tra
2072 1965 2347 2019 Barbaros
2376 1971 2736 2036 occupatum,
2760 1967 2827 2021 de
2850 1965 3178 2020 abdicandis
3208 1966 3475 2020 omnibus
3499 1966 3652 2038 cogi-

1962 2056 2136 2121 tasse;
2166 2057 2225 2107 at
2262 2053 2315 2107 ei
2356 2053 2702 2123 persuasisse
2741 2053 3122 2124 Augustinum
3163 2056 3331 2125 atque
3359 2054 3652 2125 Alypium,

1960 2146 2023 2195 ut
2062 2142 2124 2195 in
2173 2141 2396 2196 comitis
2442 2140 2680 2197 'munere
2724 2158 3112 2213 perseverans,
3154 2142 3257 2196 Dei
3300 2146 3355 2196 et
3395 2141 3653 2196 Ecclesia:

1961 2229 2152 2296 rebus,
2185 2229 2337 2301 quod
2366 2230 2621 2301 profecto
2650 2230 2906 2297 faciebat,
2942 2247 3177 2301 operam
3207 2231 3506 2303 praeberet,
3539 2246 3654 2283 ser-

1962 2334 2099 2371 vans
2127 2318 2360 2373 interim
2384 2318 2742 2389 propositum
2769 2319 2993 2374 colendi
3019 2320 3328 2390 perfectam
3358 2319 3656 2373 continen-

1964 2408 2122 2476 tiam,
2156 2425 2219 2463 ac
2248 2408 2391 2463 nihil
2435 2409 2505 2464 de
2533 2410 2777 2464 fortuna:
2808 2410 3122 2465 commodis
3162 2408 3259 2464 aut
3286 2409 3445 2463 vanis
3474 2410 3657 2463 hono-

1965 2496 2120 2551 ribus
2140 2496 2418 2568 augendis
2438 2497 2710 2552 sollicitus
2728 2498 2927 2568 (Epist.
2950 2500 3076 2567 220,
3103 2514 3161 2552 η.
3188 2500 3262 2568 3).
3296 2499 3348 2552 Is
3368 2496 3658 2552 Castinum

1964 2585 2023 2638 in
2055 2585 2353 2655 Hispanias
2381 2602 2532 2640 anno
2558 2586 2829 2657 vigesimo
2855 2586 3099 2651 secundo
3129 2591 3261 2656 post
3280 2585 3663 2657 quadringen-

1965 2673 2233 2727 tesimum
2273 2678 2516 2740 secutus,
2547 2674 2759 2729 ibidem
2791 2690 2921 2729 cum
2952 2674 3049 2728 illo
3082 2675 3351 2729 adversus
3380 2673 3663 2728 Vandalos

1965 2761 2311 2832 depugnavit
2349 2764 2612 2831 (Prosper,
2645 2764 2704 2815 in
2742 2762 3050 2832 Chronico);
3079 2778 3186 2816 nec
3224 2761 3483 2825 dubium,
3521 2760 3661 2832 quin

1969 2847 2230 2902 militaris
2271 2848 2393 2918 ejus
2427 2849 2635 2918 peritia
2670 2849 2958 2902 funestum
3002 2848 3238 2916 hujusce
3276 2848 3411 2901 belli
3448 2847 3661 2901 exitum

1968 2936 2277 3000 avertisset,
2311 2936 2423 2990 nisi
2453 2952 2725 3007 arrogans
2766 2936 3064 3006 ingenium
3110 2935 3321 2989 Castini
3365 2934 3660 2998 reveritus,

1966 3024 2027 3078 in
2054 3027 2288 3094 portum
2325 3024 2507 3091 Urbis,
2538 3041 2601 3078 ac
2633 3024 2763 3078 inde
2794 3023 2856 3077 in
2888 3023 3135 3078 Africam
3167 3040 3287 3078 sese
3322 3022 3653 3094 recepisset.

1967 3114 2206 3183 Prosper
2235 3116 2385 3166 certe
2425 3113 2730 3167 discessum
2762 3111 2923 3166 illum
2956 3111 3196 3182 imperio
3238 3111 3413 3165 fuisse
3455 3111 3662 3165 multa-

1968 3217 2098 3255 rum
2126 3200 2512 3255 calamitatum
2543 3205 2599 3255 et
2626 3201 2911 3255 malorum
2939 3200 3406 3271 subsequentium
3436 3198 3664 3253 initium

1968 3289 2160 3344 tradit.
2195 3290 2309 3344 Hoc
2345 3292 2538 3343 tamen
2568 3306 2685 3343 non
2728 3288 2807 3342 ita
2838 3288 3031 3342 statim
3067 3288 3332 3359 apparuit
3364 3304 3375 3342 :
3410 3303 3441 3342 e
3469 3291 3667 3341 contra

1967 3394 2096 3433 cum
2128 3377 2376 3432 Placidia
2403 3394 2555 3432 anno
2586 3376 3152 3448 quadringentesimo
3193 3376 3466 3447 vigesimo
3495 3374 3663 3430 tertio

1969 3466 2205 3521 ineunte
2234 3465 2788 3536 Constantinopolim
2812 3465 3115 3536 perfugere
3137 3471 3283 3519 esset
3305 3470 3530 3531 coacta;
3556 3464 3665 3518 Bo-

1970 3552 2231 3621 nifacius,
2262 3553 2413 3623 quod
2444 3552 2497 3607 ei
2542 3552 2695 3607 solus
2723 3551 2898 3606 ﬁdem
2944 3551 3268 3617 servaverit,
3302 3568 3368 3606 ac
3404 3566 3663 3606 necessa-

1970 3639 2116 3693 riam
2145 3638 2254 3710 ipsi
2280 3639 2586 3709 pecuniam
2615 3656 2681 3693 ex
2723 3639 2913 3693 Africa
2953 3638 3354 3705 transmiserit,
3386 3639 3457 3693 ab
3487 3639 3664 3693 histo-

1970 3726 2102 3781 ricis
2141 3727 2590 3782 commendatur.
2624 3726 2780 3781 Idem
2812 3743 3043 3797 quoque
3087 3726 3352 3781 defuncto
3393 3725 3665 3791 Honorio,

1971 3814 2121 3885 quod
2172 3813 2404 3884 quidem
2445 3813 2668 3867 decimo
2716 3818 2911 3867 octavo
2949 3812 3224 3868 kalendas
3260 3812 3488 3883 augusti
3530 3811 3667 3867 anni

1970 3902 2141 3972 hujus
2170 3900 2432 3971 contigit,
2460 3898 2617 3954 illam
2647 3899 2708 3953 in
2751 3899 3139 3970 recuperando
3184 3899 3529 3954 Occidentali
3556 3900 3667 3953 im-

1969 3989 2154 4060 perio,
2185 3988 2340 4060 quod
2376 3989 2623 4042 Joannes
2667 3991 3058 4059 occupaverat,
3082 3987 3233 4057 juvit
3272 3987 3474 4058 (lbid.).
3506 3988 3667 4043 Post-

1972 4092 2145 4149 quam
2193 4076 2286 4131 hic
2333 4092 2485 4131 anno
2533 4075 3098 4148 quadringentesimo
3145 4076 3420 4147 vigesimo
3467 4075 3668 4147 quinto

1971 4166 2152 4220 victus
2182 4168 2526 4235 necatusque
2557 4169 2722 4233 esset,
2750 4181 2813 4218 ac
2836 4163 3262 4218 Valentinianus
3291 4165 3485 4218 Roma
3513 4179 3667 4218 nono

1974 4253 2249 4308 kalendas
2276 4252 2523 4307 octobris
2551 4252 2809 4321 ejusdem
2839 4251 2975 4306 anni
3018 4254 3307 4323 Augustus
3336 4251 3439 4306 sub
3470 4250 3670 4306 matris

1973 4342 2156 4397 tutela
2194 4341 2544 4409 declaratus;
2590 4340 2942 4395 Bonifacium
2991 4358 3060 4396 ex
3117 4340 3307 4395 Africa
3347 4340 3408 4395 in
3462 4340 3671 4395 Urbem

1975 4430 2232 4485 evocavit
2272 4429 2556 4495 Placidia;
2590 4446 2762 4499 quem
2802 4434 2858 4484 et
2902 4430 3060 4484 novis
3103 4428 3473 4499 dignitatibus
3516 4428 3673 4484 auxit

1978 4520 2183 4590 (Epist.
2232 4521 2357 4586 220,
2405 4535 2463 4575 n.
2512 4520 2591 4588 4).
2638 4520 2769 4589 Ejus
2816 4519 3046 4574 ruinam
3098 4518 3170 4574 ad
3220 4524 3442 4574 tantum
3496 4518 3669 4575 istum

1974 4608 2259 4663 honorum
2289 4608 2587 4662 cumulum
2614 4607 2881 4678 plerique
2926 4623 3124 4662 omnes
3152 4608 3427 4674 retulere;
3456 4607 3671 4680 quippe

1977 4712 2091 4767 quo
2124 4696 2187 4750 in
2223 4696 2388 4750 illum
2425 4695 2594 4759 Aetii,
2623 4695 2723 4766 qui
2747 4696 2870 4767 jam
2907 4700 3045 4750 tunc
3087 4695 3148 4749 in
3188 4696 3320 4751 aula
3356 4695 3670 4767 plurimum

1976 4784 2165 4838 valere
2194 4788 2464 4853 coeperat,
2497 4783 2775 4837 concitata
2801 4788 2947 4837 esset
2974 4782 3302 4838 invidentia.
3334 4784 3670 4856 Quanquam
3715 4815 3720 4818 -

1978 4876 2310 4925 sanctorum
2340 4870 2591 4924 virorum
2611 4870 2846 4941 judicio,
2870 4886 3038 4924 causa
3063 4867 3318 4938 ejusdem
3349 4887 3509 4926 casus
3529 4888 3675 4943 pra:-

1978 4960 2147 5031 cipua
2175 4958 2303 5027 fuit,
2330 4958 2486 5033 quod
2508 4957 2807 5029 cupiditati
2836 4959 3154 5028 obsecutus,
3185 4975 3359 5030 quam
3380 4961 3563 5015 colere
3589 4960 3674 5015 in-

1980 5049 2263 5114 stituerat,
2295 5046 2707 5102 continentiam
2737 5046 3076 5102 deseruisset
3096 5047 3285 5115 (lbid.,
3311 5064 3367 5103 η.
3392 5050 3470 5119 5),
3501 5052 3673 5119 atque

1978 5137 2189 5193 iterum
2210 5151 2450 5191 uxorem
2479 5135 2767 5206 Pelagium
2798 5136 3106 5207 quamdam
3126 5136 3476 5208 praedivitem
3506 5135 3671 5189 femi-

1981 5243 2116 5282 nam
2145 5224 2399 5281 duxisset
2436 5224 2672 5280 domum
2701 5225 3083 5295 (Marcellinus,
3117 5227 3176 5278 in
3214 5224 3507 5294 Chronico).
3541 5222 3673 5277 Haec

1979 5315 2249 5371 Arianam
2288 5313 2551 5369 haeresim
2589 5313 2992 5385 proﬁtebatur;
3025 5312 3124 5367 sed
3170 5327 3294 5366 eam
3332 5310 3427 5365 ille
3465 5309 3673 5365 ducere

1980 5403 2187 5472 noluit,
2218 5402 2332 5459 nisi
2358 5402 2521 5474 prius
2542 5402 2748 5457 factam
2769 5401 3150 5457 Catholicam:
3185 5398 3337 5469 quod
3366 5403 3673 5470 utcumque

1981 5492 2324 5564 Augustino,
2358 5507 2534 5563 quem
2562 5506 2819 5546 summus
2842 5490 3001 5544 dolor
3028 5490 3254 5557 ceperat
3275 5485 3346 5540 ob
3376 5492 3675 5559 nunquam

1986 5580 2093 5635 sibi
2134 5584 2493 5652 expectatum
2534 5579 2740 5632 barum
2781 5576 3109 5647 nuptiarum
3157 5572 3445 5642 nuntium,
3481 5576 3677 5630 solatio

2936 5668 3317 5755 (Dim-lmit.)
