4062 6422
457 365 557 416 553

455 487 566 541 fuit
606 485 808 556 (Epist.
843 488 969 551 220,
997 500 1053 539 n.
1085 485 1155 551 4).
1190 468 1366 537 Porro
1406 480 1674 552 conjugio
1704 480 1837 534 huic
1880 481 2022 535 illud
2050 481 2146 534 de-

456 575 677 630 decoris
705 573 1022 635 accedebat,
1045 571 1219 643 quod,
1242 568 1467 624 tametsi
1494 585 1639 623 uxor
1657 570 1781 639 ejus
1809 568 2149 623 catholicam

458 664 629 718 fidem
653 662 913 733 amplexa
927 661 1228 725 diceretur,
1248 658 1522 713 tamenin
1543 658 1722 727 ipsius
1743 658 1911 711 domo
1929 662 2148 711 tantam

452 752 561 805 sibi
607 750 1002 805 auctoritatem
1060 751 1464 818 arrogaverunt
1512 746 1729 813 Ariani,
1779 750 1844 800 ut
1894 746 2148 816 ejusdem

452 841 651 907 tiliam,
686 855 750 892 ex
795 839 903 892 hoc
932 838 1073 891 forte
1113 835 1478 890 matrimonio
1524 839 1736 900 natam,
1769 834 2126 905 baptizarent

457 930 636 985 Unam
683 926 937 999 quidem,
981 930 1043 980 ut
1089 925 1352 996 superius
1413 924 1792 991 observatam,
1839 939 1907 976 ex
1956 922 2149 993 priore

453 1017 694 1087 conjuge
732 1016 958 1079 tulerat,
1001 1030 1172 1085 quam
1206 1011 1410 1083 nuptui
1458 1011 1772 1066 tradiderat
1818 1009 2148 1064 Sebastiano

454 1105 648 1159 comiti
684 1120 698 1157 :
729 1119 929 1157 verum
967 1102 1232 1156 cum-ille
1273 1118 1464 1155 comes
1511 1100 1644 1154 ﬁdei
1674 1098 1965 1153 catholicae
2004 1104 2153 1153 esset

453 1193 729 1259 addictus,
750 1207 988 1245 uxorem
1015 1206 1147 1244 eum
1178 1190 1403 1244 duxisse
1424 1187 1713 1249 Ariauam,
1734 1187 2002 1241 credibile
2031 1203 2150 1240 non

455 1282 694 1335 videtur.
720 1280 867 1344 Quin
887 1279 1058 1333 etiam
1090 1278 1321 1331 ancillas
1352 1277 1466 1330 Deo
1496 1276 1707 1330 dicatas
1738 1275 1806 1329 de
1837 1275 2007 1329 domo
2048 1276 2148 1328 Bo-

404 1413 421 1436 ,
454 1369 646 1424 nifacii
701 1367 963 1423 ferebant
1027 1367 1097 1420 ab
1148 1366 1363 1419 eisdem
1418 1364 1700 1418 haereticis
1749 1362 2147 1434 rebaptizatas.

453 1459 621 1512 Illum
650 1473 881 1529 quoque
907 1471 1082 1511 uxore
1114 1455 1369 1524 legitima
1392 1470 1507 1507 non
1537 1457 1893 1519 contentum,
1920 1451 2150 1523 pellices

454 1547 626 1599 etiam
668 1544 825 1600 domi
864 1545 1014 1598 alere
1052 1543 1301 1613 jactabat
1331 1557 1546 1595 rumor.
1576 1545 1646 1595 At
1688 1557 1837 1603 vero,
1871 1540 1918 1593 si
1948 1541 2147 1609 conju-

451 1634 612 1704 gium
642 1634 747 1686 hoc
778 1632 1055 1685 scelerum
1088 1630 1371 1699 scaturigo
1393 1628 1624 1695 exstitit,
1658 1628 1797 1683 illud
1824 1627 1994 1681 etiam
2018 1626 2151 1680 insi-

449 1723 650 1792 gnium
693 1719 1083 1774 calamitatum
1132 1719 1436 1772 innumera
1474 1722 1776 1771 consecuta
1825 1721 1909 1770 est
1949 1714 2147 1770 multi-

450 1810 590 1863 tudo
617 1826 628 1863 :
649 1808 854 1879 quibus
875 1806 1292 1861 calamitatibus
1312 1822 1540 1859 causam
1560 1805 1804 1875 ipsemet
1831 1803 2147 1859 Bonifacius

452 1896 662 1967 partim
691 1895 1000 1967 praebuisse
1029 1894 1237 1949 dicitur
1267 1894 1449 1963 (Ibid,
1486 1910 1539 1947 η.
1578 1895 1655 1963 5).

522 1990 572 2040 2.
607 1983 886 2039 Memoria:
922 1983 1112 2054 prodit
1144 1969 1404 2053 Prosper,
1433 1981 1649 2036 bellum
1688 1981 1739 2035 ei
1770 1979 1998 2051 publico
2038 1996 2148 2034 no-

453 2073 607 2127 mine
645 2072 924 2127 indictum
962 2070 1160 2136 fuisse,
1193 2070 1342 2140 quod
1383 2070 1570 2123 redire
1610 2069 1668 2123 in
1709 2068 1931 2123 Italiam
1956 2069 2149 2139 jussus

451 2178 565 2216 non
613 2160 893 2233 paruisset
920 2160 1192 2228 (Prosper,
1236 2161 1293 2211 in
1324 2159 1622 2225 Chronico).
1665 2158 1806 2211 Rem
1845 2156 2016 2227 paulo
2060 2156 2148 2210 la-

450 2250 562 2303 tius
592 2252 786 2302 narrat
803 2246 1135 2318 Procopius.
1165 2246 1339 2316 Atqui
1356 2262 1418 2299 ex
1442 2245 1759 2314 Augustino
1783 2244 2146 2315 intelligitur,

453 2337 805 2392 Bonifacium
842 2334 978 2389 belli
1015 2349 1243 2388 causam
1284 2332 1514 2387 solitum
1544 2335 1777 2403 rejicere
1807 2332 1868 2387 in
1897 2350 2009 2397 eos,
2051 2334 2147 2403 qui

450 2425 534 2479 illi
559 2425 774 2496 optime
800 2424 870 2478 de
901 2423 1190 2494 republica
1212 2421 1416 2475 merito
1448 2422 1654 2476 malam
1678 2422 1922 2491 gratiam
1950 2426 2006 2475 et
2021 2438 2149 2475 con-

451 2513 623 2568 traria
670 2512 1045 2567 reddidissent
1074 2513 1272 2582 (Epist.
1326 2513 1450 2578 220,
1491 2526 1546 2565 n.
1589 2513 1669 2578 8);
1716 2515 1887 2581 atque
1934 2511 1993 2564 in
2043 2511 2148 2564 hoc

451 2603 646 2670 etiam,
674 2602 825 2673 quod
850 2601 999 2655 bona
1029 2599 1221 2654 saeculi
1243 2600 1436 2670 hujus,
1459 2615 1588 2670 quas
1620 2599 1894 2653 nimirum
1917 2600 2004 2653 vel
2030 2616 2146 2670 spe-

450 2692 629 2759 rabat,
670 2692 756 2745 vel
803 2689 1149 2761 possidebat,
1182 2687 1288 2742 sibi
1336 2693 1540 2758 negata
1578 2693 1677 2741 aut
1718 2687 1841 2741 aliis
1888 2688 2145 2757 delegata

449 2782 667 2836 doleret
699 2780 887 2849 (Ibid.,
917 2795 972 2833 η.
1007 2778 1076 2846 ὕ).
1110 2776 1272 2832 Venit
1305 2778 1624 2847 Hipponem
1655 2793 1721 2831 eo
1752 2782 2008 2848 tempore
2040 2777 2143 2830 Bo-

447 2869 687 2925 nifacius
711 2885 723 2921 :
747 2872 805 2922 at
824 2870 1081 2921 sanctum
1108 2865 1433 2920 Antistitem
1462 2882 1581 2937 prae
1613 2865 1867 2937 corporis
1896 2866 2143 2920 imbecil-

446 2960 603 3014 litate
634 2958 721 3011 vix
749 2957 1081 3027 loquentem
1107 2955 1351 3026 reperit:
1376 2960 1546 3026 atque
1576 2955 1675 3021 ita,
1704 2971 1833 3027 quas.
1862 2955 1931 3009 ad
1965 2954 2144 3025 ipsius

446 3049 685 3102 salutem
720 3043 1035 3099 necessaria
1064 3049 1247 3108 erant,
1280 3043 1477 3097 audire
1523 3043 1592 3097 ab
1637 3043 1735 3098 illo
1776 3058 2144 3114 nequaquam

445 3135 632 3205 potuit
659 3133 845 3203 (Ibid.,
880 3148 933 3186 n.
966 3134 1039 3201 2).
1076 3132 1313 3196 Bellum,
1349 3132 1502 3201 quod
1532 3132 1628 3185 ille
1655 3131 1922 3185 adversus
1961 3131 2143 3201 impe-

447 3222 599 3275 rium
624 3221 909 3285 sustinuit,
941 3236 1086 3273 nova
1115 3219 1282 3288 culpa
1310 3219 1436 3282 fuit,
1460 3223 1517 3271 et
1542 3218 1785 3272 aliarum
1810 3234 1956 3288 pene
1986 3219 2145 3272 innu-

447 3324 738 3363 merarum
782 3307 908 3361 fons
961 3311 1131 3377 atque
1185 3306 1366 3375 origo.
1420 3307 1555 3371 Quis
1602 3322 1706 3361 non
1748 3307 1950 3371 rideat,
2001 3308 2145 3375 quod

446 3398 606 3450 multi
632 3396 865 3449 homines
895 3395 998 3449 tibi
1025 3394 1322 3448 cohaereant
1359 3394 1433 3447 ad
1473 3395 1728 3448 tuendum
1772 3400 1920 3449 tuam
1953 3402 2141 3465 poten-

445 3487 579 3540 tiam
603 3486 686 3539 vel
713 3484 963 3551 salutem,
989 3484 1085 3552 qui
1113 3484 1327 3536 etiamsi
1357 3482 1459 3535 tibi
1485 3484 1661 3537 omnes
1685 3483 1866 3552 ﬁdeles
1894 3486 2022 3550 sint,
2048 3500 2141 3538 nec

444 3574 514 3627 ab
558 3573 742 3641 aliquo
786 3587 966 3625 eorum
1006 3571 1130 3625 ullae
1160 3572 1450 3624 timeantur
1487 3570 1721 3637 insidia,
1752 3587 1937 3641 nempe
1966 3578 2142 3627 tamen

444 3663 518 3716 ad
546 3677 609 3715 ea
647 3662 782 3716 bona
821 3676 940 3730 qua:
980 3661 1089 3729 ipsi
1115 3674 1324 3728 quoque
1361 3675 1466 3713 non
1511 3660 1801 3714 secundum
1831 3663 2015 3727 Deum,
2049 3662 2143 3715 sed

441 3750 732 3805 secundum
764 3750 1015 3803 szculum
1058 3748 1316 3816 diligunt,
1350 3764 1452 3817 per
1480 3754 1530 3803 te
1568 3750 1795 3819 cupiunt
1820 3753 2138 3818 pervenire;

441 3857 504 3895 ac
528 3856 627 3910 per
665 3840 760 3894 hoc
795 3840 891 3907 qui
922 3840 1199 3905 refrenare
1231 3842 1281 3891 et
1310 3853 1633 3907 compescere
1662 3838 1897 3893 debuisti
1922 3840 2138 3909 cupidi-

440 3934 576 3984 tates
626 3934 767 3995 tuas,
801 3927 1013 3996 explere
1058 3926 1262 3993 cogeris
1306 3926 1559 3981 alienas?
1589 3926 1741 3991 Quod
1775 3929 1894 3995 ﬁat,
1935 3943 2141 3981 necesse

440 4022 517 4071 est
553 4017 726 4071 multa
763 4031 883 4083 qua
919 4018 1024 4069 Deo
1061 4013 1370 4082 displicent,
1400 4016 1556 4081 ﬁant.
1591 4015 1693 4070 Nec
1724 4016 1802 4067 sic
1832 4019 2009 4068 tamen
2039 4032 2137 4068 ea:-

435 4108 655 4175 plentur
683 4106 815 4157 tales
842 4102 1168 4171 cupiditates
1194 4118 1207 4167 ;
1238 4117 1367 4154 nam
1394 4102 1619 4167 facilius
1644 4108 1954 4156 resecantur
1980 4105 2039 4157 in
2064 4106 2139 4158 eis

440 4196 538 4260 qui
565 4196 729 4246 Deum
758 4192 1019 4257 diligunt,
1049 4205 1213 4257 quam
1249 4192 1308 4242 in
1346 4191 1421 4243 eis
1448 4192 1546 4259 qui
1585 4189 1847 4243 mundum
1876 4191 2135 4258 diligunt,

440 4279 737 4349 aliquando
766 4281 1063 4333 satiantur.
1111 4277 1273 4332 Vides
1305 4282 1414 4331 tam
1453 4278 1626 4331 multa
1655 4281 1908 4346 contrita,
1942 4284 1999 4333 ut
2017 4282 2139 4350 jam

437 4369 544 4421 vile
574 4366 812 4436 aliquid,
839 4365 983 4434 quod
1005 4367 1282 4434 rapiatur,
1307 4367 1405 4419 via:
1433 4367 1746 4421 inveniatur
1768 4366 1953 4436 (Ibid.,
1982 4384 2033 4423 η.
2063 4370 2132 4439 6).

438 4457 524 4510 Ad
561 4455 704 4521 haec,
733 4469 865 4509 cum
910 4453 1227 4508 Bonifacius
1272 4453 1333 4508 in
1372 4454 1543 4508 armis
1590 4472 1659 4509 eo
1697 4457 1877 4510 solum
1917 4474 2136 4512 reman-

439 4544 623 4612 sisset,
675 4546 742 4598 ut
791 4541 1144 4613 provinciam
1196 4546 1479 4597 tutaretur
1529 4543 1597 4597 ab
1653 4544 1802 4598 Afris
1856 4545 2132 4615 barbaris,

437 4646 579 4701 quos
609 4630 844 4685 omnino
874 4629 1259 4701 perdomitum
1302 4628 1395 4697 iri,
1422 4630 1612 4684 statim
1642 4635 1813 4701 atque
1844 4649 2134 4689 summum

437 4719 730 4790 copiarum
768 4719 1077 4790 imperium
1124 4718 1484 4781 obtinuisset,
1517 4719 1837 4775 communis
1878 4727 1998 4776 erat
2036 4740 2132 4777 ex-

435 4808 740 4877 spectatio;
770 4814 966 4862 contra
993 4823 1127 4862 vero
1155 4807 1382 4863 tametsi
1419 4808 1523 4862 hac
1548 4808 1667 4878 jam
1698 4815 1977 4879 potestate
2006 4813 2128 4881 pol-

435 4895 595 4961 leret,
651 4912 1137 4967 numerosumqne
1209 4896 1467 4951 ductaret
1531 4898 1876 4965 exercitum;
1937 4904 2131 4954 tamen

434 4982 608 5039 iidem
625 4983 710 5038 illi
731 4984 958 5039 barbari
972 4985 1246 5039 altissime
1263 4985 1323 5038 in
1343 4985 1694 5056 provinciam
1711 4986 2129 5058 irrumpebant,

432 5072 626 5127 omnia
676 5072 1059 5138 devastabaut,
1109 5072 1454 5143 expilabant,
1494 5074 2018 5145 depopulabantur;
2050 5076 2129 5131 ita

433 5166 497 5217 ut
537 5161 739 5228 multa,
773 5176 902 5232 quas
948 5161 1119 5231 plena
1168 5162 1394 5232 populis
1425 5168 1605 5230 erant,
1638 5163 1759 5217 loca
1806 5164 1865 5217 in
1907 5164 2127 5219 deserta

428 5254 845 5317 converterent,
878 5266 982 5304 nec
1006 5250 1304 5304 resistente
1334 5267 1646 5323 quoquam,
1678 5268 1785 5306 nec
1817 5252 2121 5320 Bonifacio,

428 5344 491 5394 ut
536 5341 952 5406 coercerentur,
996 5338 1352 5409 providente,
1398 5339 1613 5410 quippe
1660 5356 1831 5410 quem
1876 5341 2123 5411 propriae

426 5443 544 5481 suae
592 5425 791 5482 salutis
843 5441 983 5481 cura
1050 5424 1418 5491 vehementer
1470 5432 1808 5496 occupatum
1879 5428 2126 5483 habebat

424 5516 628 5584 (Ibid.,
657 5532 713 5571 π.
744 5516 821 5587 7).
852 5513 1075 5570 Etenim
1106 5515 1307 5569 eodem
1355 5516 1515 5569 hoste
1558 5514 1786 5586 imperii
1816 5516 2121 5584 declarato,

426 5603 643 5658 curavit
670 5604 825 5659 Felix
856 5603 918 5659 in
936 5603 1102 5658 illum
1123 5602 1482 5658 utexercitus
1512 5603 1850 5671 mitteretur,
1883 5605 2121 5660 ducibus

1671 357 1842 414 VITA
1881 358 1934 413 S.
1980 355 2363 415 AUGUSTINI
2416 353 2751 409 EPISCOPI.
3855 354 3943 404 556

2260 477 2544 545 Mavortio,
2595 475 2867 532 Galbione
2910 491 2973 529 ac
3018 474 3251 541 Sinoce;
3295 473 3396 545 qui
3442 489 3572 528 cum
3605 472 3939 528 Bonifacium

2258 567 2581 622 obsiderent
2613 565 2888 637 (quonam
2920 564 2982 619 in
3027 563 3152 618 loco
3183 578 3303 617 non
3333 562 3718 634 exprimitur),
3748 563 3939 617 Mavor-

2257 620 2466 710 assa
2493 620 2690 709 eam};
2730 669 2833 724 per
2875 652 3233 707 obsidionem
3267 620 3554 706 interfecti
3593 620 3729 706 sua
3769 652 3940 723 prodi-
3997 620 4002 733 )

2257 744 2417 798 tione
2446 742 2695 808 Sinocis;
2728 756 2899 813 quem
2933 740 3124 812 ipsum
3162 744 3360 811 postea
3394 739 3719 794 Bonifacius
3748 740 3943 794 delecta

2258 832 2512 903 ejusdem
2541 830 2783 902 perﬁdia
2822 829 3115 884 interemit
3147 830 3393 898 (Prosper
3421 831 3481 883 in
3510 829 3816 900 Chronico).

2330 924 2379 976 3.
2416 920 2726 982 Bonifacio,
2750 919 2889 973 dum
2920 923 3243 973 versaretur
3263 918 3324 972 in
3352 917 3644 989 periculis,
3680 935 3797 972 non
3820 920 3942 972 scri-

2261 1009 2371 1080 psit
2395 1008 2765 1080 Augustinus,
2802 1006 3011 1061 veritus
3045 1006 3277 1072 scilicet,
3307 1023 3377 1060 ne
3404 1008 3492 1061 vel
3533 1008 3788 1078 perlator
3812 1007 3943 1061 litte-

2262 1114 2451 1152 rarum
2494 1098 2551 1151 in
2584 1096 2888 1152 discrimen
2918 1095 3156 1159 veniret,
3187 1096 3276 1151 vel
3316 1094 3453 1166 ipsae
3494 1095 3724 1162 littere,
3756 1096 3945 1167 quibus
4000 1124 4001 1149 ι

2260 1186 2492 1241 Comitis
2528 1186 2767 1240 consilia
2804 1186 3174 1257 improbaret,
3214 1183 3275 1238 in
3312 1184 3569 1254 ejusdem
3607 1184 3944 1238 adversario-
4000 1228 4001 1245 η

2260 1292 2385 1329 rum
2437 1292 2638 1329 manus
2680 1274 3002 1329 inciderent
3046 1273 3246 1345 (Epist.
3294 1275 3422 1341 220,
3460 1289 3516 1327 η.
3564 1274 3640 1341 2).
3679 1272 3789 1328 Sed
3833 1290 3946 1327 cum

2260 1368 2455 1434 postea
2486 1363 2666 1417 tidum
2695 1362 2990 1417 hominem
3009 1362 3358 1451 Aetiipsemet
3404 1360 3696 1415 Bonifacio
3726 1362 3949 1416 charum
4000 1402 4001 1451 ι

2261 1457 2456 1505 nactus
2485 1456 2649 1516 esset,
2683 1451 2923 1505 Paulum
2968 1448 3229 1504 videlicet
3266 1449 3591 1515 diaconum,
3619 1465 3725 1503 sua
3756 1450 3947 1505 adver-

2260 1556 2352 1593 sus
2386 1540 2547 1593 illum
2591 1539 2833 1593 cbaritas
2862 1539 3095 1592 beatum
3136 1538 3359 1592 induxit
3396 1538 3729 1603 Praesulem,
3764 1544 3829 1592 ut
3854 1538 3949 1607 ipsi

2257 1644 2361 1691 pro
2389 1632 2507 1682 'sua
2543 1627 2605 1682 in
2635 1627 2855 1682 Christo
2905 1632 3120 1680 aeterna
3151 1628 3347 1680 'salute
3377 1625 3591 1696 aliquid
3635 1627 3953 1696 loqueretur

2260 1716 2441 1787 (Ibid,
2501 1733 2553 1770 η.
2628 1716 2700 1786 l).
2768 1716 2827 1769 ln
2890 1714 3114 1769 damnis
3184 1730 3312 1785 quas
3374 1729 3439 1768 ex
3502 1714 3652 1768 bello
3706 1714 3949 1785 patieba-

2261 1811 2353 1858 tur
2400 1804 2606 1869 Africa,
2655 1803 2725 1857 ad
2773 1802 3095 1873 superiores
3150 1818 3348 1856 causas
3390 1802 3586 1873 potius
3632 1804 3953 1858 attendebat

2258 1894 2630 1964 Augustinus,
2666 1896 2726 1945 ut
2757 1891 2856 1963 qui
2886 1890 3111 1945 nescius
3141 1907 3257 1944 non
3288 1896 3432 1944 esset
3461 1890 3671 1945 debere
3702 1891 3953 1945 homines

2259 1982 2539 2054 quidquid
2590 1981 2727 2035 mali
2773 1981 3040 2046 tolerant,
3081 1979 3199 2034 suis
3239 1979 3483 2050 peccatis
3521 1979 3861 2053 imputare:
3905 1987 3955 2034 at

2260 2090 2390 2127 vero
2421 2089 2549 2126 cum
2586 2072 2841 2142 impense
2873 2070 3153 2125 Comitem
3179 2069 3463 2140 diligeret,
3497 2069 3733 2141 optabat
3766 2086 3837 2124 ex
3864 2078 3951 2125 eo-

2261 2178 2387 2215 rum
2421 2176 2658 2215 numero
2689 2160 2855 2214 illum
2885 2175 3001 2213 non
3032 2175 3175 2228 esse,
3202 2175 3306 2229 per
3333 2174 3478 2230 quos
3500 2159 3647 2212 Deus
3679 2162 3954 2230 tempora-

2259 2252 2388 2305 liter
2429 2250 2778 2321 populorum
2816 2248 3056 2302 crimina
3088 2247 3393 2314 ulciscitur,
3429 2253 3486 2301 et
3514 2263 3659 2318 quos
3702 2255 3952 2318 postmo-

2259 2342 2395 2394 dum
2418 2339 2648 2393 seternis
2674 2337 2968 2408 suppliciis
2996 2337 3163 2408 punit
3185 2336 3370 2407 (Ibid,
3390 2354 3444 2391 η.
3470 2338 3547 2407 8).
3571 2336 3864 2408 Principio
3882 2338 3951 2391 illi

2257 2429 2317 2483 in
2333 2427 2670 2482 memoriam
2695 2431 2920 2480 revocat
2958 2425 3261 2496 pristinam
3283 2426 3576 2497 pietatem,
3605 2425 3950 2481 desiderium
4000 2440 4001 2447 ‘

2258 2517 2453 2570 omnia
2484 2515 2869 2586 relinquendi,
2896 2521 2952 2569 et
2980 2512 3351 2568 continentiae
3380 2514 3675 2568 servandas
3706 2518 3954 2587 proposi-

2259 2562 2453 2570 “’¹“’“’““”
2485 2562 2869 2586 “⁹”“-Ὶ““⁹’⁹’”“ι
2900 2562 2952 2569 ⁷⁷
2986 2562 3350 2568 ”’“”“’”“’“”⁷“⁷ν
3381 2562 3462 2568 ””“
3485 2562 3675 2568 “”“““⁷⁷
3706 2562 3766 2587 r'
3784 2562 3933 2587 *ιδ’-’ν’

2257 2610 2400 2658 tum.
2455 2603 2665 2658 Deinde
2713 2602 2782 2656 ob
2833 2603 3025 2656 oculos
3072 2600 3259 2656 eidem
3302 2618 3527 2656 summo
3576 2617 3711 2657 cum
3755 2603 3953 2658 affectu
4000 2562 4001 2639 ι

2254 2690 2542 2745 charitatis
2571 2689 2753 2761 ponit,
2787 2706 2962 2761 quam
2989 2689 3305 2759 lugendum
3335 2689 3397 2742 in
3435 2693 3647 2744 statum
3679 2692 3955 2746 adductus
4000 2740 4001 2791 ι

2254 2783 2421 2843 esset,
2454 2794 2585 2832 cum
2612 2779 2864 2832 secundo
2895 2794 2998 2832 suo
3030 2777 3423 2848 matrimonio,
3454 2783 3577 2833 tum
3600 2779 3783 2846 bello,
3814 2783 3955 2851 quod
4000 2777 4001 2803 ³

2255 2869 2582 2937 susceptum
2609 2867 2681 2921 ab
2711 2883 2779 2920 eo
2818 2866 3048 2934 fuisset;
3080 2883 3209 2937 quas
3246 2867 3458 2921 scelera
3489 2869 3573 2922 vel
3613 2868 3743 2939 ipse
3771 2886 3882 2940 per
3908 2888 3956 2923 se

2254 2954 2654 3021 committeret,
2696 2955 2782 3008 vel
2829 2971 2933 3010 sua
2970 2971 3137 3009 causa
3182 2955 3253 3009 ab
3297 2955 3424 3010 aliis
3461 2958 3751 3013 committi
3798 2976 3956 3031 opor-
4000 2946 4001 3011 ξ

2255 3049 2415 3098 teret.
2456 3043 2612 3107 Quod
2647 3043 2715 3097 ad
2758 3043 3026 3111 rationes,
3059 3043 3267 3115 quibus
3304 3060 3425 3098 sese
3462 3046 3706 3116 purgari
3747 3047 3960 3103 Bonifa-

2253 3129 2373 3183 cius
2403 3130 2782 3201 existimabat,
2814 3147 2979 3186 suum
3014 3148 3127 3186 non
3158 3149 3279 3187 esse
3326 3133 3394 3187 de
3424 3133 3535 3187 illis
3579 3138 3961 3206 pronuntiem
3999 3144 4002 3263 .

2254 3224 2521 3263 testatur:
2552 3220 2781 3263 nilandn
2812 3225 3115 3263 ntrnmmm
3147 3227 3365 3263 nar-tom
3398 3238 3509 3263 nnn
3541 3223 3811 3263 audiar-nt
3838 3243 3851 3255 -
3876 3226 3958 3263 coll

2254 3224 2523 3285 testatur;
2552 3220 2781 3290 quando
2812 3225 3115 3292 utramque
3147 3227 3368 3291 partem
3398 3238 3513 3276 non
3541 3223 3852 3280 audierat:
3876 3226 3961 3280 sed

2255 3307 2325 3361 ad
2369 3307 2721 3362 Bonifacium
2759 3308 3065 3379 pertinere,
3107 3314 3171 3364 ut
3217 3309 3265 3363 si
3310 3326 3426 3364 non
3470 3312 3625 3381 apud
3668 3312 3963 3377 homines,

2252 3400 2404 3449 certe
2435 3396 2589 3467 apud
2617 3395 2906 3451 Christum
2936 3397 3142 3468 ipsum,
3173 3398 3337 3469 cujus
3366 3415 3425 3453 se
3453 3399 3684 3455 ﬁdelem
3735 3418 3961 3457 servum

2254 3484 2645 3554 proﬁtebatur,
2679 3490 2736 3540 et
2764 3486 2917 3556 apud
2962 3486 3372 3542 conscientiam
3401 3489 3726 3560 propriam,
3760 3492 3829 3546 in
3859 3510 3964 3564 qua

2253 3588 2310 3626 se
2350 3574 2471 3627 solo
2519 3573 2808 3627 smcularis
2852 3573 3114 3629 vanitatis
3151 3591 3345 3630 amore
3379 3592 3447 3631 eo
3485 3576 3796 3634 devenisse
3840 3597 3963 3651 per-

2252 3666 2545 3732 specturus
2574 3666 2712 3724 erat,
2744 3662 3127 3717 innocentiam
3168 3680 3330 3719 suam
3369 3664 3643 3720 defendat
3675 3683 3691 3721 :
3730 3669 3961 3723 tandem

2253 3756 2314 3805 ut
2361 3752 2606 3806 maxime
2651 3768 2853 3807 verum
2893 3757 3057 3821 esset,
3107 3754 3394 3809 laboribus
3440 3755 3559 3810 suis
3596 3772 3725 3811 non
3766 3775 3909 3830 pare

2250 3840 2492 3910 gratiam
2540 3840 2869 3911 rependisse
2906 3841 3238 3913 imperium,
3278 3843 3434 3898 haud
3472 3861 3593 3899 esse
3633 3846 3962 3907 christiani.

2250 3890 2492 3910 om---—
2543 3890 2867 3911 --,-—_-——-
2906 3890 3238 3913 --τν----,
3278 3890 3434 3898 ----
3474 3890 3591 3899 -νη
3635 3890 3962 3907 «unum.

2250 3929 2569 3999 cujusmodi
2617 3934 2755 3997 erat,
2795 3931 2945 3984 mala
2990 3925 3105 3985 'sive
3134 3948 3239 4002 pro
3276 3933 3439 3987 bonis
3482 3934 3600 3989 sive
3643 3952 3761 4006 pro
3805 3938 3963 3992 malis

2250 4017 2486 4072 reddere
2518 4018 2709 4088 (Ibid,
2741 4024 2791 4073 et
2817 4034 2872 4073 n.
2909 4020 2979 4086 5).
3013 4019 3108 4073 His
3133 4020 3311 4091 addit,
3342 4021 3388 4075 si
3412 4039 3471 4076 se
3500 4025 3797 4093 consulat,
3831 4027 3964 4098 quid
4000 4084 4001 4091 η

2248 4105 2604 4177 sequendum
2635 4104 2696 4159 in
2723 4111 2879 4161 tanta
2906 4107 3243 4165 necessitate
3275 4110 3564 4179 videatur;
3590 4128 3718 4168 non
3750 4114 3964 4170 habere

2248 4210 2306 4249 se
2326 4170 2491 4266 -quid
2520 4193 2741 4249 consilii
2784 4211 2957 4266 super
2983 4195 3320 4268 dignitatem
3354 4203 3524 4270 atque
3549 4170 3751 4271 'opum
3789 4204 3967 4274 ipsius

2247 4283 2672 4338 conservatione
2703 4288 3006 4354 suggerat:
3033 4301 3232 4341 verum
3261 4286 3306 4340 si
3336 4288 3566 4350 anime,
3588 4306 3780 4361 quam
3808 4298 3965 4347 caete

2244 4372 2324 4427 ris
2350 4371 2615 4425 omnibus
2644 4370 2755 4442 ipsi
2783 4377 3009 4443 oportet
3038 4390 3157 4428 esse
3181 4375 3598 4445 pretiosiorem,
3625 4381 3968 4435 consultum
4000 4374 4001 4389 ¹

2245 4458 2398 4526 velit,
2431 4475 2563 4513 eum
2589 4475 2622 4512 a
2650 4475 2708 4513 se
2736 4460 2881 4515 illud
2903 4462 3139 4516 Joannis
3168 4464 3538 4520 auditurum:
3575 4468 3804 4523 «Nolite
3837 4470 3969 4524 diti-

2242 4562 2365 4613 gere
2392 4547 2637 4601 nandum
2674 4563 2767 4603 nec
2796 4566 2859 4603 ea
2888 4566 3009 4620 quae
3049 4553 3106 4606 in
3133 4552 3335 4607 mundo
3363 4559 3513 4609 sunt.
3558 4575 3585 4604 ι
3615 4555 3670 4621 (Ι
3693 4558 3875 4614 Joan.
3913 4576 3966 4617 ιι.

2248 4638 2352 4707 13).
2381 4640 2515 4693 Ecce
2542 4640 2841 4705 consilium,
2875 4641 3064 4713 pergit
3100 4648 3327 4697 sanctus
3358 4644 3472 4711 Vir,
3504 4647 3715 4716 arripe,
3754 4653 3815 4703 et
3847 4666 3967 4718 age.

2243 4728 2341 4780 Hic
2378 4732 2646 4796 appareat
2670 4730 2721 4781 si
2756 4730 2843 4783 vir
2869 4731 3033 4797 fortis
3061 4745 3133 4785 es.
3173 4733 3339 4786 Vince
3365 4722 3733 4802 cupiditates,
3762 4738 3973 4805 quibus

2240 4816 2341 4869 iste
2355 4815 2614 4885 diligitur
2635 4817 2894 4884 mundus;
2913 4834 3012 4886 age
3026 4821 3403 4888 penitentiam
3422 4821 3488 4875 de
3500 4826 3825 4890 preteritis
3848 4842 3974 4880 ma-

2238 4904 2326 4970 lis,
2359 4904 2576 4973 quando
2606 4905 2675 4958 ab
2700 4908 2775 4959 eis
2804 4907 3199 4975 cupiditatibus
3216 4911 3392 4964 victus
3408 4925 3507 4979 per
3537 4910 3841 4967 desideria
3868 4932 3973 4967 non

2238 4992 2375 5045 bona
2404 4993 2709 5047 trahebaris
2751 4995 2945 5064 (Epist.
2979 4997 3103 5063 220,
3136 5012 3189 5051 n.
3226 4997 3296 5065 9).
3327 4998 3601 5053 Eumdem
3641 5001 3781 5071 jam
3838 5010 3977 5058 ante

2235 5082 2674 5151 compellaverat
2706 5082 2765 5137 in
2796 5084 2915 5137 hinc
2953 5084 3124 5139 verba
3155 5086 3349 5155 (Ibid.,
3375 5103 3430 5141 n.
3464 5087 3553 5158 5):
3597 5087 3977 5145 Christianus

2235 5184 2306 5234 es,
2341 5185 2432 5224 cor
2460 5170 2642 5237 habes,
2679 5175 2845 5225 Deum
2877 5174 3066 5227 times:
3107 5178 3166 5227 tu
3200 5177 3316 5244 ipse
3352 5175 3637 5230 considera
3670 5194 3812 5248 quae
3852 5182 3978 5233 nolo

2235 5257 2431 5325 dicere,
2462 5264 2512 5313 et
2540 5263 2775 5313 invenies
2813 5261 2879 5314 de
2907 5264 3127 5330 quantis
3166 5265 3326 5319 malis
3365 5264 3555 5320 debeas
3582 5281 3756 5332 agere
3786 5274 3981 5339 pani-

2235 5348 2491 5413 tentiam;
2536 5353 2761 5417 propter
2808 5365 2972 5418 quam
3020 5351 3123 5405 tibi
3167 5352 3323 5407 credo
3367 5355 3659 5410 Dominum
3702 5372 3982 5426 parcere,

2233 5437 2281 5486 et
2310 5448 2346 5486 a
2376 5436 2637 5503 periculis
2680 5438 2924 5491 omnibus
2971 5437 3221 5505 liberare,
3268 5444 3331 5493 ut
3374 5455 3510 5507 agas
3555 5445 3705 5498 sicut
3733 5448 3983 5514 agenda

2232 5527 2337 5588 est;
2370 5522 2464 5576 sed
2491 5524 2541 5576 si
2584 5523 2730 5579 illud
2757 5524 2956 5581 audias
2984 5527 3129 5594 quod
3152 5524 3418 5598 scriptum
3451 5535 3548 5585 est.
3582 5552 3606 5579 ι
3653 5533 3737 5588 Ne
3776 5537 3986 5591 tardes

2233 5612 2469 5664 converti
2510 5610 2584 5666 ad
2635 5615 2934 5681 Dominum,
2967 5630 3137 5683 neque
3179 5616 3407 5686 diferas
3445 5619 3511 5673 de
3558 5619 3651 5676 die
3691 5626 3757 5678 in
3829 5626 4001 5680 dim.
