4062 6382
202 312 302 365 357

202 435 397 505 (Eccli.
430 451 488 504 v,
529 432 602 505 8).
641 432 947 499 Bonifacio,
982 436 1046 487 ut
1072 431 1131 487 id
1158 430 1436 503 temporis
1465 432 1587 502 ejus
1620 448 1710 485 res
1738 430 1910 485 habe-

204 525 359 588 bant,
394 522 457 577 in
499 520 741 593 proclivi
770 537 887 575 non
919 524 1039 574 erat
1079 518 1188 573 hoc
1215 519 1376 590 sequi
1404 517 1724 572 consilium.
1758 518 1907 582 Qua-

202 616 442 684 propter
470 610 612 665 illud
643 609 696 664 ei
726 608 1110 674 commendat,
1137 609 1312 662 Deum
1336 606 1508 661 etiam
1538 610 1707 678 atque
1737 607 1911 660 etiam

207 716 373 755 orare
401 699 838 769 obsecrareque,
886 696 970 751 uti
1000 713 1058 751 se
1114 696 1537 764 necessitatum,
1569 695 1777 767 quibus
1804 694 1911 749 im-

206 787 442 858 plicitus
482 790 625 853 erat,
674 784 914 839 vinculis
971 783 1281 855 expediret.
1347 785 1491 837 Tunc
1531 784 1693 848 enim,
1724 781 1915 853 inquit

208 875 586 947 Augustinus,
618 876 886 943 ﬁniuntur
912 874 1031 927 ista:
1058 873 1415 937 necessitates,
1448 869 1665 939 quando
1688 871 1915 924 vincun-

213 968 305 1017 tur
336 965 444 1018 ille
472 962 799 1031 cupiditates
832 962 1023 1031 (Epist.
1056 962 1182 1026 220,
1212 976 1272 1015 n.
1312 960 1413 1027 10).
1445 958 1616 1028 Jungi
1635 959 1757 1012 vult
1783 974 1912 1028 pre-

213 1051 379 1106 cibus
410 1050 823 1120 eleemosynas,
856 1052 1024 1119 atque
1050 1047 1303 1118 insuper,
1334 1049 1611 1118 quantum
1634 1045 1786 1100 illius
1815 1062 1914 1099 va-

214 1141 410 1195 letudo
451 1139 719 1211 patietur,
742 1137 1031 1209 jejunium
1065 1136 1252 1206 (Ibid.,
1276 1151 1330 1189 n.
1392 1135 1495 1206 ll).
1527 1135 1585 1189 Si
1613 1135 1916 1206 conjugem

216 1229 313 1283 ille
344 1244 463 1283 non
500 1227 754 1293 haberet,
786 1231 908 1279 tum
938 1241 997 1278 se
1026 1224 1109 1278 illi
1136 1223 1275 1278 dicit
1304 1227 1594 1277 auctorem
1624 1222 1762 1290 fore,
1803 1238 1917 1276 non

219 1316 394 1372 modo
416 1312 907 1371 utcontinentiam
938 1316 1207 1377 servaret,
1239 1327 1438 1365 verum
1468 1310 1638 1365 etiam
1670 1316 1733 1365 ut
1757 1310 1823 1364 ad
1845 1310 1950 1363 vi-'

216 1411 336 1459 tam
375 1405 436 1459 in
466 1404 735 1459 societate
770 1417 1059 1456 servorum
1087 1399 1309 1471 Deipiis
1338 1399 1604 1469 operibus
1623 1399 1921 1453 traducen-

219 1494 376 1556 dam,
408 1492 561 1564 quod
592 1490 754 1562 prius
807 1489 930 1544 fieri
961 1488 1350 1561 prohibuerat,
1390 1504 1447 1541 se
1475 1488 1785 1557 reciperet:
1822 1504 1917 1541 ve-

218 1598 351 1638 rum
375 1580 483 1636 sibi
511 1580 797 1651 integrum
838 1594 957 1632 non
983 1594 1124 1646 esse,
1151 1576 1315 1631 illum
1355 1577 1425 1630 ad
1452 1576 1558 1629 hoc
1581 1576 1710 1630 vitae
1741 1591 1921 1646 genus

218 1669 537 1735 adhortari,
570 1672 805 1740 propter
829 1666 1133 1737 conjugem
1167 1662 1445 1730 videlicet,
1479 1680 1606 1735 quae
1631 1663 1923 1717 continen-

221 1758 316 1811 tiae
358 1757 429 1811 ab
455 1756 657 1811 eodem
681 1760 1026 1825 nuncupatas
1056 1753 1296 1808 minime
1317 1753 1557 1815 conscia,
1584 1752 1693 1823 ipsi
1713 1768 1921 1823 nupse-

159 1878 163 1885 ν
220 1851 348 1901 rat:
392 1849 455 1899 ut
486 1861 551 1899 ea
582 1844 900 1915 refragante
941 1847 1135 1897 votum
1165 1858 1332 1896 suum
1363 1857 1584 1895 servare
1627 1841 1923 1911 haudqua-

222 1949 401 2007 quam
424 1937 647 2005 posset:
673 1932 894 1987 felicem
916 1931 1079 1985 illum
1104 1930 1244 1995 fore,
1267 1930 1314 1984 si
1334 1946 1392 1984 se
1408 1930 1507 1984 illa
1527 1929 1595 1983 ad
1626 1929 1920 1983 colendam

222 2022 487 2077 eamdem
511 2022 781 2076 virtutem
805 2024 1095 2091 pateretur
1115 2019 1326 2085 induci,
1352 2023 1415 2073 ut
1437 2018 1541 2073 isto
1561 2022 1742 2089 pacto,
1769 2016 1924 2089 quod

226 2129 289 2166 se
321 2112 435 2166 Deo
466 2110 673 2164 debere
704 2113 959 2174 noverat,
999 2108 1339 2175 exsolveret;
1402 2106 1489 2160 sin
1539 2110 1729 2160 autem
1784 2105 1924 2159 illud

225 2215 341 2253 non
369 2201 582 2269 posset,
615 2197 814 2251 saltem
846 2196 995 2249 intra
1025 2195 1351 2265 conjugales
1381 2194 1590 2248 limites
1628 2209 1685 2247 se
1738 2190 1925 2246 conti-

224 2290 409 2352 neret,
439 2289 606 2356 atque
642 2283 872 2338 interim
908 2286 1130 2352 peteret
1156 2298 1189 2335 a
1219 2282 1353 2346 Deo,
1386 2284 1450 2335 ut
1478 2280 1627 2351 quod
1660 2279 1768 2333 sibi
1792 2282 1927 2333 tunc

183 2360 192 2368 ’
227 2391 347 2429 non
377 2373 600 2437 licebat,
635 2372 833 2426 liceret
861 2370 1190 2442 aliquando.
1256 2371 1653 2434 Verumtamen,
1714 2367 1812 2429 ait,
1869 2371 1929 2421 ut

226 2466 395 2519 Deum
426 2462 650 2529 diligas,
680 2476 787 2514 non
815 2456 1019 2526 diligas
1051 2457 1350 2522 mundum;
1379 2462 1441 2511 ut
1470 2460 1527 2511 in
1568 2459 1704 2526 ipsis
1754 2456 1925 2521 bellis,

225 2554 282 2606 si
311 2550 488 2606 adhuc
513 2551 572 2603 in
596 2551 670 2603 eis
701 2554 750 2603 te
769 2549 980 2602 versari
1006 2561 1139 2616 opus
1188 2550 1285 2611 est,
1314 2546 1475 2615 ﬁdem
1514 2550 1710 2609 teneas,
1745 2558 1929 2613 pacem

227 2652 482 2709 quaeras;
515 2645 576 2690 ut
603 2652 671 2689 ea:
690 2634 883 2690 mundi
900 2634 1048 2689 bonis
1066 2634 1244 2700 facias
1272 2632 1409 2686 bona
1433 2646 1615 2701 opera,
1638 2636 1687 2685 et
1703 2634 1930 2699 propter

225 2725 422 2803 mundi
450 2725 587 2779 bona
605 2740 711 2779 non
740 2725 919 2791 facias
948 2737 1112 2792 opera
1138 2722 1418 2790 mala,aut
1436 2735 1542 2774 non
1562 2719 1786 2789 impedit
1812 2734 1930 2771 con-

220 2815 358 2885 jux.
393 2818 490 2869 aut
520 2812 783 2883 impedire
810 2827 915 2865 non
935 2810 1087 2864 debet
1108 2808 1293 2879 (Ibid.,
1323 2824 1379 2862 η.
1416 2807 1523 2877 12).

303 2905 356 2957 li.
386 2903 513 2957 Haec
539 2900 778 2973 epistola
806 2900 1043 2954 fortasse
1075 2897 1427 2952 Bonifacium
1455 2895 1705 2966 impulit,
1748 2899 1810 2948 ut
1833 2893 1931 2948 ali-

230 2993 448 3062 quanto
476 2993 609 3061 post
647 2989 706 3043 in
762 2981 1012 3043 ofﬁcium
1070 2985 1301 3041 rediret.
1359 2986 1431 3039 At
1466 2984 1519 3038 ei
1547 2988 1683 3038 tunc
1713 2999 1933 3038 morem

140 3112 148 3118 -
230 3094 453 3147 gerere,
486 3077 593 3132 nisi
625 3075 825 3148 gratia;
852 3074 1124 3130 miraculo
1148 3074 1317 3144 plane
1349 3072 1645 3143 singulari,
1685 3088 1799 3126 non
1823 3089 1930 3144 po-

230 3171 402 3222 terat.
437 3166 746 3237 Oportebat
777 3180 909 3220 eum
937 3169 1036 3217 aut
1062 3178 1222 3217 suam
1271 3177 1335 3216 ac
1375 3160 1607 3215 familias
1647 3162 1934 3215 fortunam

233 3253 477 3309 omnino
509 3254 788 3319 deserere,
823 3254 921 3307 aut
944 3249 1016 3305 ad
1046 3253 1299 3304 extrema
1319 3247 1416 3303 illa
1448 3247 1604 3313 ferri,
1637 3263 1752 3318 quo
1772 3263 1933 3302 eum-

236 3344 373 3400 dem
395 3341 685 3398 redactum
704 3340 881 3396 visuri
898 3355 1114 3394 sumus.
1134 3337 1430 3393 Enimvero
1451 3335 1660 3408 quibus
1680 3336 1934 3406 ejusdem

236 3431 407 3486 ruina
433 3430 592 3485 cordi
632 3432 772 3491 erat,
807 3428 1042 3483 effecere
1080 3431 1146 3482 ut
1173 3424 1343 3496 coepti
1392 3427 1590 3480 contra
1614 3439 1745 3479 eum
1802 3423 1938 3478 belli

238 3536 379 3575 cura
404 3518 464 3573 in
491 3518 875 3590 Segisvultum
925 3517 1194 3571 comitem
1238 3513 1613 3568 transferetur
1667 3512 1937 3583 (Prosper,

234 3611 297 3663 in
328 3608 627 3672 Chronica).
681 3608 734 3660 Is
772 3605 1006 3674 Gothus,
1036 3609 1209 3677 atque
1238 3602 1482 3658 Arianus
1508 3606 1649 3668 erat,
1690 3604 1753 3655 ut
1782 3599 1937 3653 vide-

236 3702 368 3751 tur:
394 3711 528 3750 nam
556 3692 843 3749 Maximini
874 3692 1068 3748 Ariani
1097 3690 1369 3763 episcopi,
1397 3688 1641 3761 quicum
1662 3687 1860 3743 Gothis
1878 3687 1939 3742 in

236 3783 491 3839 Africam
521 3786 773 3847 venerat,
830 3797 1005 3852 opera
1056 3780 1342 3844 utebatur,
1382 3778 1750 3848 Segisvultus,
1810 3793 1941 3831 cum

239 3889 360 3929 non
392 3870 717 3939 fuerit,nisi
748 3874 877 3940 post
907 3868 1240 3924 Mavortium
1261 3882 1389 3921 cum
1412 3866 1539 3921 aliis
1556 3866 1656 3938 qui
1677 3866 1944 3921 adversus

240 3959 602 4015 Bonifacium
635 3957 792 4012 missi
821 3955 1297 4011 fuerantducibus
1324 3958 1611 4014 necatum,
1632 3952 1766 4007 huic
1794 3952 1943 4007 bello

239 4048 566 4122 praefectus,
599 4047 904 4102 difﬁculter
916 4046 1229 4101 admodum
1252 4044 1444 4117 potuit
1462 4044 1521 4098 in
1541 4044 1787 4099 Africam
1814 4047 1945 4097 ante

244 4153 463 4192 annum
494 4134 1136 4207 quadringentesimum
1155 4132 1496 4203 vigesimum
1517 4136 1778 4187 octavum
1800 4130 1950 4202 traji-

242 4241 397 4280 cere.
420 4223 789 4280 Maximinum
813 4222 1153 4293 Carthagine
1179 4222 1500 4293 Hipponem
1525 4221 1743 4276 venisse
1768 4220 1948 4291 ipsius

237 4316 407 4387 jussu
439 4312 836 4383 cognoscimus
861 4312 1069 4382 (Collat.
1093 4327 1212 4366 cum
1240 4312 1563 4371 Maximino,
1592 4326 1647 4364 n.
1676 4310 1759 4381 l);
1796 4308 1949 4379 quod

246 4417 380 4456 cum
413 4400 491 4455 ita
522 4400 611 4462 sit,
665 4414 903 4470 magnas
933 4400 1100 4453 hasce
1133 4399 1273 4453 duas
1301 4398 1471 4452 urbes
1509 4396 1696 4452 eidem
1727 4400 1953 4468 oportet

248 4488 547 4563 paruisse;
578 4493 847 4543 caeterum
886 4487 955 4541 de
1004 4485 1220 4541 bellicis
1254 4487 1378 4556 ejus
1432 4483 1781 4539 facinoribus
1808 4483 1953 4538 nihil

251 4593 496 4649 usquam
529 4581 614 4631 est
642 4575 918 4630 invenire.
953 4574 1102 4639 Quin
1132 4574 1179 4628 si
1206 4573 1470 4628 standum
1508 4572 1769 4643 Procopii
1797 4571 1953 4627 testi-

249 4664 467 4731 monio,
483 4668 610 4735 post
621 4662 1009 4718 Vandalorum
1030 4660 1452 4717 exscensionem
1474 4660 1818 4732 Carthagine
1834 4664 1959 4715 erat

252 4752 596 4810 Bonifacius.

329 4847 378 4896 5.
408 4842 474 4896 In
499 4844 843 4912 praesentem
875 4855 1090 4894 annum
1106 4837 1306 4893 incidit
1329 4836 1709 4891 Vandalorum
1733 4836 1792 4890 in
1816 4835 1959 4891 Afri-

259 4945 387 4984 cam
411 4927 679 4999 irruptio,
711 4944 826 4999 qua
855 4926 1079 4981 nullum
1104 4924 1369 4980 totovitee
1384 4923 1664 4979 curriculo
1693 4929 1960 4978 eventum

254 5017 634 5089 insigniorem
665 5015 1045 5071 tristioremve
1072 5012 1362 5085 conspexit
1389 5011 1762 5083 Augustinus.
1795 5010 1961 5065 Boni-

258 5105 439 5162 facius
472 5120 680 5176 nempe
713 5104 926 5159 foedere
956 5120 1087 5159 cum
1115 5102 1383 5158 Vandalis
1421 5100 1509 5155 sui
1555 5100 1820 5155 adversus
1849 5100 1964 5154 Im-

254 5194 487 5268 perium
517 5192 863 5248 defendendi
886 5208 1056 5247 causa
1083 5191 1248 5259 inito,
1267 5190 1400 5245 illos
1418 5188 1570 5243 maio
1600 5203 1796 5243 mense
1827 5187 1965 5243 anni

255 5278 1287 5356 quadringentesimivigesimioctavi
1308 5278 1617 5334 secundum
1634 5275 1967 5348 opinionem

258 5370 500 5445 propius
528 5386 562 5425 a
585 5367 887 5425 verisimili
915 5368 1299 5435 recedentem,
1324 5383 1392 5423 ex
1423 5365 1707 5438 Hispaniis
1739 5364 1797 5419 in
1823 5363 1968 5421 Afri-

258 5475 384 5516 cam
420 5458 695 5525 evocavit,
728 5461 899 5529 atque
939 5471 1140 5511 eorum
1168 5453 1671 5527 libidinipermisit
1689 5454 1834 5509 hanc
1849 5458 1970 5508 tan-

261 5554 381 5604 tam
418 5551 653 5619 tamque
688 5545 990 5601 ﬂorentem
1034 5543 1412 5616 provinciam,
1458 5559 1631 5615 quam
1659 5541 1840 5598 tribus
1871 5557 1969 5596 ex—

1674 305 1877 362 LIDER
1917 308 2248 363 OCTAVUS.

3610 317 3713 370 358

2017 430 2196 500 ceptis
2216 430 2453 485 urbibus
2469 434 2648 486 totam
2669 431 2900 486 biennio
2912 437 3276 504 occuparunt.
3304 436 3421 489 Huc
3446 437 3715 507 trajecere

2020 518 2118 573 Dei
2148 517 2337 589 potius
2368 534 2542 590 quam
2579 519 2850 573 Bonifacii
2890 520 3068 574 accitu
3093 537 3107 587 ;
3154 520 3428 577 nimirum
3458 527 3522 577 ut
3549 539 3583 577 a
3610 540 3713 594 po-

2015 605 2169 677 pulis
2216 605 2599 661 admissorum
2652 623 2852 678 poenas
2906 613 3270 680 expeterent;
3310 609 3535 682 ipsique
3574 612 3717 667 adeo

2020 693 2458 759 conﬁtebantur,
2499 711 2557 747 se
2588 695 2693 749 hac
2742 695 2801 749 in
2841 697 3200 767 expeditione
3232 715 3344 753 non
3392 704 3508 754 tam
3558 704 3721 755 motu

2018 782 2270 852 proprio,
2300 798 2472 853 quam
2503 783 2694 838 divino
2725 783 2973 854 impulsu
3031 786 3144 856 agi.
3189 787 3504 855 Salvianus,
3545 804 3720 860 quam

2013 869 2203 940 justus
2232 869 2427 924 fuisset
2480 870 2573 924 ille
2604 871 2876 942 impulsu,
2925 890 2990 926 ex
3023 875 3306 929 consuetis
3336 893 3399 930 ac
3428 876 3723 931 familiari-

2021 958 2127 1013 bus
2157 957 2422 1011 Afrorum
2468 958 2772 1013 sceleribus
2802 960 3174 1027 demonstrat,
3217 963 3460 1018 maxime
3492 980 3623 1018 vero
3656 980 3721 1019 ex

2023 1046 2379 1117 impudentia
2409 1051 2461 1101 et
2494 1047 3011 1118 blasphemiis,boc
3030 1055 3114 1103 est
3143 1051 3310 1104 rebus
3340 1051 3429 1118 iis,
3462 1067 3590 1123 quae
3622 1052 3724 1106 Dei

2024 1134 2434 1206 religionisque
2456 1135 2729 1190 honorem
2761 1141 3051 1206 spectant:
3085 1155 3148 1191 ac
3162 1139 3445 1209 justitiam
3470 1140 3723 1195 divinam

2026 1238 2093 1275 eo
2123 1221 2329 1276 clarius
2358 1223 2577 1276 elucere
2612 1224 2859 1278 ostendit
2889 1224 2949 1279 in
2997 1225 3101 1279 hac
3146 1227 3528 1282 Vandalorum
3579 1228 3726 1283 irru-

2026 1310 2240 1381 ptioue,
2275 1310 2427 1381 quod
2466 1310 2527 1364 hi
2549 1310 2725 1365 fmdas
2751 1329 3095 1384 spurcaeque
3118 1313 3385 1369 libidines
3415 1332 3481 1370 ex
3501 1332 3569 1370 ea
3596 1334 3726 1388 pro-

2026 1398 2209 1453 vincia
2231 1399 2512 1453 deleveret
2529 1401 2818 1469 (Saluiam,
2845 1401 2911 1455 de
2923 1402 3190 1464 Gub.,lib.
3210 1403 3284 1472 7).
3302 1404 3352 1456 ls
3364 1403 3599 1474 quidem
3622 1406 3727 1459 hac

2028 1487 2089 1541 in
2111 1503 2170 1541 re
2192 1488 2408 1542 multus
2438 1491 2543 1555 est,
2566 1494 2799 1559 tamque
2819 1489 3154 1545 horribilem
3181 1491 3384 1546 Africae
3414 1492 3727 1564 imaginem

2028 1575 2304 1646 depingit,
2338 1579 2400 1629 ut
2434 1576 2740 1630 difficulter
2769 1577 2862 1631 hic
2891 1578 3125 1633 modum
3155 1579 3405 1635 tenuisse
3443 1581 3723 1637 videatur.

2034 1664 2333 1719 Enimvero
2388 1680 2517 1718 cum
2572 1664 2738 1719 isthic
2769 1670 2959 1720 essent
3016 1667 3339 1738 complures
3391 1670 3729 1725 sanctissimi

2032 1751 2321 1823 episcopi;
2352 1752 2476 1823 quis
2507 1752 2727 1807 dubitet
2777 1769 2975 1807 eorum
3032 1754 3181 1808 curis
3220 1771 3284 1808 ac
3331 1755 3621 1811 laboribus
3668 1757 3729 1811 in

2030 1839 2174 1893 bene
2205 1838 2399 1893 multis
2429 1856 2459 1893 e
2497 1841 2709 1911 populo
2742 1842 2919 1895 Deum
2949 1842 3226 1913 aspirasse
3249 1842 3279 1896 ?
3319 1845 3505 1913 Atque
3558 1843 3729 1898 simul

2034 1925 2390 1980 verissimum
2441 1932 2544 1996 est,
2602 1944 2717 1998 quo
2763 1928 3022 1998 pluribus
3068 1930 3137 1984 ad
3177 1932 3419 1986 salutem
3450 1933 3731 2003 praesidiis

2033 2014 2308 2069 instructa
2338 2020 2461 2069 erat
2492 2015 2613 2070 hare
2642 2016 2953 2086 provincia,
2981 2034 3049 2072 eo
3079 2018 3252 2075 fuisse
3284 2036 3482 2076 eorum
3514 2021 3733 2077 crimen

2034 2102 2366 2170 immanius,
2394 2102 2494 2174 qui
2514 2104 2731 2159 eisdem
2749 2104 2929 2170 abusi,
2956 2107 3042 2160 vel
3062 2106 3121 2160 in
3134 2107 3472 2163 infidelitate
3487 2112 3736 2181 Pagano-

2035 2208 2186 2260 rum,
2217 2193 2304 2246 vel
2324 2192 2384 2246 in
2405 2192 2706 2248 schismate
2730 2193 3170 2261 Donatistarum,
3202 2196 3289 2251 vel
3318 2196 3377 2251 in
3406 2197 3734 2253 Manichaeo-

2037 2297 2167 2336 rum
2234 2280 2595 2353 aliorumque
2659 2282 3028 2353 popularium
3085 2284 3488 2341 haereticorum
3542 2286 3737 2359 impiis

2036 2369 2420 2443 dogmatibus,
2452 2370 2542 2425 vel
2574 2371 2820 2442 denique
2846 2371 2907 2425 in
2953 2372 3105 2426 vitiis
3140 2378 3195 2427 et
3235 2373 3571 2435 criminibus
3600 2392 3737 2430 con-

2038 2464 2290 2512 tumaces
2326 2464 2781 2529 permanserunt.
2827 2460 2941 2531 lpsi
2984 2476 3213 2533 quoque
3252 2463 3433 2517 sancti
3487 2463 3740 2518 Africani

2039 2546 2322 2601 antistites
2359 2550 2676 2617 agnoscunt
2707 2563 2821 2602 non
2853 2547 2974 2602 sine
3006 2548 3221 2614 dolore,
3255 2551 3572 2621 perfectum
3620 2567 3740 2606 esse

2038 2631 2209 2686 hocce
2258 2632 2548 2703 ﬂagellum
2580 2637 2700 2688 tum
2753 2651 2819 2690 ex
2866 2635 3267 2707 improborum
3298 2640 3562 2709 peccatis,
3615 2644 3740 2695 tum

2041 2720 2260 2775 etiame
2289 2720 2595 2776 timiditate
2621 2722 2935 2789 bonorum;
2969 2724 3091 2796 qui,
3123 2742 3194 2780 ne
3224 2726 3561 2782 facultatum
3589 2733 3739 2782 tem-

2039 2807 2328 2878 poralium
2350 2808 2634 2878 jacturam
2674 2809 2945 2878 facerent,
2977 2812 3164 2891 malis,
3198 2813 3268 2867 de
3317 2814 3527 2885 quibus
3578 2814 3741 2886 inge-

2042 2895 2375 2961 miscebant,
2434 2895 2707 2951 obsistere
2750 2899 3093 2953 verebantur
3132 2901 3320 2970 (Serm.
3373 2902 3439 2956 de
3493 2905 3744 2971 Tempore

2043 2984 2288 3052 barbar.,
2344 3000 2463 3053 cap.
2520 2985 2592 3053 1).
2655 2986 2795 3040 Cum
2851 2990 3045 3041 autem
3104 2989 3249 3043 Deus
3303 3005 3465 3061 asque
3517 2991 3747 3045 miseri-

2042 3090 2166 3127 cors
2240 3071 2312 3127 sit
2383 3088 2446 3126 ac
2494 3073 2703 3143 justus,
2774 3074 2941 3129 hasce
2997 3092 3196 3147 poenas
3252 3078 3457 3133 Africae
3514 3078 3745 3134 miseri-

2042 3161 2237 3216 cordia
2305 3160 2543 3231 perinde
2616 3166 2789 3234 atque
2847 3163 3067 3234 justitia
3123 3169 3467 3237 temperatas
3536 3168 3727 3234 fuisse,

2043 3266 2160 3305 non
2187 3249 2474 3304 immerito
2487 3249 2814 3306 dixerimus.
2838 3251 3055 3324 Quippe
3075 3254 3424 3310 calamitates
3453 3256 3564 3311 illa:
3588 3261 3726 3313 tem-

2044 3340 2265 3413 porales
2321 3339 2530 3393 multos
2588 3338 2763 3394 dubio
2810 3342 3009 3411 procul
3065 3341 3244 3397 bonos
3294 3342 3661 3413 Christianos,
3710 3349 3745 3399 ἐι

2047 3427 2254 3499 quibus
2282 3425 2526 3497 patienti
2552 3426 2747 3482 animo
2791 3433 2925 3483 sunt
2976 3436 3245 3502 exceptae,
3291 3439 3740 3505 perpurgarunt.

2046 3515 2129 3569 Ad
2158 3515 2279 3569 hinc
2304 3530 2434 3569 cum
2467 3515 2614 3569 Deus
2640 3515 2918 3586 plurimos
2950 3533 3127 3588 opera
3157 3524 3484 3575 sanctorum
3528 3521 3744 3593 episco-

2047 3618 2277 3673 porum,
2304 3618 2447 3674 quos
2476 3602 2556 3656 eis
2591 3602 2944 3674 praefecerat,
2982 3605 3228 3661 maxime
3257 3623 3389 3661 vero
3419 3608 3744 3679 Augustini,

2049 3691 2120 3745 ad
2159 3689 2499 3761 martyrium
2527 3694 2925 3761 praeparasset,
2967 3692 3039 3746 ad
3067 3693 3246 3763 ipsius
3287 3694 3532 3764 gloriam
3570 3695 3747 3767 perti-

2052 3779 2241 3845 nebat,
2272 3782 2334 3832 ut
2362 3778 2655 3844 virtutem,
2675 3795 2787 3849 qua
2818 3779 3049 3834 eosdem
3071 3786 3463 3847 exornaverat,
3491 3783 3749 3837 omnium

2052 3865 2230 3920 oculis
2260 3868 2636 3934 proponeret;
2670 3868 2726 3917 et
2753 3864 2891 3918 illud
2926 3881 3060 3919 sane
3090 3865 3282 3921 docuit
3320 3872 3575 3923 eventus.
3606 3869 3749 3924 Nam

2054 3952 2437 4008 Vandalorum
2467 3951 2746 4022 tyrannis,
2774 3969 2886 4023 qua
2906 3968 3011 4023 per
3035 3968 3216 4007 annos
3244 3958 3475 4009 centum
3505 3955 3751 4011 Africam

2052 4047 2309 4106 tenuere,
2351 4038 2541 4094 minus
2587 4039 2828 4094 celebris
2883 4041 3059 4096 evasit
3100 4041 3388 4097 horrenda
3444 4042 3597 4098 illius
3652 4044 3751 4100 de-

2055 4129 2389 4197 vestatione,
2429 4145 2604 4200 quam
2634 4128 2857 4200 ingenti
2888 4146 3130 4185 numero
3163 4131 3551 4186 confessorum
3582 4136 3754 4205 atque

2057 4222 2396 4289 martyrum,
2425 4234 2571 4288 quos
2616 4216 2732 4273 illic
2787 4218 3026 4273 istorum
3071 4220 3363 4276 coronavit
3405 4220 3753 4279 immanitas.

2061 4308 2274 4379 (Victor
2316 4308 2550 4376 Vitens.,
2597 4306 2663 4361 de
2707 4309 2908 4362 Perseo.
2948 4308 3210 4372 Vandal..
3240 4310 3338 4367 lib.
3383 4313 3434 4377 l,
3463 4326 3519 4364 n.
3553 4314 3603 4379 l,
3630 4310 3755 4381 sq.).

2130 4398 2183 4449 6.
2216 4394 2550 4449 Gensericus
2589 4410 2717 4449 cum
2764 4394 2988 4467 ingenti
3031 4396 3300 4464 exercitu,
3343 4414 3455 4452 non
3497 4413 3566 4452 ex
3627 4396 3761 4452 solis

2063 4482 2358 4549 Vandalis,
2399 4498 2596 4537 verum
2658 4483 2828 4538 etiam
2882 4501 2949 4538 ex
2997 4485 3210 4552 Alanis,
3260 4485 3475 4553 Gothis,
3525 4485 3763 4558 aliisque

2069 4588 2242 4626 omne
2297 4587 2478 4643 genus
2508 4571 2833 4626 natlonibus
2880 4571 3123 4627 conﬂato
3164 4573 3473 4645 trajiciens,
3518 4573 3764 4629 Africam

2068 4659 2184 4714 otio
2235 4659 2522 4743 rebusque
2580 4659 2846 4713 omnibus
2885 4659 3215 4715 affluentem
3267 4662 3507 4732 reperit:
3545 4662 3615 4717 de
3654 4678 3767 4733 qua

2065 4747 2361 4803 Salvianus
2400 4747 2480 4800 ita
2510 4747 2785 4818 loquitur,
2825 4752 2891 4802 ut
2919 4764 2986 4802 ea
3037 4747 3300 4803 ditiorem
3355 4750 3413 4804 in
3464 4749 3769 4821 provinciis

2067 4834 2244 4889 totius
2266 4833 2755 4905 Romanilmperii
2781 4836 3000 4890 nullam
3029 4836 3310 4893 exstitisse
3327 4837 3608 4910 signiﬁcet
3620 4837 3768 4910 (Sal-

2071 4927 2249 4990 vian.,
2276 4921 2342 4976 de
2371 4921 2537 4989 Gub.,
2566 4924 2661 4977 lib.
2683 4925 2757 4991 '7).
2781 4923 2886 4979 Sed
2914 4923 3073 4979 brevi
3100 4924 3303 4981 faciem
3333 4927 3455 4998 ejus
3479 4931 3771 4982 mutavere

2080 5011 2331 5067 Barbari.
2356 5013 2575 5079 Divina,
2598 5011 2785 5084 inquit
2804 5012 3112 5081 Possidius,
3142 5002 3416 5070 voluntate
3437 5021 3488 5070 et
3510 5018 3774 5085 potestate

2072 5102 2344 5170 provenit,
2377 5105 2439 5154 ut
2467 5115 2658 5155 manus
2685 5103 2874 5169 ingens
2904 5101 3134 5158 divtrsis
3163 5105 3282 5158 telis
3302 5108 3515 5158 armata
3543 5108 3594 5156 et
3622 5102 3773 5156 bellis

2083 5191 2401 5256 exercitata,
2446 5190 2765 5244 immanium
2797 5191 3029 5246 hostium
3070 5192 3441 5248 Vandalorum
3472 5194 3523 5245 et
3565 5190 3774 5244 Alano-

2075 5293 2217 5345 rum,
2245 5280 2592 5333 commixtam
2620 5293 2792 5334 secum
2827 5279 3025 5335 habens
3055 5280 3344 5336 Gothorum
3376 5283 3601 5348 gentem,
3633 5279 3777 5333 alia-

2078 5381 2305 5436 rumque
2352 5366 2691 5445 diversarum
2738 5383 3019 5437 personas,
3074 5383 3142 5421 ex
3192 5368 3470 5436 Hispania
3523 5366 3779 5436 partibus

2084 5457 2491 5522 transmarinis,
2530 5456 2760 5511 navibus
2792 5457 3003 5523 Africa:
3046 5456 3349 5524 iri/lusisset
3390 5458 3442 5508 et
3489 5456 3778 5511 irruisset:

2084 5544 2440 5612 universaque
2450 5557 2547 5614 per
2560 5544 2671 5597 lora
2684 5544 2865 5598 Mauri
2869 5545 3139 5597 taniarum
3152 5542 3313 5595 etiam
3326 5539 3402 5593 ad
3411 5541 3552 5596 alias
3567 5547 3782 5599 nostras
