4062 6402
414 355 515 406 559

414 476 680 529 transiens
688 474 1003 542 provincias
1022 477 1074 525 et
1084 473 1343 539 regiones,
1375 473 1522 524 omni
1542 473 1763 524 saeviens
1791 469 2109 523 crudelitate

410 567 461 616 et
488 562 1018 628 atrocitate,cuncta,
1051 573 1168 627 quae
1189 560 1387 627 potuit,
1412 558 1821 627 ert-spoliatione,
1852 557 2106 623 cazdibus,

412 650 745 718 diversisque
756 650 1050 713 tormentis,
1070 646 1353 713 incendiis,
1378 648 1609 714 aliisque
1626 645 2111 699 innumerabilibus

413 744 462 793 et
493 737 740 804 infandis
770 737 926 790 malis
954 736 1283 804 depopulata
1311 740 1424 801 est;
1458 736 1596 788 nulli
1622 736 1799 797 serui,
1820 735 1959 788 nulli
1986 749 2112 802 par-

414 841 533 879 cens
552 827 721 891 aetati,
754 840 846 878 nec
885 825 1020 893 ipsis
1044 826 1143 878 Dei
1166 823 1534 877 sacerdotibus
1564 823 1646 876 vel
1675 825 1967 886 ministris,
2016 838 2110 875 nec

414 917 550 983 ipsis
579 915 918 967 ecclesiarum
944 914 1270 966 ornamentis
1297 926 1391 965 seu
1420 913 1794 965 instrumentis
1826 912 1909 963 vel
1929 908 2113 979 aediﬁ-

413 1005 540 1058 ciis.
600 1004 670 1056 Et
710 1002 845 1054 hanc
903 1001 1295 1067 ferocissimam
1355 999 1589 1053 hostium
1630 1000 2021 1067 grassationem
2062 1001 2113 1049 et

412 1091 785 1155 vastationem,
816 1089 909 1140 ille
938 1090 1032 1141 Dei
1063 1089 1235 1148 homo,
1267 1092 1316 1141 et
1339 1088 1547 1153 factam
1570 1089 1743 1152 fuisse
1765 1092 1814 1139 et
1833 1087 1975 1154 ﬁeri,
2008 1100 2113 1139 non

414 1184 471 1232 ut
502 1179 679 1231 caeteri
717 1178 1008 1240 hominum,
1040 1175 1300 1228 sentiebat
1325 1179 1374 1227 et
1403 1174 1709 1241 coyitabat;
1743 1174 1837 1227 sed
1866 1174 2030 1227 altius
2062 1177 2113 1226 et

409 1265 742 1335 profundius
772 1281 835 1318 ea
863 1264 1228 1330 considerans,
1256 1268 1306 1316 et
1332 1265 1389 1317 in
1414 1263 1498 1316 his
1511 1264 1818 1316 animarum
1844 1264 2113 1331 prazcipue

414 1355 496 1408 rel
517 1355 763 1424 pericula
796 1354 878 1407 vel
905 1358 1098 1407 mortes
1122 1352 1453 1422 pravidens,
1482 1353 1638 1405 solito
1675 1353 1911 1420 amplius
1960 1355 2111 1419 (quo-

412 1445 563 1496 niam
606 1447 665 1495 ut
701 1444 964 1511 scriptum
992 1446 1088 1508 est,
1125 1442 1260 1506 ιριιὶ
1289 1443 1520 1510 apponit
1543 1443 1846 1505 scientiam,
1888 1441 2113 1508 apponit

413 1532 646 1586 dolorem
680 1549 705 1583 ν
732 1528 926 1602 [Eccle.
960 1547 997 1596 ι,
1036 1528 1122 1601 18]
1147 1546 1159 1595 ;
1189 1534 1238 1583 et
1263 1548 1289 1579 ‹‹
1322 1531 1424 1584 Cor
1450 1529 1776 1595 intelligens,
1809 1531 1952 1582 tinea
1980 1529 2109 1582 ossi-

414 1620 571 1687 bus)»
597 1620 823 1684 fuerzznt
843 1622 890 1670 ei
908 1619 1158 1686 lacrymae
1173 1632 1341 1686 panes
1363 1616 1449 1669 die
1471 1622 1693 1669 acnocte
1720 1616 1884 1684 (Psal.
1904 1631 2013 1681 XLI,
2037 1618 2109 1683 4),

411 1709 918 1774 amarissimamque
937 1712 989 1761 et
1018 1706 1297 1771 lugubrem
1320 1720 1439 1774 pra
1468 1706 1673 1759 exteris
1694 1719 1803 1758 sua:
1830 1706 2113 1757 senectutis

403 1798 525 1865 jam
551 1811 684 1865 pene
707 1800 1003 1848 extremam
1026 1794 1251 1848 ducebat
1285 1809 1346 1847 ac
1378 1793 1639 1847 tolerabat
1656 1795 1848 1847 vitam.
1884 1792 2115 1848 Videbat

410 1887 550 1939 enim
582 1885 672 1938 ille
701 1884 852 1938 homo
879 1885 975 1937 Dei
1002 1884 1251 1936 civitates
1280 1882 1492 1935 emcidio
1515 1879 1781 1951 perditas,
1803 1882 2115 1949 pariterque

411 1988 530 2027 cum
566 1974 811 2040 aediﬁciis
834 1973 1092 2025 villarum
1122 1971 1470 2035 habitatores,
1505 1970 1639 2023 alios
1659 1970 1842 2023 hostili
1869 1985 1990 2023 nece
2019 1985 2112 2022 ear-

409 2065 652 2129 stinctos,
691 2063 825 2114 alios
866 2060 1128 2129 eﬂ'ugatos
1158 2064 1320 2127 atque
1356 2058 1660 2127 dispersos;
1717 2058 1979 2112 Ecclesias
2023 2072 2112 2110 sa-

411 2150 710 2205 cerdotibus
738 2165 799 2203 ac
827 2151 1097 2203 ministris
1130 2148 1436 2213 destitutas,
1470 2145 1817 2215 virginesque
1842 2160 2027 2199 sacras
2066 2152 2115 2199 et

411 2254 648 2309 quosque
685 2240 1011 2293 continentes
1038 2237 1239 2304 ubique
1284 2235 1621 2304 dissipatos;
1665 2239 1716 2288 et
1762 2238 1819 2289 in
1868 2237 1950 2288 his
1980 2235 2115 2287 alios

410 2330 687 2382 tormentis
716 2327 995 2392 defecisse,
1038 2326 1171 2378 alios
1200 2323 1385 2389 gladio
1415 2326 1758 2391 interemptos
1791 2338 1920 2391 esse,
1980 2323 2113 2376 alios

410 2420 470 2470 in
495 2418 828 2485 captivitate,
870 2414 1093 2484 perdita
1134 2414 1307 2466 animi
1336 2417 1385 2466 et
1423 2415 1662 2482 corporis
1712 2412 2025 2477 integritate
2053 2426 2114 2463 ac

410 2505 556 2573 ﬁdei,
598 2505 740 2558 malo
776 2518 919 2557 more
964 2518 1025 2556 ac
1068 2502 1205 2555 duro
1254 2501 1495 2555 hostibus
1538 2501 1842 2565 deservire;
1892 2490 2113 2567 hymnos

412 2595 511 2647 Dei
537 2597 587 2646 et
618 2591 803 2645 laudes
833 2591 898 2645 de
918 2591 1151 2644 ecclesiis
1181 2589 1490 2658 deperiisse,
1512 2588 1746 2656 aediﬁcia
1773 2589 2115 2642 ecclesiarum

412 2696 575 2751 quam
595 2681 848 2750 plurimis
881 2679 1008 2732 locis
1038 2678 1256 2745 ignibus
1280 2681 1613 2731 concremata
1640 2692 1653 2741 ;
1686 2677 1964 2741 solemnia,
1997 2692 2115 2744 quae

412 2773 515 2823 Deo
546 2768 824 2829 debentur,
860 2767 924 2821 de
960 2768 1199 2836 propriis
1246 2766 1372 2820 locis
1416 2765 1636 2819 desiisse
1673 2767 1976 2834 sacriﬁcia;
2023 2779 2112 2818 sa-

411 2862 685 2913 cramenta
713 2856 905 2909 divina
926 2857 1009 2909 vel
1036 2870 1141 2908 non
1172 2856 1363 2923 quaeri,
1394 2854 1477 2907 vel
1514 2855 1775 2922 quzercnti
1803 2856 1901 2922 qui
1927 2853 2113 2907 tradat

407 2963 514 3001 non
537 2947 703 3013 facile
722 2947 985 3014 reperiri;
1010 2946 1069 2997 in
1097 2946 1248 3012 ipsas
1275 2945 1536 2996 montium
1575 2945 1740 2996 silvas
1770 2947 1818 2995 et
1856 2957 2113 2995 cavernas

404 3041 687 3103 petrarum
715 3038 764 3087 et
792 3034 1072 3103 speluncas
1094 3034 1480 3098 confugientes,
1511 3032 1593 3084 rel
1632 3031 1706 3085 ad
1733 3046 1974 3100 quasque
1997 3047 2111 3084 mu-

408 3125 639 3176 nitiones
669 3123 803 3176 alios
832 3122 1005 3186 fuisse
1033 3125 1370 3188 expugnatos
1400 3124 1449 3173 et
1492 3122 1821 3185 interfectos,
1861 3119 2003 3173 alios
2033 3121 2113 3172 ita

408 3211 722 3264 necessariis
753 3210 1133 3263 sustentaculis
1154 3209 1386 3260 evolutos
1411 3211 1573 3274 atque
1588 3209 1857 3275 privatos,
1885 3212 1947 3260 ut
1966 3209 2113 3273 fame

411 3298 870 3351 contabescerent:
904 3298 1153 3364 ipsosque
1180 3296 1543 3349 Ecclesiarum
1573 3297 1888 3363 prapositos
1921 3300 1972 3348 et
2008 3296 2109 3348 cle-

410 3387 569 3447 ricos,
613 3387 709 3453 qui
746 3385 885 3450 forte
934 3384 1030 3437 Dei
1073 3383 1316 3450 beneﬁcio
1365 3383 1446 3436 vel
1475 3398 1559 3435 eos
1598 3398 1705 3436 non
1744 3384 2107 3449 incuri-erant,

410 3475 491 3527 rel
503 3477 833 3527 incurrentes
856 3476 1158 3537 evaserant,
1174 3470 1331 3523 rebus
1343 3471 1587 3524 omnibus
1599 3471 1926 3539 exspoliatos
1948 3476 2112 3541 atque

408 3561 663 3627 nudatos,
712 3562 1077 3627 egentissimos
1132 3559 1453 3621 mendicare,
1503 3574 1596 3612 nec
1643 3561 1719 3611 eis
1748 3559 1991 3613 omnibus
2038 3560 2112 3613 ad

410 3653 610 3717 omnia,
641 3651 836 3719 quibus
864 3647 1133 3715 fulciendi
1151 3650 1342 3712 essent,
1369 3647 1646 3701 subveniri
1667 3662 1823 3716 posse
1846 3662 1857 3701 :
1882 3649 1978 3701 vim
2005 3652 2109 3702 tres

408 3740 721 3807 superstites
761 3753 826 3790 ea:
856 3736 1340 3790 innumerabilibus
1384 3737 1667 3802 Ecclesias,
1714 3737 1808 3790 hoc
1852 3740 1950 3800 est,
1984 3738 2110 3791 Car-

409 3828 794 3892 thaginensem,
827 3828 1240 3895 Hipponensem,
1278 3830 1327 3879 et
1367 3825 1678 3892 Cirtensem,
1713 3841 1831 3893 qua:
1879 3827 1975 3880 Dei
2020 3826 2106 3878 be-

404 3916 591 3985 neﬂcio
621 3917 811 3969 excisa:
833 3930 939 3968 non
967 3920 1114 3980 sunt,
1146 3919 1196 3967 et
1241 3930 1426 3967 earum
1465 3920 1787 3983 permanent
1835 3916 2103 3980 civitates,

405 4009 456 4056 et
480 4004 661 4058 divino
700 4007 749 4057 et
779 4004 1010 4057 humano
1037 4004 1194 4069 fultae
1218 4003 1477 4071 praesidio
1502 4019 1514 4068 ;
1557 4004 1679 4056 licet
1712 4008 1835 4071 post
1864 4003 1981 4071 ejus
2010 4003 2107 4056 ob-

404 4095 541 4146 itum
563 4092 690 4147 urbs
715 4092 1074 4159 Hipponensis
1100 4091 1288 4143 incolis
1301 4090 1561 4143 destituta
1576 4090 1643 4143 ab
1666 4090 1905 4144 hostibus
1934 4092 2107 4155 fuerit

406 4185 758 4236 concremata.
795 4181 859 4232 Et
889 4194 942 4231 se
980 4180 1122 4230 inter
1159 4179 1268 4231 haec
1314 4179 1462 4231 mala
1512 4177 1798 4244 cujusdam
1847 4180 2106 4246 sapientis

406 4272 669 4321 sententia
683 4267 1059 4321 consolabatur
1070 4266 1297 4320 dicentis
1322 4282 1334 4319 :
1360 4268 1481 4321 Non
1501 4269 1602 4319 erit
1614 4281 1842 4333 magnus
1853 4282 2106 4333 magnum

404 4361 626 4426 putans,
656 4354 801 4423 quod
825 4353 1025 4407 cadunt
1047 4354 1199 4420 ligna
1223 4358 1271 4406 et
1301 4354 1529 4422 lapides,
1563 4358 1612 4408 et
1642 4356 1947 4409 moriuntur
1971 4371 2107 4409 mor-

406 4444 558 4498 tales.
591 4445 713 4497 Περί)
732 4457 857 4508 ergo
886 4444 1067 4496 omnia
1094 4442 1201 4505 ille,
1235 4447 1295 4495 ut
1323 4448 1440 4496 erat
1467 4443 1576 4496 alte
1602 4445 1839 4511 sapiens,
1870 4444 2108 4511 quotidie

404 4531 635 4585 ubertim
660 4529 955 4598 plangebat
985 4529 1233 4598 (Possid.,
1266 4533 1324 4583 in
1375 4531 1504 4585 Vita
1534 4531 1793 4597 August,
1841 4547 1959 4600 cap.
1992 4532 2101 4601 28).

473 4623 526 4673 7.
563 4620 843 4674 Caeterum
872 4618 969 4672 Vir
1009 4619 1111 4672 Dei
1138 4635 1324 4690 neque
1353 4618 1526 4673 ﬁdcm
1559 4636 1741 4685 suam,
1775 4635 1958 4690 neque
1990 4620 2108 4690 epi-

403 4708 685 4779 scopalem
730 4706 1124 4763 fortitudinem
1164 4708 1381 4772 dolore,
1416 4724 1531 4779 quo
1562 4713 1748 4763 tantas
1776 4708 1928 4762 inter
1957 4711 2103 4763 cala-

404 4798 632 4851 mitates
662 4797 1032 4866 afﬁciebatur,
1062 4797 1250 4869 frangi
1281 4797 1635 4852 debilitarive
1666 4797 1920 4853 sinebat:
1949 4799 2103 4869 quod

407 4883 636 4955 quidem
669 4884 717 4938 is
748 4884 985 4954 epistola
1014 4884 1086 4938 ad
1124 4885 1583 4950 Quodvultdeum
1613 4885 1944 4956 episcopum
1973 4886 2106 4940 data

405 4971 626 5043 liquido
660 4971 1087 5028 demonstravit.
1121 4974 1372 5044 Rogatus
1393 4974 1547 5028 enim
1575 4974 1646 5027 ab
1676 4973 1783 5027 hoc
1813 4973 2101 5044 episcopo,

400 5060 719 5132 praesulum
750 5060 857 5114 hoc
887 5059 947 5113 in
975 5076 1107 5114 casu
1139 5062 1291 5131 quod
1330 5068 1478 5116 esset
1514 5062 1787 5129 ofﬁcium,
1820 5078 1894 5116 an
1928 5061 2007 5115 eis
2034 5062 2102 5116 li-

402 5156 552 5205 ceret
581 5150 779 5220 iugam
806 5148 1036 5219 populis
1072 5150 1421 5219 permittere,
1459 5167 1521 5204 ac
1549 5167 1608 5204 se
1653 5150 1807 5221 ipsos
1852 5151 2102 5221 recipere

401 5237 643 5310 periculi
666 5238 884 5292 vitandi
910 5237 1131 5307 gratia:
1162 5238 1357 5308 paucis
1400 5239 1632 5309 quidem
1664 5238 1747 5293 illi
1783 5240 2100 5309 respondit,

401 5326 500 5381 sed
524 5343 630 5398 pro
656 5326 914 5398 ejusdem
939 5326 1272 5381 necessitate
1303 5330 1389 5381 sat
1407 5327 1626 5394 multis,
1647 5342 1853 5399 nempe
1874 5345 1977 5384 nec
2006 5344 2103 5381 eos

396 5431 519 5470 esse
549 5414 961 5487 prohibendos,
1014 5414 1114 5485 qui
1167 5414 1237 5469 ad
1267 5414 1411 5481 loca,
1464 5415 1511 5468 si
1546 5420 1816 5485 possunt,
1878 5417 2101 5472 munita

396 5503 645 5573 migrare
678 5502 1025 5569 desiderant,
1058 5519 1164 5558 nec
1196 5503 1490 5575 episcopos
1518 5502 1821 5558 ministerii
1867 5504 1956 5559 sui
1982 5504 2101 5558 vin-

395 5591 523 5644 cula
552 5591 652 5646 illa
694 5608 871 5659 sacra,
931 5591 1139 5663 quibus
1187 5608 1302 5660 eos,
1360 5608 1431 5647 ne
1491 5591 1758 5647 Ecclesiae
1813 5593 2093 5653 deserant,

1654 344 1803 402 VI'I'A
1850 349 1906 401 S.
1950 348 2324 403 AUGUSTINI
2369 345 2698 401 EPISCOPI.

3837 346 3943 393 fit?"

2223 467 2429 522 Christi
2452 467 2695 522 charitas
2723 465 2999 537 alligavit,
3030 482 3193 537 posse
3234 482 3538 536 rumpere;
3584 469 3761 536 atque
3793 465 3940 519 adeo

2224 556 2499 629 quamdiu
2529 556 2785 626 ipsorum
2833 554 3138 626 praesentia
3167 554 3323 627 plebi
3353 556 3677 610 necessaria
3710 559 3800 609 est
3847 554 3939 608 fu-

2221 650 2371 713 tura,
2410 646 2489 699 eis
2518 645 2662 699 nihil
2703 660 2936 716 prorsus
2968 643 3121 697 aliud
3148 643 3419 715 relinqui,
3456 643 3567 698 nisi
3596 649 3661 698 ut
3690 660 3755 697 se
3787 648 3941 698 totos

2224 733 2429 787 divina:
2459 734 2736 788 voluntati
2760 732 3134 796 committant,
3164 737 3219 787 et
3239 749 3399 803 spem
3413 749 3575 787 suam
3603 733 3661 786 in
3680 748 3939 804 superno

2225 822 2503 891 adiutorio
2532 824 2810 877 collocent
2839 824 3056 890 (Epist.,
3084 823 3210 889 228,
3236 838 3288 876 n.
3321 824 3397 892 1).
3423 822 3754 875 Honoratus
3773 819 3943 874 Thia.

2224 909 2412 964 hensis
2437 910 2756 981 episcopus,
2780 910 3051 981 idemque
3080 926 3114 964 a
3163 909 3418 964 Possidio
3449 915 3680 963 sanctus
3716 909 3810 962 vir
3840 925 3939 979 ap-

2226 999 2466 1068 pellatus
2522 999 2840 1065 (Possidius,
2880 999 2943 1054 in
2982 1001 3110 1054 Vita
3153 999 3416 1065 August.,
3465 1015 3511 1053 ο.
3555 1000 3670 1068 30),
3733 998 3942 1051 eadem

2222 1086 2591 1157 postmodum
2645 1088 2716 1141 ab
2769 1088 3086 1158 Augustino
3131 1085 3200 1141 de
3252 1087 3593 1158 praesulibus
3622 1092 3683 1141 et
3711 1085 3943 1140 clericis

2225 1175 2534 1230 sciscitatus
2567 1180 2669 1231 est.
2718 1176 2816 1231 Hic
2870 1180 3063 1230 sancto
3110 1174 3365 1230 Antistiti
3393 1174 3784 1246 signiﬁcabat,
3815 1190 3941 1228 non

2224 1263 2414 1316 videre
2452 1281 2532 1332 se,
2564 1264 2704 1336 quid
2745 1265 2897 1319 aliud
2940 1263 3289 1319 remanendo
3319 1263 3381 1317 in
3418 1262 3650 1318 sedibus
3684 1264 3809 1317 suis
3845 1264 3939 1317 vel

2226 1352 2431 1407 sibivel
2461 1354 2673 1424 populo
2695 1370 2796 1408 suo
2820 1354 3106 1425 profuturi
3131 1353 3247 1406 sint
3266 1351 3539 1424 episcopi,
3564 1352 3680 1407 nisi
3706 1357 3774 1407 ut
3800 1357 3939 1407 ante

2222 1440 2481 1511 ipsorum
2529 1443 2719 1495 oculos
2756 1442 2864 1496 viri
2900 1442 3122 1507 cadant,
3179 1442 3408 1495 feminae
3458 1446 3941 1513 constuprentur,

2224 1527 2602 1584 incendantur
2631 1531 2901 1596 ecclesiae,
2934 1534 3102 1601 atque
3133 1529 3242 1600 ipsi
3271 1545 3502 1601 quoque
3539 1528 3602 1583 in
3630 1530 3946 1583 tormentis

2225 1616 2511 1689 deficiant,
2542 1634 2672 1672 cum
2702 1620 2770 1673 de
2817 1618 2956 1687 ipsis
3000 1619 3279 1689 quaeritur
3307 1617 3459 1689 quod
3514 1634 3633 1671 non
3691 1617 3941 1672 habent.

2224 1706 2575 1777 Augustinus
2627 1708 2885 1760 sufﬁcere
2940 1708 3177 1778 putavit,
3221 1706 3273 1760 ei
3310 1722 3471 1760 suam
3512 1707 3584 1760 ad
3617 1706 3944 1771 Quodvult-

2226 1794 2399 1848 deum
2429 1795 2733 1865 epistolam
2764 1795 3005 1849 mittere.
3048 1794 3156 1850 Sed
3205 1795 3289 1848 illi
3340 1795 3550 1849 iterum
3611 1796 3944 1849 Honoratus

2224 1882 2330 1936 hoc
2358 1882 2465 1937 sibi
2494 1884 2841 1937 satisfactum
2864 1899 3112 1938 nonesse
3138 1883 3745 1955 signiﬁcavit,quando
3779 1883 3945 1938 Chri-

2227 1977 2346 2025 stus
2373 1976 2427 2025 et
2451 1973 2648 2042 fugere
2668 1972 3049 2043 praecepisset,
3078 1978 3135 2026 et
3152 1977 3503 2043 prmi-cptum
3535 1988 3708 2025 suum
3740 1988 3943 2026 exem-

2224 2061 2321 2131 plo
2352 2060 2585 2130 proprio
2615 2061 3005 2115 conﬁrmasset
3028 2078 3040 2115 :
3068 2062 3182 2115 Hoc
3203 2060 3503 2130 igitur,fuit
3532 2060 3592 2114 in
3613 2076 3812 2126 causa,
3840 2078 3946 2115 cur

2227 2147 2279 2200 ei
2311 2154 2539 2201 sanctus
2570 2149 2773 2202 Doctor
2792 2165 2999 2202 novam
3028 2164 3201 2218 super
3230 2165 3295 2201 ea
3327 2164 3389 2203 re
3420 2149 3691 2203 scriberet
3724 2149 3943 2218 episto-

2226 2236 2339 2289 lam
2368 2237 2566 2305 (Epist.
2587 2239 2711 2303 228,
2733 2238 2877 2304 η.2),
2907 2252 3079 2307 quam
3093 2235 3228 2290 dicit
3249 2234 3938 2292 Possidiusinstituendis

2226 2324 2506 2395 episcopis
2536 2324 2774 2396 aliisque
2816 2325 3075 2379 Ecclesiae
3116 2322 3392 2378 ministris
3423 2324 3684 2395 apprime
3728 2326 3940 2380 utilem

2227 2418 2283 2465 et
2311 2413 2710 2482 necessariam,
2749 2413 2820 2467 ob
2848 2412 3020 2483 idque
3052 2412 3160 2466 sibi
3196 2412 3400 2479 visum,
3452 2429 3602 2479 eam,
3635 2412 3773 2467 licet
3804 2413 3940 2467 lono

2227 2501 2562 2571 giusculam,
2605 2502 2741 2556 Vitae
2791 2502 2968 2555 sancti
2998 2501 3261 2555 Praisulis
3316 2501 3568 2556 inserere
3601 2502 3937 2573 (Possidius,

2225 2591 2283 2643 in
2323 2591 2446 2645 Vita
2474 2591 2732 2657 August,
2765 2605 2810 2643 c.
2845 2592 2950 2657 30).
2984 2591 3158 2643 Porro
3189 2589 3247 2643 id
3278 2588 3373 2643 ille
3419 2589 3480 2643 in
3506 2605 3573 2644 ea
3621 2590 3814 2657 docet,
3850 2591 3940 2644 fu-

2226 2694 2355 2747 gam
2394 2678 2675 2750 episcopis
2706 2683 2830 2732 tum
2865 2679 3098 2733 demum
3122 2678 3339 2732 licitam
3368 2694 3511 2741 esse,
3538 2694 3670 2731 cum
3701 2681 3791 2732 vel
3826 2679 3939 2750 ipsi

2227 2765 2543 2834 specialiter
2573 2771 2932 2836 quaeruntur,
2966 2771 3021 2819 et
3046 2782 3148 2836 per
3176 2766 3320 2819 alios
3350 2765 3449 2837 qui
3481 2781 3597 2819 non
3646 2766 3727 2820 ita
3779 2785 3940 2839 qum-

2226 2859 2452 2923 runtur,
2476 2858 2664 2925 potest
2713 2853 2940 2922 impleri
2971 2853 3356 2907 necessarium
3387 2851 3815 2922 ministerium;
3848 2858 3936 2909 vel

2224 2942 2451 2997 recessit
2477 2942 2740 2997 universa
2769 2942 2950 3012 plebs.
2987 2941 3196 2997 Ultimo
3221 2941 3355 2995 huic
3382 2942 3763 3012 approbando
3796 2960 3939 3014 quo-

2223 3032 2489 3086 rumdam
2527 3031 2907 3101 Hispanorum
2949 3030 3267 3085 antistitum
3298 3030 3626 3101 exemplum
3658 3031 3938 3098 adducit;

2223 3121 2409 3192 primo
2436 3126 2626 3174 autem
2656 3119 2949 3174 Athanasii
2981 3136 2994 3186 ;
3049 3119 3142 3173 cui
3181 3124 3406 3190 poterat
3462 3123 3517 3169 et
3572 3118 3939 3190 Cyprianum

2172 3242 2177 3251 ι
2224 3210 2570 3280 adiungere:
2624 3208 2871 3279 demptis
2900 3212 3091 3263 autem
3131 3207 3354 3261 duabus
3383 3205 3535 3261 hisce
3585 3205 3938 3259 conditioni-

2221 3297 2348 3359 bus,
2380 3297 2703 3367 ignorantia
2728 3298 2847 3350 sola
2870 3300 2967 3350 aut
2986 3296 3213 3366 ignavia
3240 3296 3531 3359 clericum,
3562 3294 3937 3364 maximeque

2222 3384 2571 3455 episcopum,
2601 3383 2793 3438 induci
2822 3400 3001 3454 posse,
3044 3388 3105 3438 ut
3133 3384 3411 3455 populum
3448 3382 3775 3437 ministerio
3807 3399 3935 3447 suo,
3966 3380 3975 3387 ’

2223 3488 2336 3543 quo
2364 3476 2621 3543 tempore
2648 3471 3013 3543 potissimum
3040 3489 3107 3526 eo
3148 3472 3384 3542 indiget,
3415 3472 3707 3527 desertum
3738 3471 3933 3541 patia-

2222 3565 2335 3614 tur.
2367 3560 2509 3624 Quia
2545 3575 2675 3614 vero
2713 3560 2783 3614 ab
2836 3560 2949 3613 alio
2987 3560 3233 3629 praesule
3277 3560 3465 3615 fuerat
3512 3560 3835 3629 objectum,
3889 3560 3933 3612 si

2223 3648 2477 3702 Christus
2506 3648 2566 3702 in
2596 3648 2678 3704 eis
2706 3649 3213 3719 persecutionibus,
3245 3648 3784 3721 ubipotestfructus
3811 3665 3934 3701 esse

2224 3736 2500 3809 martyrii,
2531 3737 2867 3809 fugiendum
2899 3738 3166 3810 praecepit
3189 3754 3202 3804 ;
3229 3738 3408 3809 multo
3428 3737 3607 3807 magis
3626 3735 3935 3806 fugiendas

2221 3843 2341 3880 esse
2369 3826 2660 3898 passiones
2689 3825 2927 3892 steriles,
2979 3826 3207 3897 quando
3248 3812 3346 3880 est
3372 3825 3704 3879 barbaricus
3734 3829 3798 3877 et
3829 3826 3933 3879 ho-

2222 3915 2364 3969 stilis
2394 3915 2652 3969 incursus
2677 3931 2690 3968 :
2723 3915 3032 3985 respondet
3060 3914 3433 3985 Augustinus,
3484 3930 3689 3967 verum
3714 3930 3847 3967 esse
3877 3913 3932 3967 id

2220 4003 2453 4075 quidem
2475 4004 2544 4058 de
2573 4003 2661 4057 his
2682 4019 2825 4074 quos
2855 4002 3219 4057 ecclesiastici
3238 4002 3411 4056 ofﬁcii
3443 4017 3561 4055 non
3582 4006 3792 4055 tenent
3811 4001 3934 4055 vin-

2218 4092 2372 4160 cula;
2404 4108 2561 4146 secus
2590 4096 2782 4146 autem
2812 4091 2881 4145 de
2912 4090 2982 4144 iis
3010 4090 3130 4162 qui,
3163 4090 3316 4162 quod
3368 4089 3631 4144 fidelibus
3683 4107 3933 4161 operam

2218 4196 2380 4234 suam
2426 4180 2690 4246 debeant,
2722 4185 3063 4247 remanent;
3093 4196 3187 4233 eos
3236 4178 3718 4233 enim’charitatis
3748 4177 3934 4249 hujus

2222 4268 2494 4322 beneﬁcio
2515 4267 2785 4335 meritum
2809 4268 3138 4321 illustrioris
3171 4268 3427 4339 martyrii
3452 4267 3563 4322 sibi
3586 4283 3931 4337 comparare

2219 4373 2390 4428 quam
2422 4356 2469 4409 si
2497 4356 2810 4411 retinendae
2837 4361 3058 4410 tantum
3085 4355 3221 4412 ﬁdei
3251 4373 3421 4411 causa
3450 4361 3824 4428 paterentur.
3857 4361 3932 4410 At

2218 4461 2345 4499 cum
2394 4444 2639 4514 ipsemet
2682 4444 2923 4499 charitas
2976 4444 3265 4500 videretur
3314 4445 3385 4500 ad
3425 4446 3485 4500 id
3530 4445 3833 4510 inducere,
3865 4450 3932 4499 ut

2216 4539 2508 4604 optaretur
2544 4532 2678 4587 cleri
2709 4539 2929 4603 partem
2958 4534 3230 4605 aliquam,
3265 4550 3338 4588 ne
3368 4534 3629 4588 deessent
3652 4534 3756 4605 qui
3791 4549 3928 4588 eva-

2216 4622 2480 4677 dentibus
2504 4621 2863 4676 barbaricum
2885 4622 3135 4677 furorem
3154 4622 3597 4693 opitularentur,
3622 4622 3927 4690 secedere;

2216 4714 2413 4764 monet
2438 4726 2532 4763 eos
2552 4709 2650 4780 qui
2671 4715 2869 4779 sponte
2886 4710 3187 4765 consilium
3218 4710 3325 4764 hoc
3353 4716 3545 4765 essent
3573 4711 3928 4780 amplexari,

2215 4813 2286 4849 ne
2316 4798 2403 4851 vel
2434 4802 2768 4852 notarentur
2820 4798 3068 4869 ignavia,
3098 4799 3182 4852 vel
3214 4815 3336 4869 prie
3366 4799 3512 4865 aliis,
3539 4798 3761 4868 judicio
3793 4817 3930 4864 suo,

2215 4885 2398 4955 magis
2445 4885 2702 4940 Ecclesiae
2748 4885 3052 4941 necessarii
3093 4886 3443 4953 viderentur,
3491 4885 3741 4941 sortibus
3800 4904 3931 4943 rem

2215 4974 2573 5030 committere
2609 4990 2774 5045 posse
2801 4991 2814 5028 :
2862 4990 3050 5046 neque
3080 4974 3186 5028 hoc
3214 4975 3318 5029 ulli
3345 4979 3734 5046 praeterquam
3763 4974 3935 5046 igna-

2214 5062 2292 5115 ris
2336 5063 2627 5133 culpatum
2656 5062 2745 5132 iri,
2780 5063 3042 5134 quamvis
3093 5079 3221 5118 eam
3252 5065 3532 5118 rationem
3573 5063 3767 5118 minus
3802 5066 3935 5119 usi-

2214 5155 2393 5207 tatam
2440 5169 2560 5207 esse
2590 5153 2884 5208 fateretur.
2915 5155 3129 5209 Asserit
3166 5154 3520 5226 Augustinus
3547 5155 3696 5210 hanc
3744 5156 3936 5211 animi

2214 5239 3136 5314 magnitudinem,quaepiscopus
3160 5259 3291 5297 cum
3319 5243 3487 5315 plebe
3518 5243 3627 5299 sibi
3651 5243 3936 5315 divinitus

2213 5328 2428 5383 credita
2455 5330 2658 5384 mediis
2706 5330 2769 5383 in
2796 5330 3064 5401 periculis
3091 5314 3435 5403 perseverat,
3465 5348 3578 5387 non
3607 5314 3933 5389 mundanae

2213 5415 2539 5487 cupiditatis
2552 5418 2737 5488 fumo,
2755 5419 2853 5473 sed
2875 5419 3124 5474 caelestis
3150 5420 3360 5475 amoris
3371 5419 3606 5474 ﬂamma
3629 5426 3932 5495 generari,

2212 5509 2270 5558 et
2301 5520 2559 5561 amorem
2587 5506 2741 5562 hunc
2770 5523 2802 5560 τι
2824 5508 2940 5562 Deo
2971 5507 3251 5579 proﬁcisci
3281 5524 3502 5563 necnon
3532 5508 3603 5563 ab
3627 5509 3757 5580 ipso
3786 5526 3933 5581 pre-

2210 5593 2369 5648 cibus
2412 5610 2531 5650 esse
2581 5595 3034 5665 eftlagitandum.
3070 5597 3291 5651 Oremus
3319 5612 3466 5667 ergo,
3496 5603 3556 5651 ut
3586 5597 3655 5650 ab
3698 5600 3798 5653 illo
3831 5602 3931 5654 de-
