4062 6354
160 296 265 344 .‘ml

158 421 265 470 tur
278 417 657 488 aquojubetur
679 422 870 488 (Epist.
890 424 1011 483 228,
1038 436 1093 473 n.
1111 425 1182 487 7;.
1210 422 1322 474 Hoc
1341 422 1571 477 demum
1585 424 1745 478 addit
1760 441 1866 495 pro

156 506 465 572 coronide,
498 505 801 560 consilium
831 506 891 561 in
920 507 1008 562 his
1034 508 1453 564 calamitatibus
1481 512 1703 566 nullum
1733 529 1866 567 con-

154 592 477 648 ducibilius
506 595 777 665 relinqui,
802 612 976 666 quam
1008 601 1073 650 ut
1102 597 1470 667 confugiatur
1496 600 1565 653 ad
1594 600 1869 654 orationis

154 682 526 751 praesidium,
548 689 721 754 atque
743 684 951 738 obnixe
975 684 1169 739 divina
1188 687 1864 758 clementiaimploretur.

154 771 347 825 Porro
378 787 443 825 ex
484 771 591 825 hac
638 771 877 840 epistola
916 771 1176 841 judicare
1221 780 1322 841 est,
1356 776 1641 831 Calamam
1664 779 1868 832 urbem

154 859 426 930 aliasque
462 860 787 929 complures
812 877 846 913 a
870 860 1089 915 civibus
1119 863 1357 916 omnino
1388 864 1638 918 desertas
1668 882 1732 918 ac
1770 867 1865 919 de-

155 948 381 1002 solatas
428 946 636 1012 fuisse;
689 949 921 1019 quando
966 949 1271 1009 POSaidius,
1321 951 1421 1021 qui
1466 953 1536 1007 ab
1566 954 1867 1023 Augustini

156 1035 475 1100 sententia,
507 1051 680 1106 quam
733 1041 816 1091 tot
858 1037 1144 1109 tantisque
1188 1039 1451 1093 laudibus
1479 1038 1899 1112 prosequitur,‘

164 1124 466 1179 discedere
496 1140 794 1195 nunquam
816 1126 874 1179 in
896 1126 1156 1182 animum
1188 1128 1521 1194 induxisset,
1551 1145 1671 1183 sese
1700 1134 1866 1201 atque

155 1211 313 1265 alios
336 1211 608 1267 ﬁnitimos
640 1213 917 1267 antistites
942 1215 1263 1286 Hipponem
1294 1216 1607 1287 perfugisse
1631 1222 1869 1273 testatur

159 1302 483 1366 (Possidius,
517 1303 577 1354 in
603 1303 731 1357 Vita
759 1303 1020 1368 August.,
1046 1320 1092 1357 c.
1124 1304 1234 1374 28).

845 1391 1072 1446 CAPUT
1103 1393 1189 1447 IX.

166 1482 184 1533 t
234 1480 497 1534 Ultimum
523 1494 657 1548 opus
678 1481 736 1533 in
756 1480 1035 1535 lulianum
1055 1486 1272 1536 sanctus
1303 1484 1493 1537 Doctor
1528 1485 1865 1549 aggreditur.

235 1569 273 1620 2
312 1568 377 1621 In
420 1567 742 1635 colloquium
795 1570 942 1621 venit
1002 1584 1121 1621 cum
1176 1572 1481 1624 Marimino
1528 1573 1869 1625 Arianorum

237 1657 506 1724 episcopo,
540 1671 697 1724 quem
728 1659 779 1709 et
815 1656 976 1709 editis
1006 1657 1160 1710 libris
1209 1660 1473 1723 confutat.
1504 1664 1533 1712 3
1564 1661 1869 1713 Maximum

238 1744 312 1797 ab
336 1745 555 1798 Ariona
582 1744 773 1798 haaresi
792 1759 1100 1798 conversum
1115 1745 1460 1812 adhortatur,
1486 1752 1545 1801 ut
1571 1763 1693 1801 suos
1718 1749 1871 1802 alios-

239 1847 345 1899 que
374 1832 552 1885 eodem
584 1848 763 1887 errore
792 1833 1096 1902 implicatos
1125 1834 1200 1887 ad
1236 1836 1551 1888 catholicam
1579 1836 1738 1904 ﬁdem
1769 1837 1868 1889 ad-

235 1919 433 1974 ducere
496 1920 731 1975 studeat.
797 1922 830 1975 4
881 1922 1103 1987 Refellit
1153 1923 1455 1978 Sermonem
1510 1924 1865 1981 Arianorum.

237 2012 271 2063 5
329 2010 662 2079 Colloquium
714 2026 832 2063 cum
868 2012 1147 2065 Pascentio
1193 2012 1363 2064 eidem
1410 2011 1638 2067 Arianz
1681 2015 1871 2067 haeresi

240 2098 465 2152 addicta
485 2100 705 2167 scriptis
728 2097 801 2151 ad
829 2099 1069 2151 eumdem
1099 2100 1293 2153 litteris
1323 2101 1557 2165 evulgat.
1591 2103 1622 2153 6
1651 2102 1869 2170 Elpidio

243 2188 304 2239 in
327 2185 437 2255 ﬁde
463 2187 751 2239 Trinitatis
780 2188 989 2239 erranti
1005 2187 1271 2241 rescribit.

242 2276 293 2326 t.
328 2273 394 2326 In
423 2272 522 2326 illa
550 2273 725 2327 totius
753 2274 956 2328 Africae
997 2274 1330 2338 vastatione,
1371 2274 1509 2327 dum
1536 2289 1604 2327 eo
1644 2276 1867 2327 tantum

166 2359 575 2415 incumberent
598 2362 859 2433 plerique
899 2378 1118 2427 omnes,
1156 2367 1216 2416 ut
1243 2364 1331 2416 vel
1358 2362 1560 2432 patriae
1590 2362 1869 2416 laboranti

163 2464 344 2517 opem
376 2448 609 2517 ferrent,
650 2450 737 2503 vel
769 2466 890 2504 sese
944 2450 1139 2503 saltem
1173 2449 1461 2521 eriperent
1497 2450 1568 2504 ab
1596 2449 1865 2516 interitu;

165 2540 405 2590 sanctus
441 2536 687 2591 Antistes
716 2537 1041 2592 institutum
1080 2538 1452 2592 nihilominus
1480 2554 1648 2592 suum
1677 2538 1737 2592 in
1776 2537 1870 2591 ad-

156 2623 421 2695 juvanda
448 2624 731 2678 continuis
757 2624 873 2678 suis
898 2625 1187 2679 laboribus
1208 2626 1864 2696 Ecclesia,propugnan-

166 2713 366 2783 daque
398 2711 662 2765 adversus
689 2712 842 2766 illius
870 2714 1061 2767 hostes
1089 2712 1329 2768 veritate
1352 2729 1415 2767 ac
1446 2714 1577 2783 ﬁde,
1602 2718 1868 2768 constan-

165 2807 257 2856 ter
282 2802 533 2856 tenebat.
556 2802 678 2856 lam
709 2807 841 2855 ante
869 2802 1230 2855 observatum
1258 2800 1423 2855 nobis
1451 2805 1556 2869 est,
1585 2801 1807 2871 scriptis
1838 2818 1867 2853 a

162 2890 401 2946 Juliano
431 2890 490 2944 in
518 2891 772 2962 primum
818 2889 1121 2959 Augustini
1164 2889 1377 2943 librum
1426 2891 1495 2943 de
1550 2890 1774 2960 Nuptiis
1814 2895 1870 2943 et

166 2978 648 3049 Concupisceutia
694 2984 939 3049 quatuor
965 2977 1148 3043 libris,
1194 2982 1457 3047 excerpta
1500 2979 1764 3048 quaedam
1796 2994 1863 3031 ex

164 3068 406 3123 illorum
437 3066 623 3139 primo
656 3071 913 3121 sanctum
965 3067 1261 3120 Doctorem
1309 3082 1412 3119 suo
1443 3066 1513 3120 de
1555 3066 1778 3137 Nuptiis
1816 3072 1871 3119 et

168 3154 654 3226 Concupiscentia
682 3155 929 3209 secundo
962 3154 1234 3209 refutasse
1259 3174 1273 3221 ;
1303 3172 1365 3209 ac
1395 3161 1594 3225 postea
1623 3161 1871 3225 quatuor

166 3244 302 3298 illos
328 3243 583 3313 integros
613 3242 1115 3314 adeptum,contra
1143 3244 1372 3297 eosdem
1402 3242 1570 3295 simul
1597 3242 1870 3313 prolixius

168 3349 341 3403 opus,
388 3332 551 3403 cujus
602 3330 895 3401 inscriptio
951 3331 1012 3385 in
1060 3331 1578 3387 Retractationibus
1615 3347 1730 3385 non
1759 3331 1872 3385 alia

169 3422 411 3491 legitur,
442 3421 551 3475 nisi
586 3438 598 3475 :
632 3423 829 3478 Contra
851 3421 1137 3477 Julianum
1158 3422 1288 3475 libri
1315 3437 1431 3483 sea),
1460 3421 1717 3475 edidisse.
1745 3422 1871 3491 Aly-

168 3510 309 3582 pius
336 3510 549 3564 librum
579 3510 648 3564 de
681 3509 904 3581 Nuptiis
935 3514 991 3563 et
1040 3509 1507 3580 Concupiscentia
1560 3510 1871 3563 secundum

162 3598 290 3669 jam
315 3598 447 3652 inde
476 3598 545 3652 ab
567 3613 718 3651 anno
745 3597 1311 3669 quadringentesimo
1357 3597 1631 3668 vigesimo
1658 3598 1868 3667 primo,

170 3692 457 3758 quantum
519 3686 845 3755 conjectura
895 3685 1062 3740 nobis
1108 3686 1237 3739 licet
1284 3686 1529 3757 assequi,
1579 3702 1772 3740 secum
1811 3685 1872 3739 in

174 3775 402 3829 italiam
431 3774 583 3828 tulit.
617 3775 732 3828 Hoc
762 3778 952 3828 autem
976 3775 1210 3828 adortus
1231 3780 1313 3828 est
1335 3778 1617 3828 maturata
1635 3788 1870 3844 respon-

168 3864 341 3918 sione
369 3864 650 3927 Julianus,
682 3879 812 3916 cum
861 3880 956 3916 sex
999 3863 1195 3927 libros,
1248 3863 1458 3932 quibus
1512 3869 1760 3933 quatuor
1786 3862 1873 3915 sui

165 3951 405 4007 refutati
436 3951 507 4004 ab
524 3950 843 4019 Augustino
875 3952 1120 4015 fuerant,
1147 3951 1391 4005 necdum
1422 3950 1678 4021 cognitos
1707 3951 1876 4004 habe-

165 4046 263 4095 ret
288 4059 304 4105 ;
336 4037 802 4108 quandoquidem
825 4052 897 4090 an
928 4053 1025 4089 eos
1047 4037 1403 4107 Augustinus
1422 4036 1670 4107 legisset,
1698 4037 1877 4091 addu.

171 4126 324 4181 bitat
371 4126 578 4195 (Operis
626 4126 931 4193 imperfecti
979 4124 1073 4177 lib.
1132 4125 1187 4191 4,
1238 4140 1294 4177 n.
1345 4127 1453 4191 38).
1516 4126 1627 4177 Ista
1662 4124 1875 4179 Juliani

172 4212 478 4284 responsio
508 4213 667 4267 libris
696 4217 820 4266 octo
850 4212 1147 4266 constabat
1174 4212 1232 4266 in
1259 4211 1467 4282 quibus
1505 4217 1629 4266 erat
1655 4213 1751 4267 ille
1778 4230 1873 4267 va-

174 4302 453 4375 gabunda
482 4300 819 4371 loquacitate
842 4316 959 4353 non
988 4300 1269 4370 copiosus,
1298 4300 1392 4353 sed
1414 4300 1640 4355 odiosus
1660 4301 1759 4367 eis,
1778 4301 1876 4371 qui

176 4391 353 4446 rebus
380 4389 725 4444 inhaerentes
753 4388 1044 4459 superﬂua
1072 4388 1241 4442 verba
1271 4393 1645 4443 contemnunt
1683 4389 1873 4458 (lbid.,

177 4479 287 4535 lib.
329 4481 381 4545 3,
413 4495 467 4532 n.
497 4478 610 4547 20).
668 4478 732 4531 In
774 4476 881 4531 hoc
924 4476 1059 4530 scite
1107 4465 1454 4546 Augustinus
1495 4477 1739 4548 jocatur,
1770 4478 1874 4531 ait-

182 4584 297 4639 que
329 4566 512 4633 illum,
542 4564 823 4637 siquidem
869 4564 1055 4619 eidem
1107 4564 1211 4618 viae
1256 4564 1517 4619 insistere
1564 4565 1873 4631 constituit,

181 4656 439 4726 amplius
468 4655 625 4708 mille
672 4654 984 4720 volumina,
1034 4657 1098 4707 ut
1143 4669 1236 4706 sex
1285 4653 1399 4706 suis
1445 4654 1621 4719 libris,
1669 4655 1877 4725 quibus

184 4743 343 4798 illius
381 4748 625 4814 quatuor
654 4741 982 4806 confutavit,
1034 4741 1404 4810 respondeat,’
1443 4742 1601 4795 nullo
1646 4743 1909 4811 negotio.

184 4848 353 4902 posse
383 4830 658 4885 conﬁcere
702 4830 881 4899 (Ib-id,
937 4830 1033 4883 lib.
1078 4832 1127 4895 t,
1178 4845 1232 4882 η.
1286 4831 1389 4895 34;
1441 4830 1537 4886 lib.
1586 4832 1639 4894 4,
1684 4846 1740 4883 n.
1797 4830 1869 4899 5),

182 4919 379 4974 Nihilo
406 4923 600 4972 tamen
631 4918 821 4972 minus
860 4923 1135 4988 perpetuo
1173 4917 1463 4971 brevitatis
1512 4917 1763 4972 studium
1796 4918 1876 4988 ja-

184 5009 395 5072 ctabat,
427 5006 667 5077 perinde
690 5023 752 5060 ac
768 5005 816 5059 si
844 5008 1042 5069 multa,
1078 5022 1207 5077 quae
1236 5006 1513 5077 potuisset
1539 5006 1871 5076 adjungere.

186 5096 528 5150 reticuisset.
580 5094 721 5147 Hinc
750 5093 835 5147 illi
886 5094 1238 5165 Augustinus
1272 5112 1285 5148 :
1316 5094 1439 5149 Idea
1487 5100 1673 5148 contra
1713 5110 1877 5147 unum

187 5185 388 5238 librum
416 5198 589 5237 meum
646 5182 810 5236 libros
851 5188 963 5236 octo
989 5185 1277 5251 scripsisti,
1311 5185 1441 5251 quia
1471 5199 1568 5252 per
1597 5187 1692 5237 tua
1732 5198 1878 5236 com-

187 5274 387 5341 pendia
418 5272 703 5325 dialectica
736 5269 830 5324 diu
877 5270 1160 5339 disputare
1199 5273 1424 5325 noluisti
1453 5272 1636 5336 (lbicl.,
1687 5270 1778 5324 lib.
1827 5273 1876 5335 t,

190 5377 241 5413 η.
310 5360 418 5430 34).
479 5358 583 5413 Sed
650 5374 720 5411 ne
776 5358 986 5411 librum
1053 5359 1285 5429 quidem
1339 5359 1641 5429 Augustini
1696 5364 1878 5413 totum

191 5453 319 5503 octo
376 5448 491 5501 suis
545 5450 841 5518 oppugnat
902 5446 1085 5514 (Ibid.,
1153 5448 1247 5501 lib.
1312 5450 1365 5513 2,
1433 5464 1487 5501 η.
1566 5448 1716 5518 t27);
1762 5446 1878 5501 imo

192 5536 408 5589 nullam
476 5536 599 5605 ejus
645 5539 869 5606 partem
907 5534 1193 5599 refellens,
1238 5535 1327 5588 vix
1378 5536 1602 5591 tertiam
1645 5534 1873 5603 attingit

1600 299 1812 360 LIBER
1875 303 2055 356 Utl'l‘A
2069 304 2224 361 \TS.

3580 315 3682 366 5052

1984 427 2167 496 (Ibid.,
2193 429 2284 482 lib.
2308 430 2360 493 si,
2404 447 2457 482 η.
2502 433 2577 499 5),
2613 431 2827 503 Horum
2854 445 2949 483 sex
2980 429 3038 483 in
3078 430 3493 500 Augustiniana
3524 434 3683 487 refu-

1982 516 2202 570 tatione
2233 517 2621 585 continentur,
2649 518 2706 571 in
2725 517 2933 588 quibus
2964 518 3277 573 Catholicos
3308 519 3396 572 vix
3429 536 3681 591 unquam

1980 604 2147 659 aliter
2176 606 2454 671 nominat,
2488 622 2661 677 quam
2709 606 3088 661 Traducianos
3136 611 3190 659 et
3230 607 3588 675 Manichasos,
3621 626 3684 663 ac

1980 694 2231 747 maxime
2263 700 2522 749 sanctum
2552 687 2896 757 Antistitem,
2930 712 3102 766 quem
3140 696 3258 751 illic
3288 714 3521 769 quoque
3549 701 3681 754 Tra-

1979 787 2259 837 ctatorem
2291 786 2528 838 Poenum
2557 785 2782 849 vocitat,
2830 786 3097 856 Alypium
3146 791 3338 840 autem
3378 788 3680 843 Vernulam

1980 877 2345 941 peccatorum
2376 873 2682 941 Augustini
2730 874 2915 942 (lbid.,
2966 875 3060 927 lib.
3128 878 3172 938 Ι,
3232 891 3286 927 n.
3344 878 3418 943 τ).
3472 877 3679 931 Verum

1981 960 2234 1013 convicia
2264 960 2362 1013 illa
2392 960 2557 1014 nihili
2614 960 2741 1027 sibi,
2775 962 2861 1015 vel
2910 962 3101 1031 potius
3144 962 3336 1032 magni
3383 964 3681 1033 pandenda

1982 1051 2147 1116 putat
2176 1048 2565 1118 Augustinus;
2600 1052 2731 1118 quia
2760 1050 2977 1119 quando
3020 1068 3122 1119 pro
3145 1052 3452 1117 defensione
3495 1054 3678 1108 catho-

1982 1136 2101 1189 lica:
2128 1134 2263 1205 ﬁdei
2273 1152 2333 1189 ac
2349 1137 2610 1191 haereticis
2631 1140 2979 1192 contumelias
3000 1140 3182 1201 audio,
3215 1139 3422 1210 inquit,
3444 1157 3543 1211 pro
3560 1143 3679 1195 lau-

1984 1224 2149 1278 dibus
2180 1224 2347 1277 habeo
2374 1224 2562 1293 (Ibid.,
2588 1225 2681 1280 lib.
2707 1228 2906 1295 3,'cap.
2946 1229 3049 1297 t8).
3084 1227 3341 1282 Julianus
3369 1245 3511 1299 opus
3540 1228 3683 1284 illud

1981 1325 2147 1365 suum
2188 1311 2445 1366 inscribit
2476 1313 2660 1379 Floro,
2688 1313 2839 1367 inter
2875 1315 3196 1385 Pelagiana:
3248 1315 3511 1371 factionis
3557 1317 3675 1387 epi-

1980 1415 2184 1470 scopos
2228 1400 2457 1468 celebri,
2510 1401 2672 1471 cujus
2725 1407 2933 1471 rogatu
2980 1406 3066 1457 vel
3114 1405 3300 1474 potius
3345 1406 3679 1460 auctoritate

1979 1491 2221 1557 paterna
2272 1488 2585 1543 adductum
2632 1505 2689 1543 se
2737 1490 3029 1560 praedicat,
3071 1498 3136 1545 ut
3187 1493 3359 1547 misso
3404 1494 3681 1548 brevioris

1981 1576 2171 1644 operis
2201 1577 2436 1631 consilio
2478 1594 2754 1648 magnum
2797 1579 2906 1633 hoc
2935 1582 3247 1651 susciperet
3276 1583 3466 1650 (Ibid.,
3498 1583 3589 1636 lib.
3632 1587 3676 1647 Ι,

1980 1679 2073 1717 nn.
2097 1668 2151 1729 2,
2178 1664 2255 1735 7).
2292 1667 2356 1719 Et
2384 1665 2496 1719 alio
2528 1666 2650 1719 loco
2692 1667 2830 1722 illud
2863 1668 3052 1721 oneris
3100 1669 3207 1723 sibi
3234 1687 3265 1722 ει
3296 1672 3500 1724 sanctis
3549 1670 3681 1723 viris

1982 1757 2037 1805 et
2067 1753 2189 1823 ejus
2233 1754 2505 1825 temporis
2554 1754 2989 1821 confessoribus,
3035 1756 3141 1809 hoc
3188 1762 3290 1822 est,
3345 1757 3415 1811 ab
3462 1757 3532 1811 iis
3580 1758 3679 1828 qui

1982 1841 2272 1910 Pelagiani
2300 1841 2586 1911 dogmatis
2611 1859 2782 1895 causa
2811 1845 2997 1897 solum
3016 1848 3233 1897 vertere
3256 1844 3399 1913 jussi
3428 1845 3675 1911 fuerant,

1982 1928 2319 1999 impositum
2346 1931 2524 2000 jactat
2554 1931 2739 2001 (lbid.,
2769 1931 2861 1985 lib.
2901 1935 2950 1996 1,
2974 1948 3028 1986 n.
3063 1929 3175 2000 51).
3211 1933 3357 1985 Duos
3392 1933 3676 1986 Retracta-

1982 2016 2204 2071 tionum
2244 2018 2422 2072 libros
2443 2018 2565 2088 jam
2596 2018 2915 2073 absolverat
2960 2019 3331 2088 Augustinus,
3365 2036 3492 2073 cum
3524 2019 3678 2074 idem

1981 2104 2124 2159 illud
2155 2122 2300 2176 opus
2326 2106 2517 2160 videre
2550 2106 2656 2159 sibi
2687 2106 2945 2176 contigit.
2976 2107 3192 2176 Nempe
3222 2107 3458 2177 Alypius
3488 2107 3593 2162 sub
3618 2106 3678 2161 id

1982 2194 2260 2263 temporis
2289 2194 2454 2248 tertio
2486 2196 2724 2249 Romam
2756 2196 3064 2264 profectus,
3122 2195 3264 2249 illud
3303 2195 3383 2249 ibi
3425 2212 3554 2249 cum
3586 2213 3677 2249 ac-

1980 2283 2245 2353 cepisset,
2276 2283 2533 2337 nondum
2579 2287 2759 2336 totum
2806 2283 3200 2353 descripserat,
3252 2300 3382 2337 cum
3427 2284 3677 2338 oblatam

1980 2369 2334 2424 occasionem
2392 2369 2577 2423 noluit
2628 2370 2939 2440 prmterire,
2981 2387 3086 2441 per
3140 2388 3311 2441 quam
3356 2372 3677 2443 Augustino

1981 2458 2238 2529 quinque
2293 2459 2545 2527 ejusdem
2607 2458 2794 2528 operis
2847 2459 3022 2513 libros
3072 2460 3410 2515 deferendos
3441 2461 3674 2525 curavit,

1980 2547 2321 2617 promittens
2351 2547 2493 2601 alios
2522 2551 2637 2600 tres
2667 2546 2777 2599 cito
2808 2564 2865 2599 se
2895 2564 3016 2600 esse
3045 2547 3372 2607 missurum,
3405 2548 3677 2600 multum-

1980 2652 2090 2705 que
2114 2633 2330 2688 instans
2358 2650 2431 2688 ne
2461 2634 2810 2703 respondere
2841 2635 3093 2689 ditferret
3122 2637 3323 2704 (Epist.
3356 2637 3480 2701 224,
3514 2651 3567 2689 n.
3594 2634 3675 2699 2).

1981 2722 2329 2779 Revocandis
2358 2723 2427 2777 ad
2486 2738 2723 2776 examen
2755 2722 3016 2793 Epistolis
3067 2739 3127 2776 ac
3158 2722 3530 2777 Sermonibus
3559 2722 3675 2775 suis
3756 2736 3761 2739 ‘

1978 2817 2113 2866 tunc
2142 2826 2372 2881 operam
2411 2810 2579 2863 dabat
2607 2814 2832 2863 sanctus
2863 2811 3087 2875 Doctor,
3132 2814 3187 2863 et
3231 2809 3508 2880 plurimas
3561 2809 3677 2878 epi-

1981 2901 2256 2953 stolarum
2279 2898 2399 2967 jam
2431 2898 2667 2968 legerat,
2700 2898 2923 2950 tametsi
2953 2897 3095 2951 nihil
3124 2898 3308 2950 adhuc
3336 2897 3469 2951 inde
3499 2897 3674 2951 dicta-

1980 2991 2157 3053 verat,
2188 3002 2318 3039 cum
2349 3002 2479 3039 eum
2512 2985 2683 3039 etiam
2710 2984 2804 3038 isti
2832 2984 3043 3039 Iuliani
3086 2984 3217 3039 libri
3247 3000 3521 3055 occupare
3563 3000 3676 3038 cce-

1980 3078 2205 3146 perunt.
2238 3077 2448 3129 Atcum
2474 3089 2713 3143 operum
2730 3089 2963 3127 suorum
2988 3072 3441 3143 recognitionem
3463 3073 3679 3143 gravio-

1982 3164 2057 3218 ris
2077 3164 2307 3218 duceret
2326 3162 2696 3227 necessitatis,
2718 3178 2889 3233 quam
2912 3166 2976 3215 ut
2999 3161 3345 3215 dimittenda
3367 3161 3676 3227 videretur;

1982 3253 2205 3307 duobus
2232 3251 2387 3306 hisce
2427 3250 2737 3319 laboribus,
2784 3254 2851 3305 ut
2886 3250 3010 3320 jam
3060 3250 3441 3316 observatum,
3497 3250 3675 3303 otium

1980 3355 2147 3393 suum
2177 3337 2257 3391 ita
2299 3336 2541 3408 partitus
2572 3341 2675 3402 est,
2709 3341 2771 3390 ut
2826 3336 2928 3389 uni
2980 3336 3255 3403 interdiu,
3302 3335 3467 3389 alteri
3512 3339 3674 3389 nocte

1981 3426 2355 3482 incumberet.
2388 3425 2529 3479 Aliae
2558 3428 2750 3478 tamen
2782 3423 3247 3494 supervenientes
3268 3439 3417 3477 cura:
3439 3424 3560 3491 ejus
3590 3438 3680 3492 ge-

1981 3515 2135 3570 neris
2167 3532 2228 3568 ac
2260 3513 2561 3583 momenti,
2621 3517 2684 3567 ut
2739 3529 2831 3565 eas
2887 3512 3177 3582 negligere
3233 3512 3675 3582 haudquaquam

1982 3608 2191 3674 posset,
2220 3602 2409 3673 ipsum
2431 3602 2501 3655 ab
2520 3618 2587 3655 eo
2619 3601 2778 3672 quod
2806 3601 3052 3654 habebat
3083 3600 3142 3653 in
3173 3600 3439 3653 manibus
3466 3604 3676 3652 averte.

1983 3697 2136 3745 runt.
2169 3691 2395 3745 Juliano
2445 3705 2576 3742 eum
2608 3687 2669 3741 in
2697 3689 2932 3742 modum
2959 3687 3357 3758 respondebat,
3389 3692 3451 3740 ut
3493 3688 3678 3757 primo

1986 3777 2237 3832 haeretici
2269 3776 2420 3831 illius
2459 3779 2677 3830 textum
2712 3775 3022 3839 exhiberet,
3055 3774 3259 3828 deinde
3296 3791 3424 3844 quae
3451 3774 3518 3828 ad
3546 3791 3679 3828 eum

1984 3865 2385 3920 revincendum
2416 3864 2746 3918 viderentur
2772 3862 3050 3933 apposita,
3084 3862 3457 3931 subjungeret
3495 3862 3677 3928 (Ibid.,

1982 3970 2036 4009 η.
2078 3955 2149 4019 1).
2198 3955 2326 4007 Haec
2354 3952 2498 4005 ratio
2528 3964 2659 4005 eum
2690 3949 2759 4004 ad
2786 3949 3045 4003 iteranda
3074 3951 3269 4004 crebro
3296 3949 3555 4003 eamdem
3588 3966 3675 4003 re-

1985 4057 2199 4112 sponsa
2228 4039 2511 4109 adigebat,
2540 4055 2605 4092 eo
2636 4037 2787 4108 quod
2812 4036 3070 4091 Julianus
3100 4036 3159 4091 in
3190 4037 3540 4091 inculcandis
3580 4037 3677 4090 iis-

1986 4130 2117 4184 dem
2149 4128 2439 4183 erroribus
2465 4131 2776 4197 perpetuus
2805 4130 2952 4179 esset
2984 4142 2995 4179 :
3030 4126 3125 4179 sed
3154 4124 3403 4179 malebat
3428 4124 3525 4177 Vir
3554 4141 3681 4178 san-

1986 4223 2109 4271 ctus
2135 4216 2373 4271 nimiam
2403 4230 2565 4268 suam
2593 4213 2953 4283 diligentiam
2980 4230 3013 4266 a
3042 4212 3415 4267 celerioribus
3436 4212 3681 4279 ingeniis

1986 4306 2093 4360 sibi
2120 4303 2449 4367 condonari,
2480 4319 2651 4374 quam
2688 4319 2720 4355 a
2748 4300 3112 4355 tardiusculis
3144 4300 3213 4354 de
3240 4300 3497 4369 neglecta
3528 4300 3679 4370 ipso-

1985 4410 2114 4449 rum
2162 4393 2425 4447 tarditate
2480 4407 2671 4445 secum
2728 4389 3072 4459 expostulari
3130 4390 3341 4458 (Operis
3381 4390 3685 4457 imperfecti

1987 4482 2082 4536 lib.
2110 4486 2163 4546 6,
2199 4498 2254 4535 η.
2295 4482 2398 4549 t7).
2434 4481 2484 4533 ls
2514 4484 2703 4533 autem
2748 4478 2827 4532 ibi
2858 4476 3155 4531 historiam
3209 4477 3355 4530 hanc
3386 4476 3680 4529 observata

1989 4569 2229 4624 minimc
2261 4568 2556 4637 indignam
2576 4567 2749 4621 refert
2776 4583 2789 4620 :
2824 4569 2959 4620 Erat
2984 4564 3133 4634 apud
3155 4580 3269 4627 nos,
3304 4564 3513 4634 inquit,
3539 4565 3682 4618 Aca-

1992 4661 2100 4713 tius
2132 4658 2360 4726 quidam
2389 4657 2603 4710 honesto
2627 4655 2778 4724 apud
2805 4669 2931 4708 suos
2961 4659 3110 4708 ortus
3132 4653 3241 4706 loco
3265 4668 3278 4705 :
3310 4653 3507 4705 clausis
3524 4653 3687 4706 oculis

1992 4751 2180 4800 natum
2210 4761 2264 4798 se
2293 4759 2401 4799 esse
2430 4744 2682 4805 dicebat;
2713 4742 2806 4795 sed
2835 4743 2966 4811 quia
2992 4744 3139 4793 intus
3158 4742 3283 4793 sani
3298 4740 3578 4809 palpebris
3608 4754 3688 4793 co-

1989 4831 2317 4885 haerentibus
2347 4846 2453 4882 non
2480 4830 2759 4898 patebant,
2792 4827 3055 4881 medicum
3071 4843 3169 4880 eos.
3180 4828 3327 4893 ferro
3355 4830 3565 4896 aperire
3589 4823 3700 4880 ea?

1992 4921 2176 4986 luisse,
2208 4933 2376 4985 neque
2405 4917 2501 4970 hoc
2544 4916 2855 4984 permisisse
2902 4916 3212 4980 religiosam
3257 4918 3484 4967 matrem
3512 4929 3684 4976 suam,

1989 5007 2083 5061 sed
2112 5007 2171 5060 id
2199 5006 2435 5073 e/fecisse
2480 5006 2730 5071 imposito
2771 5018 2838 5055 eae
2882 5004 3232 5057 Eucharistia
3280 5003 3715 5073 cataplasmate.

1992 5111 2111 5147 cum
2137 5095 2258 5162 jam
2283 5108 2423 5161 puer
2452 5078 2689 5161 quinque
2716 5093 2830 5157 fere
2854 5096 2949 5144 aut
2977 5092 3211 5159 amplius
3237 5095 3369 5143 esset
3388 5103 3646 5142 annorum
3671 5106 3688 5144 ε

1995 5182 2136 5236 unde
2160 5180 2254 5233 hoc
2284 5195 2337 5233 sc
2364 5183 2500 5234 satis
2543 5180 2845 5233 meminisse
2871 5180 3140 5233 narrabat
3181 5179 3360 5247 (lbid.,
3409 5176 3504 5228 lib.
3544 5180 3597 5240 3,
3627 5190 3682 5228 η.

1998 5272 2142 5339 162).
2174 5269 2316 5324 Huic
2346 5268 2405 5322 in
2434 5269 2723 5323 lulianum
2754 5268 2913 5339 operi
2960 5271 3184 5320 sanctus
3218 5267 3423 5319 Doctor
3474 5262 3544 5316 ad
3592 5278 3687 5316 ex-

1992 5363 2239 5412 tremam
2271 5373 2451 5429 usque
2474 5357 2645 5411 vitam
2668 5373 2903 5428 operam
2932 5355 3179 5420 navavit,
3207 5351 3297 5405 cui
3319 5351 3503 5406 adhuc
3520 5350 3690 5405 insta-

1992 5448 2091 5501 bat
2122 5446 2178 5500 in
2233 5447 2374 5500 urbe
2424 5446 2680 5517 Hippone
2720 5446 2838 5514 jam
2887 5462 2920 5498 a
2960 5442 3225 5497 Vandalis
3270 5440 3532 5504 obsessa;
3593 5439 3686 5493 sed

1993 5539 2176 5589 morte
2202 5537 2528 5605 occupatus,
2560 5533 2711 5588 idem
2741 5548 2882 5602 opus
2920 5529 3315 5599 imperfectum
3364 5527 3688 5599 relinquere
