4062 6368
376 340 478 392 563

375 466 601 516 coactus
650 465 734 515 est
793 460 1059 530 (Prosper,
1110 462 1168 514 in
1217 460 1522 527 Chronico),
1581 454 2068 529 quemadmodum

377 548 551 604 etiam
580 548 798 621 liquido
828 547 1001 603 tradit
1021 547 1325 609 Possidius,
1352 546 1449 600 ubi
1492 546 1840 600 mentionem
1872 546 1942 600 de
1974 545 2071 600 illo

377 637 512 692 facit
541 637 601 691 in
630 637 753 691 hau:
779 636 951 690 verba
983 652 995 690 :
1029 637 1227 693 Contra
1272 635 1562 690 secundam
1604 636 1815 689 Iuliani
1851 650 2074 704 respon-

377 728 601 795 sionem,
658 727 1026 795 imperfectum
1090 726 1236 795 Opus
1303 724 1627 793 (Possidius,
1697 726 1755 777 in
1810 723 2071 787 Indiculo,

376 830 499 885 cap.
530 816 601 883 4).

450 908 509 957 2.
555 901 811 958 Diximus
858 918 1031 973 supra
1054 902 1221 973 jussu
1271 900 1577 973 Segisvulti
1632 900 1953 971 Hipponem
1983 915 2074 953 ve-

382 991 531 1046 nisse
597 991 968 1046 Maximinum
1030 990 1251 1061 (Supra,
1311 1005 1429 1060 cap.
1497 992 1551 1055 8,
1598 1004 1653 1043 η.
1703 988 1779 1059 4).
1839 989 2079 1043 Venerat

383 1086 596 1145 autem,
629 1083 692 1134 ut
721 1079 842 1151 ipse
867 1078 1182 1150 jactitabat,
1201 1079 1642 1146 contemplatione
1667 1078 1820 1145 pacis
1848 1076 2073 1143 (Coltat.

382 1185 501 1224 cum
529 1170 851 1234 Marimino,
885 1184 941 1223 η.
978 1168 1023 1235 1)
1056 1184 1068 1220 :
1100 1167 1252 1238 quod
1279 1167 1512 1237 quidem
1539 1164 1744 1219 clarius
1760 1174 1875 1217 non
1896 1162 2075 1234 expli-

383 1262 496 1311 cat.
537 1256 694 1312 Idem
725 1261 966 1310 testatur
995 1255 1164 1322 infra,
1206 1272 1265 1309 se
1290 1255 1594 1309 adductum
1636 1251 1708 1307 ad
1735 1252 2078 1324 responden-

385 1346 523 1401 dum
560 1345 766 1400 timore
799 1343 898 1398 Dei
927 1347 985 1398 et
1012 1343 1199 1398 studio
1230 1342 1535 1414 colligendi
1562 1342 1766 1396 fratres
1795 1357 1891 1395 seu
1923 1339 2080 1395 disci-

384 1435 554 1505 pulos
602 1450 751 1500 suos,
812 1449 953 1504 quos
1007 1431 1361 1504 Augustinus
1415 1447 1532 1485 non
1587 1429 2080 1485 exhortationibus

384 1525 609 1574 tantum
638 1519 874 1591 privatis
931 1518 1029 1571 sed
1057 1523 1131 1589 .et
1176 1518 1407 1589 publico
1456 1521 1723 1584 tractatu,
1777 1515 1837 1569 in
1867 1532 1982 1587 quo
2010 1516 2081 1570 de

385 1606 771 1662 invisibilitate
802 1605 903 1660 Dei
932 1605 1335 1676 disputaverat,
1369 1605 1476 1659 sibi
1528 1604 1746 1675 eripere
1796 1603 2079 1658 Ecclesia:-

384 1713 496 1767 que
527 1694 894 1749 reconciliare
931 1698 1166 1748 conatus
1195 1700 1316 1749 erat
1346 1693 1742 1764 (lbid.,disput.
1768 1695 2079 1760 Mawimini,

385 1797 443 1836 τι.
465 1781 575 1851 26).
604 1780 887 1835 Innuebat
912 1779 1157 1835 forsitan
1191 1782 1470 1852 quosdam
1510 1781 1813 1852 Segisvulti
1845 1782 2079 1846 Gothos,

388 1868 489 1942 qui
514 1885 587 1923 ne
621 1868 1044 1923 Catholicorum
1071 1873 1263 1939 partes
1302 1869 1563 1941 Hippone
1595 1868 1845 1940 potiores
1870 1873 2080 1938 essent,

386 1956 724 2028 neutiquam
757 1956 980 2012 efﬁcere
1012 1957 1309 2012 valebant:
1343 1956 1808 2029 quandoquidem
1829 1956 2083 2012 Maximi-

387 2062 497 2099 nus
524 2045 680 2116 leges
705 2044 1006 2099 verebatur
1027 2044 1353 2115 imperiales
1370 2046 1582 2114 (Collat.
1610 2060 1729 2099 cum
1760 2046 2077 2110 Maximino,

388 2150 442 2187 η.
477 2133 556 2204 le),
587 2133 937 2205 Augustinus
968 2149 1101 2187 vero
1139 2138 1415 2205 tanquam
1460 2132 1787 2203 principum
1841 2130 2084 2185 auctori-

391 2227 505 2276 tate
529 2221 783 2275 munitus
809 2221 1151 2291 loquebatur
1178 2221 1581 2292 (lbid.,disput.
1601 2222 1910 2288 Maximini,
1932 2236 1988 2273 η.
2009 2219 2080 2289 1).

391 2311 490 2365 Ille
520 2310 774 2381 primum
808 2309 1060 2363 amicum
1089 2325 1219 2362 cum
1250 2308 1508 2363 Heraclio
1539 2307 1873 2379 presbytero
1909 2308 2083 2361 collo-

391 2398 594 2470 quium
622 2396 754 2451 iniit
781 2396 851 2450 ab
884 2396 1033 2467 ipso,
1064 2401 1130 2451 ut
1149 2395 1463 2467 inquiebat,
1494 2402 1833 2467 provocatus
1863 2397 2080 2465 (Collat.

391 2502 512 2541 cum
568 2487 891 2553 Mawimino,
946 2501 1001 2539 η.
1056 2485 1237 2554 l):at
1280 2483 1565 2539 Heraclius
1618 2489 1814 2556 postea
1869 2484 2087 2538 vocavit

393 2572 803 2643 Augustinum.
841 2573 938 2627 llic
969 2573 1306 2644 rogantibus
1334 2572 1597 2644 plurimis
1636 2573 1694 2626 in
1733 2572 2086 2644 colloquium

394 2664 589 2717 venire
627 2664 910 2717 consensit
941 2680 953 2718 :
990 2662 1143 2735 quod
1188 2663 1379 2733 ipsum
1434 2677 1696 2716 recusare
1727 2659 2083 2728 Maximinus,

390 2767 462 2805 ne
491 2768 525 2805 a
557 2751 672 2805 suis
700 2752 924 2806 asseclis
952 2752 1357 2817 desereretur,‘
1377 2766 1546 2804 ausus
1592 2766 1711 2804 non
1757 2754 1838 2804 est
1888 2749 2088 2819 (Possi-

394 2837 538 2901 dius,
570 2841 629 2892 in
677 2841 805 2893 Vita
840 2840 1160 2908 Augustini,
1191 2855 1235 2893 c.
1274 2836 1376 2909 t7).
1413 2837 1738 2893 Convenere
1782 2837 1961 2908 igitur
1986 2854 2084 2890 co-

391 2942 515 2980 ram
544 2942 754 2999 magna
780 2928 1104 3000 frequentia
1127 2927 1433 2982 hominum
1459 2926 1744 2981 nobilium
1769 2926 2087 2981 aliorumve

392 3019 507 3069 tam
538 3016 874 3070 clericorum
906 3033 1079 3087 quam
1108 3015 1385 3070 laicorum
1411 3035 1425 3084 ;
1478 3031 1703 3070 necnon
1732 3019 1788 3069 et
1815 3014 2087 3084 notario-

391 3122 540 3168 rum,
574 3106 674 3177 qui
704 3106 997 3178 utrimque
1025 3106 1176 3161 dicta
1197 3106 1543 3176 exciperent.
1567 3104 1906 3160 Maximinus
1925 3104 2086 3174 priu-

391 3193 540 3265 cipio
571 3194 785 3249 adscita
813 3194 1057 3265 quadam
1081 3194 1373 3248 modestia:
1411 3194 1597 3264 specie
1626 3194 1815 3264 palam
1834 3192 2084 3263 agnovit,

390 3282 777 3351 Augustinum
808 3281 1038 3336 sibimet
1064 3282 1175 3353 ipsi
1187 3281 1457 3353 injuriam
1479 3282 1564 3336 vel
1597 3298 1663 3334 eo
1692 3281 1910 3347 fecisse,
1935 3282 2086 3352 quod

390 3385 585 3424 secum
610 3369 674 3423 in
701 3368 1052 3441 colloquium
1080 3370 1273 3425 venire
1294 3370 1559 3439 dignatus
1587 3370 1661 3424 sit
1688 3364 1851 3424 Tum.
1884 3369 2088 3424 Arimi-

392 3473 629 3512 nensem
659 3456 831 3512 fidem
862 3463 1057 3512 tenere
1097 3474 1154 3513 se
1200 3458 1486 3529 professus
1524 3464 1644 3526 est;
1690 3460 1853 3530 cujus
1882 3459 2088 3514 dehinc

389 3545 611 3599 diversa
639 3545 828 3615 capita
855 3546 1196 3601 declaravit:
1231 3536 1358 3618 qua:
1389 3550 1613 3600 sanctus
1644 3548 1870 3613 Doctor,
1903 3564 2085 3618 quan-

392 3637 514 3688 tum
569 3633 682 3704 ipsi
721 3633 883 3689 licuit
923 3649 1027 3705 per
1083 3640 1329 3706 tempus,
1378 3635 1671 3707 redarguit
1710 3636 1917 3706 (Collat.
1967 3653 2087 3691 cum

388 3724 710 3788 Mamimino,
766 3739 823 3776 η.
874 3727 946 3791 1).
1001 3724 1161 3778 Unde
1224 3740 1290 3777 ex
1331 3740 1395 3778 ea
1441 3725 1825 3779 controversia
1869 3725 2083 3780 discere

390 3816 495 3878 est,
526 3827 656 3883 quae
685 3816 831 3866 esset
861 3812 1031 3883 hujus
1055 3813 1335 3868 haereseos
1364 3814 1641 3881 doctrina,
1673 3814 1951 3885 quibusve
1978 3815 2086 3869 fal-

392 3897 546 3952 laciis
568 3898 819 3955 haeretici
844 3899 1196 3955 debilitatem
1236 3903 1355 3970 ejus
1392 3901 1616 3971 operire
1646 3905 1703 3953 et
1730 3900 2085 3970 simpliciori-

389 3987 494 4041 bus
522 3987 821 4059 imponere
850 3988 1203 4057 niterentur;
1238 4005 1303 4043 ac
1333 3991 1566 4045 demum
1593 4005 1766 4061 quam
1798 3989 1867 4043 de
1893 3989 2084 4044 divina

388 4074 665 4131 Trinitate
703 4076 880 4130 ﬁdem
935 4078 1214 4131 catholica
1264 4083 1597 4149 sequeretur
1654 4077 1913 4132 Ecclesia.
1964 4078 2085 4132 Illic

389 4163 746 4226 Maximinus,
778 4179 911 4234 quas
961 4165 1205 4234 cogitat,
1250 4181 1366 4219 non
1398 4165 1823 4236 expeditissime
1857 4171 2084 4221 tantum

388 4250 572 4319 effert,
604 4252 702 4306 sed
730 4251 905 4306 etiam
946 4253 1196 4307 suaviter
1233 4256 1405 4321 atque
1432 4258 1631 4308 ornate
1660 4269 1673 4320 ;
1715 4253 1850 4307 licet
1890 4269 1948 4306 se
1979 4270 2083 4308 nec

387 4340 687 4395 rhetoricae
714 4341 845 4409 arti,
866 4357 972 4395 nec
990 4341 1429 4396 humanioribus
1461 4341 1659 4396 litteris
1690 4358 1945 4413 unquam
1964 4347 2078 4397 stu-

388 4426 577 4482 duisse
605 4428 967 4499 praedicaret.
1008 4430 1171 4484 Certe
1201 4427 1434 4500 quidem
1477 4430 1627 4484 felici
1658 4430 1935 4485 memoria
1963 4435 2084 4485 erat

386 4514 681 4585 praeditus,
701 4532 923 4571 necnon
938 4516 998 4571 in
1018 4523 1320 4574 numerato
1343 4518 1590 4574 habebat
1614 4519 1920 4591 Scriptura:
1935 4520 2083 4575 testi-

388 4602 764 4675 monialonge
793 4604 1060 4676 plurima,
1094 4622 1223 4677 quae
1252 4622 1459 4678 magna
1491 4606 1702 4679 linguae
1729 4607 2078 4663 volubilitate

386 4691 693 4748 afferebat:
725 4698 897 4766 atque
944 4695 1084 4751 adeo
1114 4697 1314 4763 multa,
1346 4712 1528 4769 eaque
1563 4697 1950 4768 pulcherrima
2000 4699 2075 4752 di-

386 4781 568 4851 cebat,
600 4783 696 4838 sed
724 4784 796 4838 ad
825 4800 949 4839 rem
978 4784 1219 4840 minime
1267 4786 1633 4857 pertinentia.
1696 4786 1853 4842 Unde
1884 4787 2075 4852 fiebat,

384 4875 469 4938 ut,
500 4887 630 4926 cum
660 4874 910 4928 multum
957 4874 1396 4940 declamitasset,
1444 4890 1561 4928 non
1609 4875 1856 4930 effecisse
1909 4875 2078 4946 quid-

364 4976 581 5032 .quam,
614 4977 799 5033 neque
830 4961 899 5016 ad
940 4962 1290 5036 interrogata
1316 4964 1676 5034 respondisse
1706 4962 2067 5036 reperiretur.

385 5052 498 5105 Hoc
528 5067 587 5105 se
606 5050 676 5106 de
697 5050 979 5106 industria
1002 5052 1186 5107 facere
1217 5058 1505 5123 postrema
1533 5056 1633 5107 sua
1664 5053 2074 5125 disputatione,

382 5154 556 5210 quam
583 5138 655 5194 ad
683 5139 857 5194 finem
890 5155 1071 5211 usque
1093 5139 1204 5195 dici
1228 5140 1517 5211 produxit,
1551 5141 1774 5196 abunde
1804 5142 2074 5196 ostendit:

382 5243 500 5282 non
530 5228 682 5283 enim
713 5243 818 5298 per
840 5232 1064 5300 tempus
1092 5228 1254 5284 licuit
1284 5245 1408 5283 eam
1439 5230 1715 5301 relegere,
1766 5235 1827 5284 ut
1855 5231 1926 5285 ab
1955 5233 2074 5284 Au-

378 5316 609 5387 gustino
639 5317 1100 5388 redargueretur.
1126 5317 1234 5373 Sed
1255 5335 1357 5373 nec
1385 5317 1752 5374 Maximinum
1790 5318 2079 5385 inducere,

382 5410 445 5459 ut
469 5406 823 5477 colloquium
879 5406 972 5462 die
1016 5406 1276 5478 sequenti
1327 5407 1707 5475 continuaret,
1748 5405 1975 5473 licebat,
2006 5424 2075 5461 eo

378 5494 533 5564 quod
586 5510 645 5549 se
701 5495 1108 5567 Carthaginem
1164 5496 1392 5566 urgenti
1431 5494 1765 5550 necessitate
1824 5495 2076 5549 revocari

380 5580 732 5639 obtenderet.
765 5584 1122 5655 Proindeque
1179 5583 1436 5655 oportuit
1489 5598 1604 5636 uno
1644 5582 1816 5636 verbo
1854 5582 1938 5635 illi
1984 5599 2072 5635 re-

1578 333 1747 391 VlTA
1802 337 1858 391 ὃ.
1921 329 2305 390 AUGUSTINI
2365 329 2702 387 EPISCOPl.

3791 324 3902 377 5m

2182 455 2460 528 spondere
2489 454 2874 525 Augustinum
2908 467 2921 503 :
2957 464 3151 504 verum
3192 448 3403 520 recepit
3431 449 3582 503 idem
3621 448 3717 503 hic
3758 465 3901 502 san-

2180 551 2322 612 ctus,
2355 560 2413 597 se
2443 538 2911 611 disceptationem
2943 535 3168 608 scriptis
3200 536 3565 604 traditurum,
3592 554 3659 591 ac
3710 536 3899 591 Maxi-

2185 635 2361 696 mino,
2394 646 2569 704 quam
2598 630 2738 683 falsa
2757 627 3025 699 dogmata
3048 629 3305 680 tueretur
3329 625 3896 679 demonstraturum:

2182 719 2334 792 quod
2367 717 2710 790 promissum
2740 713 3152 786 subscriptione
3178 729 3282 767 sua
3310 713 3573 767 munivit.
3610 712 3894 768 Maximi-

2184 825 2291 863 nus
2321 823 2547 879 quoque
2577 804 2808 877 propria
2838 818 3016 857 manu
3060 801 3285 873 scripsit
3340 801 3400 855 in
3429 802 3601 872 culpa
3648 801 3779 856 fore
3810 817 3903 869 se,

2185 897 2295 952 nisi
2314 902 2542 967 accepto
2573 895 2727 949 illius
2760 895 2854 946 libi
2873 916 2904 946 o
2935 890 3174 964 singulis
3194 889 3475 962 capitibus
3512 890 3899 945 satisfaceret.

2184 985 2535 1058 Augustinus
2559 983 2731 1038 fidem
2754 982 3017 1035 liberavit
3065 996 3252 1046 suam,
3298 995 3482 1050 eoque
3513 979 3697 1051 magis
3728 978 3792 1033 id
3824 979 3902 1033 il-

2184 1076 2305 1129 lum
2329 1076 2599 1144 praestare
2630 1085 2924 1126 necessum
2946 1067 3076 1137 fuit,
3108 1068 3265 1139 quod
3292 1083 3551 1122 reversus
3582 1067 3898 1138 Carthagi-

2187 1179 2319 1217 nem
2352 1160 2704 1225 Maximinus,
2739 1175 2768 1212 e
2797 1156 3095 1213 collatione
3138 1157 3413 1210 victorem
3464 1172 3524 1209 se
3562 1156 3903 1210 discessisse

2186 1249 2577 1322 gloriabatur;
2644 1246 2780 1319 quia
2844 1245 3111 1300 videlicet
3174 1244 3292 1297 illic
3369 1260 3427 1298 se
3498 1245 3902 1298 verbosiorem

2188 1339 2521 1393 exhibuerat
2582 1336 2903 1407 (Possidius,
2963 1338 3021 1388 in
3095 1335 3224 1389 Vita
3276 1333 3597 1402 Augustini,
3670 1350 3716 1388 c.
3781 1335 3899 1403 l7).

2189 1427 2455 1492 Quamvis
2483 1430 2674 1480 autem
2700 1424 2853 1478 illius
2882 1422 3117 1477 victoria
3143 1426 3531 1476 commentum
3564 1426 3739 1489 esset,
3778 1439 3901 1475 non

2188 1521 2311 1570 erat
2337 1521 2529 1570 tamen
2582 1513 2907 1585 expeditum
2954 1510 3295 1566 tardioribus
3345 1527 3409 1564 ac
3449 1509 3639 1564 minus
3668 1509 3730 1564 in
3761 1510 3902 1579 .fide

2190 1601 2427 1657 eruditis
2465 1602 2534 1656 de
2564 1601 2687 1672 ipsa
2702 1600 2982 1671 judicare.
3027 1598 3262 1670 Scripsit
3289 1597 3480 1670 itaque
3511 1599 3609 1652 Vir
3661 1605 3905 1653 sanctus

2191 1692 2334 1745 duos
2363 1690 2535 1745 libros
2564 1690 2868 1743 admodum
2898 1688 3426 1758 prolixos,quorum
3452 1687 3645 1758 priore
3666 1686 3738 1740 iis
3765 1704 3903 1759 qua:

2188 1778 2431 1851 ipsemet
2456 1782 2850 1851 proposuerat,
2875 1775 3242 1832 Maximinum
3269 1775 3504 1830 minime
3526 1775 3905 1847 respondisse

2189 1868 2430 1940 planum
2459 1867 2593 1923 fecit
2622 1884 2634 1922 :
2668 1866 2728 1921 in
2757 1866 3072 1937 posteriore
3101 1871 3316 1930 autem,
3350 1864 3608 1936 ejusdem
3635 1864 3905 1918 hieretici

2191 1956 2634 2028 disputationem
2663 1955 3057 2026 prolixiorem,
3087 1954 3179 2008 cui
3222 1953 3285 2007 in
3334 1952 3619 2024 colloquio
3651 1969 3903 2023 respon~

2189 2046 2323 2102 dere
2354 2044 2628 2116 temporis
2660 2042 2926 2114 angustia
2945 2044 3130 2096 fuerat
3156 2040 3496 2113 prohibitus,
3515 2046 3698 2095 totam
3731 2041 3902 2095 refu-

2191 2134 2348 2189 tavit.
2385 2135 2496 2187 Hos
2524 2133 2700 2187 libros
2731 2136 2957 2185 sanctus
2996 2131 3209 2185 Prassul
3255 2146 3322 2184 eo
3370 2130 3568 2184 reticet
3596 2129 3656 2183 in
3689 2130 3900 2185 Retra-

2186 2222 2555 2291 ctationibus,
2603 2221 2757 2293 quod
2812 2218 2900 2275 his
2951 2220 3072 2291 jam
3127 2222 3260 2272 ante
3311 2233 3596 2272 summam
3653 2234 3902 2273 manum

2191 2308 2555 2382 apposuerat.
2588 2310 2696 2365 Sed
2726 2309 2957 2363 illorum
2988 2307 3047 2362 in
3078 2307 3338 2378 ejusdem
3387 2307 3531 2373 Vita,
3575 2322 3810 2362 necnon
3839 2307 3901 2362 in

2194 2399 2384 2453 Indice
2414 2398 2767 2453 mentionem
2787 2396 2918 2451 facit
2937 2394 3228 2450 Possidius
3255 2395 3415 2466 (Ibid.
3428 2436 3442 2465 ,
3470 2400 3599 2449 etin
3618 2395 3897 2463 Indicuto,

2193 2504 2313 2557 cap.
2346 2492 2419 2551 5).
2471 2487 2629 2542 Dicta
2653 2487 2908 2557 ejusdem
2939 2483 3227 2540 Maximini
3280 2483 3541 2554 quaedam
3585 2485 3896 2556 redarguit

2193 2580 2418 2629 sanctus
2447 2575 2695 2629 Antistes
2723 2574 2784 2627 in
2805 2589 3067 2627 sermone
3097 2573 3169 2626 ad
3193 2573 3444 2643 plebem,
3465 2572 3567 2644 qui
3592 2572 3701 2626 hoc
3727 2573 3902 2628 titulo

2192 2669 2546 2735 praenotatur
2573 2679 2586 2718 :
2614 2664 2810 2720 Contra
2857 2662 3130 2731 quoddam
3160 2660 3364 2715 dictum
3387 2663 3684 2715 Maximini
3702 2662 3901 2731 ,Aria-

2191 2769 2382 2807 norum
2410 2755 2662 2822 episcopi,
2703 2754 2801 2821 qui
2834 2766 2953 2805 cum
3000 2751 3299 2819 Segisvulto
3342 2751 3530 2804 comite
3567 2752 3904 2806 constitutus

2193 2845 2253 2896 in
2286 2843 2501 2909 Africa,
2534 2840 2939 2910 blasphemabat
2959 2839 3153 2909 (Serm.
3179 2838 3339 2908 MO):
3366 2837 3463 2892 sed
3492 2854 3563 2892 an
3591 2854 3782 2892 sermo
3800 2839 3905 2895 ille

2195 2930 2546 3003 colloquium
2576 2928 2839 2999 superius
2876 2938 3257 2981 memoratum
3293 2927 3665 3000 praecesserit,
3698 2944 3776 2982 an
3808 2945 3903 2982 se-

2196 3036 2315 3087 cus,
2348 3018 2614 3090 ignotum
2644 3022 2744 3072 est.

2267 3111 2315 3162 3.
2376 3108 2505 3162 Hinc
2543 3105 2721 3160 sancti
2748 3103 3029 3159 Antistitis
3075 3120 3204 3158 cum
3245 3102 3549 3160 Maximino
3580 3103 3902 3176 disputatio

2195 3201 2412 3262 monet,
2454 3199 2517 3249 ut
2545 3194 2655 3249 alia
2686 3199 2885 3249 contra
2911 3193 3176 3247 haeresim
3202 3191 3471 3246 Arianam
3502 3192 3805 3263 opuscula,
3832 3210 3902 3247 ea

2195 3283 2512 3355 praesertim
2543 3299 2789 3353 quorum
2811 3288 3038 3354 tempus
3065 3281 3359 3353 explorem
3376 3281 3542 3336 nobis
3566 3297 3687 3336 non
3710 3280 3899 3349 licuit,

2196 3373 2301 3427 hoc
2338 3373 2457 3426 loco
2479 3372 2636 3426 velut
2677 3371 2739 3425 in
2778 3371 2988 3425 fascem
3033 3371 3386 3442 colligamus.
3442 3370 3573 3424 Erat
3616 3369 3903 3423 Maximus

2196 3462 2451 3533 quidam,
2479 3461 2662 3515 dictus
2687 3460 2749 3514 in
2772 3459 3024 3531 antiquis
3052 3458 3342 3514 codicibus
3380 3456 3636 3512 medicus
3677 3457 3899 3512 Theni-

2197 3556 2365 3605 tanus
2398 3548 2844 3613 Eunomianista,
2877 3547 2977 3619 qui
3006 3547 3226 3619 pridem
3259 3546 3513 3601 irretitus
3542 3546 3778 3600 Arianis
3797 3546 3903 3601 do-

2194 3639 2500 3711 gmatibus,
2531 3639 2705 3693 etiam
2730 3653 3006 3709 persuasu
3038 3652 3141 3691 suo
3171 3636 3430 3691 eamdem
3460 3640 3683 3707 pestem
3716 3636 3852 3689 aliis
3872 3654 3903 3689 e

2192 3727 2408 3782 familia
2437 3742 2539 3781 sua
2568 3727 2856 3780 alﬂaverat
2884 3726 3081 3796 (Epist.
3118 3727 3238 3792 170,
3286 3740 3335 3778 η.
3396 3727 3497 3792 10).
3530 3727 3809 3778 Attamen
3857 3725 3904 3778 is

2186 3815 2307 3887 jam
2337 3815 2523 3886 gravis
2549 3818 2733 3881 aetate,
2766 3813 2957 3867 divino
2976 3810 3251 3866 beneﬁcio
3273 3811 3404 3865 inde
3433 3810 3689 3880 emersit,
3712 3828 3897 3883 seque

2193 3902 2486 3959 catholicae
2518 3903 2777 3957 Ecclesiae
2806 3899 3165 3967 consociavit,
3186 3899 3517 3971 Augustino
3547 3904 3724 3970 atque
3759 3901 3900 3971 Aly-

2192 3992 2673 4063 piopraasentibus
2699 4008 2712 4058 ;
2746 4007 2889 4062 quos
2917 3990 2986 4045 ad
3002 3991 3107 4044 hoc
3132 4005 3366 4061 operam
3397 4005 3560 4043 suam
3579 3989 3902 4045 contulisse

2193 4081 2333 4135 nulli
2373 4080 2724 4135 dubitemus.
2762 4080 3166 4132 Verumtamen
3194 4081 3454 4149 apparet,
3500 4077 3667 4131 illum
3700 4078 3778 4132 ad
3811 4094 3903 4131 re-

2192 4169 2503 4236 ducendos,
2535 4184 2678 4239 quos
2717 4184 2749 4221 a
2795 4165 3027 4220 veritate
3064 4169 3369 4234 averterat,
3429 4168 3599 4235 atque
3657 4164 3811 4219 alios
3872 4185 3903 4220 e

2190 4258 2326 4325 suis,
2360 4274 2504 4329 quos
2518 4272 2645 4328 spes
2658 4255 2847 4310 fuerat
2874 4253 3052 4333 ipsius
3077 4253 3326 4307 reditum
3348 4257 3662 4319 secuturos,
3696 4253 3899 4308 minus

2187 4349 2499 4402 ferventem
2529 4361 2586 4399 se
2616 4342 2950 4415 praabuisse.
2976 4340 3159 4413 Atque
3196 4341 3306 4395 hoc
3345 4346 3571 4395 sanctos
3596 4341 3893 4396 antistites

2188 4435 2421 4507 impulit
2457 4433 2529 4489 ad
2566 4433 2931 4486 scribendum
2961 4431 3147 4486 eidem
3169 4430 3444 4497 Maximo;
3477 4445 3652 4502 quem
3690 4430 3899 4485 cohor-

2186 4528 2402 4589 tantur,
2434 4526 2499 4577 ut
2527 4521 2655 4575 illos
2683 4525 2905 4590 urgeat,
2932 4536 3037 4591 pro
3069 4519 3182 4574 illis
3209 4524 3351 4587 oret,
3385 4518 3510 4574 illos
3551 4518 3791 4574 demum
3823 4518 3899 4573 ad

2189 4610 2491 4665 Ecclesiam
2522 4609 2782 4664 adducat.
2806 4610 3107 4682 Reliquam
3128 4609 3430 4681 epistolam
3452 4609 3513 4663 in
3550 4607 3897 4679 explicando

2186 4698 2393 4753 divinae
2412 4697 2699 4753 Trinitatis
2730 4699 3021 4770 mysterio,
3050 4703 3112 4752 ut
3134 4698 3441 4753 Maximum
3482 4697 3543 4751 in
3562 4696 3674 4751 fide
3705 4697 3897 4769 magis

2184 4804 2249 4841 ac
2279 4788 2458 4858 magis
2486 4787 2912 4854 confirmarent,
2946 4802 3207 4857 posuere.
3244 4784 3618 4856 Peregrinum
3653 4800 3897 4857 quoque

2187 4875 2535 4946 episcopum,
2564 4874 2796 4928 fortasse
2824 4874 3229 4939 Thenitanum,
3263 4874 3409 4929 datis
3435 4873 3605 4928 simul
3653 4874 3727 4928 ad
3754 4890 3897 4933 eum

2184 4961 2389 5017 litteris
2418 4965 2621 5033 (Epist.
2656 4961 2777 5034 171)
2806 4961 3046 5033 petiere,
3092 4967 3153 5016 ut
3196 4961 3389 5033 prima
3415 4968 3547 5016 nata
3589 4961 3895 5016 occasione

2184 5051 2454 5106 certiores
2525 5050 2681 5122 ipsos
2748 5050 2979 5119 faceret,
3052 5067 3191 5105 num
3251 5050 3554 5122 epistolam
3613 5050 3897 5104 Maximus

2183 5145 2343 5210 grato
2419 5139 2722 5210 accepisset
2785 5138 2996 5207 animo,
3057 5138 3288 5211 suisque
3344 5140 3598 5210 ipsorum
3652 5138 3897 5193 monitis

2183 5232 2657 5302 obtemperasset.
2691 5229 2777 5284 Ad
2810 5230 2933 5284 haec
2979 5229 3250 5285 eumdem
3303 5229 3683 5300 Peregrinum
3730 5229 3898 5284 obse-

2183 5322 2364 5388 crant,
2392 5318 2474 5373 uti
2503 5317 2619 5372 suis
2648 5318 2906 5390 ipsorum
2961 5318 3146 5373 verbis
3190 5318 3283 5373 illi
3323 5317 3609 5390 significet
3633 5317 3898 5389 prolixas

2182 5406 2450 5477 epistolas
2478 5407 2551 5461 ad
2574 5406 3050 5462 familiarissimos
3074 5423 3223 5470 suos,
3254 5407 3429 5462 etiam
3452 5407 3523 5461 ad
3561 5405 3892 5478 episcopos,

2182 5514 2269 5564 ea,
2302 5514 2416 5568 qua
2453 5497 2549 5552 illa
2598 5496 2808 5568 scripta
2838 5500 2979 5559 erat,
3014 5496 3195 5551 forma
3225 5496 3473 5550 scribere
3501 5511 3561 5549 se
3590 5496 3799 5564 solere,
3832 5501 3897 5549 ul,

2185 5590 2242 5639 et
2297 5585 2409 5638 cito
2446 5584 2810 5649 ‘scribantur,
2865 5590 2923 5639 et
2978 5584 3172 5638 charta
3225 5589 3489 5638 teneatur
3531 5583 3898 5637 commodius
