4062 6348
124 278 244 327 38ῑί
1619 277 1677 330 LI
1691 276 1823 330 BER
1862 276 2191 330 OCTAVUS.

121 412 277 452 cum
315 399 583 469 leguntur
618 413 631 450 :
672 414 736 452 ne
777 402 937 464 forte,
973 397 1262 469 inquiunt,
1302 399 1467 454 istum
1509 414 1704 454 morem
1740 415 1842 453 no-

121 490 325 541 strum
352 489 611 552 nesciens,
637 489 846 554 factam
873 487 983 542 sibi
1018 487 1318 542 arbitretur
1342 489 1629 557 injuriam.

202 578 268 630 4.
296 575 545 632 Tametsi
569 575 821 630 haeretici
851 592 914 650 es
949 576 1159 631 Ariana
1189 581 1336 631 secta
1368 577 1511 631 nulli
1540 577 1679 631 alias
1708 577 1842 648 Hip-

125 679 298 732 pone
332 665 647 735 degerent;
681 665 956 736 quosdam
993 669 1187 719 tamen
1228 682 1294 719 eo
1333 665 1602 720 intulerat
1631 666 1841 721 adven-

122 751 399 807 tantium
444 751 769 824 frequentia
809 753 893 821 (In
919 753 1076 807 Joan.
1108 755 1318 819 Evang.
1351 757 1508 807 tract.
1542 754 1630 819 40,
1674 770 1726 808 n.
1762 753 1841 822 7).

126 838 222 894 lbi
253 856 400 911 ergo
443 857 574 895 cum
612 839 941 911 aliquando,
971 856 1122 894 anno
1169 840 1446 907 videlicet,
1496 847 1559 895 ut
1616 858 1680 896 ex
1734 844 1841 897 Re-

124 928 552 984 tractationum
582 929 726 983 serie
758 928 1119 1000 intelligitur,
1152 929 1716 1002 quadringentesimo
1744 933 1842 986 de-

119 1018 294 1072 cimo
324 1022 539 1083 octavo,
580 1018 776 1072 Sermo
814 1018 1046 1090 quidem
1078 1019 1440 1086 Arianorum,
1482 1019 1597 1073 sive
1631 1020 1841 1091 [lippo-

124 1107 437 1170 nensium,
469 1106 586 1161 sive
618 1107 860 1162 aliorum
891 1124 1027 1161 cura
1052 1107 1353 1177 prodiisset
1383 1108 1638 1178 (Retract.
1664 1111 1755 1162 lib.
1786 1114 1839 1177 2,

120 1213 262 1265 cap.
291 1198 400 1263 52),
424 1213 488 1250 ac
507 1201 702 1249 sancto
724 1195 972 1261 Doctori,
996 1212 1029 1249 a
1052 1196 1313 1250 ﬁdelibus
1329 1196 1618 1251 catholicis
1636 1197 1841 1251 missus

122 1289 315 1349 esset,
347 1285 499 1340 hunc
525 1285 646 1355 ipse
675 1291 891 1356 quanta
919 1285 1219 1355 diligentia
1247 1289 1304 1339 et
1328 1285 1602 1340 brevitate
1633 1287 1839 1357 potuit,

121 1373 498 1439 confutavit;
533 1377 704 1445 atque
747 1390 819 1428 ne
864 1378 1083 1428 textum
1129 1378 1441 1444 cogeretur,
1477 1391 1651 1445 quem
1681 1392 1842 1430 excu-

123 1463 342 1531 tiebat,
382 1463 655 1533 opusculo
702 1478 803 1516 suo
842 1462 1052 1533 passim
1098 1462 1369 1529 inserere,
1412 1464 1742 1520 Sermonem
1780 1464 1840 1519 in

123 1551 300 1605 illius
345 1552 530 1607 fronte
579 1550 868 1621 integrum
914 1549 1182 1621 praefixit,
1236 1551 1492 1605 numeris
1546 1551 1837 1618 adhibitis,

122 1638 354 1709 quibus
378 1638 737 1693 refutationis
752 1654 868 1691 suae
889 1637 997 1692 loci
1018 1638 1229 1709 quique
1258 1639 1645 1693 iudicarentur
1665 1640 1813 1708 (Cant

123 1730 313 1782 Serm.
346 1730 633 1793 Arianor.,
664 1742 784 1798 cap.
816 1728 926 1797 39).

200 1818 259 1870 5.
308 1814 636 1870 Pascentius
676 1815 911 1888 quidam
948 1832 1137 1870 comes
1184 1816 1387 1871 domus
1445 1816 1639 1888 regiae,
1673 1817 1839 1872 addi-

121 1909 258 1958 ctus
313 1903 544 1959 Ariana'.
597 1903 825 1970 haeresi,
876 1906 992 1975 qui,
1043 1909 1106 1958 ut
1145 1909 1336 1959 narrat
1384 1905 1694 1975 Possidius,
1740 1923 1839 1977 per

121 1996 517 2049 auctoritatem
540 2009 650 2048 sua
670 2008 911 2063 personae
928 1996 1049 2062 fisci
1074 1995 1567 2049 vehementissimus
1596 2001 1834 2061 exactor,

118 2082 297 2150 ﬁdem
344 2082 664 2137 catholicam
709 2084 964 2136 atrociter
1007 2098 1071 2136 ac
1115 2082 1330 2150 jugiter
1372 2083 1741 2151 oppugnabat,
1788 2088 1838 2137 et

122 2186 304 2240 quam
331 2171 594 2239 plurimos
623 2171 922 2225 sacerdotes
952 2172 1048 2224 Dei
1078 2172 1399 2239 simpliciori
1432 2171 1539 2239 ﬁde
1578 2174 1835 2237 viventes,

124 2260 431 2314 dicacitate
445 2274 508 2313 ac
522 2259 1119 2327 potestatc'exagitabat
1138 2263 1188 2312 et
1207 2259 1560 2327 perturbabat
1581 2259 1834 2327 (Possid.,

125 2351 187 2401 in
226 2349 362 2403 Vita
409 2348 669 2414 August.,
700 2363 747 2401 c.
812 2349 922 2415 l7),
971 2346 1357 2417 Augustinum
1404 2347 1731 2416 provocavit
1765 2348 1836 2402 ad

125 2450 467 2490 sermonem
494 2451 626 2489 cum
652 2435 778 2505 ipso
803 2434 1208 2489 conferendum
1234 2434 1382 2505 apud
1412 2434 1832 2505 Carthaginem,

126 2523 490 2593 interpositis
522 2524 606 2591 (id
635 2528 738 2589 est,
776 2524 1182 2594 praesentibus)
1211 2523 1503 2577 honoratis
1539 2529 1597 2577 et
1629 2523 1832 2578 nobili-

124 2614 239 2667 bus
269 2611 408 2667 viris
439 2615 633 2681 (Epist.
666 2614 791 2675 228,
831 2629 887 2667 η.
924 2614 995 2681 9).
1037 2612 1143 2668 Sed
1180 2612 1322 2666 idem
1373 2613 1673 2677 haereticus,
1712 2628 1837 2682 per-

124 2700 216 2771 git
247 2699 565 2762 Possidius,
597 2699 811 2754 tabulas
837 2704 1000 2769 atque
1044 2701 1252 2761 stilum,
1287 2699 1348 2753 id
1376 2703 1454 2753 est
1477 2701 1716 2753 notarios
1762 2700 1836 2752 ad

124 2788 537 2858 excipiendum,
558 2788 703 2857 quod
726 2791 986 2854 magister
1012 2792 1191 2843 noster
1212 2787 1607 2858 (Augustinus)
1634 2793 1683 2843 et
1712 2798 1834 2842 ante

123 2891 478 2946 congressum
521 2881 572 2931 et
611 2879 671 2930 in
701 2891 985 2943 congressu
1021 2874 1411 2930 instantissime
1456 2879 1577 2945 ﬁeri
1605 2877 1832 2935 volebat.

122 2984 193 3022 ne
227 2967 499 3030 adessent,
533 2967 678 3020 omni
719 2966 873 3019 modo
918 2965 1221 3019 recusabat.
1265 2967 1337 3019 Et
1372 2964 1501 3019 dum
1538 2965 1599 3017 id
1643 2981 1831 3034 perne-

126 3059 339 3123 gasset,
368 3055 551 3109 dicens
579 3054 725 3123 quod
756 3058 899 3107 metu
944 3054 1118 3119 legum
1146 3053 1489 3122 publicarum
1529 3054 1836 3122 periclitari

126 3144 341 3198 tabulis
371 3144 591 3212 scriptis
619 3143 797 3206 nollet,
851 3146 1012 3211 atque
1040 3143 1370 3211 interpositis
1425 3142 1538 3208 (hoc
1566 3146 1666 3209 est,
1692 3157 1831 3211 prav-

127 3230 398 3301 sentibus)
442 3230 502 3284 id
523 3231 737 3299 placere
764 3231 1107 3299 Augustinus
1136 3232 1414 3298 episcopus
1444 3244 1564 3283 cum
1586 3231 1700 3283 suis
1739 3231 1837 3299 qui
1888 3223 1899 3230 ’

127 3323 370 3377 aderant
391 3321 856 3376 consacerdotibus
880 3320 1107 3385 videret,
1129 3324 1188 3374 ut
1209 3320 1409 3387 absque
1430 3320 1541 3373 ulla
1559 3321 1833 3388 scriptura

121 3412 402 3480 privatim
439 3410 803 3479 disputarent,
834 3410 1166 3463 collationem
1194 3410 1465 3477 suscepit;
1512 3408 1830 3477 praedicens,

126 3502 192 3551 ut
224 3496 573 3565 postmodum
622 3497 863 3562 contigit,
905 3494 1049 3564 quod
1094 3498 1217 3565 post
1262 3494 1494 3548 solutum
1523 3498 1834 3548 conventum

127 3600 244 3639 esse
276 3586 531 3653 cuiquam
556 3587 733 3653 posset
761 3583 985 3637 liberum
1013 3584 1155 3649 forte
1193 3582 1388 3643 dicere,
1419 3582 1566 3635 nullo
1596 3584 1832 3650 scriptu-

126 3689 204 3728 rae
235 3673 659 3738 documento,.se
704 3672 909 3726 diccisse
958 3671 1104 3739 quod
1143 3673 1287 3737 forte
1326 3686 1432 3724 non
1480 3670 1705 3736 dixerit,
1753 3672 1834 3724 vel

128 3777 237 3816 non
279 3762 490 3816 dixisse
516 3761 660 3830 quod
685 3760 906 3814 diccerit.
939 3762 1011 3814 Et
1030 3761 1246 3813 miscuit
1274 3774 1394 3813 cum
1430 3758 1608 3812 eodem
1636 3773 1831 3813 sermo.

124 3866 273 3911 nem,
308 3854 471 3918 atque
498 3851 731 3902 asseruit
763 3847 899 3916 quid
925 3847 1179 3911 crederet,
1203 3852 1253 3899 et
1280 3847 1348 3900 ab
1371 3848 1460 3900 illo
1485 3846 1620 3914 quid
1640 3851 1833 3899 teneret

123 3938 217 4009 (id
247 3942 349 4005 est,
382 3936 518 4004 quid
554 3941 741 3990 contra
778 3934 943 4005 ﬁdem
980 3935 1298 3988 catholicam
1343 3934 1587 4001 diceret),
1619 3934 1835 3987 audivit

126 4035 286 4093 (nam
328 4026 537 4092 alioqui
564 4039 598 4076 a
626 4024 905 4077 Pascentio
946 4023 1181 4076 obtinere
1228 4036 1331 4075 non
1362 4024 1558 4090 potuit.
1590 4026 1650 4075 ut
1679 4037 1833 4076 suam

124 4114 298 4182 ﬁdem
321 4111 540 4164 disertis
564 4110 738 4164 verbis
759 4110 1011 4177 diceret);
1034 4114 1085 4163 et
1106 4125 1231 4162 vera
1253 4111 1462 4163 ratione
1486 4115 1647 4178 atque
1661 4114 1835 4164 aucto-

127 4204 303 4255 ritate
335 4200 747 4269 Scripturarum
783 4198 1014 4267 probata
1040 4197 1246 4263 dquit,
1286 4202 1336 4251 et
1377 4198 1611 4252 ostendit
1638 4204 1835 4253 nostra

126 4291 267 4359 ﬁdei
293 4288 647 4357 ﬁrmamenta
691 4303 704 4340 :
740 4287 887 4340 illius
917 4290 1095 4340 autem
1139 4290 1347 4339 asserta
1387 4287 1540 4339 nulla
1581 4286 1831 4352 veritate,

128 4380 293 4433 nulla
333 4378 742 4445 Scripturarum
788 4378 1101 4428 sanctarum
1130 4375 1452 4427 auctoritate
1488 4374 1715 4442 su/falta
1744 4374 1833 4428 do-

130 4469 271 4530 cuit,
302 4472 350 4520 et
394 4466 710 4532 frustravit.
757 4465 826 4518 Et
854 4467 915 4517 ut
943 4479 978 4517 a
1008 4477 1062 4517 se
1107 4464 1333 4516 invicem
1363 4466 1550 4531 partes
1580 4462 1835 4530 digressae

131 4560 287 4618 sunt,
324 4555 414 4609 ille
461 4555 635 4621 magis
683 4554 965 4620 magisque
994 4554 1170 4605 iratus
1211 4555 1262 4604 et
1301 4552 1513 4617 furens,
1552 4549 1835 4603 mendacia

131 4645 313 4699 multa
333 4657 435 4712 pro
461 4641 569 4711 ﬁde
592 4656 692 4695 sua
718 4641 867 4707 falsa
885 4638 1154 4707 jactabat,
1189 4639 1390 4691 victum
1416 4652 1526 4691 esse
1557 4653 1592 4690 a
1633 4652 1688 4690 se
1718 4638 1834 4705 ipso

128 4730 481 4798 proclamans
509 4729 797 4783 multorum
835 4742 924 4782 ore
965 4726 1249 4781 laudatum
1279 4726 1665 4793 Augustinum.
1709 4728 1835 4793 Quae

132 4834 257 4873 cum
315 4818 534 4871 minime
582 4818 827 4875 laterent,
871 4820 1085 4870 coactus
1128 4818 1206 4869 est
1258 4813 1333 4867 ad
1372 4815 1552 4882 ipsum
1604 4813 1836 4867 scribere

135 4906 498 4970 Pascentium,
544 4909 769 4974 propter
821 4905 974 4959 illius
1030 4907 1228 4957 metum
1268 4892 1481 4955 omissis
1531 4899 1850 4975 nominibus.

135 4994 545 5060 conferentium,
576 4998 626 5046 et
656 4994 714 5045 in
741 4995 817 5046 eis
844 4993 1035 5046 litteris
1066 4989 1338 5059 quidquid
1364 4992 1505 5043 inter
1537 4992 1721 5057 partes
1753 4988 1831 5041 di-

136 5086 291 5137 ctum
310 5082 393 5135 vel
409 5084 616 5147 gestum
642 5082 846 5146 fuerat,
876 5081 1107 5149 ﬁdeliter
1135 5080 1413 5133 intimavit
1440 5094 1452 5130 :
1480 5077 1554 5130 ad
1573 5093 1655 5142 ea,
1687 5078 1737 5131 si
1756 5092 1838 5130 ne-

139 5175 424 5237 garentur,
469 5169 759 5239 probanda
807 5184 1063 5237 magnam
1109 5170 1324 5223 testium
1368 5166 1566 5221 habens
1607 5167 1836 5234 copiam,

139 5261 473 5314 clarissimos
501 5259 701 5312 scilicet
728 5262 891 5327 atque
917 5257 1271 5323 honorabiles,
1304 5258 1401 5325 qui
1437 5262 1561 5309 tunc
1585 5255 1833 5319 aderant,

143 5350 308 5403 viros.
340 5349 521 5417 Atque
561 5347 652 5400 ille
679 5346 753 5401 ad
783 5346 891 5400 duo
921 5346 1029 5400 sibi
1057 5346 1265 5400 directa
1292 5347 1519 5414 scripta,
1549 5359 1713 5397 unum
1744 5347 1838 5397 via:

147 5436 390 5491 reddidit
410 5438 752 5505 rescriptum,
775 5436 835 5489 in
856 5449 959 5504 quo
977 5436 1153 5503 magis
1172 5434 1439 5503 injuriam
1456 5436 1651 5499 facere,
1676 5447 1837 5501 quam

151 5539 259 5578 suae
285 5529 438 5581 sectae
488 5526 748 5579 rationem
791 5524 967 5578 valuit
1012 5523 1307 5578 declarare.
1355 5522 1511 5588 Quod
1540 5538 1573 5574 a
1610 5522 1838 5574 volenti-

3550 284 3650 333 566

1960 398 2057 453 bus
2111 404 2160 453 et
2205 416 2237 452 a
2294 401 2594 454 valentibus
2654 402 2824 470 legere
2874 403 3251 471 comprobatur
3318 405 3542 473 (Possid,
3596 409 3653 459 in

1965 490 2091 541 Vita
2121 489 2379 557 August.,
2412 506 2454 543 e.
2498 492 2597 557 l7).

2029 578 2060 629 6
2113 577 2270 631 Idem
2302 577 2581 632 Possidius
2621 578 2917 649 epistolam
2960 597 3190 653 quoque
3222 581 3290 635 ad
3343 581 3646 649 Elpidium,

1957 665 2102 719 inter
2129 682 2304 737 opera
2330 666 2593 721 adversus
2621 667 2859 721 Arianos
2882 674 3141 740 suscepta
3165 669 3340 723 refert
3370 670 3563 737 (Idem,
3592 672 3647 723 in

1957 755 2151 821 lndic.,
2181 771 2299 823 cap.
2336 756 2405 820 ὅ).
2439 756 2510 810 Et
2538 771 2672 809 sane
2703 755 2795 809 hic
2826 756 3076 827 Elpidius
3105 757 3165 811 in
3190 756 3465 811 Trinitate
3497 772 3649 810 erra-

1958 842 2073 906 bat,
2105 859 2166 895 ac
2200 843 2404 897 Filium
2437 844 2583 897 Patri
2606 845 2887 915 aequalem
2916 845 3123 909 dicere,
3150 846 3385 899 stultum
3410 845 3651 900 ducebat

1953 932 2157 1001 (Epist.
2190 934 2313 994 242,
2346 948 2400 985 n.
2434 932 2504 999 2).
2543 934 2593 986 Is
2633 949 2927 1003 nunquam
2968 934 3184 987 viderat
3223 934 3601 1005 Augustinum
3632 952 3643 987 :

1956 1024 2203 1073 attamen
2235 1020 2288 1073 ei
2317 1020 2470 1074 venit
2497 1020 2557 1074 in
2586 1026 2835 1075 mentem
2859 1022 3019 1075 illum
3050 1022 3456 1076 benevolentia:
3489 1039 3645 1091 ergo,

1957 1113 2018 1161 ut
2046 1108 2404 1178 przedicabat,
2443 1110 2512 1163 ab
2538 1126 2729 1163 errore
2779 1110 2921 1163 velle
2962 1126 3223 1164 revocare
3253 1110 3443 1180 (Ibid,
3482 1126 3534 1163 η.
3580 1114 3642 1163 l~.

1958 1197 2092 1249 Eam
2121 1197 2193 1250 oh
2227 1212 2343 1250 rem
2394 1197 2688 1267 cujusdam
2730 1197 2980 1269 episcopi
3025 1216 3140 1252 sua:
3175 1204 3340 1252 sectae
3390 1198 3644 1252 libellum

1955 1283 2039 1337 illi
2070 1284 2403 1352 transmisit,
2436 1286 2808 1357 hortatusque
2833 1291 2911 1340 est
2946 1287 3014 1342 ad
3040 1305 3193 1341 mare
3224 1285 3646 1358 trajiciendum,

1955 1378 2017 1427 ut
2040 1374 2326 1428 Bonosum
2357 1390 2420 1427 ac
2447 1375 2709 1429 Iasonem
2742 1374 3096 1429 doctissimos
3124 1375 3295 1441 viros,
3327 1391 3571 1447 quorum
3615 1392 3643 1427 e

1953 1462 2237 1533 colloquio
2267 1462 2469 1517 uberes
2500 1464 2713 1518 fructus
2762 1469 2905 1517 esset
2947 1468 3357 1534 reportaturus,
3400 1464 3640 1517 audiret.

1950 1550 2326 1614 Quantumvis
2355 1550 2658 1605 ridiculum
2689 1556 2832 1605 esset
2861 1552 3073 1622 Elpidii
3109 1552 3433 1631 consilium,
3470 1551 3523 1605 ei
3568 1557 3647 1605 ta-

1953 1655 2081 1692 men
2110 1644 2335 1693 sanctus
2372 1641 2577 1694 Doctor
2604 1657 2733 1693 cum
2758 1640 3111 1709 benignitate
3143 1640 3452 1711 respondit,
3488 1640 3640 1709 quod

1954 1726 2013 1780 in
2042 1744 2100 1780 se
2132 1727 2583 1781 benevolentiam
2609 1732 2931 1793 testaretur,
2963 1744 3138 1798 seque
3171 1728 3240 1781 ab
3273 1743 3466 1782 errore
3509 1727 3647 1781 libe-

1952 1819 2134 1868 ratum
2177 1816 2363 1881 vellet,
2395 1815 2633 1886 gratiam
2678 1816 2881 1869 debere
2922 1832 2979 1868 se
3008 1832 3072 1869 ac
3105 1815 3366 1885 profiteri
3397 1831 3409 1868 :
3444 1831 3641 1869 verum

1949 1906 2080 1957 uter
2108 1919 2307 1956 eorum
2332 1909 2483 1957 erret
2513 1902 2573 1956 in
2606 1903 2717 1957 fide
2743 1904 2826 1957 vel
2859 1903 2919 1956 in
2949 1902 3289 1974 cognitione.
3324 1902 3639 1969 Trinitatis,

1950 1991 2121 2046 aliam
2141 1992 2514 2062 quaestionem
2537 2008 2656 2045 esse
2679 1991 2817 2046 dicit
2834 2009 2848 2057 ;
2863 1997 3133 2062 optatque
3152 2007 3317 2045 nosse
3341 2006 3472 2044 eum
3494 1992 3641 2045 Deus

1949 2079 2137 2145 faciat,
2166 2080 2315 2151 quod
2346 2097 2513 2135 nosse
2544 2097 2601 2134 se
2632 2085 2817 2151 putat.
2868 2082 2942 2135 De
2973 2079 3165 2133 libello
3197 2076 3387 2134 autem
3416 2079 3487 2134 ab
3518 2078 3638 2149 cpi-

1949 2185 2119 2239 scopo
2150 2168 2353 2238 Elpidii
2384 2168 2558 2234 edito,
2592 2185 2712 2222 sese
2738 2168 2986 2221 auctoris
3009 2168 3314 2222 vanitatem
3339 2166 3640 2221 inﬁrmita-

1947 2262 2180 2329 temque
2208 2258 2453 2327 spondet
2477 2261 2859 2326 ostensurum,
2894 2256 2940 2310 si
2961 2272 3063 2327 per
3092 2256 3272 2310 otium
3308 2255 3638 2326 singillatim

1948 2346 2111 2400 illum
2157 2350 2420 2399 excutere
2475 2345 2582 2399 sﬂii
2633 2345 2705 2398 sit
2755 2345 2998 2399 liberum
3030 2345 3217 2414 (1bid.,
3276 2361 3331 2398 n.
3366 2349 3433 2411 Et).
3476 2344 3642 2415 Atqui

1948 2433 2255 2505 quominus
2296 2434 2348 2487 id
2401 2433 2590 2503 operis
2638 2433 3064 2504 aggrederetur,
3120 2432 3465 2503 prohibuere
3522 2432 3641 2485 sine

1946 2522 2119 2576 dubio
2163 2522 2319 2576 varia
2349 2522 2446 2575 illa
2472 2522 2721 2593 negotia,
2754 2521 2967 2591 quibus
2999 2521 3308 2575 distentum
3340 2537 3398 2573 se
3431 2519 3644 2591 passim

1946 2610 2333 2681 conqueritur.

2630 2698 2857 2753 CAPUT
2896 2700 2955 2752 Χ.

1950 2789 1995 2839 l.
2028 2787 2088 2839 In
2109 2786 2603 2854 prazdestinationis
2632 2790 2683 2839 et
2710 2788 2902 2853 gratiae
2937 2786 3238 2839 doctrinam
3274 2787 3641 2854 superioribus

2015 2874 2170 2927 libris
2203 2873 2271 2927 ab
2312 2874 2618 2939 Augustino
2646 2875 2973 2942 explicatam
3020 2875 3309 2940 insurgunt
3338 2876 3639 2927 Massilien-

2014 2978 2094 3016 ses
2115 2967 2165 3015 et
2193 2964 2295 3015 alii
2320 2961 2544 3029 quidam
2575 2964 2633 3014 in
2658 2962 2831 3017 Gallis
2862 2961 3011 3015 haud
3046 2963 3101 3013 in
3131 2965 3300 3014 totum
3328 2977 3362 3012 a
3391 2962 3639 3029 Pelagia-

2015 3052 2097 3102 nis
2124 3049 2488 3103 abhorrentes.
2517 3052 2551 3102 2
2584 3049 2914 3104 Catholicam
2936 3048 3097 3118 ﬁdem
3126 3052 3312 3101 contra
3339 3062 3423 3101 eos
3462 3047 3639 3113 deferr-

2014 3138 2099 3191 dit
2132 3139 2468 3204 Augustinus
2506 3139 2727 3205 scriptis
2780 3138 3030 3206 Prosperi
3057 3142 3106 3189 et
3153 3137 3362 3192 Hilarii
3403 3136 3639 3205 impulsu

2014 3228 2167 3281 libris
2214 3227 2279 3280 de
2324 3226 2804 3280 Przedestinatimie
2857 3230 3183 3279 sanctorum.
3245 3228 3274 3279 3
3340 3224 3637 3290 Quodvult-

2014 3316 2143 3370 deus
2182 3319 2340 3383 rogat
2365 3319 2609 3369 sanctum
2651 3317 2943 3380 Ductorem,
2983 3318 3044 3368 ut
3068 3314 3133 3367 de
3172 3313 3459 3368 laresibus
3499 3314 3638 3365 scri-

2016 3405 2126 3459 bat.
2176 3406 2209 3459 4
2259 3407 2483 3470 Urgente
2538 3402 2906 3469 Quodvultdeo
2947 3404 3288 3471 Augustinus
3325 3402 3644 3469 aggreditur

2014 3508 2146 3562 Opus
2176 3493 2241 3546 de
2285 3493 2607 3557 Haeresibus,
2642 3492 2786 3562 quod
2826 3494 3197 3559 imperfectum
3241 3491 3538 3557 relinquere
3563 3504 3645 3543 co-

2015 3585 2182 3650 gitur.
2226 3586 2255 3635 5
2282 3584 2522 3635 Dioscori
2549 3580 2938 3635 conversionem
2974 3580 3254 3633 miraculis
3278 3578 3491 3645 plenam
3518 3594 3643 3631 nar-

2013 3674 2102 3723 rat
2130 3685 2226 3738 per
2255 3670 2467 3723 litteras
2492 3669 2695 3737 Alypio
2724 3670 2857 3721 seni.

2024 3762 2067 3812 l.
2116 3759 2323 3811 Verum
2361 3761 2826 3827 quantacumque
2863 3770 3128 3809 curarum
3174 3770 3304 3807 eum
3339 3753 3641 3807 multitudo

1944 3850 2249 3916 premeret,
2280 3860 2392 3898 non
2423 3848 2728 3915 propterea
2772 3843 3095 3913 deponebat
3124 3859 3154 3895 e
3196 3840 3473 3895 memoria
3504 3857 3637 3894 san-

1942 3940 2066 3989 ctus
2096 3936 2321 3999 Doctor,
2358 3932 2467 3987 sibi
2492 3932 2865 3986 defendenda:
2894 3930 3091 4002 gratim
3111 3929 3435 3999 impositam
3463 3945 3582 3982 esse
3609 3946 3642 3982 a

1944 4025 2060 4078 Deo
2091 4021 2466 4093 provinciam.
2490 4022 2688 4091 Itaque
2709 4023 3090 4091 praeterquam
3122 4017 3273 4088 quod
3305 4017 3431 4070 stilo
3454 4017 3640 4071 decer-

1942 4118 2063 4167 tare
2088 4128 2216 4166 cum
2243 4111 2466 4165 Iuliano
2497 4110 2565 4163 ad
2589 4114 2899 4164 extremam
2932 4124 3110 4179 usque
3131 4106 3303 4161 vitam
3334 4122 3449 4160 non
3470 4105 3639 4160 desti-

1942 4201 2031 4264 tit,
2063 4200 2221 4255 novis
2251 4200 2434 4255 adhuc
2467 4214 2581 4252 non
2628 4199 2799 4269 longo
2848 4201 2979 4251 ante
3018 4200 3262 4250 mortem
3295 4195 3472 4265 ipsius
3501 4198 3645 4247 tem-

1943 4304 2079 4359 pore
2111 4286 2475 4357 surgentibus
2506 4285 2705 4357 gratim
2747 4283 2994 4339 inimicis
3036 4300 3156 4337 sese
3186 4283 3306 4336 sine
3347 4298 3510 4336 mora
3539 4280 3640 4335 ob-

1936 4376 2094 4447 jecit.
2129 4375 2290 4429 Multi
2320 4374 2593 4429 nimirum
2628 4388 2930 4427 servorum
2960 4371 3187 4436 Christi,
3219 4372 3275 4425 id
3301 4375 3404 4435 est,
3438 4386 3639 4424 mona-

1940 4466 2200 4528 chorum,
2255 4462 2355 4533 qui
2393 4462 2454 4516 in
2501 4461 2830 4517 Massiliensi
2864 4461 3005 4515 urbe
3032 4459 3415 4513 consistebant
3444 4457 3638 4528 (Epist.

1942 4556 2068 4618 225,
2118 4568 2173 4606 n.
2209 4552 2283 4621 2),
2314 4550 2526 4621 aliique
2557 4550 2615 4604 in
2647 4548 2773 4603 aliis
2801 4548 3109 4604 Galliarum
3130 4546 3266 4601 locis
3299 4549 3491 4617 (Epist.
3516 4549 3641 4611 226,

1941 4658 1997 4695 η.
2031 4642 2088 4709 2)
2118 4638 2379 4693 nonnulli
2423 4638 2727 4709 Augustini
2757 4637 2965 4707 scripta
2994 4636 3335 4703 evolventes,
3365 4633 3643 4706 quidquid

1945 4728 2005 4782 in
2032 4728 2113 4781 eis
2142 4727 2211 4781 de
2241 4726 2536 4780 vocatione
2567 4726 2874 4779 electorum
2915 4723 3223 4778 secundum
3260 4722 3357 4776 Dei
3385 4722 3643 4793 proposi-

1942 4820 2068 4869 tum
2099 4814 2433 4884 disputabat
2452 4817 2679 4867 sanctus
2704 4814 2929 4878 Doctor,
2962 4811 3100 4866 illud
3133 4812 3365 4866 Patrum
3387 4810 3645 4881 opinioni
3677 4833 3681 4837 ’

1944 4909 2003 4958 et
2030 4902 2405 4957 ecclesiastico
2446 4901 2635 4955 sensui
2665 4900 3016 4954 contrarium
3059 4899 3394 4954 dictitabant
3425 4915 3438 4952 :
3472 4903 3643 4968 atque

1944 4994 2055 5047 hoc
2083 4990 2443 5062 propositum
2473 4989 2784 5044 vocationis
2816 4988 2934 5055 Dei,
2987 5005 3121 5060 quo.
3149 4988 3238 5043 vel
3279 4992 3406 5042 ante
3446 4985 3640 5041 mundi

1946 5080 2194 5144 initium,
2225 5079 2312 5133 vel
2338 5079 2398 5133 in
2423 5078 2545 5150 ipsa
2567 5077 2892 5133 conditione
2914 5078 3140 5149 generis
3170 5074 3405 5131 humani
3433 5074 3643 5143 eligen-

1948 5170 2152 5223 dorum
2186 5170 2242 5221 et
2281 5167 2721 5237 rejiciendorum
2752 5166 2960 5221 dicitur
2988 5167 3133 5220 facta
3157 5163 3444 5223 discretio,
3475 5165 3531 5214 et
3560 5160 3641 5213 la-

1947 5257 2063 5329 psis
2087 5272 2283 5310 curam
2307 5256 2641 5325 resnrgendi
2666 5255 2939 5319 adimere,
2969 5260 3026 5309 et
3056 5252 3261 5308 sanctis
3290 5249 3642 5305 occasionem

1948 5344 2222 5416 temporis
2268 5345 2470 5400 afferre
2520 5360 2535 5399 :
2573 5344 2779 5400 deinde
2831 5344 2935 5398 sub
2981 5343 3090 5397 hoc
3133 5335 3642 5411 prmdestinationis

1951 5431 2182 5487 nomine
2216 5433 2443 5487 fatalem
2474 5432 2781 5504 quamdam
2826 5430 3020 5485 induci
3049 5425 3444 5483 necessitatem
3477 5443 3490 5477 :
3524 5440 3642 5478 uno

1952 5521 2149 5589 verbo,
2198 5521 2477 5593 quidquid
2525 5520 2633 5574 sibi
2683 5517 3037 5589 Augustinus
3076 5531 3141 5569 ex
3202 5513 3434 5567 adversa
3482 5516 3642 5583 parte
