4062 6368
400 305 504 354 5όῖ

402 423 639 494 opponit
667 422 729 476 in
759 422 904 477 libro
927 421 999 475 de
1029 408 1397 491 Correptione
1427 425 1482 473 et
1510 419 1722 488 Gratia,
1743 419 1836 472 vel
1860 417 1920 471 in
1945 415 2104 470 libris

403 517 603 568 contra
629 510 955 577 lulianum;
988 510 1097 564 hoc
1125 514 1307 564 totum
1355 509 1463 580 ipsi
1510 526 1612 581 pro
1654 526 1713 563 se
1762 508 2107 579 regerebant

404 616 628 655 summa
654 599 1015 654 contentione
1045 614 1109 653 ac
1152 614 1348 670 pugna
1385 614 1399 651 :
1430 603 1555 653 tum
1595 597 1914 653 doctrinam
1947 596 2104 649 illam

405 686 767 743 aediﬁcationi
825 685 1182 740 audientium
1242 684 1589 739 contrariam
1648 700 1769 738 esse
1819 682 2102 746 dicebant,

401 781 573 847 atque
604 790 672 829 ea
696 779 947 845 propter,
991 772 1213 826 etiamsi
1254 790 1387 826 vera
1416 773 1512 841 sit,
1542 789 1659 827 non
1703 772 2102 843 promendam.

403 865 687 919 Caeterum
719 861 1164 916 obstinationem
1202 877 1364 915 suam
1414 860 1709 915 vetustatis
1739 860 1973 915 nomine
2009 859 2105 912 de-

402 952 715 1017 fendentes,
765 949 1187 1004 contendebant
1235 949 1498 1018 Paulum,
1554 950 1718 1019 cujus
1769 949 2106 1003 auctoritate

403 1039 605 1095 nititur
634 1038 1012 1109 Augustinus,
1065 1054 1099 1090 a
1155 1038 1311 1090 nullo
1351 1038 1625 1091 hactenus
1671 1037 1750 1090 ita
1798 1052 1919 1089 esse
1949 1035 2109 1088 intel-

406 1128 633 1181 lectum.
675 1126 836 1190 Quod
874 1124 947 1179 ad
986 1125 1253 1195 parvulos
1284 1128 1518 1194 spectat,
1554 1123 1613 1176 in
1668 1122 1877 1193 quibus
1916 1121 2110 1176 divina

405 1216 591 1269 elucet
619 1212 1070 1285 preedestinatio,
1107 1213 1247 1266 tales
1275 1212 1505 1266 aiebant
1531 1211 1697 1281 perdi
1727 1212 1977 1281 talesque
2007 1210 2111 1264 sal-

408 1302 546 1369 vari,
579 1303 774 1373 quales
804 1302 1029 1355 futuros
1083 1300 1212 1353 illos
1252 1299 1312 1353 in
1355 1299 1558 1370 majori
1591 1303 1776 1365 mtate,
1810 1299 1857 1352 si
1888 1299 1958 1353 ad
1984 1314 2111 1352 eam

406 1390 795 1462 pervenirent,
838 1388 1075 1443 scientia
1115 1387 1311 1442 divina
1356 1387 1708 1458 praevidisset
1736 1387 1938 1457 (Epist.
1984 1389 2107 1451 225,

405 1496 462 1533 τι.
497 1479 568 1547 ὅ).
606 1480 718 1533 Nec
762 1475 1103 1531 absimiliter
1132 1475 1511 1547 quaestionem
1540 1476 1609 1530 de
1647 1475 1980 1546 majoribus,
2012 1489 2114 1527 cur

406 1566 781 1637 Evangelium
812 1581 931 1619 non
962 1563 1228 1618 omnibus
1272 1564 1634 1634 praedicetur,
1664 1564 2021 1628 enodabant;
2056 1561 2113 1615 id

405 1654 756 1709 afﬁrmantes
785 1651 1169 1723 praescientias
1197 1668 1320 1705 esse
1350 1651 1578 1717 divinas,
1623 1657 1687 1705 ut
1716 1651 1846 1705 ideo
1879 1651 2112 1721 quibus-

407 1743 541 1796 dam
592 1741 824 1812 populis
876 1755 996 1794 non
1045 1739 1409 1809 praedicetur,
1456 1740 1610 1810 quod
1662 1741 1804 1794 illud
1836 1756 1951 1793 non
2002 1738 2114 1792 sint

406 1829 691 1900 recepturi
724 1828 915 1897 (Ibid,
949 1833 999 1882 et
1024 1830 1203 1897 Epist.
1238 1831 1360 1892 226,
1394 1844 1451 1881 n.
1494 1832 1565 1890 3).
1601 1829 1881 1882 Prseterea
1914 1826 2113 1881 discri-

408 1934 537 1971 men
569 1916 949 1971 constitutum
982 1915 1051 1969 ab
1094 1914 1415 1985 Augustino
1448 1914 1596 1968 inter
1626 1915 1869 1985 gratiam
1899 1919 2113 1968 Adamo

407 2007 619 2071 datam,
666 2009 723 2059 et
766 2019 894 2058 eam
935 2019 1065 2073 qua:
1112 2002 1277 2056 nobis
1330 2002 1519 2068 datur,
1576 2004 1812 2057 moleste
1853 2003 2116 2057 ferebant

409 2096 607 2164 (Epist.
641 2096 767 2159 226,
807 2110 861 2147 n.
906 2092 977 2162 6).
1013 2093 1126 2146 Nec
1165 2091 1429 2145 volebant
1474 2091 1743 2163 cuiquam
1786 2093 1959 2146 talem
1990 2092 2115 2146 dari

411 2180 912 2252 perseverantiam,
947 2196 981 2233 a
1016 2195 1130 2250 qua
1167 2196 1287 2232 non
1318 2179 1684 2249 permittatur
1728 2180 2113 2251 prmvaricari,

408 2270 510 2324 sed
543 2288 574 2324 a
614 2286 730 2341 qua
758 2268 939 2339 possit
967 2283 1070 2321 sua
1115 2268 1406 2321 voluntate
1446 2267 1709 2333 deficere,
1764 2274 1823 2323 et
1866 2286 1997 2339 quas
2028 2271 2116 2323 vel

415 2357 752 2427 suppliciter
805 2354 1069 2423 emereri,
1115 2356 1200 2408 vel
1250 2355 1437 2408 amitti
1488 2342 1904 2410 contumaciter
1941 2357 2119 2427 possit

412 2446 615 2513 (Ibid.,
645 2461 706 2500 η.
745 2444 828 2513 4).
878 2443 1122 2507 Quidam
1171 2442 1345 2496 etiam
1375 2458 1439 2496 ex
1484 2442 1689 2497 iisdem
1735 2444 1906 2499 Gallis
1936 2444 2117 2497 adhuc

410 2533 651 2603 propius
698 2550 731 2586 a
770 2530 1074 2602 Pelagiana
1106 2530 1307 2584 haeresi
1326 2530 1698 2597 ‘recedentes,
1732 2533 1971 2601 gratiam
2002 2533 2117 2585 sal-

411 2627 648 2674 vantem
676 2619 1103 2690 distinguebant
1142 2619 1209 2672 ab
1240 2618 1443 2672 initiali
1477 2619 1683 2689 gratia,
1718 2624 1773 2673 et
1802 2620 1948 2674 hanc
1971 2620 2117 2674 nihil

415 2709 575 2764 aliud
606 2725 726 2762 esse
753 2708 1065 2778 ponebant,
1093 2723 1266 2777 quam
1297 2707 1580 2760 rationem
1608 2713 1665 2761 et
1689 2708 1935 2761 liberum
1967 2709 2116 2763 arbi-

414 2798 591 2852 trium
617 2795 833 2850 homini
867 2795 1007 2848 nihil
1037 2794 1197 2866 prius
1226 2795 1490 2857 merenti,
1526 2796 1660 2860 quia
1692 2813 1793 2849 nec
1827 2797 2115 2863 existenti,

417 2886 697 2942 Creatoris
725 2884 1004 2939 beneticio
1038 2899 1402 2951 concessum;
1433 2889 1606 2955 atque
1637 2886 1759 2955 ejus
1789 2902 1895 2956 ope
1917 2886 2119 2939 nihilo-

415 2975 608 3029 minus
643 2973 961 3039 hominem,
1011 2972 1149 3027 dum
1180 2972 1331 3026 bono
1372 2978 1591 3027 natura
1635 2973 1781 3027 bene
1810 2974 2011 3044 utitur,
2046 2976 2118 3028 ad

417 3064 727 3117 salvantem
758 3063 1004 3132 gratiam
1058 3061 1358 3131 pervenire
1402 3062 1601 3129 (Epist.
1635 3065 1761 3129 225,
1807 3078 1864 3116 n.
1916 3064 1990 3131 4).
2042 3066 2119 3116 Ac

417 3152 496 3205 sic
524 3166 651 3204 cum
684 3150 746 3203 in
772 3149 1107 3219 majoribus,
1134 3148 1234 3218 qui
1262 3148 1442 3202 libero
1463 3153 1709 3202 utuntur
1724 3150 1981 3219 arbitrio,
2004 3151 2116 3205 duo

417 3238 530 3292 sint
569 3254 700 3308 qua:
742 3237 1056 3290 humanam
1097 3240 1408 3305 operantur
1452 3237 1716 3303 salutem,
1769 3236 1869 3291 Dei
1907 3238 2120 3292 scilicet

420 3326 623 3398 gratia,
665 3330 719 3379 et
753 3324 1001 3379 hominis
1031 3323 1389 3390 obedientia;
1415 3325 1667 3395 priorem
1699 3326 1961 3381 volebant
1985 3328 2120 3381 obe-

420 3413 698 3469 dientiam
730 3428 871 3478 esse,
904 3428 1077 3482 quam
1106 3411 1368 3481 gratiam,
1403 3417 1466 3466 ut
1492 3413 1721 3467 initium
1743 3415 1939 3468 salutis
1964 3432 2031 3469 ex
2051 3433 2117 3470 eo

420 3502 522 3573 qui
552 3502 821 3565 salvetur,
855 3516 971 3553 non
1011 3516 1077 3553 ex
1108 3516 1175 3552 eo
1209 3500 1558 3554 credendum
1587 3502 1661 3555 sit
1705 3508 1855 3556 stare
1885 3504 1986 3574 qui
2016 3505 2120 3559 sal-

420 3594 544 3656 vat;
578 3593 634 3643 et
680 3589 939 3643 voluntas
981 3587 1232 3642 hominis
1279 3587 1487 3643 divina:
1524 3590 1723 3660 gratia:
1780 3591 1886 3645 sibi
1934 3593 2120 3662 pariat

423 3694 615 3749 opem,
647 3693 760 3732 non
786 3677 967 3748 gratia
998 3677 1105 3731 sibi
1134 3677 1447 3731 humanam
1476 3678 1737 3749 subjiciat
1768 3681 2117 3736 voluntatem

421 3767 609 3833 (Ibid,
640 3782 695 3820 η.
740 3767 813 3835 6).
846 3765 1101 3820 Tandem
1144 3770 1424 3836 quantum
1471 3766 1714 3838 quisque
1762 3769 1833 3823 ad
1880 3770 2114 3838 malum,

423 3859 645 3908 tantum
674 3854 885 3908 habere
915 3853 1196 3907 facultatis
1224 3854 1295 3908 ad
1327 3855 1543 3908 bonum
1572 3856 1993 3926 praedicabant;
2027 3875 2119 3929 pa-

421 3943 585 4014 rique
615 3945 909 3996 momento
938 3942 1197 3996 animum
1228 3958 1285 3995 se
1303 3942 1391 3995 vel
1416 3943 1483 3996 ad
1506 3943 1641 3997 vitia
1663 3945 1751 3998 vel
1784 3945 1855 3999 ad
1883 3947 2120 4000 virtutes

420 4045 671 4098 movere,
709 4045 883 4101 quem
930 4029 1082 4084 bona
1126 4035 1493 4100 appetentem
1545 4032 1728 4102 gratia
1771 4033 1869 4087 Dei
1912 4033 2116 4100 foveat,

420 4119 573 4172 mala
600 4122 914 4172 sectantem
945 4118 1237 4171 damnatio
1259 4118 1419 4188 justa
1448 4120 1715 4189 suscipiat
1736 4120 1904 4189 (Ibid.
1921 4162 1935 4188 ,
1956 4138 2013 4176 η.
2040 4124 2116 4192 4).

424 4207 553 4260 Haec
583 4205 807 4276 aliaque
837 4209 1036 4258 contra
1066 4204 1241 4259 fidem
1290 4205 1806 4275 praedestinationis
1837 4213 1892 4262 et
1921 4209 2121 4278 gratia:

415 4293 782 4364 jactabantur
813 4310 847 4346 a
874 4292 1008 4345 viris
1045 4292 1146 4363 qui
1177 4293 1308 4346 vitae
1336 4293 1538 4346 merito
1566 4296 1655 4348 vel
1682 4295 1769 4349 sui
1798 4295 1858 4349 in
1881 4297 2122 4350 Ecclesia

423 4381 636 4452 gradus
677 4378 957 4450 dignitate
1002 4384 1228 4433 tantum
1285 4382 1652 4451 praestabant,
1705 4388 1766 4437 ut
1802 4400 1918 4439 non
1959 4385 2121 4439 facile

423 4467 749 4539 quisquam,
785 4471 994 4537 praeter
1028 4482 1238 4537 paucos
1265 4468 1531 4538 perfectas
1580 4470 1779 4541 gratias
1809 4471 2122 4543 intrepidos

424 4560 726 4621 amatores,
779 4554 1055 4609 obsistere
1106 4571 1303 4609 eorum
1356 4555 1838 4627 disputationibus
1890 4562 2124 4616 auderet

425 4644 609 4713 (Ibid,
650 4659 706 4698 η.
765 4644 819 4714 ’7)
868 4659 880 4697 :
924 4660 988 4698 ac
1033 4644 1276 4715 proinde
1317 4647 1698 4701 necessarium
1729 4648 2123 4705 existimarunt

426 4733 669 4802 Prosper
707 4735 762 4786 et
820 4732 1085 4800 Hilarius,
1144 4733 1228 4787 vir
1286 4740 1528 4805 uterque
1594 4736 1790 4805 laicus,
1853 4740 2119 4810 Augusti-

427 4835 567 4873 num
592 4835 696 4891 per
722 4820 939 4874 litteras
966 4822 1293 4890 admonere,
1327 4828 1389 4877 ut
1417 4840 1577 4879 suam
1608 4824 1785 4895 ipsius
1816 4829 2121 4882 auctorita-

352 4940 365 4954 I
424 4912 539 4961 tem
571 4907 683 4962 illis
731 4908 1024 4979 objiciens,
1057 4927 1185 4981 quas
1214 4910 1274 4965 in
1314 4911 1435 4966 istis
1466 4913 1882 4983 quaastionibus
1922 4915 2122 4971 obscu—

425 4996 579 5050 riora
607 5000 741 5051 sunt
769 5000 825 5050 et
850 4996 920 5050 ad
950 4998 1382 5069 percipiendum
1413 5001 1754 5071 difﬁciliora,
1786 5020 1961 5075 quam
1989 5005 2125 5059 luci.

427 5084 677 5139 dissimis
740 5085 1190 5155 expositionibus
1250 5088 1473 5158 aperire
1535 5106 1652 5145 non
1708 5096 2039 5162 gravaretur
2106 5108 2119 5145 :

426 5172 641 5244 quippe
684 5173 783 5244 qui
826 5178 1140 5243 sperarent,
1185 5190 1303 5228 non
1343 5177 1526 5230 solum
1569 5193 1627 5230 se
1674 5178 2123 5249 disputationum

425 5261 549 5330 ejus
578 5260 843 5333 praesidio
868 5261 1239 5329 roborandos,
1266 5263 1364 5316 sed
1394 5263 1564 5318 etiam
1593 5264 1744 5336 ipsos
1773 5266 2124 5321 adversarios

427 5348 923 5403 defmcatissimum
954 5349 1150 5402 lumen
1180 5350 1377 5419 gratia:
1407 5356 1732 5423 recepturos
1761 5354 1945 5421 (Ibid,
1963 5370 2020 5409 η.
2044 5353 2119 5423 9).

429 5435 734 5505 Quidquid,
764 5436 846 5490 ait
874 5434 1139 5505 Hilarius,
1168 5453 1268 5507 pro
1312 5454 1374 5492 ea
1410 5444 1617 5510 gratia,
1651 5458 1814 5511 quam
1845 5445 1901 5496 in
1935 5449 1983 5496 te
2014 5458 2120 5511 pu-

425 5524 539 5577 silli
560 5539 679 5579 cum
700 5527 915 5592 magnis
936 5527 1221 5588 miramur,
1244 5528 1479 5582 volueris
1509 5534 1606 5583 aut
1624 5532 1883 5596 calueris,
1913 5533 2118 5598 gratis-

1648 296 1807 348 Vl'I'A
1846 297 1901 347 S.
1943 292 2318 347 ΑωιλδΤιΝι
2366 289 2703 344 EPISUUPI.

3828 290 3935 337 563

2215 418 2349 469 sime
2376 416 2716 483 accipiemus,
2768 416 3047 479 tamquam
3080 427 3115 463 a
3147 411 3299 464 nobis
3336 412 3665 464 charissima
3694 426 3764 463 ac
3794 416 3947 462 τευ(

2212 503 2542 557 rendissima
2586 503 2913 555 auctoritate
2950 500 3222 553 decretum
3276 498 3481 567 (Epist.
3529 501 3658 564 226,
3710 513 3774 552 n.
3830 501 3939 562 t0).

2219 591 2410 646 Eidem
2446 589 2748 660 signiticet,
2778 604 2810 641 a
2840 589 3116 658 Prospero
3149 602 3208 640 se
3248 586 3565 640 obtinuisse
3593 584 3940 657 epistolam,

2216 695 2389 751 quam
2433 694 2549 732 suae
2587 676 2952 747 conjunctam
2994 674 3079 729 illi
3124 674 3322 744 mittit,
3355 690 3470 746 qua
3498 675 3623 745 ipse
3652 676 3941 746 Prosper,

2216 772 2496 839 quantum
2550 767 2611 820 in
2642 781 2700 820 se
2747 764 2876 826 fuit,
2918 760 3380 818 adversariorum
3409 762 3686 833 dogmata
3718 762 3942 833 princi-

2216 858 2426 927 piaque
2455 853 2645 908 omnia
2674 854 3005 923 complexus
3027 856 3134 906 est.
3176 851 3466 922 Hujusille
3490 851 3655 905 initio
3676 852 3942 906 declarat

2218 949 2411 998 sancto
2442 942 2691 1010 Doctori,
2720 942 2839 1012 jam
2866 957 2982 995 non
3014 941 3135 993 solo
3159 938 3502 994 urbanitatis
3533 937 3752 1006 ofticio,
3776 943 3851 992 ut
3876 938 3938 991 in

2217 1032 2408 1102 priore
2440 1031 2683 1101 quadam
2738 1028 2978 1100 epistola
3016 1028 3246 1091 fecerat,
3280 1026 3348 1080 ad
3378 1041 3512 1080 eum
3557 1026 3815 1080 scribere
3846 1043 3935 1090 se,

2219 1121 2316 1172 sed
2356 1135 2550 1173 amore
2580 1117 2735 1185 tidei,
2767 1133 2881 1187 qua
2910 1115 3157 1169 Ecclesia
3188 1114 3341 1181 vivit.
3392 1114 3715 1167 Excubante
3758 1117 3933 1181 enim,

2220 1208 2407 1279 inquit
2434 1223 2536 1276 pro
2578 1208 2847 1259 universis
2875 1203 3125 1257 membris
3166 1204 3403 1271 corporis
3452 1202 3660 1258 Christi
3687 1204 3937 1269 vigilan-

2222 1300 2427 1351 tissimo
2456 1297 2735 1350 industria
2761 1299 2874 1357 tua,
2893 1297 2943 1347 et
2969 1292 3230 1346 adversus
3252 1292 3629 1345 haereticarum
3652 1291 3940 1345 doctrina.

2221 1402 2341 1438 rum
2370 1384 2601 1437 insidias
2629 1385 2875 1437 veritatis
2902 1383 3099 1434 virtute
3111 1385 3409 1448 pugnante,
3432 1380 3581 1433 nullo
3601 1380 3758 1433 modo
3790 1384 3937 1433 mihi

2221 1473 2511 1528 cm'cndum
2538 1473 2752 1541 putavi,
2798 1485 2863 1522 ne
2899 1483 3148 1523 onerosus
3190 1467 3292 1521 tibi
3334 1472 3431 1521 aut
3468 1469 3818 1536 importunus
3859 1484 3938 1521 εε-

2221 1577 2329 1616 sem
2357 1562 2415 1613 in
2444 1576 2521 1625 eo,
2569 1559 2712 1627 quod
2745 1558 2820 1611 ad
2860 1558 3150 1611 multorum
3190 1556 3439 1620 salutem,
3471 1571 3534 1609 ac
3582 1558 3824 1625 perinde
3861 1558 3940 1610 ml

2215 1651 2473 1719 pietatem
2504 1652 2653 1701 tuam
2680 1648 2914 1715 pertinet
2944 1661 2959 1695 :
2992 1661 3109 1697 cum
3146 1646 3328 1712 potius
3358 1659 3508 1696 reum
3537 1646 3795 1709 futurum
3822 1662 3941 1700 esse

2219 1754 2303 1791 me
2332 1736 2617 1803 crederem,
2647 1737 2699 1789 si
2732 1750 2795 1787 ea
2832 1748 2952 1802 quae
2980 1733 3139 1786 valde
3181 1734 3489 1801 perniciosa
3519 1746 3631 1786 esse
3658 1735 3938 1801 intelligo,

2223 1826 2297 1879 ad
2324 1826 2609 1894 specialem
2640 1828 2935 1893 patronum
2976 1821 3110 1892 ﬁdei
3139 1837 3243 1874 non
3276 1824 3533 1887 referrem
3563 1821 3771 1891 (Epist.
3804 1825 3936 1889 223,

2222 1931 2277 1968 η.
2328 1914 2397 1984 l).

2294 2004 2349 2054 2.
2395 2000 2625 2054 Moleste
2656 1999 2784 2053 tulit
2814 1997 3187 2068 Augustinus,
3221 1996 3381 2067 quod
3409 1996 3614 2052 divinis
3654 1999 3940 2070 eloquiis,

2223 2087 2430 2158 quibus
2457 2086 2555 2140 Dei
2587 2085 2769 2154 gratia
2795 2085 3159 2157 praedicatur,
3201 2102 3332 2157 quas
3350 2086 3587 2142 omnino
3628 2088 3798 2141 nulla
3830 2094 3941 2153 cst,

2223 2177 2272 2230 si
2309 2175 2625 2230 secundum
2655 2175 2858 2228 merita
2888 2178 3083 2228 nostra
3123 2174 3310 2241 datur,
3350 2180 3469 2229 tam
3499 2175 3696 2229 multis
3745 2178 3942 2231 mani-

2225 2263 2499 2333 festisque
2532 2279 2651 2317 non
2694 2262 3036 2317 cederetur:
3095 2261 3356 2332 Prosperi
3402 2253 3594 2317 tamen
3644 2269 3703 2318 et
3734 2265 3942 2320 Hilarii

2227 2351 2433 2418 studio,
2464 2369 2527 2407 ac
2564 2351 2661 2422 pia
2690 2367 2822 2422 erga
2861 2355 3116 2405 errantes
3157 2366 3293 2404 cura
3323 2355 3514 2405 motus
3542 2355 3647 2417 est,
3684 2356 3749 2405 ut
3797 2351 3942 2405 isto-

2228 2456 2357 2494 rum
2395 2456 2584 2505 causa,
2620 2444 2752 2510 post
2768 2444 2855 2493 tot
2883 2439 3059 2493 libros
3088 2442 3145 2492 et
3169 2438 3441 2509 epistolas
3463 2439 3534 2493 de
3558 2440 3665 2493 hac
3693 2456 3756 2493 re
3783 2457 3942 2503 suas,

2228 2530 2411 2583 adhuc
2449 2534 2664 2599 ageret,
2704 2528 2856 2599 quod
2887 2544 2946 2581 se
2975 2528 3110 2581 satis
3139 2528 3324 2597 egisse
3351 2528 3619 2582 credebat
3655 2530 3757 2598 (De
3789 2530 3943 2583 Prae-

2228 2619 2364 2671 dest.
2406 2622 2603 2685 sanct.,
2634 2618 2727 2671 lib.
2764 2622 2815 2685 t,
2844 2632 2936 2670 nn.
2976 2620 3025 2680 1,
3057 2616 3132 2687 2).
3169 2617 3321 2670 Duos
3350 2616 3543 2688 itaque
3601 2617 3673 2671 ad
3702 2619 3943 2673 eosdem

2227 2708 2572 2776 Prosperum
2601 2710 2658 2759 et
2678 2705 2957 2759 Hilarium
2985 2705 3157 2759 libros
3192 2708 3263 2759 De
3290 2705 3774 2760 Praedestinatione
3803 2722 3940 2760 san-

2227 2799 2431 2848 ctorum
2460 2794 2701 2864 scripsit,
2736 2793 2842 2847 hoc
2878 2794 3075 2846 ambos
3106 2794 3268 2847 titulo
3301 2794 3589 2864 (quamvis
3618 2794 3833 2849 horum
3865 2795 3945 2847 al-

2227 2886 2314 2935 ter
2346 2898 2499 2935 nunc
2526 2882 2695 2953 vulgo
2732 2885 2804 2935 De
2845 2886 2989 2936 Dono
3014 2885 3429 2951 perseverantia
3458 2883 3762 2952 vocitatur)
3819 2900 3942 2937 non

2226 2969 2439 3040 injuria
2491 2973 2841 3040 praenotatos
2898 2969 3155 3038 (Admon.
3205 2971 3262 3023 in
3313 2970 3407 3024 lib.
3463 2973 3496 3023 2
3548 2970 3614 3024 de
3666 2971 3942 3027 Prsedest.

2228 3064 2425 3127 sanct.,
2453 3064 2502 3112 et
2534 3061 2760 3125 Prae/at.
2786 3056 2845 3112 in
2876 3063 3002 3113 tom.
3056 3062 3137 3122 t0,
3180 3074 3301 3127 cap.
3330 3059 3420 3128 29)
3456 3075 3469 3112 :
3501 3075 3633 3112 cum
3663 3058 3730 3112 in
3783 3064 3941 3113 utro-

2230 3162 2342 3217 que
2372 3151 2566 3200 sancto
2604 3145 2832 3200 Doctori
2862 3162 3068 3217 scopus
3100 3146 3191 3212 sit,
3220 3146 3479 3201 Ecclesiae
3518 3146 3816 3201 catholicas
3868 3148 3941 3202 de

2229 3235 2755 3307 prmdestinatione,
2789 3251 2903 3307 qua
2937 3252 3042 3289 nos
3079 3237 3226 3290 Deus
3255 3236 3448 3306 elegit,
3479 3252 3595 3290 non
3624 3236 3765 3307 quia
3809 3253 3942 3291 san-

2228 3324 2305 3378 cti
2333 3324 2510 3379 futuri
2555 3340 2802 3390 eramus,
2844 3323 2942 3377 sed
2990 3324 3474 3394 quemadmodum
3502 3324 3813 3395 Apostolus
3844 3325 3941 3379 do.

2229 3417 2336 3479 cet,
2369 3416 2434 3466 ut
2462 3412 2641 3466 sancti
2672 3428 2925 3466 essemus
2959 3413 3180 3483 (Ephes.
3223 3429 3261 3478 ι,
3318 3412 3394 3481 4),
3432 3412 3753 3466 doctrinam
3782 3414 3935 3467 tueri

2233 3502 2328 3571 (De
2371 3501 2625 3555 Prtedest.
2672 3505 2869 3567 sanct.,
2902 3517 2957 3555 η.
3018 3503 3200 3566 35-39,
3242 3504 3292 3554 et
3338 3502 3411 3554 De
3442 3503 3589 3555 Dono
3635 3516 3936 3570 persever.,

2229 3606 2321 3643 nn.
2368 3590 2456 3653 34,
2499 3591 2589 3654 48,
2617 3590 2777 3658 etc.);
2828 3589 3086 3659 duosque
3143 3593 3343 3641 contra
3392 3588 3549 3643 illam
3591 3588 3936 3659 singillatim

2228 3678 2544 3732 convellere
2567 3692 2788 3730 errores
2829 3677 3141 3745 Gallorum,
3175 3675 3274 3748 qui
3304 3679 3368 3730 ut
3395 3693 3465 3730 ex
3494 3676 3759 3747 Prosperi
3786 3677 3940 3731 Hilao

2228 3766 2414 3837 riique
2444 3765 2650 3819 litteris
2674 3765 2991 3835 intelligere
3018 3769 3159 3833 erat,
3193 3769 3249 3819 et
3274 3763 3505 3818 initium
3533 3764 3686 3831 tidei,
3711 3769 3771 3819 et
3789 3782 3939 3836 prse-

2228 3860 2382 3909 terea
2420 3870 2600 3923 usque
2638 3854 2698 3907 in
2749 3853 2925 3907 tinem
2977 3852 3482 3923 perseverantiam,
3524 3852 3604 3907 sic
3632 3853 3693 3907 in
3738 3858 3940 3908 nostra

2228 3942 2651 3997 constituebant
2678 3946 2981 4012 potestate,
3027 3947 3093 3996 ut
3140 3941 3239 3995 Dei
3267 3942 3419 3996 dona
3462 3958 3583 3996 esse
3611 3958 3730 3996 non
3763 3947 3939 4014 puta-

2228 4036 2397 4097 rent;
2435 4047 2621 4101 neque
2654 4031 2722 4085 ad
2752 4031 2873 4084 haec
2922 4030 3187 4084 habenda
3214 4036 3388 4101 atque
3418 4030 3719 4084 retinenda
3750 4032 3940 4085 Deum

2230 4119 2456 4190 operari
2486 4122 2705 4172 nostras
2733 4118 3107 4188 cogitationes
3138 4122 3195 4172 et
3221 4119 3539 4172 voluntates
3565 4134 3579 4171 ε
3601 4118 3707 4171 etsi
3727 4123 3941 4173 caetera

2229 4208 2419 4278 ipsum
2452 4207 2587 4261 dare
2616 4207 3014 4275 concederent,
3044 4222 3175 4260 cum
3197 4206 3267 4261 ab
3296 4206 3395 4260 illo
3432 4206 3795 4260 credentium
3824 4208 3941 4262 ﬁde

2231 4296 2613 4366 impetrantur
2662 4297 2753 4365 (De
2781 4298 2925 4349 Dono
2966 4311 3261 4365 persever.,
3286 4311 3343 4349 η.
3371 4294 3480 4365 42).
3512 4294 3705 4348 Primo
3754 4295 3943 4366 igitur

2230 4385 2376 4439 libro
2415 4384 2580 4439 docet
2617 4384 2987 4454 Augustinus,
3033 4384 3250 4439 donum
3283 4384 3384 4439 Dei
3431 4400 3551 4438 esse
3580 4401 3700 4438 non
3743 4386 3942 4441 solum

2230 4472 2667 4539 incrementum,
2700 4473 2796 4526 sed
2823 4472 2993 4526 etiam
3034 4471 3268 4527 initium
3297 4472 3435 4527 ﬁdei
3486 4489 3500 4526 :
3549 4472 3736 4543 gratia
3775 4473 3941 4528 duri-

2228 4558 2369 4612 tiam
2421 4559 2607 4613 cordis
2636 4560 2886 4623 auferri;
2934 4565 2992 4615 et
3037 4560 3107 4615 ad
3136 4560 3425 4617 Christum
3467 4560 3659 4615 venire
3708 4577 3939 4628 omnes,

2230 4646 2330 4717 qui
2356 4663 2390 4701 a
2415 4648 2582 4700 Patre
2627 4647 2901 4702 docentur
2940 4652 3004 4703 ut
3032 4648 3265 4703 veniant
3296 4666 3309 4704 :
3340 4666 3485 4721 quos
3514 4653 3711 4705 autem
3744 4651 3940 4718 docet,

2230 4734 2620 4790 misericordia
2640 4736 2839 4790 docere
2859 4753 2872 4803 ;
2896 4742 2954 4790 et
2973 4753 3117 4808 quos
3135 4753 3250 4791 non
3264 4737 3446 4803 docet,
3456 4738 3675 4809 judicio
3698 4754 3825 4793 non
3844 4740 3944 4795 do-

2229 4839 2375 4878 cere.
2402 4823 2658 4880 Ostendit
2671 4825 2808 4896 quid
2820 4823 3045 4879 intersit
3062 4824 3211 4880 inter
3227 4825 3473 4896 gratiam
3490 4832 3547 4880 et
3559 4826 3944 4897 praedestina~

2227 4911 2446 4966 tionem
2472 4928 2485 4967 :
2518 4928 2691 4984 porro
2720 4913 3224 4983 prmdestinatione
3257 4915 3439 4969 Deum
3468 4931 3536 4969 ea
3564 4915 3942 4986 prasscivisse,

2229 5016 2357 5071 quas
2386 5006 2534 5055 esset
2561 5000 2685 5071 ipse
2706 5002 2979 5056 facturus.
3003 5002 3531 5058 Prasdestinationis
3548 5003 3947 5074 adversarios,

2230 5089 2332 5158 qui
2352 5106 2411 5143 se
2431 5090 2504 5144 ad
2522 5088 2805 5144 incertum
2822 5090 3130 5144 voluntatis
3144 5090 3243 5145 Dei
3257 5090 3462 5145 deduci
3476 5092 3629 5145 nolle
3641 5091 3945 5158 dicuntur,

2232 5178 2475 5232 miratur
2498 5179 2671 5233 malle
2697 5195 2756 5232 se
2784 5178 2938 5248 ipsos
2956 5177 3280 5233 inﬁrmitati
3309 5195 3448 5241 suae,
3484 5194 3654 5249 quam
3674 5181 3949 5236 ﬁrmitati

2231 5266 2627 5337 promissionis
2654 5266 2755 5321 Dei
2775 5266 3153 5323 committere.
3178 5266 3383 5322 Gratia:
3407 5270 3464 5320 et
3483 5267 3950 5337 prmdestinatio-

2229 5354 2319 5409 nis
2350 5355 2646 5409 veritatem
2672 5356 2840 5410 docet
2858 5356 3113 5410 relucere
3131 5354 3192 5409 in
3209 5353 3462 5425 parvulis
3489 5354 3591 5426 qui
3618 5356 3947 5425 salvantur,

2230 5442 2405 5497 nullis
2438 5442 2555 5497 suis
2576 5443 2797 5497 meritis
2826 5443 3054 5498 discreti
3072 5461 3106 5498 a
3133 5443 3352 5497 caeteris
3376 5443 3477 5513 qui
3505 5450 3792 5513 pereunt;
3824 5464 3944 5502 non

2233 5530 2387 5584 enim
2416 5530 2567 5584 inter
2613 5546 2707 5583 eos
2756 5530 3001 5584 discerni
3054 5547 3121 5585 ex
3169 5530 3527 5601 prmscientia
3565 5533 3947 5593 meritorum.
