4062 6370
185 311 291 355 εἱεςεο

185 445 319 500 quae
351 428 399 482 si
437 428 651 483 diutius
678 429 950 493 viverent,
983 429 1208 484 fuerant
1236 430 1488 485 habituri
1522 450 1534 486 :
1568 436 1882 503 praeclaris-

183 518 399 572 simum
438 522 628 572 autem
675 518 1001 589 exemplum
1038 518 1559 589 praedestinationis
1600 527 1656 575 ct
1685 524 1885 594 gratiae

182 621 309 661 esse
339 605 531 676 ipsum
577 607 943 661 Salvatorem.
986 606 1243 678 Denique
1275 608 1705 679 prasdestinatos
1749 618 1884 666 ante

181 694 386 749 mundi
428 693 892 749 constitutionem
943 695 1155 750 electos
1200 712 1343 763 esse,
1378 712 1495 751 non
1533 698 1669 769 quia
1698 700 1882 754 credi-

179 783 300 838 turi
329 783 776 854 prmsciebantur
821 788 876 837 et
906 783 1083 837 futuri
1129 785 1330 853 sancti,
1382 785 1483 840 sed
1515 792 1577 840 ut
1606 787 1746 842 tales
1794 805 1883 842 es-

176 876 312 926 sent
339 887 443 942 per
468 872 806 926 electionem
848 872 1066 943 gratiae.
1101 874 1168 926 In
1203 873 1451 927 secundo
1481 874 1628 929 libro
1678 877 1885 946 probat

176 959 665 1031 perseverantiam
693 959 873 1025 illam,
914 977 1029 1031 qua
1049 960 1109 1014 in
1137 961 1358 1015 Christo
1395 978 1576 1033 usque
1616 962 1675 1018 in
1701 965 1877 1020 tinem

176 1053 593 1117 perseveratur,
637 1065 758 1101 esse
779 1048 993 1102 donum
1042 1049 1141 1102 Dei
1172 1066 1184 1103 :
1218 1050 1372 1120 quod
1404 1051 1636 1121 quidem
1666 1052 1880 1107 donum

176 1136 520 1207 suppliciter
559 1136 803 1190 emereri
854 1143 1057 1207 potest,
1110 1138 1210 1192 sed
1256 1154 1386 1193 cum
1437 1139 1638 1194 datum
1686 1141 1880 1206 fuerit,

175 1224 371 1278 amitti
398 1225 808 1279 contumaciter
830 1241 949 1279 non
1004 1230 1208 1296 potest.
1242 1226 1387 1282 Illud
1421 1243 1539 1282 non
1568 1230 1884 1284 secundum

174 1312 583 1383 accipientium
612 1313 838 1380 merita,
870 1314 968 1368 sed
1019 1314 1142 1367 aliis
1172 1314 1271 1370 Dei
1317 1314 1709 1372 misericordia
1736 1318 1880 1385 dari,

174 1400 310 1455 aliis
332 1402 487 1472 justo
510 1401 631 1472 ejus
649 1400 862 1472 judicio
893 1418 1009 1456 non
1029 1403 1173 1457 dari.
1207 1403 1318 1458 Cur
1349 1420 1417 1457 ex
1445 1405 1762 1476 majoribus
1786 1406 1882 1461 ille

173 1487 373 1557 potius
410 1504 586 1559 quam
616 1488 723 1542 iste
761 1494 1011 1555 vocetur,
1043 1489 1530 1560 quemadmodum
1558 1497 1615 1545 et
1642 1508 1710 1546 ex
1740 1492 1884 1547 duo-

174 1573 285 1626 bus
332 1571 607 1642 parvulis,
663 1588 766 1627 cur
818 1572 922 1626 iste
959 1578 1301 1640 assumatur,
1349 1574 1443 1628 ille
1497 1575 1881 1647 relinquatur,

169 1659 578 1727 inscrutabile;
612 1660 1036 1715 inscrutabilius
1066 1678 1214 1729 vero,
1257 1678 1359 1716 cur
1384 1679 1450 1716 ex
1480 1663 1703 1717 duobus
1747 1664 1877 1734 piis,

170 1748 311 1804 huic
337 1764 703 1820 perseverare
745 1749 1009 1814 donetur,
1069 1766 1186 1803 non
1231 1749 1475 1805 illi;sed
1516 1752 1657 1805 illud
1690 1757 1882 1807 tamen

169 1837 579 1904 certissimum,
613 1838 767 1892 hunc
796 1854 919 1892 esse
966 1854 1030 1891 ex
1078 1838 1520 1909 praedestinatis,
1555 1840 1719 1893 illum
1768 1857 1881 1895 non

170 1942 327 1980 esse.
366 1927 570 1980 Postea
598 1926 807 1981 refellit
850 1926 1006 1997 quod
1048 1926 1357 1980 adversarii
1397 1928 1638 1997 jactant,
1669 1930 1878 1998 praede-

169 2014 500 2068 stinationis
522 2014 918 2070 deﬁnitionem
963 2030 1083 2069 esse
1111 2014 1341 2070 utilitati
1372 2016 1792 2070 exhortationis
1824 2022 1879 2071 et

169 2102 560 2173 correptionis
588 2103 885 2157 adversam
914 2119 928 2157 :
969 2103 1173 2158 asserit
1197 2108 1394 2157 contra
1419 2104 1876 2174 praedestinatio—

171 2206 313 2244 nem
344 2191 567 2246 utiliter
594 2192 917 2263 praedicari,
960 2196 1024 2246 ut
1058 2192 1232 2246 homo
1260 2208 1380 2246 non
1410 2192 1470 2245 in
1500 2208 1559 2246 se
1605 2192 1752 2263 ipso,
1779 2194 1879 2247 sed

170 2280 233 2334 in
269 2279 510 2333 Domino
534 2280 829 2350 glorietur.
860 2279 998 2344 Qum
1026 2280 1099 2334 ab
1125 2279 1237 2334 illis
1279 2284 1476 2334 contra
1504 2282 1877 2351 praedestina-

172 2368 401 2423 tionem
427 2368 809 2438 objectantur,
841 2368 1042 2422 eadem
1069 2369 1159 2423 vel
1201 2374 1398 2423 contra
1428 2368 1529 2423 Dei
1571 2370 1876 2440 prmscicn-

169 2456 339 2523 tiam,
370 2457 458 2511 vel
486 2460 685 2511 contra
730 2457 976 2527 gratiam
1020 2457 1195 2523 illam,
1232 2473 1406 2529 quam
1436 2464 1670 2528 excepto
1710 2459 1876 2512 initio

168 2544 310 2600 lidei
340 2550 399 2599 et
437 2545 877 2615 perseverantiae
923 2544 1293 2619 perfectione,
1337 2546 1711 2600 necessariam
1757 2564 1877 2601 esse

168 2633 565 2701 consentiunt,
592 2650 759 2704 posse
783 2634 1076 2704 objectari.
1118 2634 1687 2689 Prasdestinationem
1720 2636 1875 2689 enim

168 2726 503 2777 sanctorum
532 2723 678 2776 nihil
705 2722 860 2776 aliud
893 2738 1032 2788 esse,
1063 2738 1239 2793 quam
1268 2722 1748 2793 praeparationem
1776 2724 1875 2778 be-

168 2809 515 2865 neficiorum
541 2810 658 2878 Dei,
683 2810 889 2879 quibus
916 2809 1227 2865 certissime
1256 2810 1596 2874 liberantur,
1620 2812 1877 2882 quicum-

168 2916 287 2970 que
318 2898 651 2953 liberantur.
687 2900 895 2953 Verum
922 2898 1484 2969 praedestinationem
1513 2916 1765 2970 congrua
1795 2918 1878 2956 ra-

168 2988 330 3041 tione
376 2987 676 3058 prasdicari
702 2987 887 3057 jubet,
930 3003 992 3041 ac
1021 3003 1136 3040 non
1175 3004 1242 3040 eo
1276 2992 1461 3059 pacto,
1497 2995 1558 3042 ut
1587 2989 1738 3058 apud
1767 2988 1875 3043 im-

168 3076 419 3148 peritam
447 3076 855 3130 multitudinen
887 3075 1150 3146 redargui
1179 3075 1304 3147 ipsa
1339 3077 1754 3147 praedicatione
1793 3080 1873 3132 vi-

168 3168 394 3222 deatur.
471 3168 762 3221 Postremo
818 3165 1289 3220 inlustrissimum
1359 3166 1876 3237 praedestinationis

168 3255 500 3325 exemplum
532 3254 696 3308 nobis
722 3253 975 3324 positum
1007 3253 1078 3307 ob
1116 3254 1313 3308 oculos
1342 3252 1654 3309 Dominum
1682 3256 1875 3309 Jesum

170 3359 372 3397 rursus
402 3343 784 3397 commendat.
828 3342 921 3396 His
967 3342 1289 3412 praesertim
1331 3358 1399 3396 ex
1438 3342 1600 3396 libris
1647 3344 1878 3413 agnosci

166 3430 353 3484 voluit
402 3430 725 3484 Hormisdas
794 3444 963 3500 papa,
1001 3429 1140 3500 quid
1196 3431 1452 3485 Romana
1500 3435 1556 3485 et
1602 3431 1879 3485 catholica

168 3519 422 3575 Ecclesia
462 3520 533 3574 de
574 3520 754 3573 libero
770 3519 1008 3574 arbitrio
1051 3524 1107 3574 et
1147 3521 1331 3591 gratia
1362 3520 1462 3575 Dei
1488 3521 1827 3592 proﬁteatur
1859 3538 1873 3576 :

167 3608 337 3679 cujus
366 3607 705 3662 auctoritate
737 3607 914 3661 libros
943 3608 1174 3662 eosdem
1200 3607 1454 3679 episcopi
1481 3608 1732 3663 Africani
1773 3626 1875 3681 pro

167 3697 286 3752 tida
308 3696 374 3751 in
400 3697 663 3752 Sardinia
691 3696 914 3750 exsules
940 3696 1187 3750 maxime
1217 3697 1631 3753 commendant
1656 3698 1714 3753 in
1754 3698 1873 3769 epi-

165 3786 317 3839 stola
353 3784 637 3855 synodica.
668 3786 786 3838 Prae
815 3784 1083 3852 omnibus,
1116 3784 1669 3856 inquiunt,studium
1684 3789 1874 3855 gerite,

165 3874 336 3928 libros
361 3875 538 3927 sancti
561 3874 884 3940 Augustini,
916 3888 1048 3940 quos
1073 3873 1148 3925 ad
1174 3875 1494 3941 Prosperum
1523 3879 1575 3928 et
1601 3877 1878 3929 Hilarium

163 3963 412 4031 scripsit,
465 3963 770 4014 memoratis
792 3960 1067 4027 fratribus
1122 3961 1368 4028 legendos
1426 3964 1685 4029 ingerere.
1733 3963 1873 4028 Quo-

161 4065 291 4103 rum
309 4052 626 4102 mentionem
651 4048 1113 4101 bcatac‘memoriaz
1142 4048 1434 4102 Hormisda
1476 4049 1631 4103 Sedis
1658 4055 1873 4117 aposto-

164 4140 286 4192 licae
308 4137 573 4203 gloriosus
603 4138 850 4201 antistes,
899 4138 957 4189 in
999 4137 1229 4205 epistola
1279 4152 1442 4204 quam
1488 4138 1787 4191 consulenti
1820 4153 1875 4192 se

161 4231 354 4281 sancto
381 4227 556 4291 fratri
584 4224 1051 4293 consacerdotique
1096 4230 1278 4279 nostro
1324 4227 1637 4280 Posscssori
1683 4228 1873 4280 rescri-

161 4319 300 4387 psit,
342 4332 463 4371 cum
501 4332 695 4382 magno
743 4318 1011 4384 praeconio
1054 4317 1331 4370 catholicae
1382 4316 1561 4370 laudis
1612 4318 1866 4371 inseruit.

159 4406 331 4475 Cujus
345 4407 454 4459 haec
470 4405 636 4458 verba
654 4408 814 4458 sunt:
848 4422 877 4453 α
912 4403 990 4456 De
1015 4404 1248 4458 arbitrio
1275 4408 1456 4458 tamen
1473 4406 1639 4459 libero
1664 4411 1715 4458 et
1738 4422 1872 4473 gra-

168 4497 253 4549 tia
288 4496 385 4548 Dei
412 4495 550 4562 quid
590 4495 850 4553 Romana,
898 4492 993 4546 hoc
1044 4497 1143 4558 est,
1196 4492 1463 4547 catholica
1513 4499 1775 4563 sequatur
1824 4502 1875 4548 et

162 4587 339 4637 seruet
366 4584 624 4641 Ecclesia,
656 4582 777 4636 licet
817 4583 874 4635 in
902 4582 1074 4635 variis
1095 4582 1250 4635 libris
1291 4581 1437 4635 beati
1466 4581 1783 4649 Augustini,
1824 4587 1875 4636 et

166 4674 406 4726 maxime
432 4671 508 4724 ad
517 4672 838 4739 Prosperum
856 4674 906 4723 et
924 4670 1198 4724 Hilarium
1222 4670 1439 4723 abunde
1444 4673 1869 4739 possitagnosci,

166 4766 348 4813 tamen
366 4763 415 4813 et
442 4762 499 4812 in
521 4760 738 4812 scriniis
754 4759 1129 4812 ecclesiasticis
1157 4774 1415 4827 expressa
1444 4760 1687 4826 capitula
1708 4761 1874 4812 conti-

161 4851 363 4901 nentur
384 4866 410 4897 »
444 4846 722 4917 (Append.
757 4848 887 4900 tomi
914 4849 999 4911 10,
1015 4845 1456 4917 episc.Atrican.
1477 4844 1868 4915 epist.,n.l7).

166 4935 284 4989 illis
320 4934 612 5004 Pelagiani
651 4934 860 4989 erroris
889 4934 1151 5005 reliquiis
1177 4950 1296 4990 non
1329 4934 1659 4989 recordatur
1684 4938 1875 5005 Augu-

165 5022 351 5077 stinus
377 5021 438 5075 in
467 5021 613 5076 libro
642 5022 713 5076 de
753 5022 1070 5098 Haeresibus
1099 5038 1113 5077 :
1146 5022 1282 5094 quia
1309 5026 1530 5093 partem
1559 5021 1706 5076 hanc
1736 5037 1872 5092 ope-

169 5111 246 5165 ris
294 5111 367 5166 ad
400 5110 881 5174 Quodvultdeum,
927 5111 1081 5182 quod
1128 5112 1310 5166 altero
1340 5110 1525 5166 adhuc
1553 5111 1699 5165 libro
1741 5128 1874 5166 con-

169 5203 317 5254 stare
348 5198 609 5264 dedebat,
649 5198 771 5267 jam
810 5199 1048 5254 fortasse
1088 5199 1158 5255 ad
1178 5199 1515 5254 umbilicum
1540 5199 1867 5267 adduxerat,

169 5301 303 5339 cum
340 5284 607 5356 Prosperi
645 5290 703 5339 et
731 5285 928 5341 Hilarii
956 5287 1176 5342 litteras
1208 5288 1441 5360 accepit.

242 5378 296 5430 5.
350 5375 492 5430 Cum
531 5374 725 5429 animo
772 5379 1063 5446 reputaret
1111 5377 1537 5441 Quodvultdeus
1582 5377 1872 5449 Carthagi-

172 5463 362 5519 nensis
407 5463 701 5529 diaconus,
760 5469 975 5535 quanta
1021 5465 1207 5535 gratia
1251 5467 1399 5522 Deus
1445 5467 1871 5539 Hipponensem

176 5554 509 5624 Episcopum
536 5560 603 5606 ad
636 5553 777 5607 alios
800 5553 1184 5610 instituendos
1213 5554 1561 5626 donaverat;
1598 5555 1867 5626 interpel-

1642 313 1855 369 LIBER
1911 315 2093 370 OC'I‘A
2106 317 2257 371 \TS.
3594 332 3696 382 2570

1996 442 2114 495 lare
2155 444 2440 510 eumdem,
2483 446 2639 501 senio
2682 447 2810 501 licet
2853 454 2908 503 et
2937 448 3272 506 inﬁrmitate
3319 454 3573 523 corporis
3612 456 3693 508 la-

1988 529 2310 599 borantem,
2367 534 2676 602 constituit,
2735 544 3039 607 rogaturus
3087 544 3151 593 ut
3191 539 3263 594 de
3305 541 3573 597 omnibus
3620 543 3690 596 ab

1992 620 2234 675 Ecclesia
2268 622 2499 677 condita
2536 624 2682 679 natis
2716 626 3027 681 haeresibus
3072 628 3461 684 narrationem
3498 636 3688 697 texat;

1992 707 2089 763 ubi
2123 724 2251 780 quae
2290 711 2404 764 sint
2442 711 2671 766 illarum
2697 714 2988 783 dogmata,
3022 716 3228 785 quibus
3258 717 3627 789 opinionibus
3657 740 3689 776 a

1992 797 2225 852 veritate
2272 798 2633 868 dissentiant,
2687 802 2962 872 quidnam
3005 804 3077 858 ad
3125 804 3279 875 ipsas
3322 808 3691 864 revincendas

1992 886 2283 957 Scriptura
2310 896 2368 942 et
2394 888 2544 942 ratio
2568 895 2859 959 suggerat,
2888 908 3003 963 qua
3032 893 3252 949 ratione
3283 894 3384 965 qui
3412 913 3506 951 eas
3536 898 3692 968 abju-

1990 979 2139 1043 rant,
2182 976 2426 1030 Ecclesia
2467 978 2755 1049 suscipiat,
2797 996 3039 1050 quarum
3078 981 3327 1053 denique
3366 984 3464 1039 illa
3501 986 3689 1056 Bapti-

1991 1078 2180 1116 smum
2222 1064 2489 1120 admittat
2528 1067 2617 1120 vel
2665 1074 2915 1137 respuat,
2969 1070 3038 1127 ab
3095 1071 3295 1126 eodem
3350 1080 3685 1144 exponatur.

1990 1151 2270 1215 Quoniam
2293 1159 2481 1207 autem
2504 1156 2820 1225 Augustino
2840 1158 3033 1212 futura
3052 1164 3175 1213 erat
3194 1158 3464 1215 immensi
3483 1162 3690 1217 laboris

1990 1239 2283 1310 provincia
2320 1242 2611 1297 universas
2644 1244 2888 1299 barreses
2933 1247 3233 1313 refellere;
3268 1250 3421 1320 cogit
3463 1266 3520 1305 se
3554 1269 3689 1306 cou-

1991 1328 2152 1382 tinuo
2204 1329 2353 1383 intra
2405 1330 2692 1387 breviores
2743 1333 2952 1389 limites
3017 1336 3469 1408 Quodvultdeus,
3516 1356 3691 1412 sequo

1989 1421 2320 1472 contentum
2366 1419 2489 1474 fore
2524 1425 2782 1489 testatur,
2819 1424 2987 1478 modo
3021 1425 3119 1479 ille
3144 1442 3249 1495 per
3285 1430 3689 1498 compendium

1989 1506 2243 1573 adnotet,
2283 1508 2603 1578 cujusmodi
2641 1509 2757 1565 sint
2792 1527 2991 1566 earum
3023 1514 3253 1584 placita,
3289 1532 3532 1586 quamve
3580 1519 3687 1572 do-

1988 1594 2230 1650 ctrinam
2260 1597 2535 1652 catholica
2574 1600 2820 1654 Ecclesia
2857 1600 3126 1656 adversus
3164 1603 3392 1658 easdem
3423 1610 3687 1667 tueatur;

1989 1684 2088 1755 qui
2116 1685 2457 1755 ampliorem
2485 1688 2869 1758 cognitionem
2900 1694 3192 1760 cuperent,
3219 1690 3493 1745 mittendo
3519 1691 3587 1744 ad
3622 1691 3689 1743 il-

1987 1772 2071 1825 las
2114 1773 2546 1844 disputationes,
2595 1792 2736 1847 quas
2773 1778 2861 1831 vel
2894 1778 3016 1848 ipse
3047 1778 3142 1831 Vir
3179 1783 3431 1843 sanctus,
3476 1780 3563 1832 vel
3594 1779 3690 1833 alii

1988 1877 2161 1931 super
2212 1862 2417 1916 eodem
2468 1868 2808 1933 argumento
2867 1866 3325 1920 lucubraverant.
3380 1865 3480 1921 Hic
3530 1867 3691 1921 labor

1986 1950 2139 2004 haud
2178 1950 2350 2005 dubie
2392 1956 2616 2022 poterat
2648 1952 2955 2007 utilitatem
2990 1969 3110 2008 non
3157 1954 3524 2019 mediocrem,
3565 1959 3689 2010 tum

1987 2038 2247 2107 rudibus,
2272 2042 2397 2093 tum
2419 2038 2557 2110 ipsis
2580 2038 2751 2094 etiam
2793 2039 3029 2094 eruditis
3060 2040 3298 2095 afferre:
3330 2042 3595 2113 quocirca
3616 2042 3686 2098 il-

1985 2127 2108 2180 lum
2139 2131 2202 2180 ut
2220 2132 2447 2181 sanctus
2486 2129 2694 2182 Doctor
2720 2143 2792 2183 ne
2831 2128 3126 2195 detrectet,
3169 2145 3299 2184 eum
3339 2146 3443 2201 per
3480 2130 3689 2186 Christi

1986 2229 2220 2281 nomen,
2252 2214 2351 2286 qui
2382 2216 2610 2270 doctum
2649 2214 2773 2271 sine
2801 2215 3120 2271 invidentia
3152 2234 3272 2272 esse
3312 2217 3424 2288 ipsi
3461 2234 3687 2273 conces-

1987 2308 2154 2368 serat,
2182 2304 2516 2359 obtestatur.
2554 2304 2676 2358 Non
2709 2304 2988 2359 difﬁtetur
3024 2304 3257 2375 quidem
3286 2305 3689 2377 gravissimum

1986 2407 2130 2465 onus
2173 2391 2470 2462 imponere
2512 2409 2613 2465 se,
2643 2393 2883 2447 meliora
2927 2394 3221 2463 cogitanti,
3267 2399 3325 2449 et
3362 2394 3688 2465 disponenti

1987 2463 2206 2531 majora
2256 2468 2447 2517 sancto
2498 2464 2639 2530 seni,
2680 2470 2736 2519 et
2764 2466 3025 2536 querelas
3062 2466 3318 2537 corporis
3362 2463 3685 2521 sustinenti.

1987 2552 2093 2606 Sed
2118 2568 2198 2605 me
2225 2554 2511 2617 animavit,
2542 2554 2625 2607 ait
2655 2552 2774 2622 ille,
2805 2555 3167 2609 Beatitudinis
3198 2559 3301 2609 tua
3331 2555 3691 2611 benevolentia

1986 2642 2228 2695 omnibus
2272 2641 2648 2710 comprobata:
2698 2658 2863 2712 quam
2901 2643 3031 2698 dum
3070 2644 3364 2709 considero,
3397 2646 3571 2712 magis
3619 2646 3690 2699 ti-

1986 2731 2116 2794 mui,
2148 2745 2213 2783 ne
2249 2745 2356 2783 non
2388 2730 2614 2798 petendo
2652 2732 2935 2799 superbus,
2985 2748 3092 2787 non
3115 2732 3400 2802 querendo
3445 2733 3686 2788 desidio-

1984 2832 2096 2883 sus,
2143 2833 2250 2870 non
2291 2818 2564 2885 pulsando
2601 2821 2761 2887 piger
2798 2835 2833 2872 a
2877 2821 3099 2874 Domino
3137 2820 3423 2889 judicarer
3470 2819 3694 2889 (Epist,

1982 2907 2110 2973 221,
2148 2921 2203 2959 n.
2256 2905 2323 2975 l).
2360 2905 2720 2976 Cogitaverat
2750 2906 3092 2977 jamdudum
3130 2907 3504 2977 Augustinus,
3532 2907 3687 2961 hunc

1984 2992 2146 3048 illum
2183 2993 2438 3047 laborem
2480 2993 2800 3064 suscipere;
2833 3010 2898 3048 ac
2937 3010 3069 3049 eum
3099 2994 3296 3066 utique
3324 2994 3682 3065 suscepisset,

1983 3080 2092 3135 nisi
2129 3097 2411 3152 perpensa
2453 3080 2537 3135 rei
2574 3081 2930 3149 difﬁcultate,
2971 3082 3111 3136 illud
3144 3081 3332 3136 oneris
3372 3082 3518 3137 vires
3556 3100 3687 3138 suas

1984 3169 2154 3239 longe
2194 3184 2464 3239 superare
2504 3172 2650 3223 esset
2688 3168 2990 3223 arbritatus
3027 3168 3377 3237 (Baliares,
3412 3169 3680 3239 praefat).

1984 3256 2189 3309 Nactus
2224 3254 2399 3327 igitur
2435 3254 2926 3326 opportunitatem
2972 3255 3351 3325 Hipponensis
3388 3256 3685 3326 cujusdam

1986 3343 2242 3415 primarii
2271 3344 2425 3410 civis,
2453 3344 2546 3397 cui
2572 3360 2784 3398 nomen
2808 3344 3094 3398 Philocalo
3130 3346 3144 3413 (
3169 3346 3341 3413 Epist.
3375 3348 3498 3409 222,
3530 3360 3585 3398 n.
3618 3345 3682 3412 l),

1984 3432 2283 3487 confestim
2313 3433 2383 3487 ad
2414 3432 2874 3498 Quodvultdeum
2896 3432 3220 3504 epistolam,
3254 3449 3382 3505 quas
3412 3433 3686 3504 temporis

1984 3520 2196 3591 injuria
2237 3522 2459 3593 perdita
2497 3525 2600 3588 est,
2634 3520 2807 3587 misit,
2857 3536 2971 3592 qua
3012 3521 3099 3576 illi
3135 3522 3489 3593 postulatum
3525 3522 3686 3575 nimii

1983 3609 2196 3665 laboris
2225 3626 2289 3664 ac
2316 3610 2534 3681 negotii
2563 3627 2683 3665 esse
2713 3611 2787 3665 ob
2818 3610 3012 3667 oculos
3040 3610 3308 3681 ponebat.
3349 3610 3489 3664 Huic
3513 3609 3682 3664 aliam

1984 3697 2177 3768 paucis
2208 3703 2335 3769 post
2356 3698 2559 3753 diebus
2588 3698 2793 3769 adjecit
2830 3715 2934 3768 per
2969 3713 3134 3752 suum
3162 3697 3471 3769 quemdam
3499 3699 3683 3770 hypo-

1984 3786 2309 3853 diaconum,
2354 3802 2525 3858 quem
2571 3786 2972 3856 Carthaginem
3014 3784 3295 3856 proficisci
3323 3801 3490 3840 causa
3520 3803 3683 3856 qua:-

1981 3875 2137 3946 piam
2179 3874 2463 3945 adigebat.
2514 3874 2675 3928 Hisce
2725 3872 2929 3926 litteris
2989 3873 3274 3927 bzeresum
3321 3873 3605 3943 catalogos
3652 3891 3686 3928 a

1981 3962 2281 4017 Philastrio
2340 3966 2511 4034 atque
2565 3959 2883 4032 Epiphanio
2923 3960 3046 4030 jam
3090 3959 3456 4013 concinnatos
3509 3957 3683 4013 fuisse

1981 4055 2250 4118 testatur;
2284 4066 2529 4121 quarum
2560 4049 2608 4104 si
2642 4048 2926 4103 minorem
2959 4063 3265 4102 numerum
3300 4048 3681 4118 Epiphanius,

1982 4140 2283 4194 Philastrio
2327 4140 2494 4210 longe
2540 4137 2780 4204 doctior,
2827 4136 3216 4201 constitueret,
3271 4135 3328 4189 id
3376 4136 3511 4190 hinc
3535 4136 3678 4201 ﬁeri,

1982 4227 2136 4298 quod
2166 4228 2240 4282 sit
2270 4224 2756 4297 operosissimum,
2799 4224 3076 4295 quidnam
3111 4240 3216 4295 pro
3240 4224 3445 4279 haeresi
3486 4225 3683 4279 haberi

1980 4314 2203 4381 debeat,
2261 4314 2631 4384 pronuntiare
2683 4312 2886 4383 (Ibid.,
2938 4328 2991 4366 η.
3048 4312 3125 4383 2).
3180 4314 3449 4365 Paratum
3492 4327 3550 4364 se
3598 4311 3684 4366 di-

1981 4394 2058 4457 cit
2088 4402 2162 4457 ad
2194 4418 2324 4457 eum
2363 4402 2750 4456 transmittere
2799 4400 3102 4472 Epiphanii
3148 4400 3383 4466 librum,
3430 4416 3679 4472 graecum

1981 4491 2143 4544 illum
2175 4491 2428 4562 quidem,
2465 4490 2561 4544 sed
2590 4505 2762 4560 quem
2792 4489 2967 4543 latine
3002 4488 3103 4560 qui
3128 4489 3411 4554 redderet,
3446 4489 3685 4543 Cartha-

1980 4580 2114 4650 gine
2144 4580 2303 4634 nullo
2324 4577 2552 4650 negotio
2579 4577 2874 4650 reperiret.
2909 4577 3057 4632 Petit
3088 4593 3123 4630 a
3149 4576 3542 4641 Quodvultdeo
3574 4581 3685 4632 Au-

1981 4668 2266 4738 gustinus,
2328 4671 2389 4722 ut
2446 4666 2556 4721 sibi
2607 4667 2678 4721 de
2733 4664 3068 4733 Theodosio,
3128 4665 3312 4736 deque
3363 4665 3686 4721 Manicbwis

1980 4772 2121 4828 quos
2187 4756 2278 4811 hic
2331 4756 2682 4826 prodiderat,
2729 4770 2794 4807 ac
2841 4753 2910 4808 de
2949 4752 3303 4823 profectione
3352 4761 3692 4827 sanctorum,

1981 4845 2379 4916 episcOporum
2418 4843 2644 4898 scribat.
2694 4843 2771 4897 De
2813 4842 3129 4897 Theodosio
3185 4842 3296 4896 isto
3344 4859 3518 4913 supra
3559 4844 3682 4914 egi-

1980 4950 2109 4988 mus
2155 4933 2292 4998 (Lib.
2341 4937 2395 4998 8,
2441 4948 2562 5002 cap.
2595 4936 2649 4999 3,
2679 4949 2735 4986 n.
2787 4932 2865 5001 l):
2897 4930 3053 5002 quod
3089 4947 3224 4985 vero
3266 4931 3336 4987 ad
3384 4930 3679 5003 episcopo-

1980 5038 2109 5076 rum
2153 5020 2277 5083 iter,
2318 5020 2463 5075 illud
2523 5037 2591 5075 eo
2642 5025 2898 5091 spectare
2942 5023 3147 5088 potest,
3206 5019 3361 5091 quod
3411 5019 3678 5090 Alypium

1980 5112 2175 5167 Romen
2206 5125 2357 5165 anno
2394 5107 2960 5181 quadringentesimo
2989 5107 3268 5179 vigesimo
3299 5112 3493 5161 octavo
3524 5120 3677 5159 com-

1980 5203 2267 5254 moratum
2314 5214 2436 5253 esse
2481 5197 2905 5252 observavimus
2939 5196 3151 5267 (Ibid.,
3204 5211 3321 5264 cap.
3373 5196 3426 5258 9,
3472 5208 3529 5246 η.
3582 5193 3678 5262 ί);

1979 5287 2195 5360 quippe
2226 5291 2356 5342 ante
2382 5287 2488 5341 hoc
2518 5290 2745 5357 tempus
2774 5301 2902 5340 eam
2928 5283 3234 5356 Augustini
3262 5280 3558 5352 epistolam
3585 5280 3679 5335 da-

1979 5383 2097 5431 tam
2129 5375 2300 5431 fuisse
2333 5375 2477 5430 nihil
2503 5380 2675 5430 vetat.

2048 5466 2103 5520 4.
2143 5464 2569 5529 Quodvultdeus
2597 5464 2835 5519 alteram
2862 5462 3009 5517 hanc
3037 5461 3107 5515 ad
3135 5454 3519 5529 Augustinum
3549 5455 3678 5529 epi-

1978 5555 2180 5608 stolam
2209 5558 2430 5608 tantum
2461 5556 2768 5622 receperat,
2789 5567 2917 5605 cum
2944 5547 3330 5602 infelicitatem
3361 5562 3522 5599 suam
3553 5545 3680 5600 aliis
