4062 6366
363 291 453 341 571
1574 280 1743 334 VI'I‘A
1803 280 1856 333 S.
1930 278 2312 335 AUGUSTINI
2370 275 2711 333 EPISCOPI.

362 411 565 466 litteris
597 424 729 465 cum
768 407 934 463 beato
978 408 1217 461 Doctorc
1255 407 1600 476 conquestus
1638 407 1742 468 est,
1784 404 1939 475 quod
1988 401 2068 455 vi-

359 500 584 565 delicet,
633 514 708 553 ne
760 512 886 552 rem
936 499 1112 551 tantm
1161 494 1424 549 utilitatis
1480 492 1759 546 universae
1816 489 2071 547 Ecclesia:

361 591 615 646 futuram
655 586 1008 657 impetraret,
1052 599 1155 655 per
1184 599 1286 636 sua
1325 581 1503 652 ipsius
1535 585 1766 652 peccata
1801 579 2068 634 stetisset.

363 677 569 734 Aiebat
591 674 971 730 nihilominus
992 689 1022 727 e
1047 671 1252 728 Christi
1283 669 1669 746 misericordia
1702 674 1760 722 et
1787 668 1867 722 eis
1893 667 2069 721 visce-

363 767 523 822 ribus
548 762 797 836 pietatis,
820 761 1030 834 quibus
1047 759 1117 815 ad
1136 759 1282 814 bene
1313 759 1381 813 de
1412 757 1540 812 aliis
1569 757 1906 812 merendum
1927 772 2073 810 nun-

367 869 541 926 quam
580 855 817 923 paratus
847 865 966 905 non
997 852 1120 902 erat
1158 847 1254 901 Vir
1290 850 1538 914 sanctus,
1577 861 1805 916 sperare
1833 861 1891 898 se
1928 845 2070 907 fore,

363 948 431 998 ut
465 942 825 1009 alimentum,
852 938 1006 1010 quod
1054 937 1160 992 sibi
1206 941 1378 1008 atque
1430 935 1556 989 aliis
1596 934 1939 1006 postulabat,
1973 933 2070 988 ille

366 1048 486 1087 non
511 1033 764 1100 negaret.
800 1027 933 1099 Ejus
956 1026 1196 1097 epistola
1232 1024 1450 1079 cmteris
1486 1024 1785 1095 capitibus,
1827 1038 2069 1094 quorum

364 1120 426 1175 in
456 1134 558 1173 sua
578 1115 929 1172 mentionem
952 1113 1303 1184 Augustinus
1321 1113 1550 1174 fecerat,
1573 1111 1811 1165 minime
1838 1126 2070 1182 respou-

365 1210 494 1264 det:
553 1212 612 1261 at
651 1205 823 1276 hujus
864 1203 949 1259 rei
993 1203 1219 1257 videtur
1263 1202 1384 1255 haec
1427 1217 1550 1255 esse
1588 1217 1776 1267 causa,
1821 1200 1973 1271 quod
2007 1215 2071 1253 ex

368 1294 741 1367 scriptoribus
779 1293 993 1366 placuit
1018 1309 1084 1346 ea
1138 1306 1407 1357 resecare,
1462 1293 1525 1344 ut
1551 1305 1682 1361 quae
1707 1287 2075 1359 pertinebant

366 1386 437 1441 ad
468 1384 680 1440 librum
712 1383 781 1437 de
807 1380 1151 1448 Hmresibus,
1179 1380 1300 1433 sola
1329 1383 1697 1449 ponerentur.
1748 1377 1970 1432 Etenim
2002 1393 2072 1431 ne

362 1473 463 1529 illa
485 1471 721 1544 quidem
742 1468 1200 1534 salutatiuncula,
1230 1482 1404 1539 quam
1426 1465 1487 1520 in
1516 1466 1631 1521 ﬁne
1655 1466 1865 1520 addere
1896 1481 2070 1520 manu

361 1560 601 1633 propria
632 1561 886 1613 solemne
916 1562 1057 1623 erat,
1088 1561 1309 1611 servata
1336 1560 1437 1609 est.
1469 1554 1685 1610 Ibidem
1715 1559 1908 1625 aperte
1938 1570 2069 1624 pro-

362 1651 579 1715 ﬁtetur,
615 1644 988 1703 nihilominus
1017 1645 1067 1699 ei
1097 1662 1157 1709 se
1189 1646 1494 1700 molestum
1528 1649 1643 1698 tam
1676 1643 1772 1698 diu
1806 1643 2069 1697 futurum

364 1752 508 1803 esse,
534 1736 722 1807 quoad
742 1734 1148 1806 sibipostulata
1167 1733 1259 1788 ille
1284 1732 1691 1787 concessisset:
1723 1736 1784 1787 ut
1804 1732 1948 1801 quod
1966 1746 2071 1786 non

369 1831 627 1899 impetrat
644 1827 1015 1898 privilegium,
1042 1824 1140 1878 ubi
1155 1825 1363 1878 nullum
1396 1826 1475 1878 est
1496 1824 1770 1889 meritum,
1792 1822 1980 1877 saltem
1996 1823 2071 1875 in-

367 1917 583 1983 defessa
602 1915 990 1984 importunitas
1008 1918 1279 1967 mereatur
1303 1911 1502 1982 (Epist.
1531 1914 1656 1977 1'23,
1677 1925 1735 1965 n.
1766 1911 1839 1979 3).
1856 1908 2071 1964 Asserit

364 2003 742 2076 Augustinus,
792 2002 863 2056 ab
910 2002 1010 2056 illo
1053 2018 1113 2054 se
1167 1999 1651 2055 crebrescentibus
1700 1997 2069 2071 petitionibus

364 2097 641 2158 coactum,
676 2107 741 2146 ac
773 2092 1144 2145 vehementer
1169 2094 1414 2160 urgente
1443 2088 1542 2142 illo
1571 2088 1680 2141 hoc
1706 2103 1851 2158 opus
1881 2104 2065 2141 susce-

361 2182 537 2254 pisse,
569 2196 675 2235 nec
704 2179 814 2234 sibi
843 2194 1100 2250 unquam
1143 2177 1318 2232 alium
1352 2177 1534 2231 ullum
1564 2180 1862 2246 tantopere
1904 2174 2065 2229 insti-

363 2270 502 2325 tisse
546 2268 854 2341 poscendo.
897 2266 1079 2337 Igitur
1114 2266 1431 2320 cedendum
1478 2265 1710 2319 tandem
1763 2263 2068 2335 aliquando

364 2357 622 2430 putavit;
656 2357 715 2411 in
746 2373 862 2427 quo
893 2354 1062 2410 etiam
1095 2353 1291 2408 divina
1319 2354 1630 2418 voluntate,
1654 2368 1826 2424 quam
1840 2352 2068 2406 nomine

366 2446 492 2515 ipso
535 2445 685 2500 idem
717 2444 994 2499 diaconus
1038 2442 1416 2514 signiﬁcabat,
1461 2445 1677 2495 motum
1710 2456 1769 2495 se
1807 2439 1943 2494 dicit
1976 2439 2070 2509 (De

369 2536 574 2589 Hzres.
594 2575 609 2601 ,
636 2531 884 2602 praefat.)
917 2532 1099 2595 Quare
1129 2547 1260 2585 cum
1293 2532 1434 2584 forte
1465 2531 1691 2583 fortuna
1722 2527 2069 2584 Fussalensis

372 2621 672 2693 presbyter
717 2620 1117 2690 Carthaginem
1174 2624 1319 2675 esset
1379 2620 1763 2691 profecturus,
1821 2617 2068 2688 primam

365 2708 751 2775 Quodvultdei
780 2708 1082 2780 epistolam
1128 2709 1225 2762 Vir
1270 2713 1495 2763 sanctus
1536 2707 1761 2777 relegit,
1808 2707 2067 2760 lucubra-

362 2799 579 2853 tionem
611 2798 756 2852 hanc
780 2798 979 2852 saltem
1012 2797 1260 2852 exordiri
1281 2797 1555 2868 cogitans,
1589 2802 1654 2851 ut
1682 2796 1841 2868 quasi
1880 2795 2067 2868 speci-

360 2887 518 2945 mine
549 2885 883 2942 transmisso
920 2901 1052 2941 eum
1081 2886 1328 2954 doceret,
1363 2902 1537 2957 quam
1558 2886 1788 2941 difﬁcile
1810 2903 1951 2940 onus
1971 2886 2067 2941 ille

363 2970 473 3031 sibi
518 2976 686 3031 vellet
727 2975 1083 3047 impositum.
1132 2974 1308 3047 Atqui
1336 2975 1507 3029 nihil
1543 2975 1777 3030 omnino
1824 2976 2067 3030 scribere

363 3064 554 3134 potuit
583 3064 657 3119 ob
697 3067 1057 3133 emergentes
1081 3063 1504 3134 occupationes,
1526 3080 1655 3134 qua:
1676 3064 1868 3130 etiam,
1887 3068 1953 3118 ut
1979 3080 2066 3119 re-

367 3169 641 3223 sponsum
666 3152 736 3207 ad
763 3151 1055 3206 lulianum
1078 3151 1499 3216 intermitteret,
1524 3151 1582 3205 in
1613 3168 1779 3205 causa
1816 3152 2064 3207 fuerunt.

363 3242 517 3294 Tunc
548 3256 686 3311 ergo
729 3239 873 3293 nihil
916 3238 1072 3294 aliud
1111 3256 1285 3310 quam
1337 3240 1725 3295 Fussalensem
1774 3240 2068 3312 presbyte-

367 3344 520 3393 rum,
578 3328 817 3398 ejusque
863 3342 1091 3381 causam
1146 3328 1539 3392 Quodvultdeo
1608 3327 2063 3394 commendavit;

371 3416 586 3471 addens
613 3414 989 3470 nihilominus
1040 3431 1267 3486 sperare
1297 3432 1355 3469 se
1386 3415 1532 3484 fore,
1564 3420 1627 3470 ut
1657 3431 1785 3470 cum
1815 3415 2066 3487 primum

373 3521 503 3576 quae
533 3521 593 3559 se
627 3502 975 3558 distinebant
1017 3503 1376 3576 expediisset,
1417 3519 1639 3559 necnon
1684 3504 1937 3576 quinque
1966 3506 2068 3559 Ju-

366 3593 693 3648 lianilibris
749 3593 1156 3665 respondisset,
1197 3594 1375 3665 operi,
1407 3595 1560 3665 quod
1610 3594 1706 3648 ille
1745 3595 2066 3665 expetebat,

375 3682 749 3749 incumberet,
779 3698 843 3736 ac
884 3681 1054 3737 simul
1096 3682 1334 3754 reliquis
1372 3683 1742 3737 retractandis
1781 3683 2069 3753 opusculis

375 3771 516 3840 suis,
538 3775 764 3826 noctem
786 3769 912 3836 uni,
960 3770 1123 3826 alteri
1154 3771 1307 3827 diem
1332 3770 1720 3841 impendenda
1754 3787 1768 3825 :
1801 3771 1846 3825 si
1875 3775 2068 3826 tamen

370 3865 486 3914 tres
512 3860 724 3916 Juliani
747 3859 879 3914 libri
895 3859 966 3913 ad
989 3875 1046 3913 se
1068 3860 1227 3930 prius
1247 3859 1403 3913 allati
1440 3876 1556 3914 non
1596 3859 1836 3915 fuissent
1861 3863 2063 3930 (Epist.

364 3951 490 4013 2‘24,
522 3966 579 4016 n,
612 3950 683 4018 l).
716 3949 912 4004 Fidem
941 3965 1104 4003 suam
1141 3949 1374 4004 demum
1422 3949 1768 4003 liberaturus
1797 3950 1905 4004 hoc
1932 3966 2063 4003 ver-

359 4042 513 4093 tente
565 4054 716 4092 anno
761 4036 1329 4108 quadringentesimo
1385 4037 1660 4107 vigesimo
1724 4043 1919 4092 octavo
1977 4039 2062 4091 vel

358 4126 595 4180 ineunte
625 4123 887 4195 sequenti
929 4141 1163 4179 manum
1213 4125 1464 4179 admovit
1509 4124 1707 4197 operi;
1739 4126 1900 4196 cujus
1940 4127 2067 4197 qui-

361 4214 492 4268 dem
522 4212 686 4266 biuas
703 4215 892 4283 partes
912 4212 1097 4266 facere
1120 4212 1442 4281 cogitabat;
1470 4213 1683 4283 primas
1715 4213 1972 4267 videlicet
1998 4215 2067 4269 de

358 4298 673 4357 haeresibus
703 4315 833 4370 quae
883 4304 1012 4371 post
1051 4299 1258 4356 Christi
1302 4300 1617 4355 adventum
1666 4306 1724 4356 et
1771 4318 2065 4356 ascensum

362 4389 630 4446 adversus
654 4388 971 4443 doctrinam
993 4388 1174 4459 ipsius
1205 4390 1580 4446 exstiterunt:
1611 4390 1958 4461 posteriores
1997 4391 2067 4446 de

362 4477 685 4549 quaestione
697 4492 977 4547 perquam
1001 4476 1148 4543 utili,
1165 4476 1375 4532 scilicet
1388 4478 1522 4550 quid
1536 4478 1978 4535 faciathasreticu
1988 4497 2064 4550 m;

361 4570 427 4643 ut
444 4564 720 4620 nimirum
740 4580 911 4621 omne
931 4582 1112 4637 genus
1136 4566 1380 4622 haereses
1396 4567 1511 4622 sive
1534 4573 1698 4623 notas
1715 4569 1832 4624 sive
1846 4569 2069 4640 ignotas

364 4653 670 4721 declinare,
701 4654 886 4727 deque
924 4655 1190 4711 omnibus
1223 4673 1351 4729 quae
1392 4662 1759 4713 nascerentur
1783 4657 1841 4712 in
1870 4663 2068 4730 poste-

361 4757 515 4806 rum,
540 4743 879 4798 sententiam
920 4744 1069 4799 ferre
1108 4743 1169 4799 in
1205 4750 1477 4817 promptu
1517 4748 1663 4801 esset
1701 4745 1795 4808 (De
1830 4748 2064 4813 Heeres.,

361 4831 632 4899 Halat).
664 4830 728 4886 Id
758 4830 981 4886 consilii
1011 4849 1279 4904 magnam
1306 4850 1440 4889 sane
1468 4834 1769 4889 utilitatem
1800 4836 2065 4907 praefere-

358 4919 475 4981 bat,
509 4918 791 4990 siquidem
832 4919 971 4975 illud
1015 4921 1219 4977 adduci
1248 4923 1523 4993 potuisset
1566 4924 1639 4978 ad
1684 4923 1931 4979 exitum:
1967 4925 2064 4981 sed

363 5023 455 5061 res
481 5012 602 5062 erat
638 5007 972 5079 plenissima
1012 5009 1383 5078 difﬁcultatis,
1419 5028 1549 5066 cum
1592 5012 1875 5083 generalis
1908 5014 2067 5068 nulla

358 5098 580 5168 regula,
625 5096 752 5168 quis
797 5096 1154 5151 deﬁniendus
1183 5098 1265 5167 ,sit
1292 5099 1596 5154 haereticus
1645 5101 1941 5156 ostendere
1972 5119 2066 5157 va-

362 5184 499 5252 leat,
533 5200 601 5240 eo
633 5185 785 5258 quod
815 5201 931 5239 non
978 5201 1208 5240 omnem
1257 5202 1509 5241 errorem
1557 5188 1767 5244 habere
1810 5195 2070 5260 oporteat

359 5272 465 5343 pro
491 5273 717 5329 haeresi.
747 5275 794 5329 Α
813 5272 1035 5329 Christo
1056 5290 1220 5346 passo
1251 5274 1318 5330 ad
1345 5291 1505 5329 suam
1530 5291 1710 5348 usque
1729 5279 2065 5334 memoriam

368 5363 661 5435 octoginta
681 5368 806 5420 octo
833 5364 1078 5419 haereses
1096 5362 1157 5417 in
1190 5363 1378 5435 primo
1406 5364 1553 5420 libro
1584 5373 1919 5423 enumerat:
1972 5385 2066 5424 ne-

367 5468 482 5522 que
522 5452 760 5522 proinde
820 5456 1103 5526 quotquot
1145 5469 1206 5507 re
1267 5469 1543 5524 unquam,
1593 5457 1691 5509 aut
1756 5471 1953 5512 earum
1994 5457 2063 5513 de

374 5539 583 5609 quibus
611 5542 889 5611 loquitur,
920 5543 1190 5614 dogmata
1232 5542 1428 5598 omnia
1456 5560 1516 5599 se
1561 5544 1911 5600 recensuisse
1956 5545 2063 5600 sibi

3780 277 3889 325 Ii7‘2

2180 399 2503 471 persuadet,
2537 397 2689 470 quod
2723 412 2994 467 superare
3013 396 3328 450 humanam
3361 398 3521 466 putat
3551 395 3889 450 facultatem

2183 489 2368 561 (lbid.,
2394 492 2618 559 perorat
2647 486 2684 556 ).
2722 487 2859 551 Quin
2880 484 3034 550 dicit,
3058 501 3127 539 ea
3151 483 3512 554 potissimum
3536 500 3603 539 ex
3628 484 3890 555 Epipha-

2181 579 2300 649 nio,
2331 595 2504 650 quem
2527 582 2722 631 tamen
2736 591 2852 629 non
2865 589 3278 645 usquequaque
3305 572 3584 643 sequitur,
3605 571 3887 626 desumit.

2183 667 2323 723 Huic
2356 664 2723 721 Philastrium
2757 679 2991 735 quoque
3017 679 3083 717 ac
3114 661 3421 717 Eusebium
3452 678 3485 714 a
3514 660 3728 716 Ruﬁno
3760 675 3893 714 con-

2180 771 2430 822 versum,
2461 770 2634 825 quem
2667 752 2860 806 dedita
2892 767 3068 822 opera
3095 749 3322 805 videtur
3342 751 3425 804 ’ob
3453 750 3563 804 hoc
3588 750 3787 820 ipsum
3812 749 3904 803 le--

2181 853 2352 923 gisse,
2382 851 2686 923 adjungit;
2722 850 2789 904 iis
2818 852 3098 921 praeterea
3128 847 3396 902 adhibitis
3433 846 3891 918 cognitionibus.

2181 959 2320 1015 quas
2352 958 2455 1013 per
2483 957 2541 993 se
2570 938 2677 994 sibi
2707 940 3156 1009 comparaverat.
3193 938 3484 1015 Postremo
3507 936 3634 989 loco
3665 951 3893 989 memov

2182 1009 2267 1085 rat
2294 1009 2629 1100 Pelagianos
2662 1043 2677 1081 :
2710 1027 2964 1082 nondum
2984 1026 3123 1079 satis
3152 1009 3503 1096 exploratam
3523 1024 3744 1078 habens
3777 1041 3892 1077 no-

2182 1133 2307 1172 vam
2339 1116 2600 1171 haeresim
2668 1114 3157 1170 Nestorianorum.
3195 1112 3426 1168 Librum
3458 1128 3649 1177 suum,
3684 1113 3886 1165 statim

2181 1212 2349 1278 atque
2373 1205 2637 1261 ultimam
2661 1204 2746 1259 illi
2768 1210 3003 1258 manum
3022 1201 3308 1274 apposuit,
3324 1201 3393 1257 ad
3419 1201 3887 1266 Quodvultdeum

2182 1314 2250 1351 eo
2280 1295 2653 1351 deferendum
2678 1292 2915 1359 curavit,
2945 1297 3012 1345 ut
3039 1306 3168 1345 cum
3191 1290 3313 1359 ille,
3332 1296 3455 1344 tum
3476 1289 3575 1344 alii
3600 1290 3704 1359 qui
3724 1304 3889 1341 eum-

2180 1384 2313 1439 dem
2358 1388 2512 1437 essnt
2554 1380 2774 1448 lecturi,
2824 1379 2956 1435 inde
3004 1378 3398 1433 vehementius
3437 1378 3892 1433 accenderentur

2179 1473 2247 1527 ad
2279 1470 2696 1541 implorandum
2731 1487 2760 1523 a
2805 1471 2919 1523 Deo
2963 1468 3206 1540 gratiam
3239 1484 3302 1521 ac
3332 1468 3540 1535 lucem,
3595 1466 3765 1537 queis
3814 1466 3887 1519 ad

2178 1560 2417 1615 alteram
2444 1564 2685 1631 partem,
2723 1558 2885 1628 cujus
2922 1561 3080 1610 tanta
3118 1561 3235 1610 erat
3267 1556 3479 1611 utilitas
3523 1556 3738 1618 futura,
3785 1554 3889 1609 ab-

2179 1648 2507 1703 solvendam
2538 1664 2683 1719 opus
2736 1646 3003 1701 habebat.
3038 1645 3144 1700 Sed
3197 1645 3352 1699 illam
3406 1649 3469 1698 ut
3497 1643 3891 1699 conscriberet

2179 1738 2265 1793 vel
2290 1736 2608 1809 perﬁceret,
2636 1734 2896 1791 divinum
2947 1734 3253 1788 consilium
3293 1749 3408 1788 non
3445 1732 3728 1787 concessit
3762 1747 3779 1786 :
3815 1732 3891 1786 ob

2177 1825 2506 1900 idqueliber
2519 1826 2590 1882 de
2621 1825 2942 1882 Haarcsibus
2972 1841 3004 1879 a
3034 1822 3290 1879 Possidio
3308 1822 3707 1894 imperfectum
3736 1837 3893 1893 Opus

2177 1917 2519 1989 appellatur.

2248 2009 2300 2060 5.
2334 2005 2583 2076 Epistola
2609 2019 2737 2074 quae
2785 2001 3058 2072 inscripta
3107 2004 3212 2067 est,
3260 2001 3464 2070 Alypio
3492 2003 3627 2066 seni,
3667 1999 3744 2054 ad
3774 2000 3892 2053 hoc

2177 2096 2294 2151 fere
2322 2098 2554 2164 tempus
2585 2091 2836 2163 pertinet
2868 2107 2881 2145 :
2916 2089 3022 2143 nisi
3044 2090 3190 2143 forte
3231 2088 3378 2142 alius
3407 2088 3514 2143 iste
3542 2087 3617 2142 sit
3649 2088 3726 2142 ab
3756 2087 3890 2157 epi-

2179 2200 2351 2256 scopo
2379 2180 2731 2253 Tagastensi,
2765 2179 2864 2250 qui
2892 2179 3146 2250 profecto
3175 2178 3247 2232 ad
3266 2176 3574 2248 provincias
3594 2176 3889 2231 Numidia:

2178 2274 2517 2328 decanatum
2562 2286 2660 2324 seu
2692 2267 3008 2340 primatum
3040 2267 3146 2321 hac
3193 2267 3429 2321 demum
3467 2269 3631 2320 aetate
3674 2280 3891 2336 perve-

2178 2361 2350 2426 nisse,
2377 2376 2491 2414 non
2524 2364 2737 2413 temere
2760 2356 3134 2411 existimetur.
3159 2356 3439 2411 Caeterum
3464 2368 3699 2426 quoquo
3728 2369 3889 2408 anno

2179 2446 2590 2504 exaratafuerit
2613 2446 2875 2516 epistola,
2899 2461 3018 2499 rem
3045 2444 3323 2499 memoria
3342 2444 3575 2514 dignam
3600 2443 3716 2497 illic
3744 2444 3889 2514 Aly-

2177 2539 2272 2610 pio
2304 2540 2495 2591 narrat
2522 2534 2870 2605 Augustinus
2898 2533 2957 2588 in
2988 2535 3110 2594 haec
3137 2533 3310 2587 verba
3340 2549 3353 2587 :
3386 2533 3675 2588 Archiater
3715 2535 3889 2587 etiam

2178 2628 2464 2682 Dioscorus
2490 2625 2819 2679 christianus
2846 2622 3020 2691 ﬁdelis
3047 2626 3144 2687 est,
3178 2622 3341 2676 simul
3363 2622 3604 2688 gratiam
3637 2634 3893 2674 consecu-

2180 2720 2301 2780 tus;
2332 2713 2469 2767 audi
2508 2714 2671 2766 etiam
2698 2710 3147 2781 quemadmodum
3176 2725 3188 2764 :
3215 2725 3387 2778 neque
3427 2711 3571 2764 enim
3612 2710 3895 2763 cervicula

2178 2803 2277 2855 illa
2299 2803 2383 2855 vel
2422 2803 2634 2869 lingua,
2674 2802 2786 2855 nisi
2827 2801 3012 2869 aliquo
3055 2799 3307 2869 prodigio
3350 2798 3681 2854 domaretur.
3733 2798 3889 2854 Filia

2177 2892 2295 2959 ejus
2322 2893 2379 2943 in
2409 2906 2517 2959 qua
2544 2891 2708 2943 unica
2742 2887 3130 2958 acquiescebat,
3168 2888 3484 2955 aegrotabat,
3511 2890 3561 2941 et
3596 2901 3769 2956 usque
3811 2888 3893 2940 ad

2180 2984 2345 3033 totam
2374 2982 2800 3047 desperationem
2828 2978 3024 3032 salutis
3055 2976 3386 3046 temporalis,
3418 2975 3596 3030 eodem
3623 2977 3747 3044 ipso
3771 2990 3891 3044 pa—

2179 3072 2261 3122 tre
2284 3068 2647 3132 renuntiante,
2676 3067 2943 3136 per-venit.
2975 3067 3189 3120 Dicitur
3216 3079 3360 3133 ergo,
3392 3068 3445 3118 et
3475 3067 3724 3130 constat;
3762 3079 3893 3117 cum

2176 3157 2315 3211 mihi
2335 3157 2428 3210 hoc
2456 3161 2505 3210 et
2529 3159 2654 3210 ante
2671 3157 2874 3221 fratris
2908 3154 3065 3209 Pauli
3084 3154 3321 3207 reditum
3341 3167 3508 3207 comes
3524 3154 3882 3220 Peregrinus,

2178 3247 2269 3300 vir
2282 3244 2577 3299 laudabilis
2589 3248 2639 3297 et
2655 3244 2781 3297 bene
2798 3244 3151 3311 christianus,
3178 3244 3275 3311 qui
3301 3258 3421 3297 cum
3440 3242 3516 3295 eis
3540 3240 3729 3297 eadem
3750 3246 3890 3297 tem-

2173 3350 2307 3404 pore
2351 3334 2664 3403 baptizatus
2704 3337 2801 3398 est,
2845 3331 3150 3386 indicarit:
3183 3331 3388 3386 dicitur
3426 3344 3551 3397 ergo
3588 3330 3682 3383 ille
3718 3345 3893 3385 senem

2183 3424 2399 3478 tandem
2437 3437 2718 3477 conversus
2766 3421 2842 3475 ad
2877 3420 3281 3490 implorandum
3328 3420 3531 3476 Christi
3566 3420 3892 3473 misericor—

2178 3512 2351 3581 diam,
2381 3516 2500 3565 voto
2538 3526 2592 3565 se
2619 3510 2903 3577 obligasse,
2950 3509 3308 3563 christianum
3335 3510 3473 3575 fore.
3504 3510 3555 3562 si
3583 3508 3739 3562 illam
3770 3510 3890 3562 sal-

2177 3616 2302 3655 vam
2330 3600 2550 3653 videret.
2585 3601 2803 3654 Factum
2824 3602 2921 3652 est.
2954 3597 3030 3651 At
3054 3598 3145 3651 ille
3175 3596 3319 3665 quod
3347 3600 3586 3661 voverat,
3616 3595 3890 3650 dissimu-

2179 3688 2334 3744 labat
2364 3688 2663 3742 emsolvere:
2694 3686 2788 3741 sed
2815 3686 2992 3740 adhuc
3023 3700 3215 3739 manus
3245 3685 3472 3739 excelsa.
3504 3686 3647 3740 Nam
3685 3700 3888 3754 repen-

2178 3780 2295 3831 tina
2332 3777 2567 3831 caecitate
2605 3774 2982 3844 suffunditur;
3028 3776 3324 3844 statimque
3364 3775 3508 3827 venit
3544 3775 3603 3826 in
3649 3778 3891 3828 mentem

2174 3864 2316 3919 unde
2363 3863 2505 3918 illud
2533 3867 2648 3918 est:
2682 3863 3008 3916 exclamavit
3036 3864 3312 3931 conﬁtens,
3345 3866 3512 3929 alque
3549 3862 3750 3915 iterum
3790 3879 3891 3917 vo-

2175 3955 2277 4019 vit,
2311 3969 2364 4007 se
2394 3956 2602 4020 recepto
2650 3951 2851 4004 lumine
2887 3950 3235 4018 impleturum
3281 3964 3391 4003 esse
3445 3947 3591 4017 quod
3633 3952 3886 4002 voverat.

2176 4044 2413 4112 Recepit,
2446 4042 2720 4111 implevit;
2764 4046 2815 4095 et
2843 4040 3022 4094 adhuc
3052 4054 3242 4093 manus
3276 4039 3506 4093 excelsa.
3564 4038 3890 4106 Symbolum

2170 4145 2277 4185 non
2324 4134 2585 4194 tenuerat,
2610 4133 2708 4183 aut
2744 4130 2979 4194 fortasse
3001 4132 3174 4182 tenere
3200 4130 3563 4207 recusaverat,
3608 4131 3659 4178 et
3688 4141 3745 4179 se
3775 4142 3889 4180 non

2169 4221 2413 4289 potuisse
2440 4222 2792 4273 excusaverat
2820 4236 2837 4272 :
2868 4220 3008 4272 Deus
3035 4215 3269 4270 viderat.
3292 4218 3414 4271 Jam
3443 4220 3557 4269 tum
3585 4219 3708 4284 post
3733 4216 3887 4280 festa

2177 4309 2360 4362 omnia
2388 4308 2708 4375 receptionis
2737 4321 2866 4371 suae,
2925 4308 2983 4359 in
3005 4306 3312 4375 paralysim
3343 4306 3573 4359 solvitur
3598 4304 3790 4357 multis
3822 4319 3887 4357 ac

2170 4410 2306 4465 pene
2329 4395 2572 4448 omnibus
2611 4394 2881 4461 membris,
2923 4398 2973 4448 et
3012 4394 3175 4447 etiam
3218 4393 3428 4461 lingua.
3478 4394 3622 4446 Tunc
3669 4394 3886 4446 somnio

2176 4484 2486 4537 admonitus
2510 4486 2791 4551 conﬁtetur
2817 4498 2915 4552 per
2934 4484 3287 4552 scripturam,
3320 4482 3385 4536 ob
3417 4480 3512 4535 hoc
3539 4480 3648 4535 sibi
3670 4479 3890 4534 dictum

2176 4587 2285 4627 esse
2314 4572 2596 4639 accidisse,
2617 4572 2764 4641 quod
2781 4571 3081 4641 symbolum
3100 4586 3204 4625 non
3227 4570 3551 4624 reddiderit.
3581 4571 3704 4624 Post
3725 4569 3890 4623 illam

2175 4663 2558 4727 confessionem
2605 4660 2911 4714 redduntur
2960 4662 3147 4729 ofﬁcia
3205 4661 3443 4713 omnium
3498 4658 3888 4725 membrorum,

2173 4751 2285 4804 nisi
2305 4748 2504 4817 lingua:
2532 4742 2736 4804 solius:
2767 4764 2823 4803 se
2866 4753 3043 4803 tamen
3078 4748 3336 4802 didicisse
3362 4747 3678 4815 symbolum.
3724 4745 3891 4801 ideo-

2176 4854 2278 4909 que
2304 4840 2561 4893 memoria
2569 4839 2691 4907 jam
2706 4842 2897 4899 tenere,
2928 4838 3285 4891 nihilominus
3316 4838 3375 4889 in
3391 4835 3577 4889 eadem
3588 4836 3894 4890 tentatione

2176 4928 2374 4981 litteris
2397 4928 2582 4992 fassus
2611 4931 2690 4981 est
2719 4942 2734 4979 :
2761 4927 2943 4994 sicque
2966 4926 3139 4979 omnis
3167 4929 3245 4979 est
3281 4924 3350 4977 ab
3395 4939 3453 4978 eo
3480 4922 3655 4977 deleta
3702 4936 3892 4989 nuga-

2175 5017 2346 5082 citas;
2382 5030 2520 5085 quw,
2542 5018 2603 5069 ut
2627 5015 2752 5080 scis,
2774 5014 3001 5068 multum
3023 5013 3362 5067 decolorabat
3376 5011 3683 5065 naturalem
3697 5025 3894 5079 quam-

2176 5104 2304 5158 dam
2329 5104 2447 5172 ejus
2475 5103 2878 5172 benignitatem,
2911 5117 3134 5171 eumque
3163 5103 3514 5156 insultantem
3546 5100 3893 5156 Christianis

2172 5192 2413 5259 faciebat
2440 5192 2598 5247 valde
2615 5192 2937 5258 sacrilegum
2965 5193 3163 5260 (Epist.
3193 5181 3342 5258 227).

2838 5280 3069 5335 CAPUT
3118 5279 3209 5336 XI.

2182 5372 2198 5424 t
2229 5370 2546 5436 Bonifacius
2559 5383 2679 5423 cum
2698 5367 2948 5423 Placidia
2976 5369 3036 5421 in
3059 5368 3299 5434 gratiam
3327 5366 3472 5421 redit
3483 5363 3701 5435 ςῗὶάίιιιε,
3734 5381 3893 5436 ρνε-

2247 5465 2328 5515 ter
2356 5461 2515 5527 alios,
2566 5462 2776 5525 agente,
2824 5463 2886 5513 ut
2923 5458 3217 5522 videbr'tur,
3268 5459 3434 5512 Dario
3457 5458 3646 5510 comite
3677 5473 3691 5523 ;
3725 5456 3894 5526 cujus

2252 5548 2555 5601 amicitiam
2588 5548 2824 5615 quaeriat
2851 5548 3213 5615 Augustinus.
3262 5548 3296 5597 2
3321 5547 3513 5600 Victus
3539 5560 3574 5598 a
3607 5544 3891 5599 Vandalis
