4062 6354
131 344 194 393 ἒὶἷ
213 348 247 395 il

208 463 528 530 Bonifacius
559 463 1123 532 Hipponem-Regium
1157 478 1212 518 se
1241 464 1461 537 recipit:
1494 480 1550 519 eo
1610 466 1848 519 Vandali

208 551 290 605 ad
313 566 431 605 eum
459 550 811 604 obsidendum
844 551 1162 605 admovent:
1196 554 1400 606 interea
1439 552 1619 608 morbo
1673 556 1847 608 corri-

202 643 368 710 pitur
388 639 750 707 Augustinus.
786 644 815 693 3
838 640 1112 696 Sanitates
1143 640 1409 696 divinitus
1433 644 1595 709 factae
1622 642 1697 696 ad
1724 643 1848 697 Au-

207 728 425 796 gustini
444 742 630 796 preces
656 742 669 779 :
697 729 878 781 animo
920 732 1025 782 toto
1053 743 1108 782 se
1144 730 1396 798 lacrymis
1442 734 1493 784 et
1509 717 1849 800 “paenitentiae

209 815 389 885 dedit,
426 821 487 870 ut
514 816 588 869 ad
607 817 813 869 exitum
841 832 896 869 se
922 822 1226 886 comparet:
1258 821 1522 899 moritur;
1564 835 1627 873 ac
1671 820 1846 874 oblato

202 920 312 974 pro
324 904 745 959 commendanda
756 908 873 972 ejus
896 905 1226 974 depositione
1253 906 1541 978 sacriﬁcio,
1564 908 1841 977 sepelitur.

210 995 248 1048 4
280 1004 479 1049 Annus
508 993 683 1047 obitus
716 996 1049 1060 Augustini:
1082 995 1177 1050 hoc
1204 996 1321 1064 ipso
1351 1011 1492 1050 anno
1517 995 1591 1049 ad
1618 997 1844 1065 Ephesi-

210 1097 344 1136 nam
395 1081 661 1152 synodum
718 1097 752 1135 a
796 1082 1085 1136 Theodosio
1136 1084 1447 1138 vocabatur.
1498 1087 1528 1137 5
1579 1085 1847 1153 Hippone-

213 1172 383 1239 Regio
412 1171 541 1225 urbe
584 1170 868 1238 aliquanto
905 1177 1030 1241 post
1058 1176 1291 1241 tempore
1331 1171 1577 1227 incendio
1605 1176 1842 1236 uastata,

212 1264 603 1314 conservantur
628 1260 979 1314 nihilominus
1001 1260 1200 1314 ibidem
1226 1263 1401 1330 ipsius
1429 1263 1673 1331 scripta:
1707 1276 1845 1331 quo-

213 1363 339 1401 rum
379 1347 679 1401 indiculum
722 1348 998 1402 Possidius
1059 1351 1190 1404 Vim
1225 1349 1462 1418 ejusdem
1486 1366 1519 1402 a
1561 1365 1616 1403 se
1652 1349 1845 1402 litteris

212 1435 595 1489 commendata
623 1435 906 1505 adjuuwit.
951 1436 1095 1506 (Vid.
1129 1442 1270 1491 tom.
1299 1438 1399 1491 ult.
1445 1438 1615 1509 hujus
1657 1436 1838 1508 edit.).

220 1527 274 1578 l.
324 1523 620 1594 Superiori
648 1538 799 1578 anno
855 1524 1209 1579 Bonifacium
1257 1524 1547 1592 comitem,
1600 1526 1842 1580 fortunae

134 1612 475 1683 temporalis
505 1612 795 1671 servandas
822 1628 1008 1680 causa,
1043 1613 1372 1669 societatem
1400 1630 1531 1668 cum
1580 1613 1844 1668 Vandalis

132 1699 340 1756 iniisse
389 1699 671 1755 vidimus:
712 1705 962 1755 attamen
991 1702 1137 1755 Deus
1158 1701 1294 1756 satis
1326 1702 1547 1771 habuit,
1588 1701 1843 1757 decretas
1874 1704 1877 1705 ⁷

131 1806 342 1861 poenas
366 1790 434 1845 ah
462 1790 651 1846 Africa
698 1808 803 1862 per
827 1791 1087 1862 iniquam
1117 1792 1353 1861 hujusce
1382 1792 1607 1847 comitis
1641 1793 1841 1846 volun-

134 1884 318 1933 tatem
348 1879 600 1951 exegisse
625 1895 640 1933 :
673 1895 808 1934 usus
848 1880 1003 1934 enim
1034 1885 1118 1934 est
1145 1879 1413 1935 adversus
1442 1897 1575 1935 eum
1604 1880 1844 1935 clemen-

130 1966 240 2033 tia,
269 1966 439 2039 eique
466 1967 714 2022 admissa
735 1983 834 2022 sua
866 1972 1172 2038 utcumque
1193 1967 1497 2038 reparandi
1517 1968 1844 2022 facultatem

133 2054 318 2121 dedit,
377 2055 565 2124 ipsum
621 2071 751 2109 cum
802 2055 1049 2110 Placidia
1094 2056 1486 2110 reconcilians.
1536 2055 1844 2126 Procopius

134 2142 419 2198 Bonifacii
448 2142 697 2198 reditum
734 2142 794 2197 in
824 2143 1065 2213 gratiam
1096 2147 1387 2214 acceptum
1420 2143 1592 2198 refert
1619 2160 1841 2209 eorum,

131 2247 286 2303 quos
313 2231 466 2286 idem
497 2231 558 2285 in
591 2231 737 2287 Urbe
758 2231 1021 2297 habebat,
1055 2231 1369 2285 amicorum
1397 2231 1620 2286 ofﬁciis.
1662 2231 1843 2285 Placi-

134 2319 235 2374 dia
268 2319 423 2375 Darii
446 2319 668 2374 comitis
702 2320 936 2375 forsitan
962 2326 1134 2391 opera
1159 2319 1218 2373 in
1249 2320 1419 2374 hocce
1468 2320 1697 2391 negotio
1743 2336 1845 2373 usa

134 2412 243 2462 est.
284 2410 334 2463 ls
377 2424 626 2481 namque
663 2413 796 2480 post
825 2408 1045 2463 editum
1074 2425 1225 2463 anno
1274 2408 1842 2480 quadringentesimo

134 2497 417 2567 vigesimo
446 2498 634 2569 primo
687 2497 1055 2553 Enchiridion
1089 2498 1157 2552 de
1190 2498 1345 2563 Fide,
1397 2498 1527 2570 Spe,
1560 2502 1617 2552 et
1646 2497 1838 2552 Chari-

134 2592 282 2655 tate,
311 2591 478 2658 atque
509 2587 710 2641 ultima
740 2586 1045 2657 Augustini
1075 2592 1238 2640 aetate
1275 2586 1428 2640 venit
1480 2586 1540 2640 in
1596 2586 1840 2641 Africam

136 2677 337 2745 (Epist.
370 2673 499 2745 23l,
529 2692 585 2731 η.
619 2679 649 2729 7
674 2694 692 2742 ;
716 2678 893 2745 Epist.
916 2678 1041 2743 229,
1082 2692 1138 2729 n.
1175 2676 1256 2743 l);
1292 2681 1348 2729 et
1377 2691 1444 2730 eo
1478 2675 1681 2729 missus
1722 2681 1843 2730 erat

134 2763 208 2817 ad
242 2762 656 2818 consiliandam
687 2780 906 2834 pacem,
951 2763 1021 2819 ad
1055 2764 1271 2818 bellum
1310 2779 1444 2818 voce
1498 2777 1841 2833 componen-

131 2852 301 2919 dum,
323 2867 386 2905 ac
415 2867 834 2922 necujusqnam
866 2851 1097 2923 sanguis
1127 2856 1517 2923 quaereretur:
1548 2868 1663 2922 qua
1693 2849 1748 2903 in
1781 2866 1842 2904 re

132 2940 304 2993 illum
334 2939 532 2993 asserit
556 2939 911 3011 Augustinus
932 2939 1112 3010 gloria
1132 2939 1487 3010 superiorem
1510 2956 1631 2993 esse
1660 2939 1843 2993 fortis-

134 3026 302 3082 simis
353 3032 409 3081 et
435 3027 780 3082 ﬁdelissimis
804 3027 1195 3094 bellatoribus,
1245 3026 1346 3098 qui
1390 3028 1505 3081 Deo
1542 3026 1658 3080 suis
1688 3027 1839 3098 ipso-

136 3132 269 3170 rum
302 3115 475 3170 armis
506 3116 843 3187 opitulante,
891 3117 1189 3186 fregerunt
1215 3115 1437 3169 hostem
1469 3114 1838 3180 indomitum,

136 3220 203 3258 ac
279 3204 607 3276 reipublicae
673 3202 1098 3275 provinciisque
1160 3203 1413 3275 quietem
1493 3206 1843 3274 pepererunt

140 3295 340 3364 (Epist.
374 3295 497 3359 229,
540 3309 577 3346 n
602 3292 679 3363 2).
712 3292 1065 3347 Bonifacium
1095 3297 1247 3347 certe
1294 3308 1426 3346 cum
1465 3292 1710 3362 Imperio
1756 3308 1843 3344 re-

136 3379 509 3436 conciliatum
540 3397 661 3436 esse
689 3385 931 3450 constat,
962 3397 1077 3435 non
1104 3397 1167 3435 ex
1199 3380 1476 3451 Procopio
1506 3380 1712 3442 solum,
1747 3396 1841 3434 ve-

137 3484 272 3522 rum
300 3468 471 3522 etiam
493 3484 561 3521 ex
582 3467 856 3534 Possidio,
877 3466 1146 3538 aquoille
1168 3485 1199 3521 a
1220 3466 1502 3535 Vandalis,
1526 3482 1677 3520 anno
1702 3466 1845 3520 vide-

135 3556 274 3611 licet
286 3556 852 3628 quadringentesimo
872 3555 1186 3628 trigesimo,
1207 3555 1353 3609 intra
1378 3554 1843 3626 Hipponis-Regii

138 3659 338 3698 muros
366 3644 629 3698 obsessus
646 3644 853 3698 dicitur
872 3644 1086 3714 (Possid
1115 3686 1128 3711 ,
1152 3646 1211 3698 in
1238 3646 1368 3699 Vita
1385 3645 1644 3713 August,
1671 3661 1717 3698 c.
1732 3643 1839 3711 28).

138 3733 337 3805 Neque
368 3732 540 3787 etiam
569 3731 808 3787 dubium
854 3736 959 3795 est,
1000 3731 1216 3786 bellum
1244 3748 1277 3785 a
1319 3731 1508 3794 Dario,
1540 3731 1628 3785 sin
1652 3730 1844 3785 minus

134 3821 503 3888 exstinctum,
536 3821 736 3875 saltem
758 3819 998 3875 dilatum
1020 3820 1213 3886 fuisse,
1242 3836 1304 3873 ac
1336 3820 1507 3889 mala,
1540 3836 1670 3891 quae
1705 3825 1840 3874 tunc

136 3909 209 3963 ad
242 3909 630 3963 calamitatum
662 3907 959 3961 cumulum
988 3908 1355 3976 devenerant,
1404 3907 1591 3977 sopita
1640 3909 1838 3978 (Epist.

133 4000 267 4062 230,
300 4013 354 4050 η.
382 3998 452 4061 3).
476 3996 559 4049 Ab
576 4011 722 4049 anno
760 3999 950 4049 autem
976 3994 1543 4066 quadringentesimo
1568 3995 1842 4066 vigesimo

132 4085 330 4155 primo
391 4084 549 4137 nulla
606 4084 822 4137 occasio
861 4076 1023 4137 nobis
1063 4081 1327 4151 occurrit,
1388 4082 1444 4136 in
1476 4099 1649 4155 quam
1701 4083 1843 4138 illud

133 4178 315 4245 queat
344 4179 476 4243 apte
508 4172 810 4243 quadrare,
865 4171 975 4225 nisi
1026 4171 1279 4225 dicamus
1309 4171 1523 4226 huncce
1553 4172 1839 4240 comitem,

136 4264 278 4316 dum
300 4259 505 4332 agebat
525 4276 654 4313 cum
682 4259 988 4327 Bonifacio,
1009 4259 1180 4313 simul
1212 4259 1385 4314 etiam
1416 4276 1544 4314 cum
1579 4260 1842 4315 Vandalis

137 4349 341 4421 egisse,
388 4365 611 4403 necnon
657 4364 789 4404 cuin
843 4348 925 4402 eis
976 4349 1174 4404 fecisse
1220 4348 1519 4403 inducias:
1551 4350 1656 4404 hac
1687 4350 1841 4404 enim

138 4438 275 4493 belli
306 4437 578 4493 dilatione
604 4438 751 4493 nihil
780 4437 937 4492 aliud
972 4436 1200 4492 videtur
1246 4437 1574 4508 signiﬁcari.
1609 4439 1843 4509 Accepit

139 4527 344 4581 Darius
371 4526 525 4599 pacis
553 4526 808 4581 obsidem
839 4525 1149 4597 quemdam
1197 4525 1586 4593 Verimodum,
1633 4526 1839 4597 patria,

138 4621 421 4688 quantum
477 4616 805 4686 conjectura
862 4614 995 4669 licet
1044 4614 1292 4686 assequi,
1350 4614 1694 4682 Romanum,
1745 4618 1842 4669 aut

136 4705 338 4759 saltem
359 4703 635 4759 afﬁnitate
669 4721 797 4759 cum
828 4702 1114 4758 Bonifacio
1151 4704 1412 4775 junctum
1438 4717 1449 4757 :
1475 4703 1839 4775 quandoqui-

138 4794 271 4847 dem
301 4794 371 4848 ab
401 4793 721 4864 Augustino
752 4793 1052 4859 salutatur,
1085 4808 1256 4863 quem
1287 4796 1345 4845 et
1373 4791 1469 4845 ille
1518 4796 1718 4845 mutuo
1750 4808 1839 4845 re-

139 4884 368 4948 salutat,
387 4882 651 4954 quodque
666 4881 756 4937 sui
787 4880 1166 4950 meminisset,
1191 4879 1483 4952 impendio
1505 4879 1752 4950 gaudere
1781 4896 1840 4933 se

137 4971 472 5027 testiﬁcatur
496 4971 659 5041 (Ibid.
692 4976 741 5025 et
771 4972 955 5040 Epist.
990 4972 1118 5039 229,
1150 4985 1207 5023 n.
1246 4972 1280 5023 2
1302 4970 1501 5039 ;Epist.
1523 4970 1649 5037 23l,
1678 4984 1736 5022 n.
1756 4968 1835 5038 7).

140 5060 343 5115 Darius
368 5060 740 5134 christianam
773 5058 1114 5130 religionem
1135 5057 1243 5112 sibi
1263 5074 1295 5112 a
1314 5056 1625 5128 majoribus
1654 5062 1838 5111 trans-

136 5148 373 5204 missam
411 5148 829 5219 proﬁtebatur;
863 5164 967 5201 nec
1014 5153 1209 5203 tamen
1239 5165 1272 5202 a
1309 5164 1453 5202 vana
1478 5148 1840 5219 Paganorum

136 5237 536 5308 superstitione
585 5235 719 5291 satis
747 5237 1123 5291 abhorrebat:
1158 5236 1254 5291 sed
1288 5237 1430 5291 lecto
1463 5236 1699 5291 demum
1726 5238 1840 5290 Au-

140 5326 392 5396 gustino,
424 5325 667 5397 gentiles
688 5324 852 5393 ritus,
878 5329 940 5378 ut
955 5341 1249 5396 nunquam
1277 5325 1432 5393 alias,
1456 5325 1681 5381 abunde
1705 5324 1840 5379 aﬁ'a-

139 5413 354 5488 timque
386 5413 732 5485 contempsit
764 5414 962 5484 (Epist.
993 5414 1117 5481 230,
1156 5429 1209 5469 n.
1243 5415 1319 5484 4).
1352 5414 1513 5480 Ὀυἱῑι
1554 5413 1725 5468 etiam
1766 5412 1836 5468 ad

139 5517 269 5559 eum
299 5502 527 5575 pietatis
568 5502 811 5573 gradum
862 5500 1142 5572 pervenit,
1179 5506 1244 5556 ut
1269 5506 1495 5557 sanctus
1524 5501 1738 5557 Praesul
1768 5501 1837 5557 de

142 5591 337 5645 eodem
361 5592 582 5645 locutus
603 5589 940 5660 reperiatur,
969 5593 1241 5659 tanquam
1270 5589 1338 5643 de
1359 5590 1836 5661 magnoquodam

1769 340 1981 397 LIBER
2037 340 2383 397 OCTAVUS.

3548 348 3609 400 57
3619 347 3651 400 -ἱ

1958 463 2096 531 viro,
2130 482 2163 517 a
2188 480 2302 535 quo
2332 464 2547 518 laudari
2569 482 2627 519 se
2657 465 2784 520 ideo
2815 466 3119 536 gaudebat,
3152 467 3305 539 quod
3338 468 3381 522 si
3414 476 3649 540 propter

1956 552 2245 607 Christum
2273 552 2534 623 diligeret
2558 569 2746 608 servos
2777 555 2899 625 ejus
2924 569 2938 621 ;
2970 570 3193 609 necnon
3222 555 3307 609 vir
3358 556 3562 623 bonus,
3596 562 3651 610 et

1954 656 2071 695 non
2123 642 2181 695 in
2240 641 2559 712 superﬁcie,
2614 642 2711 697 sed
2742 643 2801 696 in
2832 642 3139 698 christiana
3191 643 3461 698 charitate
3507 650 3652 699 esset

1955 729 2296 784 christianus
2312 730 2514 801 (Epist.
2538 734 2663 798 23l,
2691 748 2783 785 nu.
2804 735 2857 797 2,
2872 732 2943 799 6).
2963 732 3321 804 Quapropter
3338 731 3647 788 amicitiam
3692 736 3695 741 '

1955 820 2076 889 ejus
2114 818 2223 873 sibi
2253 835 2585 890 comparare
2637 823 2862 873 sanctus
2895 820 2993 874 Vir
3043 820 3239 890 magni
3267 820 3523 892 putabat.
3560 822 3650 877 Illi

1953 907 2023 961 de
2055 923 2191 978 pace
2221 906 2337 961 sive
2375 905 2640 972 induciis,
2674 924 2814 979 quas
2860 907 3090 974 fecerat,
3132 909 3482 979 gratulatum
3512 909 3648 964 scri-

1952 994 2066 1066 psit
2097 993 2297 1064 (Epist.
2322 994 2468 1066 229),
2495 996 2846 1065 voluptatem
2879 996 3128 1049 fortassis
3157 996 3230 1051 ob
3258 996 3318 1050 id
3341 996 3649 1052 maximam

1958 1099 2070 1154 prae
2101 1098 2162 1137 se
2182 1081 2391 1150 ferens,
2417 1083 2574 1153 quod
2589 1082 2872 1137 resamico
2903 1099 3006 1137 suo
3042 1084 3326 1138 Bonifacio
3355 1084 3651 1155 obtigisset

1951 1171 2123 1241 longe
2154 1170 2495 1240 gratissima.
2530 1172 2608 1225 De
2639 1171 2799 1225 libris
2828 1176 3017 1226 autem
3049 1172 3185 1241 suis,
3216 1172 3344 1226 illos
3374 1172 3510 1226 dicit
3540 1173 3649 1227 for-

1953 1260 2097 1313 sitan
2147 1259 2255 1331 ipsi
2284 1276 2398 1313 non
2452 1259 2829 1330 displicuisse,
2860 1261 3175 1315 dummodo
3224 1261 3336 1315 illis
3383 1262 3648 1327 evolven-

1951 1347 2037 1402 dis
2092 1348 2221 1418 plus
2289 1347 2579 1403 charitatis
2635 1348 3003 1415 adhibuisset,
3062 1365 3235 1420 quam
3314 1350 3643 1404 severitatis.

1952 1436 2035 1490 Ad
2056 1441 2374 1490 extremum
2393 1440 2458 1491 ut
2485 1452 2543 1489 se
2565 1453 2668 1490 sua
2697 1436 2894 1508 aliqua
2922 1437 3163 1507 epistola
3192 1437 3462 1509 dignetur
3488 1439 3646 1511 petit.

1954 1524 2152 1578 Darius
2181 1524 2334 1579 illius
2361 1523 2642 1578 voluntati
2680 1541 2898 1579 morem
2940 1526 3148 1596 gessit:
3196 1544 3259 1580 ac
3302 1528 3648 1582 benevolen-

1950 1613 2089 1667 tiam
2120 1611 2269 1684 erga'
2290 1613 2474 1667 virum
2501 1618 2758 1667 sanctum
2792 1630 2855 1668 ac
2883 1614 3307 1669 venerationem
3335 1617 3502 1686 plane
3532 1615 3648 1670 δίη-

1950 1700 2209 1769 gularem
2236 1698 2439 1754 litteris
2467 1698 2834 1770 amplissimis
2862 1703 3099 1752 testatus
3139 1704 3223 1753 est
3258 1696 3452 1770 (Epist.
3504 1702 3644 1768 230).

1952 1788 2037 1841 lbi
2064 1804 2193 1859 quae
2223 1788 2293 1842 ad
2324 1803 2522 1859 pacem
2553 1788 2965 1842 conciliandam
2997 1792 3268 1858 gesserat,
3301 1788 3384 1842 illi
3428 1789 3649 1860 signiﬁ-

1950 1879 2059 1943 cat,
2091 1875 2307 1930 addens
2336 1890 2562 1946 sperare
2593 1892 2673 1938 se,
2704 1879 2964 1929 votorum
3002 1876 3260 1945 ejusdem
3305 1881 3477 1948 atque
3519 1893 3647 1930 ora-

1951 1964 2169 2018 tionum
2200 1962 2466 2035 praesidio
2494 1964 2638 2032 fore,
2668 1968 2734 2017 ut
2775 1963 2994 2017 bellum
3020 1963 3174 2034 quod
3209 1963 3330 2035 ipse
3375 1964 3651 2019 duntaxat
3688 1996 3693 1999 η

1952 2052 2281 2119 distulisset,
2321 2050 2551 2122 penitus
2615 2051 2931 2106 tolleretur.
2987 2052 3063 2105 De
3120 2051 3359 2107 historia
3403 2053 3650 2125 Abagari

1951 2141 2298 2195 mentionem
2316 2140 2474 2206 facit;
2499 2144 2558 2195 et
2598 2144 2854 2194 sanctum
2873 2139 3197 2194 Antistitem
3228 2140 3562 2207 obtestatur,
3586 2145 3650 2195 ut

1952 2228 2021 2282 ad
2052 2245 2110 2282 se
2137 2228 2364 2295 scribat,
2388 2226 2674 2299 librosque
2695 2227 3127 2283 Confessionum
3155 2229 3645 2283 unatransmittat.

1952 2317 2077 2386 Ipse
2126 2332 2261 2370 vero
2312 2331 2417 2386 per
2470 2317 2743 2371 Lazarum
2795 2316 3190 2388 presbyterum
3232 2316 3543 2372 deferenda
3579 2317 3648 2372 ad

1952 2420 2083 2458 eum
2114 2404 2330 2458 curavit
2356 2404 2619 2475 quaedam
2653 2400 3087 2470 medicamenta,
3115 2421 3244 2476 quae
3276 2405 3532 2477 ejusdem
3562 2423 3652 2460 va-

1950 2492 2264 2547 letudinem
2286 2493 2470 2547 levare
2506 2509 2670 2563 posse
2703 2492 2957 2548 medicus
2979 2493 3329 2549 afﬁrmaret:
3362 2494 3449 2549 his
3479 2510 3649 2566 pecu-

1950 2580 2107 2635 niam
2148 2597 2379 2653 quoque
2410 2580 2680 2651 adjecisse
2711 2581 2936 2636 videtur
2963 2623 2980 2652 ,
3009 2582 3079 2636 ad
3112 2582 3455 2637 coemendos
3496 2582 3653 2637 illius

1952 2669 2311 2725 bibliothecas
2351 2669 2561 2736 libros;
2595 2669 2819 2723 tametsi
2850 2671 2959 2725 hoc
3010 2669 3238 2725 silentio
3290 2671 3650 2743 praeterierit.

1953 2757 2187 2813 Comitis
2216 2758 2360 2812 dona
2416 2762 2472 2811 et
2509 2756 2725 2813 laudes'
2758 2763 2919 2829 grato
2960 2758 3151 2813 animo
3181 2759 3278 2812 Vir
3305 2764 3531 2814 sanctus
3559 2775 3650 2813 ac-

1950 2846 2102 2918 cepit
2125 2863 2138 2913 ;
2171 2845 2306 2918 quia
2334 2846 2544 2900 bonam
2566 2845 2754 2900 dantis
2782 2850 2837 2901 et
2859 2846 3145 2901 laudantis
3172 2851 3422 2901 mentem
3453 2864 3652 2919 argue-

1949 2935 2125 2989 bant:
2156 2934 2421 3006 quocirca
2449 2933 2499 2987 ei
2531 2939 2648 2988 tam
2679 2933 2913 2988 incitato
2952 2938 3184 3005 tamque
3222 2938 3419 2989 tenero
3447 2935 3647 2990 aﬁ’ectu

1953 3023 2261 3094 respondit,
2296 3027 2357 3076 ut
2380 3021 2441 3075 in
2467 3021 2571 3075 hoc
2600 3037 2633 3075 a
2673 3037 2774 3075 suo
2813 3037 2969 3075 more
3016 3021 3137 3093 ipse
3178 3022 3483 3077 recederet.
3530 3024 3652 3077 Non

1952 3112 2096 3165 solas
2135 3110 2531 3166 Confessiones
2563 3111 2632 3165 ad
2663 3125 2794 3164 eum
2816 3109 3003 3179 misit;
3027 3110 3123 3165 sed
3150 3109 3270 3181 ejus
3299 3110 3652 3181 postulatum

1951 3216 2218 3271 superare
2235 3199 2489 3270 cupiens,
2513 3198 2719 3270 adjecit
2738 3204 2988 3270 quatuor
3008 3202 3300 3265 tractatus,
3322 3199 3652 3270 quoslibros

1953 3295 2133 3357 vocat,
2160 3294 2234 3346 De
2260 3291 2370 3362 ﬁde
2397 3306 2577 3345 rerum
2598 3306 2717 3360 qua:
2737 3306 2842 3345 non
2864 3290 3138 3357 videntur,
3164 3290 3227 3344 de
3255 3292 3551 3358 Patientia,
3581 3293 3652 3344 De

1953 3382 2310 3446 Continentiu,
2342 3381 2413 3433 De
2438 3378 2809 3445 Providentia,
2835 3393 3053 3432 necnon
3076 3377 3291 3448 grande
3312 3394 3458 3448 opus
3478 3381 3551 3432 De
3570 3379 3653 3432 Fi-

1951 3468 2035 3535 de,
2058 3470 2162 3538 Spe
2175 3473 2225 3522 et
2251 3466 2547 3532 Charitate,
2572 3466 2727 3539 quod
2747 3468 2916 3538 vulgo
2936 3466 3304 3521 Enchiridion
3325 3467 3653 3536 appellatur

1954 3558 2147 3626 (Epist.
2177 3559 2303 3622 23l,
2335 3573 2389 3610 η.
2419 3558 2498 3625 7).
2534 3556 2733 3627 Rogat,
2764 3560 2829 3609 ut
2856 3555 2966 3609 sibi
2995 3571 3165 3609 suum
3190 3555 3259 3610 de
3288 3554 3441 3609 hisce
3485 3556 3651 3610 lucu-

1953 3644 2309 3699 brationibus
2329 3644 2634 3714 judicium,
2656 3632 2952 3715 (siquidem
2981 3643 3107 3698 illas
3145 3644 3308 3715 prius
3332 3644 3519 3714 legere
3546 3659 3650 3713 po-

1957 3732 2146 3799 tuerit,
2177 3747 2347 3804 quam
2379 3731 2769 3803 proﬁciscatur
2816 3747 2883 3785 ex
2944 3731 3149 3799 Africa,
3198 3730 3505 3785 rescribat:
3565 3730 3652 3785 sin

1951 3824 2146 3875 autem
2176 3836 2356 3886 secus,
2383 3819 2524 3873 illud
2549 3819 2890 3889 Carthagine
2922 3819 3230 3891 relinquat,
3260 3819 3414 3873 unde
3460 3819 3647 3888 ipsum

1951 3909 2214 3964 Aurelius
2250 3907 2516 3963 dominus
2541 3923 2677 3961 suus
2706 3923 2770 3962 ac
2797 3908 2971 3961 frater
2998 3908 3068 3962 ad
3101 3923 3158 3961 se
3189 3905 3398 3961 deferri
3426 3906 3647 3978 jubeat.

2020 4000 2076 4053 2.
2111 3996 2430 4052 Bonifacius
2456 3996 2517 4049 in
2548 3995 2791 4067 gratiam
2841 3999 3101 4066 receptus
3147 4012 3179 4048 a
3210 3993 3475 4062 Placidia,
3509 3994 3646 4048 nihil

1952 4086 2299 4141 intentatum
2355 4084 2622 4155 reliquit,
2682 4089 2745 4137 ut
2793 4084 3094 4152 Vandalus,
3125 4099 3255 4138 cum
3295 4083 3503 4154 quibus
3532 4088 3648 4138 tam

1951 4174 2200 4228 strictam
2223 4158 2416 4227 iniisse
2430 4172 2760 4226 societatem
2776 4187 2909 4225 eum
2926 4171 3107 4225 serius
3128 4187 3293 4242 aequo
3315 4171 3647 4241 poenitebat,

1950 4280 2065 4335 qua
2114 4262 2404 4334 precibus,
2460 4276 2574 4332 qua
2630 4259 2950 4332 promissis,
2998 4260 3068 4315 ad
3135 4260 3515 4315 excedendum
3582 4277 3644 4314 ex

1949 4351 2143 4405 Africa
2171 4350 2531 4421 impelleret:
2565 4349 2663 4403 sed
2693 4348 2902 4403 frustra
2948 4348 3094 4416 fuit;
3143 4364 3317 4420 seque
3357 4348 3550 4403 deludi
3582 4349 3651 4403 ab

1930 4457 2015 4497 .eo
2065 4439 2297 4494 Barbari
2342 4437 2638 4509 conquesti
2687 4441 2818 4491 sunt
2860 4439 3217 4507 (Procopius).
3263 4438 3460 4508 Itaque
3491 4439 3661 4492 arma’

1948 4544 2170 4600 capere,
2204 4529 2373 4599 atque
2403 4527 2475 4581 ad
2526 4542 2623 4581 eos
2654 4525 2708 4579 vi
2755 4542 2819 4580 ac
2858 4525 3009 4579 ferro
3055 4524 3366 4596 ejiciendos
3412 4526 3650 4597 aggredi

1948 4623 2174 4672 coactus
2203 4622 2306 4671 est.
2357 4616 2565 4669 Verum
2594 4629 2726 4668 cum
2755 4628 2979 4680 manus,
3034 4613 3179 4668 forte
3222 4613 3345 4684 jam
3397 4614 3468 4668 ab
3511 4614 3649 4668 anni

1947 4701 2497 4776 quadringentesimi
2528 4700 2790 4771 vigesimi
2820 4700 2956 4754 noni
2996 4700 3175 4763 exitu,
3207 4716 3338 4754 cum
3366 4699 3481 4754 illis
3510 4718 3645 4756 con-

1950 4791 2237 4857 seruisset,
2291 4789 2493 4856 victus,
2538 4794 2709 4859 atque
2760 4788 3104 4858 Hipponem,
3147 4804 3275 4859 qua:
3325 4790 3457 4844 urbs
3512 4794 3690 4844 tunc.

1946 4878 2220 4951 temporis
2253 4877 2434 4933 valida
2471 4882 2613 4944 erat,
2649 4893 2715 4931 ex
2757 4876 2892 4947 fuga
2948 4881 3142 4947 petere
3182 4877 3512 4949 compulsus
3540 4883 3644 4933 est.

1950 4971 2061 5023 Hoc
2078 4967 2246 5023 modo
2273 4968 2420 5022 Deus
2437 4964 2900 5036 eumAugustino
2927 4980 2956 5017 e
2974 4963 3113 5018 vivis
3140 4963 3291 5020 haud
3318 4966 3500 5019 multo
3521 4970 3651 5036 post

1946 5058 2164 5113 exituro
2187 5053 2469 5111 reddidit:
2499 5052 2652 5108 unde
2682 5052 2812 5107 licet
2840 5051 3144 5120 existimes,
3184 5053 3332 5108 hanc
3370 5052 3481 5124 ipsi
3511 5068 3645 5123 gra-

1945 5146 2086 5201 tiam
2118 5146 2296 5200 Deum
2326 5142 2678 5214 impertitum
2712 5157 2855 5207 esse,
2885 5140 3040 5213 quod
3080 5141 3368 5209 eumdem,
3399 5140 3482 5194 uti
3521 5141 3645 5211 jam

1945 5249 2077 5288 cum
2109 5231 2378 5303 Imperio,
2407 5231 2484 5287 ita
2511 5245 2705 5285 secum
2730 5229 3099 5285 reconciliare
3129 5228 3500 5284 decrevisset:
3533 5227 3644 5281 sal-

1944 5328 2059 5378 tem
2101 5338 2218 5377 non
2247 5325 2349 5389 est,
2385 5336 2487 5376 cur
2515 5323 2775 5375 sanctum
2802 5321 3117 5376 ‘Preesulem
3150 5319 3318 5389 hujus
3346 5318 3429 5371 rei
3476 5332 3647 5371 causa

1946 5412 2105 5467 omni
2134 5428 2239 5483 cpe
2266 5415 2552 5476 conatum,
2585 5426 2649 5465 ac
2676 5408 2964 5480 sapienter
2992 5413 3109 5463 tam
3138 5404 3459 5477 opportuna
3489 5420 3642 5460 occa-

1945 5500 2102 5556 sione
2130 5517 2297 5555 usum
2317 5499 2489 5554 fuisse
2519 5497 2833 5553 addubites.
2868 5497 3186 5566 Hipponem
3212 5509 3443 5564 quoque
3465 5494 3645 5548 Possi-

1946 5590 2075 5643 dius
2104 5593 2273 5659 atqne
2301 5587 2398 5641 alii
2426 5587 2747 5656 complures
2791 5599 2822 5637 e
2851 5582 3048 5635 vicinis
3070 5580 3415 5635 antistitibus
3444 5583 3642 5637 confu-
