4062 6352
1614 277 1766 331 Vl'l‘A
1807 276 1862 327 S.
1905 274 2273 329 AUGUSTINI
2320 272 2647 329 EPISL‘UPI.

391 422 546 478 gere.
578 408 639 460 ln
693 420 863 460 causa
915 404 1024 460 fuit
1079 404 1172 458 hic
1220 401 1489 457 Bouifacii
1543 414 1805 486 receptus
1855 417 1916 471 in
1972 433 2099 471 emn

394 494 619 560 urbem,
672 509 776 548 cur
823 492 981 548 illam
1013 496 1249 551 Vandali
1303 500 1407 554 sub
1462 516 1600 573 rege
1648 521 1751 559 suo
1799 506 2101 560 Genserico

395 574 689 636 obsessum
740 580 1000 637 venerint
1052 582 1303 655 (Possid.,
1363 590 1421 643 in
1472 590 1601 644 Vita
1642 592 1899 660 August,
1933 609 1979 647 c.
2011 592 2100 661 ‘28)

400 686 553 726 anno
586 668 1150 741 quadringentesimo
1180 673 1501 744 trigesimo,
1552 680 1658 734 sub
1700 681 1913 735 exitum
1945 696 2103 735 meu—

398 758 475 812 sis
501 758 642 812 maii
663 759 754 813 vel
776 758 929 829 juuii
957 758 1211 824 initium,
1243 765 1473 833 quando
1504 766 1705 822 beatus
1725 769 2101 838 Augustinus,

402 846 504 919 qui
555 848 625 901 ad
672 863 908 918 superos
947 848 1148 919 quinto
1178 851 1453 909 kalendas
1481 857 1819 926 septembris
1847 859 2103 928 ejusdem

404 936 542 990 anni
586 935 871 1006 migravit,
904 937 1071 991 tertio
1104 939 1423 996 obsidionis
1456 959 1651 999 mense
1695 945 1755 999 in
1786 952 2104 1002 extremum

405 1024 611 1079 incidit
638 1023 929 1093 morbum,
961 1042 1134 1097 quem
1182 1029 1323 1084 duas
1366 1036 1546 1086 tresve
1588 1033 1993 1101 hebdomadas,
2043 1041 2108 1091 ut

409 1115 577 1182 solet,
608 1114 842 1168 durasse
870 1115 1181 1170 Verisimile
1208 1123 1292 1172 est
1314 1138 1329 1185 ;
1350 1136 1478 1174 cum
1506 1121 1554 1174 is
1584 1137 1769 1192 neque
1800 1120 2107 1175 diuturnus

401 1219 589 1273 neque
620 1202 846 1257 brevior
893 1203 1065 1258 fuisse
1107 1206 1612 1274 animadvertatur,
1657 1214 1829 1279 atque
1860 1208 2100 1262 aliunde

401 1295 620 1345 certum
678 1291 752 1345 sit
801 1292 1068 1347 eumdem
1127 1296 1274 1348 ultra
1324 1295 1519 1351 decem
1578 1297 1699 1352 dies
1762 1297 2107 1369 productum

400 1379 562 1450 (Ibid.
595 1396 639 1435 ο.
677 1379 793 1451 31).
854 1382 1070 1450 Dolori,
1102 1398 1275 1454 quem
1320 1392 1548 1442 sanctus
1600 1387 1813 1442 Prassul
1859 1402 1925 1440 ex
1967 1385 2108 1440 alia-

401 1483 534 1522 rum
565 1468 770 1523 Africas
795 1468 1085 1523 civitatum
1117 1471 1287 1525 ruina
1306 1480 1552 1545 ceperat,
1574 1480 1798 1530 tantum
1817 1472 2109 1544 augmenti

402 1572 468 1611 ex
520 1556 774 1628 proprias
830 1574 947 1612 sum
993 1559 1151 1613 urbis
1191 1561 1489 1617 obsidione
1536 1564 1785 1630 accessit,
1830 1568 2108 1635 quantum

405 1644 569 1698 facile
643 1661 836 1699 secum
906 1647 1147 1718 quilibet
1215 1650 1499 1722 conjiciat.
1554 1656 1723 1715 Tunc,
1787 1651 1868 1706 ait
1921 1651 2111 1704 Victor

403 1732 666 1800 Vitensis,
730 1735 871 1788 illud
924 1737 1256 1806 eloquentiae,
1312 1741 1456 1808 quod
1500 1742 1729 1795 ubertim
1782 1757 1881 1810 per
1934 1756 2109 1794 omnes

404 1836 618 1891 campos
670 1824 923 1878 Ecclesia:
966 1824 1306 1894 decurrebat,
1360 1831 1478 1898 ipso
1527 1834 1672 1893 metu
1724 1831 1988 1883 siccatum
2033 1832 2112 1881 est

399 1912 633 1978 ﬂumen;
696 1916 858 1980 atque
905 1912 1128 1968 dulcedo
1183 1919 1475 1972 suavitatis
1521 1918 1733 1973 dulcius
1786 1919 2107 1987 propinata,

404 2001 461 2052 in
492 1999 1192 2056 amaritudinemabsintliii
1217 2020 1372 2059 versa
1402 2010 1480 2059 est
1498 2007 1722 2076 (Victor.
1752 2007 2009 2071 Vitensis,
2036 2008 2107 2059 De

409 2089 620 2141 Persec.
665 2088 903 2142 Vandal.
933 2090 1025 2144 lib.
1064 2094 1115 2159 l,
1139 2108 1195 2146 n.
1217 2094 1289 2162 3).
1314 2094 1590 2149 Eumdem
1607 2094 1880 2149 continuo
1903 2110 2113 2148 recrea-

402 2176 485 2230 vit
512 2176 623 2230 hoc
652 2176 941 2244 solatium,
972 2179 1127 2249 quod
1148 2185 1282 2234 tunc
1302 2182 1496 2252 plures
1512 2182 1832 2252 episcopos,
1855 2182 2112 2253 inqneiis

404 2264 752 2333 Possidium,
776 2265 1676 2338 discipulorumillustrissimum,
1690 2287 1884 2325 secum
1901 2271 2111 2325 habue-

403 2352 499 2406 rit.
529 2353 839 2419 Nobiscum,
875 2352 955 2407 ait
982 2352 1097 2415 ille.
1133 2354 1422 2426 super'bis
1459 2357 1787 2411 infortuniis
1817 2360 2113 2426 saepissime

406 2441 862 2508 colloquebamur,
893 2446 944 2495 et
972 2444 1069 2495 Dei
1106 2446 1380 2498 tremenda
1393 2445 1609 2514 judicia
1642 2463 1759 2515 prae
1815 2447 1982 2500 oculis
2009 2461 2106 2499 no-

407 2530 539 2583 stris
569 2531 750 2597 posita
798 2531 1271 2587 considerabamus
1319 2534 1587 2588 dicentes:
1626 2538 1860 2588 «Justus
1902 2551 1975 2599 es,
2021 2537 2113 2588 Do-

407 2618 569 2681 mine,
602 2620 652 2670 et
690 2622 893 2671 rectum
927 2618 1203 2686 judicium
1256 2626 1465 2675 tuum»
1520 2622 1688 2689 (Psal,
1733 2639 1913 2686 cxvm,
1968 2622 2110 2691 t37).

406 2705 733 2773 Pariterque
798 2706 1053 2773 dolentes,
1104 2716 1388 2777 gementes,
1465 2716 1515 2765 et
1568 2714 1749 2778 ﬂentes
1826 2712 2114 2765 orabamus

406 2796 820 2848 miser-alienum
872 2801 1087 2864 patrem
1145 2804 1193 2851 et
1258 2802 1425 2853 Deum
1495 2803 1666 2854 omnis
1712 2802 2114 2869 consolationis,

406 2888 468 2937 ut
511 2884 570 2935 in
622 2882 805 2936 eadem
856 2899 950 2939 nos
1025 2885 1374 2942 tribulatione
1436 2889 1715 2943 sublevare
1768 2888 2110 2953 dignaretur.

409 2973 479 3026 Et
526 2972 670 3037 forte
709 2974 979 3040 provenit,
1012 2977 1074 3027 ut
1114 2989 1223 3028 una
1265 2992 1383 3029 cum
1413 2977 1591 3030 eodem
1616 2977 1691 3029 ad
1718 2992 1957 3031 mensam
1986 2992 2116 3030 con-

403 3061 635 3125 stitutis,
669 3064 719 3113 et
773 3061 898 3115 inde
955 3062 1452 3129 confabulantibus,
1506 3065 1660 3119 nobis
1706 3065 1946 3119 diceret:
2006 3066 2114 3119 Νο-

404 3149 594 3202 veritis
624 3164 706 3201 me
733 3148 828 3202 hoc
854 3153 1088 3218 tempore
1123 3156 1319 3206 nostrae
1343 3153 1673 3206 calamitatis
1716 3152 1776 3205 id
1818 3156 1983 3207 Deum
2029 3168 2115 3205 ro-

406 3251 556 3302 gare.
612 3240 671 3287 ut
729 3240 826 3288 aut
860 3236 1000 3289 hanc
1030 3239 1302 3291 civitatem
1348 3238 1416 3292 ab
1444 3239 1682 3293 hostibus
1726 3240 2118 3293 circumdatam

408 3324 639 3376 liberare
671 3323 950 3389 dignetur,
980 3329 1077 3378 aut
1097 3327 1147 3378 si
1170 3326 1326 3379 aliud
1354 3328 1405 3379 ei
1425 3327 1662 3392 videtur,
1693 3342 1817 3381 suos
1847 3343 2025 3381 sertos
2046 3329 2120 3381 ad

403 3410 789 3479 perferendam
814 3425 969 3464 suam
996 3413 1324 3467 voluntatem
1342 3417 1511 3480 fortes
1538 3418 1734 3479 faciat,
1766 3420 1860 3469 aut
1890 3420 2029 3469 certe
2060 3422 2120 3469 ut

409 3514 493 3552 me
515 3498 582 3551 de
607 3498 701 3552 hoc
730 3499 921 3553 seculo
951 3500 1026 3554 ad
1054 3515 1110 3554 se
1130 3504 1384 3570 accipiat.
1419 3502 1547 3568 Quae
1570 3502 1663 3556 ille
1688 3503 1889 3567 dicens,
1920 3520 2121 3573 nosque

416 3589 710 3653 instruens,
735 3586 985 3657 deinceps
1017 3604 1136 3642 cum
1183 3590 1362 3644 eodem
1391 3596 1441 3645 et
1468 3606 1583 3657 nos,
1614 3596 1666 3645 et
1709 3593 1884 3645 nostri
1919 3608 2118 3660 omnes,

410 3680 461 3730 et
508 3677 621 3745 ipsi
647 3677 745 3745 qui
784 3676 969 3731 eadem
996 3679 1220 3744 fuerant
1244 3681 1481 3745 civitate,
1514 3696 1549 3733 a
1579 3696 1784 3734 summa
1827 3683 1947 3735 Deo.
1966 3683 2119 3735 simi-

415 3765 542 3819 liter
582 3766 909 3835 petebamus.
950 3768 1021 3821 Et
1048 3783 1162 3821 ecce
1203 3770 1359 3822 tertio
1410 3770 1559 3823 illius
1608 3769 1903 3824 obsidionis
1945 3785 2123 3824 mense

409 3853 659 3909 decubuit
686 3855 933 3921 febribus
971 3858 1262 3924 fatigatus,
1311 3862 1361 3911 et
1408 3859 1509 3913 illa
1532 3859 1725 3913 ultima
1774 3859 2123 3913 exercebatur

413 3944 754 4010 (egritudine.
802 3946 909 3999 Nec
946 3960 1104 3998 suum
1145 3962 1275 3999 sane
1304 3949 1562 4001 Dominus
1610 3947 1881 4013 famulum
1935 3949 2122 4013 fructu

410 4046 521 4085 suae
535 4036 715 4100 precis
746 4032 1058 4099 fraudavit.
1090 4034 1231 4089 Nam
1251 4038 1300 4087 et
1327 4034 1435 4088 sibi
1463 4037 1589 4103 ipsi,
1616 4040 1667 4087 et
1690 4034 1861 4088 eidem
1886 4036 2118 4101 civitati,

415 4118 561 4187 quod
589 4120 907 4187 lacrymosis
948 4121 1255 4188 depolioscit
1290 4122 1558 4189 precibus,
1592 4123 1651 4174 in
1690 4125 2120 4191 temporeimpe-

416 4208 585 4260 tracit
609 4207 865 4275 (Possid.,
892 4209 952 4260 in
978 4209 1108 4261 Vita
1128 4208 1387 4274 August,
1410 4226 1484 4262 cc.
1506 4211 1596 4274 28,
1617 4211 1736 4278 ‘29).
1767 4208 1983 4273 Quibus
2003 4225 2121 4262 ver-

417 4292 507 4347 bis
537 4293 595 4347 id
617 4293 869 4347 iudicare
900 4293 1125 4348 videtur
1143 4295 1451 4362 Possidius,
1474 4296 1626 4366 quod
1644 4313 1677 4351 a
1701 4297 1978 4369 Procopio
2006 4302 2119 4350 tra-

430 4380 604 4449 ditur,
619 4381 797 4434 fessos
820 4381 1166 4436 obsessionis
1203 4398 1364 4436 mora
1388 4383 1675 4447 Barbaros,
1715 4384 1787 4439 ab
1810 4400 1878 4438 ea
1893 4385 2123 4439 tandem

416 4468 714 4523 recessisse
738 4485 752 4522 :
784 4484 913 4539 quae
947 4485 1035 4524 res
1058 4469 1272 4524 civibus
1301 4471 1623 4526 deserenda:
1644 4472 1820 4538 urbis,
1850 4473 2001 4543 quod
2024 4489 2121 4526 eos

415 4557 615 4611 fecisse
646 4557 936 4612 Possidius
965 4557 1065 4623 ait,
1093 4575 1157 4612 ac
1172 4560 1372 4613 salutis
1402 4577 1519 4615 suae
1549 4562 1867 4616 asserenda;
1896 4562 2125 4616 faculta-

410 4651 528 4700 tem
552 4645 728 4700 dedit.

486 4736 537 4787 3.
579 4735 701 4788 Non
733 4734 976 4790 dubium
1026 4740 1111 4791 est
1150 4736 1289 4808 quin
1353 4738 1638 4793 Possidius
1695 4739 1763 4794 ad
1807 4743 2125 4793 extremum

430 4823 581 4877 hunc
609 4824 875 4878 morbum
907 4826 1084 4879 relata
1115 4827 1357 4881 voluerit
1382 4844 1468 4894 ea,
1509 4844 1637 4899 quas
1667 4827 1862 4899 paucis
1890 4827 2128 4899 interje-

422 4911 523 4965 ctis
554 4910 785 4982 subjicit
814 4912 873 4967 in
904 4914 1027 4968 haec
1056 4915 1230 4968 verba
1254 4932 1267 4969 :
1299 4917 1535 4986 Itemque
1566 4918 1747 4987 (novi),
1777 4916 1851 4970 ad
1869 4920 2131 4984 aegrotan-

422 5004 523 5053 tem
543 5004 593 5053 et
621 5000 751 5053 lecto
777 5006 1056 5054 vacantem
1085 5004 1383 5070 quemdam
1404 5019 1523 5056 cum
1552 5020 1648 5058 suo
1676 5008 1874 5071 aegroto
1902 5006 2126 5069 venisse,

419 5093 471 5141 et
500 5089 797 5157 rogavisse,
821 5095 885 5144 ut
913 5090 1085 5143 eidem
1109 5107 1329 5145 manum
1360 5094 1671 5161 imponeret,
1701 5108 1804 5161 quo
1828 5107 1994 5147 sanus
2022 5108 2132 5147 esse

416 5182 630 5246 posset:
683 5193 909 5247 eumque
956 5179 1316 5248 respondisse,
1349 5182 1401 5233 si
1441 5180 1657 5248 aliquid
1702 5184 1762 5233 in
1814 5180 1898 5235 his
1928 5184 2128 5249 posset,

425 5267 533 5320 sibi
551 5267 646 5321 hoc
669 5268 857 5335 utique
878 5268 1144 5335 primitus
1168 5268 1545 5335 praestitisset:
1564 5272 1612 5321 et
1632 5267 1785 5321 illum
1803 5267 2027 5335 dixisse,
2049 5270 2129 5321 oi-

428 5356 655 5409 sitatum
707 5370 763 5409 se
805 5356 998 5423 fuisse,
1050 5354 1263 5424 sibique
1289 5371 1388 5424 per
1432 5357 1701 5409 somnium
1749 5356 1954 5411 dictum
1983 5373 2127 5411 esse:

428 5443 576 5495 Vade
607 5443 682 5497 ad
716 5443 1087 5513 Augustinum
1133 5446 1458 5513 episcopum.
1488 5426 1548 5496 ut
1586 5443 1756 5497 eidem
1781 5460 1999 5498 manum
2030 5446 2132 5498 im-

424 5534 616 5597 ponat,
650 5534 700 5585 et
720 5533 903 5585 salvus
926 5532 1050 5585 erit.
1078 5531 1236 5597 Quod
1259 5530 1388 5584 dum
1418 5534 1770 5600 comperisset.
1812 5534 1992 5598 facere
2029 5548 2132 5585 non

3814 278 3924 323 376

2212 397 2459 457 distulit;
2492 401 2542 448 et
2573 395 2725 448 illum
2752 396 3023 462 inﬁrmum
3046 396 3296 447 continuo
3326 396 3580 448 Dominus
3614 411 3816 449 sanum
3857 396 3929 448 ab

2211 486 2389 538 eodem
2435 483 2707 537 discedere
2729 484 2864 549 fecit
2892 481 3081 551 (lbid.,
3114 499 3159 536 c.
3192 482 3301 551 29).
3333 481 3531 537 Visum
3575 487 3663 536 est
3710 483 3932 537 divina:

2213 572 2531 627 clementiae
2561 571 2669 626 hoc
2699 570 2996 637 miraculo,
3024 571 3177 643 quod
3200 587 3303 642 per
3323 586 3455 625 eum
3478 570 3538 625 in
3565 571 3773 626 ultimo
3793 571 3929 629 vita:

2211 662 2494 715 curriculo
2534 660 2904 731 perpetravit,
2941 662 3065 730 ejus
3093 661 3155 714 in
3203 660 3424 730 agendo
3456 660 3931 727 sanctimoniam,

2215 766 2439 805 necnon
2464 750 2525 803 in
2554 748 2853 803 scribendo
2884 748 3199 803 doctrinam
3232 766 3296 802 ac
3323 748 3596 819 pietatem
3633 749 3803 820 quasi
3835 751 3935 804 0b-

2213 839 2457 909 signare.
2515 840 2655 892 Novi
2707 853 2936 907 quoque,
2986 836 3067 891 ait
3108 836 3260 891 idem
3309 841 3523 899 auctor.
3581 839 3829 891 eumdem
3884 846 3935 891 et

2210 928 2587 998 presbyterum
2616 931 2667 981 et
2694 928 3020 996 episcopum,
3049 941 3151 995 pro
3183 926 3508 995 quibusdam
3550 930 3933 995 energumenis

2211 1014 2551 1085 patientibus
2581 1018 2641 1067 ut
2667 1019 3388 1083 oraret,rogatum,eumque
3400 1016 3457 1067 in
3484 1017 3731 1069 oratione
3756 1016 3935 1083 lacry-

2215 1121 2333 1157 mas
2356 1102 2674 1169 fundentem
2704 1104 2867 1155 Deum
2890 1117 3125 1168 rogasse,
3153 1106 3201 1154 et
3231 1101 3492 1157 daemones
3520 1102 3589 1156 ab
3620 1104 3938 1157 hominibus

2217 1194 2495 1245 recessisse
2516 1188 2732 1258 (Ibid.).
2769 1190 2968 1243 Etha’c
2980 1188 3219 1243 omnino
3241 1189 3310 1243 de
3337 1190 3718 1244 exterioribus
3739 1192 3936 1246 Sancti

2216 1279 2389 1351 hujus
2417 1278 2599 1332 nostri
2637 1276 2929 1332 miraculis
2978 1277 3253 1346 reperias.
3310 1280 3499 1333 Dicere
3537 1284 3716 1334 autem
3748 1280 3934 1338 nobis.

2214 1367 2405 1439 inquit
2461 1366 2769 1435 Possidius,
2824 1368 2965 1420 inter
3007 1367 3321 1433 familiaria
3364 1367 3629 1436 colloquia
3700 1384 3935 1422 consue—

2219 1462 2393 1523 verat,
2429 1461 2554 1527 post
2580 1461 2890 1525 perceptum
2918 1457 3276 1524 Baptismum,
3296 1457 3460 1509 etiam
3492 1456 3747 1511 laudatos
3770 1457 3933 1513 Chri-

2215 1548 2423 1601 stianos
2461 1551 2511 1599 et
2540 1544 2840 1599 sacerdotes
2880 1544 3082 1612 absque
3112 1544 3281 1610 digna
3312 1549 3361 1597 et
3408 1548 3727 1613 competenti
3750 1548 3939 1614 peni-

2218 1637 2389 1690 tentia
2439 1636 2589 1687 exire
2618 1634 2683 1686 de
2731 1649 2949 1702 corpore
2992 1648 3096 1686 non
3149 1633 3354 1686 debere.
3385 1632 3537 1697 Quod
3564 1638 3615 1686 et
3655 1636 3776 1702 ipse
3806 1637 3943 1698 fecit

2217 1724 2437 1789 ultima,
2467 1737 2576 1790 qua
2606 1721 2894 1787 defunctus
2915 1719 3387 1785 “aegritudine:
3417 1736 3540 1773 nam
3568 1722 3677 1774 sibi
3687 1721 3943 1790 jusserat

2230 1812 2476 1866 Psalmos
2521 1809 2829 1870 Daridicos,
2878 1809 2976 1878 qui
3002 1813 3127 1861 sunt
3152 1810 3471 1877 paucissimi
3498 1808 3563 1863 de
3585 1813 3940 1879 pcrnitentia,

2221 1899 2409 1965 scribi,
2440 1900 2694 1968 ipsosque
2730 1898 3108 1965 quaterniones
3130 1897 3319 1965 jacens
3350 1898 3408 1950 in
3437 1898 3565 1951 lecto
3598 1904 3793 1952 contra
3846 1914 3946 1967 pa-

2220 1990 2408 2041 rietem
2439 1990 2641 2057 positos
2672 1985 2858 2039 diebus
2884 2000 2994 2039 sua:
3023 1987 3361 2054 inﬁrmitatis
3382 1987 3695 2040 intuebatur
3722 1992 3775 2041 et
3808 1989 3947 2056 lege-

2226 2080 2339 2142 bat,
2385 2080 2436 2128 et
2478 2075 2692 2143 jugiter
2732 2089 2795 2127 ac
2832 2072 3061 2127 ubertim
3090 2073 3281 2140 ﬂebat:
3326 2078 3377 2127 et
3395 2090 3461 2129 ne
3497 2077 3722 2129 intentio
3751 2077 3879 2145 ejus
3911 2093 3944 2129 a

2223 2179 2493 2233 quoquam
2517 2163 2894 2231 impediretur,
2910 2166 3034 2215 ante
3054 2162 3341 2227 diesferme
3360 2162 3557 2232 decem,
3577 2179 3743 2234 quam
3764 2168 3946 2218 eairet

2223 2254 2288 2307 de
2317 2266 2562 2321 corpore,
2603 2268 2635 2305 a
2672 2251 2826 2305 nobis
2848 2252 3147 2321 postulavit
3165 2252 3542 2321 presentibus,
3596 2268 3662 2306 ne
3692 2255 3819 2321 quis
3871 2253 3947 2307 ad

2230 2358 2347 2396 eum
2379 2341 2774 2409 ingrederetur,
2802 2341 2913 2393 nisi
2940 2342 3009 2393 iis
3040 2344 3251 2393 tantum
3300 2342 3448 2395 horis
3499 2341 3697 2410 quibus
3742 2342 3948 2396 medici

2221 2430 2296 2483 ad
2335 2429 2732 2498 inspiciendum
2758 2431 3045 2492 intrarent,
3062 2429 3146 2482 vel
3168 2444 3286 2482 cum
3312 2431 3361 2482 ei
3375 2429 3596 2495 refectio
3615 2432 3942 2497 inferretur.

2228 2521 2297 2572 Et
2330 2519 2411 2571 ita
2435 2518 2774 2570 observatum
2804 2532 2867 2570 ac
2912 2518 3117 2582 factum
3148 2520 3254 2581 est;
3287 2522 3335 2570 et
3388 2519 3535 2571 omni
3567 2517 3657 2572 illo
3706 2523 3949 2588 tempore

2226 2606 2468 2658 orationi
2496 2605 2749 2658 vacabat.
2804 2605 3034 2657 Verbum
3066 2607 3183 2672 Dei,
3234 2621 3403 2675 usque
3449 2622 3512 2659 ac
3566 2607 3748 2676 ipsam
3784 2623 3945 2662 suam

2229 2698 2530 2746 emtremam
2560 2691 2963 2761 aegritudinem,
2985 2695 3437 2762 imprwtermisse,
3459 2696 3718 2750 alacriter
3745 2701 3796 2751 et
3826 2700 3945 2764 for-

2227 2783 2352 2833 titer
2378 2795 2514 2833 sana
2539 2783 2711 2833 mente
2730 2794 2967 2848 saneque
2986 2783 3209 2835 consilio
3244 2783 3301 2834 in
3329 2782 3567 2836 Ecclesia
3588 2783 3944 2851 praedicavit.

2233 2868 2487 2924 Membris
2510 2869 2755 2923 omnibus
2776 2871 2864 2923 sui
2884 2872 3121 2938 corporis
3152 2872 3453 2937 incolumis,
3485 2873 3693 2941 integro
3723 2883 3949 2942 aspectu

2231 2962 2398 3026 atque
2422 2958 2641 3023 auditu,
2674 2962 2743 3023 et,
2776 2964 2835 3011 ut
2864 2962 3127 3028 scriptum
3157 2966 3253 3025 est,
3285 2961 3436 3016 nobis
3465 2962 3777 3016 astantibus
3799 2967 3853 3017 et
3873 2966 3952 3017 ti-

2236 3046 2511 3111 dentibus,
2568 3051 2617 3099 et
2648 3062 2766 3099 cum
2806 3062 2861 3099 eo
2894 3050 3109 3116 paritu-
3136 3048 3439 3113 orantibus,
3470 3049 3802 3104 obdormivit
3829 3066 3953 3104 cum

2232 3136 2489 3204 patribus
2541 3138 2678 3201 suis,
2736 3138 3005 3189 enutritus
3056 3138 3113 3189 in
3162 3136 3300 3190 bona
3344 3144 3646 3199 senectute;
3686 3144 3739 3192 et
3794 3141 3951 3193 nobis

2229 3240 2410 3277 coram
2479 3239 2583 3293 pro
2656 3224 2772 3293 ejus
2839 3224 3263 3278 commendanda
3317 3228 3557 3295 corporis
3611 3227 3953 3296 depositione

2230 3315 2561 3380 sacriﬁcium
2617 3314 2721 3366 Deo
2775 3314 3013 3366 oblatum
3072 3318 3171 3379 est,
3228 3318 3278 3368 et
3329 3316 3571 3384 sepultus
3618 3321 3699 3369 est
3750 3316 3946 3381 (Ibid.

2227 3417 2271 3454 c.
2302 3403 2413 3470 3t).
2446 3402 2690 3471 Prosper
2722 3401 2789 3454 ad
2812 3416 3028 3454 annum
3069 3401 3276 3456 Cbristi
3309 3402 3949 3474 quadringentesimum

2228 3489 2612 3558 trigesimum,
2659 3488 2874 3543 scilicet
2911 3489 3231 3544 Theodosio
3280 3491 3569 3545 decimum
3616 3493 3861 3547 tertium
3894 3500 3950 3548 et

2237 3577 2638 3631 Valentiniano
2683 3579 2916 3631 tertium
2963 3578 3311 3647 consulibus,
3349 3580 3569 3634 obitum
3601 3580 3728 3650 ejus
3770 3582 3949 3636 refert

2232 3666 2321 3721 bis
2353 3666 2537 3720 verbis
2565 3682 2577 3721 :
2609 3668 2951 3735 Augustinus
2984 3670 3261 3737 episcopus
3288 3685 3386 3739 per
3405 3684 3586 3723 omnia
3609 3671 3949 3726 excellentis-

2232 3757 2403 3809 simus
2433 3758 2663 3809 moritur
2690 3758 2879 3824 quinto
2910 3758 3165 3812 kalendas
3190 3756 3526 3826 septembris,
3551 3757 3711 3812 libris
3728 3760 3955 3815 Juliani

2232 3847 2376 3897 inter
2424 3845 2637 3912 inpetus
2674 3844 3031 3899 obsidentium
3080 3845 3449 3900 Vandalorum
3482 3849 3537 3900 in
3567 3849 3689 3916 ipso
3729 3847 3949 3901 dierum

2233 3949 2453 3987 suorum
2485 3936 2591 4002 ﬁne
2644 3935 2990 4002 respondens,
3019 3939 3069 3988 et
3092 3936 3322 4001 gloriose
3350 3938 3409 3987 in
3439 3935 3750 4001 defensione
3799 3938 3951 3990 cleri-

2234 4024 2427 4077 stianae
2456 4024 2650 4087 gratia:
2684 4038 3031 4091 perseverans
3061 4022 3337 4094 (Prosper,
3368 4026 3427 4077 in
3456 4024 3651 4080 Chron.
3708 4024 3790 4078 ad
3820 4042 3949 4079 ann.

2230 4111 2376 4178 430).
2412 4111 2453 4163 E
2502 4109 2619 4163 vita
2673 4110 2944 4180 migravit
2972 4128 3154 4165 annos
3200 4118 3371 4166 natus
3424 4112 3788 4183 septuaginta
3833 4131 3950 4168 sex.

2238 4214 2490 4269 quorum
2523 4214 2705 4251 serme
2737 4199 3113 4270 quadraginta
3136 4199 3195 4255 iu
3228 4200 3955 4274 obeundistumpresbyte-

2234 4291 2394 4340 ratus
2425 4292 2549 4340 tum
2583 4286 2947 4358 episcopatus
2976 4288 3179 4342 officiis
3204 4293 3481 4360 exegerat,
3506 4306 3537 4342 a
3569 4290 3710 4357 Deo,
3743 4290 3950 4344 videli-

2231 4381 2322 4430 cet
2350 4381 2466 4429 tam
2500 4376 2779 4446 producta
2817 4383 2982 4431 astate
3009 4378 3276 4443 donatus,
3320 4384 3381 4432 ut
3411 4378 3670 4434 Ecclesiae
3709 4380 3954 4433 utilitati

2234 4472 2292 4522 et
2320 4466 2579 4520 felicitati
2629 4466 2884 4521 serviret.
2945 4470 3357 4534 Testamentum,
3406 4469 3592 4540 pergit
3630 4469 3950 4534 Possidius,

2233 4557 2445 4611 nullum
2470 4556 2637 4621 fecit;
2672 4559 2805 4625 quia
2830 4558 2970 4611 unde
2988 4558 3212 4623 faceret,
3237 4574 3450 4626 pauper
3479 4560 3575 4611 Dei
3600 4574 3705 4611 non
3728 4558 3946 4611 habuit.

2242 4646 2489 4699 Ecclesiae
2577 4643 2973 4710 bibliothecam,
3039 4660 3321 4713 omnesque
3354 4646 3587 4699 'codices
3654 4646 3955 4714 diligenter

2233 4736 2469 4804 posteris
2495 4734 2870 4788 custodiendos
2891 4750 3098 4804 semper
3114 4734 3359 4804 jubebat.
3395 4735 3457 4789 Si
3484 4734 3621 4804 quid
3646 4750 3773 4788 vero
3794 4736 3955 4789 eccle-

2236 4822 2323 4874 sia
2350 4820 2432 4874 vel
2462 4822 2519 4874 in
2564 4822 2870 4891 sumptibus
2916 4824 2972 4875 in
3024 4824 3351 4876 ornamentis
3408 4822 3617 4888 habuit,
3661 4822 3798 4891 ﬁdei
3821 4839 3951 4893 pre-

2238 4909 2463 4977 sbyteri,
2496 4911 2595 4977 qui
2624 4909 2722 4963 sub
2763 4909 2943 4964 eodem
2979 4910 3168 4965 domus
3207 4913 3453 4966 Ecclesiae
3481 4926 3667 4965 curam
3704 4911 3951 4981 gerebat.

2239 4997 2470 5063 dimisit,
2511 5012 2605 5051 nec
2639 5012 2763 5051 suos
2802 5000 3251 5066 consanguineos,
3296 4999 3380 5053 vel
3422 5001 3481 5052 in
3524 5001 3829 5069 proposito,
3874 5002 3959 5053 rel

2240 5090 2399 5139 emtra
2426 5088 2762 5148 constitutos,
2795 5090 2856 5140 in
2884 5101 2985 5140 sua
3014 5088 3135 5143 vita
3169 5092 3218 5141 et
3245 5092 3413 5141 morte
3457 5088 3612 5156 vulgi
3650 5102 3797 5141 more
3833 5094 3953 5142 tra-

2239 5177 2408 5228 ctauit
2437 5190 2450 5227 :
2484 5174 2700 5243 quibus,
2746 5174 2876 5229 dum
2904 5175 3082 5229 adhuc
3111 5179 3428 5245 superesset,
3459 5174 3521 5228 id
3555 5176 3606 5229 si
3646 5189 3782 5244 Opus
3813 5178 3953 5242 fuit,

2240 5264 2386 5333 quod
2415 5269 2466 5319 et
2493 5266 2696 5318 caeteris
2721 5265 2979 5332 erogavit,
3004 5280 3110 5318 non
3132 5270 3191 5317 ut
3211 5264 3440 5318 divitias
3470 5263 3747 5327 haberent,
3766 5264 3868 5319 sed
3895 5271 3957 5317 ut

2240 5359 2337 5409 aut
2364 5370 2491 5422 non,
2524 5360 2619 5409 aut
2648 5370 2827 5410 manus
2870 5358 3100 5424 egerent.
3152 5354 3363 5411 Clerum
3401 5356 3953 5423 sufﬁcientissimum,

2241 5448 2291 5496 et
2318 5445 2647 5497 monasteria
2673 5446 2915 5497 virorum
2943 5459 3006 5497 ac
3024 5444 3373 5510 feminarum.
3406 5442 3806 5497 continentibus
3830 5459 3953 5498 cum

2243 5534 2357 5584 suis
2378 5532 2692 5602 praepositis
2720 5532 2899 5599 plena,
2926 5532 3175 5585 Ecclesia
3203 5530 3434 5594 dimisit,
3464 5545 3576 5582 una
3601 5545 3724 5583 cum
3756 5530 3950 5585 biblio-
