4062 6342
1580 331 1790 387 LIBER
1858 332 2210 389 OCTAVUS.
3549 342 3649 391 3378

144 448 329 513 thecis,
352 447 518 501 libros
545 454 596 502 et
625 452 887 503 tractatus
916 447 1001 502 vel
1026 464 1149 504 suos
1176 451 1259 504 vel
1277 453 1507 506 aliorum
1530 458 1838 509 sanctorum

143 535 456 590 habentibus
480 536 793 606 (Possidius,
816 538 876 591 in
913 538 1036 593 Vita
1063 539 1381 606 Augustini,
1405 556 1452 595 c.
1475 541 1589 616 3t).

211 627 265 678 4.
316 624 670 679 Marcellinus
725 626 1032 696 Augustini
1084 626 1306 683 obitum
1362 645 1515 684 anno
1566 630 1841 702 quadrin-

144 713 459 785 gentesimo
514 714 789 784 vigesimo
837 730 992 768 nono
1038 716 1395 787 censignavit
1444 720 1729 788 (Marcell.,
1784 723 1842 773 in

144 804 371 872 Chron.)
388 803 515 856 :sed
538 803 815 873 Prospero
836 819 968 858 eum
982 820 1130 858 anno
1153 804 1721 876 quadringentesimo
1745 809 1842 862 tri-

144 891 361 962 gesimo
392 891 752 946 adscribendi
781 892 1192 953 testimonium.
1228 910 1341 965 quo
1369 894 1531 949 nobis
1560 896 1628 950 ad
1664 896 1841 950 sancti

146 981 410 1034 Prasulis
437 981 885 1035 consecrandam
915 981 1253 1036 memoriam
1283 999 1354 1036 ne
1388 984 1576 1053 optari
1606 986 1841 1055 quidem

146 1068 323 1141 possit
353 1070 533 1123 ullum
587 1070 741 1123 aliud
789 1070 1161 1139 splendidius.
1220 1072 1583 1142 suffragatur.
1620 1074 1842 1130 Etenim

146 1174 276 1211 cum
319 1158 785 1212 Nestorianorum
844 1159 1078 1212 haresis
1120 1160 1504 1215 Theodosium
1544 1162 1839 1232 juniorem

146 1244 485 1315 impulisset,
507 1250 572 1299 ut
587 1246 994 1301 acumenicam
1014 1247 1293 1317 synodum
1317 1249 1606 1319 Ephesum
1635 1267 1840 1305 convo-

146 1340 317 1391 caret.
349 1350 590 1405 eamque
622 1336 694 1389 ob
726 1352 848 1390 rem
873 1335 1089 1389 litteras
1117 1336 1278 1391 daret
1307 1338 1376 1391 ad
1410 1354 1609 1392 omnes
1640 1343 1845 1393 metro-

147 1422 429 1491 politanos
455 1439 469 1490 ;
502 1423 844 1478 misitetiam
867 1425 923 1478 in
937 1425 1183 1479 Africam
1198 1428 1623 1497 perquemdam
1653 1428 1844 1499 magi—

148 1510 447 1572 strianum.
475 1511 566 1565 cui
595 1528 806 1566 nomen
838 1512 1089 1582 Ebagnio
1122 1514 1376 1578 (Liberat.
1412 1515 1582 1583 brev.,
1616 1532 1735 1586 cap.
1768 1520 1843 1587 ὅ),

148 1614 370 1653 sacrum
402 1599 735 1670 rescriptum
758 1600 1075 1671 Augustino
1107 1602 1417 1673 pracipne,
1441 1602 1497 1656 id
1524 1608 1628 1669 est,
1653 1604 1843 1674 potius

148 1702 321 1758 quam
338 1688 613 1759 Capreolo
629 1695 764 1743 tunc
781 1689 1053 1760 temporis
1068 1690 1523 1760 Carthaginiensi
1545 1693 1737 1762 episco
1743 1710 1841 1763 po,

145 1776 789 1846 destinatum(Caprcol.,
808 1779 987 1847 Epist.
1019 1778 1093 1832 ad
1122 1780 1325 1846 Synod.
1356 1782 1580 1849 Ephcs.,
1603 1787 1762 1850 parte
1788 1784 1843 1847 2,

145 1869 250 1919 act.
285 1866 336 1934 1)
362 1880 377 1919 :
404 1880 519 1936 quo
550 1865 824 1936 rescripto
853 1866 1040 1932 illum,
1064 1871 1122 1919 ut
1144 1866 1410 1921 accedere
1439 1869 1512 1923 ad
1537 1867 1844 1923 concilium

144 1953 501 2025 dignaretur,
530 1953 806 2028 peculiari
824 1954 1048 2009 ratione
1090 1955 1324 2026 rogabat
1351 1956 1689 2027 Imperator.
1723 1957 1844 2021 Quo

146 2041 235 2095 hic
263 2042 388 2096 loco
428 2041 814 2112 Augustinum
858 2041 1115 2108 haberet,
1170 2042 1281 2096 alia
1328 2058 1562 2114 quoque
1593 2043 1846 2098 declarat

147 2129 404 2201 epistola,
437 2129 525 2184 his
554 2129 693 2200 ipsis
746 2129 1221 2201 metropolitanis,
1252 2146 1396 2201 quos
1445 2131 1514 2185 ad
1545 2132 1845 2186 concilium

148 2219 503 2281 invitaverat.
543 2234 736 2273 mense
761 2219 908 2289 julio
937 2219 1074 2273 anni
1115 2219 1405 2290 sequentis
1435 2220 1609 2274 missa
1640 2222 1842 2289 (Neris,

148 2308 288 2363 Hist.
317 2308 498 2375 Pelag.
528 2308 623 2362 lib.
656 2310 710 2375 2,
742 2308 963 2378 cap.(9).
983 2296 1612 2362 Hic'enimclarissimus
1634 2309 1845 2362 Prasul

147 2395 402 2467 proxime
428 2396 1127 2467 postThessalonicensem
1140 2395 1477 2464 antistitem,
1500 2401 1633 2451 ante
1645 2412 1845 2450 omnes

148 2485 333 2540 nudos
364 2483 854 2556 metropolitanos,
887 2486 1212 2539 collocatur.
1262 2484 1429 2538 Sacra
1481 2485 1846 2555 Imperatoris

148 2574 218 2627 ad
248 2573 736 2644 metropolitanos,
760 2573 1022 2643 signatur
1042 2573 1263 2627 decimo
1278 2573 1449 2627 tertio
1463 2572 1738 2628 kalendas
1752 2574 1846 2628 de-

149 2662 391 2717 cembris
421 2662 556 2717 anui
584 2662 1135 2734 quadringentesimi
1158 2662 1437 2732 trigesimi
1462 2663 1594 2717 data
1616 2663 1840 2733 (Concil.

148 2752 344 2820 Ephes.
394 2757 557 2821 parte
600 2755 652 2821 1,
697 2766 817 2807 can.
872 2752 995 2817 32);
1054 2751 1409 2823 proindeqne
1456 2751 1842 2822 Augustinum

147 2840 351 2910 quinto
398 2840 672 2895 kalendas
720 2839 1061 2910 septembris
1107 2839 1244 2893 anui
1292 2839 1843 2909 quadringentesimi

150 2929 405 3001 vigesimi
433 2930 566 2984 noni
590 2929 820 2995 obiisse,
847 2930 977 2999 jure
1009 2927 1216 2982 dixerit
1240 2944 1433 2982 nemo.

216 3020 418 3073 5.Post
436 3017 739 3088 Augustini
758 3016 1081 3083 transitum,
1109 3015 1543 3087 Hippo-Regius
1572 3016 1846 3071 Vandalo-

147 3122 276 3161 rum
306 3106 587 3161 sustinere
617 3105 866 3177 impetus
884 3105 1299 3176 perseveravit:
1324 3104 1846 3176 etquamvisiipor—

148 3200 269 3248 tum
298 3193 947 3266 ipsuminterclusissent
974 3192 1302 3263 (Possidius,
1325 3195 1384 3246 in
1424 3194 1547 3248 Vita
1576 3194 1841 3261 August.,

147 3298 190 3335 c.
220 3283 335 3351 28),
365 3298 661 3353 nunquam
689 3285 881 3336 tamen
912 3283 1134 3348 urbem,
1158 3297 1345 3352 neque
1370 3280 1444 3348 vi,
1477 3296 1665 3352 neque
1695 3281 1845 3336 dedi-

148 3369 302 3425 tione
328 3386 530 3441 capere
559 3375 911 3441 potuerunt:
936 3370 1016 3424 ita
1045 3374 1110 3424 ut
1144 3375 1274 3440 post
1316 3370 1557 3440 longum
1587 3370 1836 3440 spatium

149 3459 217 3513 ad
247 3460 372 3530 ejus
392 3475 584 3514 muros
620 3461 779 3514 nullo
810 3475 1001 3530 opera
1045 3458 1248 3530 pratio
1280 3462 1708 3529 consumptum,
1745 3459 1844 3513 ob-

148 3548 457 3602 sessionem
484 3551 634 3601 totos
673 3548 853 3601 ferme
888 3547 1323 3618 quatuordecim
1373 3562 1597 3601 menses
1628 3546 1842 3617 produ-

146 3641 317 3703 ctam,
340 3636 610 3691 solverint
639 3637 992 3707 (Procopius).
1051 3636 1208 3690 Haud
1260 3635 1439 3690 multo
1482 3642 1611 3706 post
1640 3635 1845 3689 libera-

149 3729 264 3777 tam
297 3725 593 3780 obsidione
627 3725 969 3795 Hipponem.
1003 3723 1565 3793 Bonifaciusaccepto
1583 3722 1761 3777 Roma
1790 3727 1848 3777 et

147 3813 641 3883 Constantinopoli
664 3813 851 3868 valido
872 3813 1149 3881 subsidio,
1178 3812 1398 3867 collatis
1427 3812 1607 3883 signis
1637 3812 1848 3866 iterum

145 3904 277 3955 cum
316 3901 579 3955 Vandalis
627 3901 923 3972 pugnavit,
954 3901 1051 3955 sed
1080 3916 1246 3972 aque
1290 3900 1506 3955 infelici
1537 3916 1797 3955 successu
1828 3917 1841 3954 :

144 3989 442 4059 profligati
466 3988 704 4043 omnino
732 3990 890 4042 fuere
913 3988 1157 4042 Romani
1184 4006 1199 4055 ;
1233 3989 1378 4042 alius
1400 3988 1512 4043 alio
1539 3988 1739 4059 fugam
1761 4004 1848 4043 ca-

143 4076 407 4148 pessivit;
452 4075 775 4130 Bonifacius
820 4092 954 4129 vero
1002 4076 1063 4130 in
1111 4077 1335 4130 Italiam
1379 4078 1503 4131 vela
1535 4076 1668 4130 fecit
1698 4093 1847 4131 anno

145 4163 345 4219 salutis
374 4163 939 4235 quadringentesimo
974 4164 1275 4235 trigesimo
1322 4164 1586 4219 secundo.
1631 4164 1845 4236 Hippo-

144 4268 352 4308 nenses
377 4252 538 4306 omni
567 4269 665 4323 spe
694 4252 1040 4307 defensionis
1066 4258 1191 4307 tum
1221 4253 1476 4319 demum,
1509 4257 1573 4307 ut
1600 4269 1733 4307 vero
1765 4258 1848 4308 est

146 4341 355 4409 simile,
384 4340 662 4409 destituti,
692 4341 892 4395 urbem
925 4356 1084 4395 suam
1117 4340 1441 4395 deseruere.
1474 4342 1630 4395 Hanc
1653 4341 1847 4395 hostes

148 4429 410 4484 incendio
440 4429 791 4497 deleverunt,
832 4435 1061 4501 excepta
1098 4433 1314 4496 tamen,
1366 4446 1541 4501 quam
1587 4430 1845 4485 Ecclesia

146 4517 242 4572 Vir
279 4523 505 4573 sanctus
538 4512 897 4591 reliquerat,’
928 4518 1295 4587 bibliotheca,
1348 4535 1478 4590 qua
1536 4518 1740 4574 mediis
1785 4519 1846 4574 in

149 4605 396 4661 flammis
423 4606 764 4678 Arianisque
794 4606 1056 4661 Barbarie
1086 4612 1419 4662 conservata
1449 4611 1570 4675 est;
1613 4608 1844 4678 quando

148 4694 435 4750 Possidius
460 4711 575 4763 eos,
607 4696 820 4768 quibus
847 4695 1004 4750 cordi
1024 4696 1197 4751 fuerit
1218 4696 1614 4751 emendatiora
1640 4698 1846 4766 Augu-

148 4783 284 4838 stini
309 4784 660 4855 exemplaria
685 4785 874 4855 legere
904 4785 992 4839 vel
1012 4784 1409 4851 transcribere,
1432 4784 1499 4838 ad
1527 4784 1848 4856 Hipponen-

149 4887 267 4926 sem
294 4872 470 4927 mittit
492 4872 897 4928 bibliothecam
928 4874 1246 4943 (Possidius,
1282 4875 1342 4926 in
1370 4874 1497 4928 Vita
1523 4874 1844 4939 Augustini,

147 4976 192 5015 c.
228 4962 312 5033 18)
345 4977 358 5015 :
392 4966 450 5015 et
486 4962 595 5016 hoc
622 4960 821 5034 utique
843 4962 991 5030 fieri,
1021 4962 1133 5016 nisi
1153 4960 1429 5032 singulari
1460 4961 1560 5016 Dei
1578 4959 1846 5031 prasidio

148 5063 262 5103 non
290 5051 475 5121 potuit
505 5051 811 5116 (Baronius,
840 5051 915 5105 ad
938 5066 1071 5119 ann,
1115 5052 1245 5121 430,
1271 5054 1322 5105 et
1368 5051 1584 5117 Rivius,
1614 5052 1675 5103 in
1720 5050 1847 5104 Vita

149 5136 204 5192 S.
237 5139 475 5205 August.
506 5138 603 5191 lib.
634 5139 686 5204 4,
720 5154 840 5207 cap.
878 5141 963 5205 11,
994 5141 1021 5206 §
1052 5138 1375 5211 8).Invidns
1402 5138 1685 5203 diabolus,
1717 5154 1847 5194 cum

1948 456 2092 510 tanti
2107 456 2362 510 Doctoris
2374 472 2661 528 operaper
2674 458 2947 513 Vandalos
2960 460 3189 513 abolere
3202 460 3651 532 haudquaquam

1948 542 2236 609 valuisset,
2268 548 2333 599 ut
2349 559 2549 599 eorum
2579 547 2781 601 saltem
2808 547 3206 601 auctoritatem
3236 563 3300 602 ac
3328 548 3647 603 doctrinam

1950 629 2333 697 labefactaret,
2365 632 2547 687 varias
2576 637 2723 688 artes
2752 639 2811 688 et
2842 635 3156 689 calumnias
3184 634 3462 703 adhibuit,
3506 652 3651 707 quas

1953 718 2145 773 multis
2174 719 2235 773 in
2256 720 2392 774 locis
2419 721 2652 775 diversis
2672 722 3001 777 hominibus
3027 723 3261 777 afflavit.
3286 723 3494 777 Verum
3529 740 3643 777 non

1951 806 2233 862 credimus
2256 809 2433 863 nostri
2464 825 2583 863 esse
2605 809 2873 876 instituti,
2897 828 2962 864 ea
2994 812 3062 865 de
3088 827 3147 865 re
3160 812 3267 866 hoc
3296 812 3418 865 loco
3448 811 3669 884 dispu-‘

1913 931 1918 937 .
1950 900 2090 962 tare,
2111 912 2588 968 nequeexponere
2610 899 3101 969 quemadmodum
3125 900 3178 954 ei
3194 900 3652 971 prastantissimi

1952 984 2278 1039 defensores
2305 986 2575 1041 continuo
2604 987 2663 1041 in
2695 988 2995 1059 Prospero,
3027 987 3339 1053 Hilario,ac
3352 988 3653 1044 Caelestino

1950 1088 2101 1144 papa
2120 1072 2392 1127 divinitus
2421 1074 2644 1129 excitati
2676 1079 2842 1140 sunt;
2877 1075 3029 1130 sicut
3057 1093 3160 1129 nec
3192 1076 3409 1143 laudes,
3443 1077 3656 1148 quibus

1952 1160 2218 1215 eumdem
2248 1166 2304 1215 et
2333 1162 2525 1217 vivum
2554 1168 2610 1217 et
2647 1169 2941 1218 mortuum
2970 1164 3075 1217 viri
3106 1165 3164 1218 in
3198 1165 3438 1219 Ecclesia
3464 1165 3656 1220 claris-

1952 1248 2082 1303 simi
2105 1249 2537 1317 decoraverunt,
2560 1251 2671 1304 huc
2702 1252 2762 1305 in
2792 1268 3058 1306 acervum
3092 1269 3426 1323 congerere.
3465 1254 3653 1308 Possi-

1951 1337 2078 1391 dius
2107 1338 2451 1392 Calamensis
2492 1338 2811 1411 episcopus,
2870 1340 2971 1413 qui
3008 1342 3132 1412 ejus
3176 1341 3655 1397 in‘contubernio

1952 1440 2129 1479 annos
2153 1425 2332 1479 ferme
2352 1426 2735 1497 quadraginta
2757 1428 2978 1482 vixerat
3008 1430 3258 1499 (Possid.,
3291 1432 3351 1485 in
3390 1432 3515 1486 Vita
3535 1431 3658 1484 Au-

1950 1518 2119 1582 gust,
2140 1530 2185 1568 c.
2221 1517 2329 1580 3t),
2361 1514 2617 1585 ejusdem
2643 1521 2801 1586 gesta
2822 1533 2888 1570 ex
2918 1517 2998 1570 eis
3014 1535 3143 1588 qua
3169 1524 3291 1572 tum
3321 1518 3443 1590 ipse
3464 1535 3567 1588 per
3588 1534 3647 1570 se

1952 1602 2366 1668 observaverat,
2397 1608 2520 1657 tum
2550 1603 2610 1658 in
2624 1603 2890 1658 familiari
2910 1621 3214 1676 congressu
3241 1606 3311 1660 ab
3340 1606 3647 1660 illoaudie-

1953 1695 2060 1757 rat,
2093 1692 2388 1745 memoria
2419 1691 2708 1761 prodidit;
2751 1698 2906 1746 ratus
2936 1692 3213 1747 nimirum
3251 1694 3395 1747 hanc
3429 1693 3499 1747 ad
3531 1709 3651 1747 rem
3738 1758 3741 1761 _

1952 1778 2302 1833 adhibendas
2331 1794 2470 1839 esse,
2489 1795 2628 1849 quas
2642 1779 2832 1832 divino
2848 1796 3081 1833 munere
3098 1784 3413 1850 acceperat,
3430 1780 3650 1849 ingenii

1954 1871 2011 1921 et
2038 1866 2312 1920 sermonis
2343 1866 2655 1931 facultates,
2698 1872 2762 1919 ut
2788 1867 2859 1920 ad
2891 1866 3149 1921 Ecclesia
3192 1867 3485 1921 catholica
3515 1869 3651 1922 adi-

1953 1954 2274 2009 ficationem
2317 1954 2537 2025 aliquid
2589 1954 2888 2008 conferret.
2939 1953 3088 2019 Quin
3131 1954 3305 2009 etiam
3352 1960 3418 2010 ut
3462 1960 3657 2010 sancta

1952 2042 2178 2097 veritati
2201 2043 2467 2097 aviditate
2516 2042 2795 2097 succensis
2844 2043 3002 2097 omni
3033 2043 3254 2098 ratione
3281 2044 3649 2109 satisfaceret,

1953 2130 2105 2186 idem
2138 2131 2319 2186 sancti
2352 2132 2608 2186 Doctoris
2634 2132 2765 2186 vita
2783 2131 3023 2186 attexuit
3049 2148 3289 2204 operum
3319 2132 3471 2187 illius
3500 2132 3652 2187 indi-

1954 2220 2168 2286 culum,
2196 2218 2258 2274 in
2281 2236 2397 2291 quo
2427 2219 2528 2291 qui
2556 2221 2797 2275 terrenis
2826 2220 3029 2292 opibus
3071 2220 3324 2276 divinam
3352 2220 3653 2275 veritatem

1954 2314 2330 2380 anteponunt,
2358 2309 2510 2364 inter
2527 2309 2924 2364 incredibilem
2953 2309 3112 2364 illam
3142 2310 3484 2380 scriptorum
3509 2311 3655 2363 mul-

1953 2394 2280 2461 titudinem,
2311 2411 2439 2466 qua
2488 2394 2595 2448 sibi
2643 2395 2826 2466 magis
2877 2394 3260 2450 conducibilia
3312 2395 3654 2466 judicarent,

1958 2484 2218 2555 seligere,
2249 2499 2313 2537 ac
2342 2484 2462 2538 sine
2492 2482 2807 2538 invidentia
2852 2484 3275 2538 communicare
3321 2499 3453 2539 cum
3502 2483 3654 2538 indi-

1952 2573 2221 2643 gentibus
2249 2577 2480 2642 possent
2501 2572 2685 2641 (lbid.,
2709 2587 2755 2626 c.
2784 2574 2892 2641 18).
2918 2571 3433 2626 Elucnbravitillud
3454 2569 3643 2643 operis

1946 2663 2065 2733 jam
2080 2656 2325 2731 collap'so
2352 2659 2410 2713 in
2425 2659 2644 2713 cineres
2659 2659 3151 2730 Hippone-Regio,
3179 2666 3542 2730 mortuoque,
3567 2659 3649 2713 uti

1954 2750 2196 2814 videtur,
2231 2748 2518 2802 Bonifacio
2542 2748 2727 2817 (Ibid,
2760 2764 2804 2799 c.
2837 2750 2945 2816 ‘28),
2977 2753 3104 2819 post
3132 2764 3348 2802 annum
3390 2746 3653 2803 videlicet

1954 2836 2586 2910 quadringentesimum
2641 2835 3000 2906 trigesimum
3056 2837 3417 2890 secundum:
3457 2850 3653 2889 verum

1954 2931 2085 2981 ante
2109 2941 2327 2980 annum
2352 2923 2986 2996 quadringentesimum
3017 2922 3379 2994 trigesimum
3408 2937 3653 2987 nonum,

1952 3032 2066 3087 quo
2096 3019 2421 3086 expugnata
2448 3012 2555 3067 fuit
2580 3012 2859 3083 Carthago
2890 3029 2924 3066 a
2949 3011 3233 3075 Vaudalis,
3268 3009 3651 3081 conscriptum

1954 3104 2126 3159 fuisse
2155 3102 2521 3173 manifestum
2536 3105 2619 3156 est
2635 3100 3132 3172 ;quandoquidem
3146 3099 3390 3154 necdum
3410 3098 3646 3153 Cartha-

1955 3194 2150 3263 ginem
2180 3196 2236 3247 et
2264 3191 2479 3247 Cirtam
2527 3189 2738 3244 excisas
2785 3205 2926 3255 esse,
2958 3188 3056 3242 sed
3087 3188 3280 3242 divino
3310 3191 3368 3241 et
3393 3187 3647 3240 humano

1954 3282 2123 3335 fultas
2153 3279 2443 3351 prasidio,
2473 3278 2647 3333 etiam
2678 3283 2815 3332 tunc
2844 3282 2993 3331 stare
3030 3276 3335 3347 signiﬁcat.
3368 3274 3651 3328 Caterum

1955 3370 2140 3442 qualis
2161 3369 2312 3423 dono
2337 3367 2455 3432 Dei,
2471 3366 2906 3439 quantusquein
2929 3364 3168 3419 Ecclesia
3180 3363 3656 3433 exstiterit,cujus

1955 3476 2047 3514 res
2073 3464 2257 3530 gestas
2288 3458 2582 3513 memoria
2611 3473 2676 3511 ac
2704 3456 2902 3512 litteris
2934 3454 3186 3518 mandat,
3218 3452 3399 3507 videri
3436 3453 3557 3506 vult
3593 3453 3654 3505 in

1955 3548 2136 3619 ipsius
2164 3563 2270 3618 pro
2310 3547 2409 3601 illa
2455 3546 2621 3601 editis
2655 3544 2815 3599 libris
2843 3548 2901 3598 et
2928 3542 3257 3597 tractatibus
3285 3558 3299 3596 :
3333 3541 3391 3595 in
3421 3541 3655 3613 quibus,

1958 3636 2043 3690 uti
2072 3636 2342 3703 affirmat,
2375 3650 2602 3705 semper
2620 3633 2806 3687 vivere
2828 3649 2863 3686 a
2880 3631 3146 3686 fidelibus
3169 3629 3484 3685 invenitur.
3506 3631 3578 3685 Et
3596 3633 3655 3683 in

1955 3727 2068 3780 suis
2081 3724 2300 3795 quidem
2315 3726 2557 3793 scriptis,
2569 3722 2760 3793 pergit
2783 3721 2936 3776 idem
2961 3719 3251 3775 Possidius
3271 3718 3455 3790 (Ibid,
3474 3734 3517 3772 c.
3536 3719 3650 3787 18),

1954 3814 2046 3867 ille
2075 3816 2178 3867 Deo
2208 3817 2455 3881 acceptus
2497 3816 2546 3865 et
2597 3813 2794 3864 chorus
2823 3809 3097 3877 sacerdos,
3144 3813 3406 3877 quantum
3450 3802 3654 3862 lucente

1955 3904 2182 3956 veritate
2207 3901 2389 3956 videre
2417 3900 2746 3971 conceditur,
2784 3898 2941 3952 recta
2971 3913 3035 3952 ac
3072 3912 3218 3952 sana
3252 3896 3402 3965 fidei,
3436 3896 3573 3966 spei,
3604 3900 3656 3949 et

1955 3991 2263 4057 charitatis,
2287 3990 2561 4043 catholica
2583 3989 2832 4043 Ecclesia
2844 3989 3046 4041 vicisse
3061 3988 3450 4052 manifestatur
3472 4000 3485 4037 :
3510 3984 3657 4052 quod

1955 4083 2270 4145 agnoscunt,
2309 4080 2406 4147 qui
2433 4093 2551 4132 eum
2581 4077 2645 4131 dc
2674 4077 2878 4131 divinis
2909 4076 3225 4129 scribentem
3257 4074 3485 4140 legentes
3518 4087 3651 4142 pro-

1954 4168 2159 4237 ficiunt.
2193 4166 2298 4222 Sed
2318 4181 2411 4233 ego
2440 4165 2698 4231 arbitror,
2723 4166 2849 4234 plus
2903 4180 2970 4218 ex
3015 4179 3072 4218 co
3104 4166 3364 4233 proﬁcere
3387 4162 3651 4232 potuisse,

1956 4257 2054 4324 qui
2079 4270 2197 4309 eum
2226 4260 2275 4309 et
2306 4253 2605 4323 loquentem
2647 4255 2706 4307 in
2750 4253 2992 4307 Ecclesia
3026 4255 3342 4321 praesentem
3384 4250 3578 4306 audire
3606 4254 3657 4303 et

1958 4344 2141 4397 videre
2161 4348 2477 4413 potuerunt,
2492 4348 2542 4397 et
2565 4343 2679 4411 ejus
2699 4343 3005 4411 praesertim
3021 4343 3163 4394 inter
3185 4342 3421 4394 homines
3449 4354 3658 4393 conver-

1954 4436 2214 4487 sationem
2242 4448 2348 4487 non
2372 4434 2779 4499 ignorarerunt.
2800 4433 2937 4485 Erat
2958 4432 3100 4484 enim
3120 4444 3226 4483 non
3255 4429 3427 4483 solum
3458 4426 3642 4481 erudi-

1958 4526 2043 4575 tus
2068 4522 2250 4576 scriba
2276 4524 2335 4575 in
2361 4536 2525 4589 regno
2563 4522 2830 4584 calorum,
2863 4519 2929 4573 de
2967 4520 3216 4572 thesauro
3254 4532 3351 4571 suo
3372 4517 3656 4586 proferens

1955 4625 2095 4664 nova
2114 4614 2163 4664 et
2191 4615 2404 4675 vetera;
2435 4616 2485 4663 et
2505 4625 2645 4664 unus
2674 4610 3087 4676 negotiatorum,
3120 4607 3217 4676 qui
3246 4608 3520 4659 inventam
3535 4620 3658 4675 pre-

1956 4700 2151 4752 tiosam
2177 4700 2558 4766 margaritam,
2600 4712 2719 4767 qua
2752 4695 2982 4751 habebat
3020 4695 3279 4754 venditis.
3318 4696 3657 4763 comparavit

1959 4787 2177 4854 (Matth.
2232 4802 2351 4852 xm,
2403 4788 2496 4854 45,
2554 4787 2644 4856 46)
2677 4800 2689 4841 :
2723 4801 2908 4840 verum
2958 4786 3122 4838 etiam
3166 4799 3234 4837 ea:
3286 4785 3358 4837 iis
3405 4782 3481 4838 ad
3525 4797 3667 4851 quos-

1954 4876 2218 4943 scriptum
2254 4878 2351 4941 est,
2408 4891 2437 4926 α
2484 4875 2573 4930 Sic
2625 4875 2931 4943 loquimini,
2977 4878 3027 4926 et
3072 4873 3150 4928 sic
3190 4872 3358 4940 facite
3395 4891 3423 4923 ι)
3456 4872 3657 4938 (Jacobi

1957 4977 2017 5024 ιι,
2053 4961 2137 5029 12)
2165 4980 2179 5028 ;
2209 4966 2260 5015 et
2286 4962 2351 5015 de
2376 4962 2573 5030 quibus
2610 4963 2865 5018 Salvator
2901 4961 3055 5028 dicit,
3088 4979 3116 5012 α
3144 4960 3247 5028 Qui
3272 4962 3465 5028 fecerit
3492 4965 3543 5013 et
3571 4959 3658 5013 do-

1956 5050 2127 5103 cuerit
2156 5050 2234 5103 sic
2264 5051 2523 5119 homines,
2550 5050 2636 5104 hic
2665 5065 2896 5117 magnus
2926 5049 3209 5106 vocabitur
3235 5050 3294 5104 in
3328 5063 3491 5117 regno
3516 5049 3657 5101 calo-

1954 5153 2078 5193 rum
2114 5159 2134 5184 »
2163 5139 2379 5208 (Matth.
2404 5154 2459 5206 v,
2486 5141 2597 5210 t9).

1762 5395 2037 5407 M
