4062 6362
1398 535 1571 657 ΙΝ
1658 532 2331 656 PRIMUM
2414 528 3023 655 TOMUM

1908 763 2415 844 ΡΒίΕῈΑΤΙΟ
2453 750 2530 828 “’-

549 1096 622 1148 De
652 1093 888 1162 hujusce
920 1089 1062 1145 torni
1083 1089 1351 1148 editione,
1385 1085 1610 1141 Erudite
1635 1086 1979 1150 Lector,uon
2009 1091 2092 1139 est
2117 1103 2149 1138 a
2179 1084 2342 1139 nobis
2369 1083 2720 1138 instituenda
2746 1083 2913 1153 longa
2943 1081 3223 1153 prefatio.
3259 1081 3681 1153 Complectitur
3708 1082 3835 1135 haec
3868 1097 3991 1151 pars

481 1182 678 1237 eadem
710 1181 945 1234 omnino
971 1177 1274 1246 Augustini
1303 1175 1597 1246 opuscula,
1630 1189 1758 1244 quin
1785 1173 1933 1243 apud
1967 1173 2262 1228 Erasmum
2291 1179 2349 1228 et
2378 1173 2754 1228 Lovauienses
2800 1170 3263 1226 continebantur.
3293 1169 3444 1226 Illud
3476 1175 3708 1225 tantum
3752 1172 3993 1225 interest

473 1268 834 1336 discriminis,
864 1267 1015 1338 quod
1037 1266 1095 1320 in
1127 1265 1513 1336 Appendicem
1547 1263 1844 1331 rejecimus
1874 1262 2168 1326 nonnulla,
2201 1278 2328 1333 quae
2369 1279 2470 1333 pro
2502 1260 2764 1332 genuinis
2793 1259 3097 1330 Augustini
3127 1260 3624 1315 lucubrationibus
3653 1261 3989 1314 habuerant

471 1359 579 1412 viri
618 1356 856 1421 eruditi;
891 1361 948 1410 et
975 1354 1126 1425 quod
1150 1353 1416 1424 quaedam
1444 1352 1498 1406 S.
1537 1351 1792 1404 Doctoris
1825 1365 1999 1420 opera
2022 1349 2142 1402 loco
2168 1350 2444 1419 tantisper
2472 1349 2773 1415 movimus,
2805 1356 2866 1403 ut
2894 1349 3100 1404 seriem
3124 1350 3504 1421 ordinemque
3534 1349 3846 1420 temporis,
3877 1365 3992 1418 quo

476 1446 923 1518 unumquOdque
956 1461 1098 1514 opus
1130 1444 1198 1496 ab
1226 1445 1464 1496 Auctore
1496 1440 1729 1510 prodiit,
1763 1440 1946 1510 quoad
1979 1439 2099 1508 ejus
2125 1438 2248 1491 ﬁeri
2273 1439 2479 1508 potuit,
2502 1455 2874 1492 servaremus.
2905 1441 2969 1492 Et
2997 1439 3233 1508 quidem
3251 1444 3577 1508 opportune
3607 1437 3668 1491 in
3701 1438 3814 1491 hoc
3839 1443 3993 1489 torno

474 1536 749 1606 disposita
775 1539 907 1587 sunt
934 1550 1021 1600 ea,
1054 1548 1180 1602 quae
1210 1529 1560 1600 Augustinus
1583 1528 1810 1596 juvenis
1839 1544 1903 1580 ac
1930 1527 2184 1581 nondum
2214 1529 2511 1597 presbyter
2542 1527 2764 1596 scripsit
2794 1548 2808 1592 ;
2836 1528 2914 1582 ita
2941 1533 3134 1581 tamen
3165 1535 3229 1582 ut
3251 1527 3504 1598 primum
3534 1529 3726 1581 locum
3756 1526 3990 1579 obtine-

472 1630 602 1678 rent
632 1623 761 1677 libri
797 1622 1296 1684 Retractationum,
1331 1635 1474 1689 quos
1515 1616 1694 1671 edidit
1733 1632 1921 1679 senex,
1968 1615 2128 1685 quasi
2168 1615 2437 1686 prasviam
2487 1616 2960 1670 introductiouem
3013 1617 3081 1670 ad
3112 1617 3254 1670 alios
3304 1615 3498 1669 libros.
3537 1614 3992 1668 Retractationes

473 1729 644 1782 porro
673 1710 1109 1766 Confessionum
1141 1709 1291 1770 libri,
1323 1724 1466 1777 quos
1495 1706 1797 1775 episcopus
1826 1705 2100 1773 vulgavit,
2129 1719 2245 1756 non
2272 1703 2556 1756 immerito
2585 1711 3012 1774 consequuntur
3045 1722 3058 1759 :
3093 1705 3228 1776 quia
3258 1705 3404 1758 sicut
3439 1705 3498 1756 in
3530 1702 3763 1772 scriptis
3795 1703 3920 1755 suis
3952 1705 3992 1754 si

473 1801 611 1872 quid
641 1801 965 1862 obscurum,
997 1797 1044 1850 si
1070 1797 1205 1867 quid
1230 1795 1550 1856 dubium,si
1571 1794 1707 1865 quid
1722 1793 1938 1846 veritati
1966 1809 2080 1847 non
2104 1791 2236 1844 satis
2252 1807 2566 1861 consonum
2585 1789 2911 1863 irrepserat,
2933 1795 3290 1848 retractando
3319 1794 3664 1863 explanavit,
3697 1791 3990 1855 enodavit,

475 1888 948 1958 emendavitque;
978 1887 1059 1940 ita
1098 1886 1157 1939 in
1203 1883 1634 1940 Confessionum
1666 1883 1820 1936 libris
1851 1882 1894 1934 si
1927 1880 2063 1952 quid
2096 1880 2154 1933 in
2187 1879 2441 1932 moribus
2472 1897 2534 1933 ac
2560 1882 2671 1935 vita
2702 1899 2804 1935 sua
2827 1899 2856 1935 a
2889 1899 3034 1935 verae
3079 1899 3252 1952 quam
3300 1881 3472 1935 tradit
3503 1879 3733 1949 pietatis
3765 1881 3994 1932 tramite

476 1977 852 2041 aberraverat,
881 1973 1154 2046 piaculari
1194 1973 1550 2027 confessione
1589 1971 1851 2042 expiavit.
1911 1970 2114 2040 Sicque
2165 1969 2223 2022 in
2272 1969 2430 2022 libris
2480 1971 2972 2026 Retractationum
3004 1973 3288 2026 sincerum
3332 1988 3395 2024 ac
3437 1970 3676 2024 minime
3733 1969 3992 2023 fucatum

472 2065 722 2119 veritatis
751 2079 1007 2118 amorem
1030 2079 1158 2117 cum
1183 2061 1460 2132 singulari
1492 2061 1768 2114 modestia
1811 2058 2066 2128 inspirat,
2103 2057 2160 2110 in
2185 2057 2648 2112 Confessionibus
2688 2076 2880 2113 veram
2926 2061 3198 2130 pietatem
3243 2065 3301 2113 et
3329 2059 3692 2129 disciplinam
3731 2075 3746 2111 :
3785 2058 3993 2128 quibus

417 2142 420 2143 ν
476 2155 703 2208 dotibus
728 2153 1062 2207 instructum
1095 2167 1215 2205 esse
1244 2154 1468 2221 oportet
1498 2165 1652 2216 cum,
1680 2148 1778 2218 qui
1811 2147 1877 2201 ad
1913 2148 2036 2216 ejus
2066 2145 2379 2200 doctrinam
2411 2148 2701 2202 contendit
2730 2165 2796 2202 ex
2828 2149 3044 2202 animo.

549 2241 663 2294 Illis
683 2257 801 2294 non
831 2239 952 2294 sine
980 2239 1143 2292 uberi
1182 2238 1391 2302 fructu,
1440 2237 1736 2306 multoque
1782 2236 2086 2305 voluptatis
2125 2250 2294 2287 sensu
2315 2235 2584 2301 decursis,
2615 2236 2990 2290 succedebant
3018 2237 3167 2306 apud
3199 2238 3493 2291 Erasmum
3527 2238 3581 2287 et
3609 2235 3992 2287 Lovanienses

477 2331 749 2400 opuscula
779 2328 1067 2399 quaedam,
1098 2325 1372 2380 nimirum
1403 2325 1471 2378 de
1503 2324 1902 2386 Grammatica,
1937 2322 2267 2392 Categorize,
2303 2322 2585 2393 Princfpia
2614 2324 2927 2377 Dialecticm
2957 2331 3012 2378 et
3044 2324 3328 2394 Principia
3358 2323 3713 2387 Rhetorice;
3762 2323 3829 2376 in
3870 2324 3991 2393 qui-

477 2419 583 2473 bus
608 2417 1008 2479 eruditionem,
1043 2414 1341 2485 ingenium
1373 2413 1777 2483 solertiamque
1809 2411 2113 2481 Augustini
2141 2410 2536 2465 desiderabant
2571 2412 2789 2466 cordati
2828 2414 3082 2477 lectores,
3116 2413 3214 2484 qui
3245 2413 3314 2467 ab
3347 2413 3468 2482 ipso
3498 2412 3699 2465 limine
3743 2429 3780 2465 a
3811 2414 3992 2482 perle-

478 2507 683 2577 gendis
715 2505 858 2559 tomi
887 2503 1062 2574 primi
1103 2502 1368 2573 operibus
1405 2502 1726 2555 referebant
1763 2500 1990 2569 pedem,
2019 2499 2180 2570 quasi
2211 2498 2465 2567 ejusdem
2490 2500 2686 2553 farinae
2719 2501 2829 2554 alia
2864 2502 3367 2571 subsequerentur.
3397 2500 3819 2568 Atbujusmodi
3851 2501 3994 2572 quis-

475 2594 682 2665 quilias
711 2593 947 2664 propius
979 2592 1364 2663 inspicientes,
1395 2607 1525 2643 cum
1555 2589 1722 2643 certis
1751 2587 2104 2659 argumentis
2130 2587 2703 2657 deprehendissemus
2734 2606 2848 2642 non
2873 2590 3161 2660 pertinere
3189 2591 3260 2645 ad
3288 2589 3702 2660 Augustinum,
3731 2588 3877 2643 inde
3905 2606 3993 2642 eas

475 2684 536 2736 in
559 2682 888 2752 spuriorum
919 2681 1265 2752 scriptorum
1297 2680 1534 2733 classem
1567 2676 1996 2731 umandavimus
2017 2696 2031 2743 ;
2051 2680 2116 2729 ut
2142 2680 2266 2746 post
2290 2676 2774 2731 Retractationum
2795 2679 3337 2750 Confessionumque
3361 2677 3670 2734 lectionem
3701 2677 3996 2732 studiosos

477 2771 620 2826 nihil
649 2775 970 2826 remoretur
999 2787 1033 2824 a
1065 2770 1306 2823 lectione
1335 2768 1634 2834 librorum,
1669 2783 1810 2837 quos
1840 2766 2189 2834 Augustinus
2217 2781 2412 2819 recens
2442 2781 2746 2819 conversus
2779 2767 3154 2821 elucubravit.

547 2859 740 2930 Neque
770 2875 904 2912 vero
935 2862 1239 2929 propterea
1268 2856 1529 2922 strictim,
1561 2859 1626 2909 ut
1655 2853 1916 2924 pluribus
1946 2853 2007 2906 in
2034 2857 2286 2907 mentem
2317 2853 2504 2905 venire
2555 2854 2716 2916 solet,
2769 2855 3190 2924 praetereunda,
3224 2860 3323 2908 aut
3364 2853 3527 2926 quasi
3549 2871 3579 2908 e
3611 2854 3822 2908 limine
3851 2855 3993 2908 salu-

475 2948 651 3002 tanda
680 2953 814 3002 sunt
842 2947 1048 3002 nobilis
1077 2945 1294 3016 ingenii
1327 2945 1516 3016 prima
1545 2945 1940 3006 monumenta,
1972 2942 2134 3011 quasi
2161 2941 2299 2995 nihil
2335 2942 2637 2996 reconditas
2665 2943 2938 2996 doctrinae
2969 2943 3321 3010 contineant,
3354 2959 3484 3013 quas
3517 2959 3550 2996 a
3577 2943 3993 2997 catechumeno

476 3038 896 3108 neopbytoque,
928 3036 1056 3091 stilo
1084 3035 1366 3106 perpolito
1392 3034 1450 3086 in
1482 3033 1840 3103 dialogorum
1874 3031 2116 3084 formam
2146 3031 2393 3100 perfecta
2420 3036 2570 3085 sunt.
2605 3034 2766 3086 Certe
2793 3033 2945 3086 enim
2978 3033 3324 3103 quaestiones
3369 3032 3485 3086 illic
3515 3048 3808 3102 perquam
3848 3033 3992 3087 difli-

473 3125 628 3188 ciles,
661 3125 719 3178 in
747 3123 953 3194 quibus
991 3123 1127 3176 olim
1163 3122 1414 3175 maxima
1443 3136 1684 3191 qumque
1711 3118 1940 3187 ingenia
1959 3117 2328 3182 desudarunt,
2360 3120 2823 3189 defeceruntque,
2850 3120 3078 3174 discutit
3099 3123 3217 3190 ipse
3239 3120 3518 3188 gnaviter,
3544 3136 3609 3174 ac
3624 3121 3994 3190 sagacissime

474 3211 726 3265 resolvit.
767 3211 947 3274 Quam
978 3209 1322 3280 gravissimis
1353 3209 1640 3262 rationum
1671 3206 1976 3260 momentis
2014 3207 2082 3260 de
2122 3207 2371 3260 veritatis
2417 3209 2786 3278 perceptione
2843 3214 3040 3262 contra
3087 3209 3469 3273 Academicos,
3515 3212 3641 3262 tum
3700 3209 3772 3262 de
3827 3209 3992 3263 Beata

476 3300 612 3364 vita,
645 3299 714 3352 de
744 3298 956 3353 Ordine
986 3313 1202 3366 rerum,
1235 3297 1304 3351 de
1334 3297 1554 3351 Animm
1587 3295 1899 3366 quantitate
1927 3299 1981 3349 et
2009 3295 2456 3362 immortalitate,
2488 3296 2673 3366 deque
2713 3295 2837 3350 aliis
2867 3295 3062 3366 magni
3093 3295 3371 3351 momenti
3409 3295 3580 3350 rebus
3610 3295 3764 3349 inter
3796 3295 3992 3368 dispu-

476 3387 716 3441 tandum
746 3386 1175 3440 occurrentibus
1205 3390 1354 3455 agat,
1383 3385 1511 3456 quis
1541 3400 1655 3438 non
1687 3383 2042 3438 admiretur?
2063 3385 2275 3439 Deinde
2305 3386 2364 3438 in
2396 3385 2648 3456 quinque
2698 3385 3000 3456 postremis
3027 3385 3168 3440 tomi
3197 3385 3456 3456 ejusdem
3489 3385 3810 3455 opusculis,
3868 3401 3994 3456 quae

475 3475 749 3530 adversus
775 3473 1115 3530 Manichaeos
1146 3473 1396 3539 dictavit,
1426 3489 1598 3543 quam
1630 3472 1798 3526 variis
1826 3476 1882 3525 et
1903 3471 2312 3543 multiplicibus
2333 3489 2532 3526 eorum
2565 3473 2848 3541 haeresim,
2882 3490 3053 3544 quam
3078 3473 3278 3528 validis
3299 3491 3363 3527 ac
3386 3473 3610 3530 invictis
3629 3475 3992 3544 argumentis

474 3562 776 3618 labefactat
801 3568 858 3617 et
887 3563 1128 3617 evertit?
1159 3579 1287 3633 qua?
1318 3563 1593 3615 ni‘mirum
1617 3562 1889 3632 opuscula
1916 3561 1993 3615 ita
2023 3561 2217 3616 mirari
2248 3577 2305 3614 se
2327 3565 2497 3631 atque
2527 3561 2809 3631 suspicere
2839 3561 3063 3617 dicebat
3092 3562 3148 3616 S.
3181 3562 3472 3628 Paulinus,
3501 3567 3563 3616 ut
3590 3562 3810 3616 dictata
3843 3564 3992 3617 diri-

473 3655 623 3707 m'tus
651 3652 816 3706 verba
846 3651 1102 3705 crederet
1127 3651 1323 3721 (Epist.
1356 3653 1445 3715 2st,
1469 3666 1522 3703 η.
1553 3649 1627 3719 2).
1664 3650 1916 3720 Denique
1947 3649 2083 3703 dum
2116 3648 2361 3702 tirocinii
2390 3648 2478 3702 sui
2509 3655 2696 3718 partes
2729 3651 2948 3720 implet,
2983 3655 3154 3721 atque
3183 3651 3439 3704 animum
3471 3666 3659 3720 nuper
3689 3651 3761 3704 ab
3787 3650 3990 3704 haeresi

473 3756 812 3795 conversum
844 3739 1137 3793 catholicae
1170 3738 1306 3792 ﬁdei
1329 3737 1560 3808 penitus
1600 3737 1971 3808 subigit,nibil
2004 3737 2239 3791 omnino
2271 3739 2675 3807 praetermittit,
2705 3755 2818 3809 quo
2841 3739 2982 3794 alios
3016 3740 3222 3794 liberet
3253 3758 3284 3793 a
3312 3739 3647 3810 perniciosis
3684 3739 3806 3793 illis
3833 3757 3990 3794 erro-

471 3830 649 3896 ribus,
684 3829 742 3884 in
775 3846 915 3902 quos
937 3828 1240 3883 infeliciter
1270 3827 1606 3882 incurrerat.
1642 3827 1705 3880 Et
1729 3826 1844 3880 sive
1872 3826 1941 3880 de
1966 3825 2342 3897 Philosophis,
2376 3825 2489 3879 sive
2511 3826 2580 3880 de
2598 3827 2919 3881 Maniclueis
2937 3843 3132 3898 pmnas
3162 3829 3387 3898 repetit,
3419 3832 3619 3881 contra
3645 3828 3991 3882 eorumdem
4060 3859 4062 3876 ι

468 3934 688 3973 errores
712 3918 1032 3973 communit
1060 3917 1288 3973 lectoris
1318 3916 1878 3984 animum,vermque
1901 3913 2035 3969 ﬁdei
2056 3930 2119 3968 ac
2146 3914 2438 3984 religionis
2457 3914 2789 3969 Christianae
2815 3915 3188 3970 fundamenta
3214 3915 3393 3970 menti
3415 3915 3584 3970 altius
3607 3915 3824 3987 inﬁgit.
3849 3917 3993 3981 Quid

468 4008 622 4080 quod
652 4008 721 4062 ab
753 4008 986 4062 ineunte
1021 4006 1146 4061 vitae
1173 4005 1424 4059 melioris
1458 4003 1751 4076 proposito
1783 4003 1861 4056 ita
1890 4006 2250 4072 comparatus
2293 4003 2402 4057 fuit
2448 4003 2533 4056 vir
2563 4009 2810 4071 sanctus,
2843 4011 2906 4059 ut
2954 4010 3100 4059 artes
3140 4004 3290 4076 ipsas
3336 4004 3604 4060 liberales
3635 4020 3760 4057 non
3787 4005 3994 4074 jejuno
4060 4017 4062 4080 ί

467 4096 568 4150 illo
598 4096 921 4166 vulgarium
954 4099 1254 4149 auctorum
1286 4094 1454 4147 modo
1478 4096 1765 4154 tractaret,
1800 4090 1896 4144 sed
1927 4090 2120 4144 animo
2153 4092 2324 4160 plane
2376 4090 2711 4159 christiano,
2744 4097 3026 4164 quatenus
3056 4094 3332 4147 lectorum
3358 4091 3581 4145 animos
3613 4091 3686 4145 ad
3719 4091 3994 4147 Condito-

469 4183 547 4237 ris
575 4199 831 4237 amorem
861 4183 1248 4254 perduceret?
1305 4181 1388 4234 Ita
1417 4179 1573 4233 enim
1613 4183 1862 4232 mentem
1884 4179 2003 4231 hac
2028 4179 2096 4232 de
2143 4194 2202 4232 re
2251 4194 2412 4234 suam
2444 4179 2707 4250 aperitin
2755 4179 2858 4235 lib.
2896 4185 2912 4235 t
2947 4182 3193 4249 Retrac,
3237 4196 3289 4235 c.
3345 4182 3398 4234 6.
3425 4179 3584 4234 Unde
3608 4177 3878 4250 quinque
3931 4180 3992 4234 de

474 4271 680 4326 Musica
711 4270 986 4324 absolutis
1017 4269 1176 4323 libris
1207 4269 1414 4338 adjecit
1443 4271 1686 4331 sextum,
1717 4267 1817 4337 qui
1842 4266 2015 4319 totius
2046 4267 2370 4336 argumenti
2403 4283 2688 4322 summam
2719 4268 2789 4323 ad
2820 4269 3284 4335 Deumtraducit,
3318 4268 3624 4339 erigitque.

546 4359 806 4414 Jamvero
836 4357 935 4427 qui
967 4354 1399 4426 Augustinianaa
1429 4354 1699 4407 doctrinas
1748 4352 2005 4406 animum
2055 4354 2424 4418 assuefacere,
2471 4357 2710 4428 ejusque
2755 4358 3056 4430 przeceptis
3073 4363 3130 4413 et
3149 4357 3424 4412 institutis
3465 4356 3696 4428 penitus
3729 4357 3994 4413 imbuere

477 4445 742 4511 voluerit,
784 4459 886 4516 per
935 4443 1164 4498 eosdem
1224 4457 1450 4496 necesse
1508 4446 1595 4496 est
1654 4445 1720 4495 ut
1767 4439 2029 4512 proﬁciat
2083 4441 2311 4511 gradus,
2373 4447 2429 4496 et
2475 4445 2543 4498 ad
2591 4445 2912 4500 absolutam
2957 4446 3110 4500 illius
3151 4445 3561 4517 perfectionem
3618 4445 3993 4515 pedetentim

477 4537 757 4604 assurgat.
791 4533 914 4587 Non
947 4532 1139 4603 pigeat
1167 4531 1426 4585 eamdem
1457 4529 1718 4584 incedere
1739 4529 1909 4595 viam,
1943 4545 2115 4599 quam
2161 4530 2343 4584 tenuit
2373 4532 2872 4602 Augustinus,.vir
2917 4537 3127 4590 tantus.
3173 4536 3248 4589 Eo
3276 4534 3480 4589 invitat
3509 4536 3608 4588 aut
3658 4533 3994 4604 argumenti

479 4621 751 4692 dignitas,
783 4625 882 4675 aut
903 4621 1108 4675 modus
1138 4618 1420 4674 tractandi
1452 4634 1560 4685 res,
1608 4614 1822 4688 ubique
1867 4633 2089 4671 summo
2132 4622 2189 4671 et
2228 4618 2394 4688 plane
2438 4619 2749 4676 christiano
2795 4614 3030 4677 homine
3076 4622 3284 4693 dignus
3316 4639 3330 4676 :
3366 4621 3579 4693 ubique
3611 4621 3757 4691 quid
3791 4623 3993 4687 discas,

477 4715 576 4764 aut
633 4709 921 4781 quomodo
985 4709 1167 4764 discas
1217 4706 1491 4763 invenies.
1542 4707 1686 4761 Sane
1733 4706 1792 4760 in
1847 4705 1936 4759 his
1985 4705 2054 4760 de
2096 4705 2304 4776 quibus
2351 4708 2574 4778 agimus
2617 4710 2777 4766 libris
2831 4727 3030 4781 graves
3083 4711 3297 4782 passim
3327 4715 3636 4765 occurrunt
3659 4713 3993 4776 sententiae,

477 4799 749 4855 studiosis
780 4799 1144 4854 instituendis
1173 4797 1466 4869 perutiles,
1502 4812 1745 4868 quarum
1774 4796 1857 4850 vel
1890 4811 2005 4850 una
2032 4794 2209 4849 cuivis
2239 4795 2534 4868 fueritpro
2565 4798 2777 4871 integri
2808 4800 2939 4855 libri
2963 4800 3329 4872 compendio.
3366 4798 3598 4854 Accedit
3623 4799 3788 4869 quod
3819 4799 3883 4854 in
3908 4800 3991 4863 iis,

479 4905 607 4960 quae
632 4888 869 4959 juvenes
896 4888 1217 4955 scribimus,
1248 4887 1520 4958 pinguior
1539 4885 1763 4940 incedat
1783 4884 1986 4951 oratio,
2019 4901 2082 4940 ac
2102 4885 2326 4955 plenior
2346 4887 2692 4958 eloquentiae
2717 4905 2882 4943 succo
2909 4906 2922 4956 ;
2944 4871 3190 4961 plusque
3206 4888 3413 4943 habeat
3431 4886 3987 4962 vivaciorisingenii,

479 4993 654 5049 quam
678 4993 744 5031 ea
774 4993 902 5048 quae
932 4979 1197 5048 torpente
1217 4977 1339 5046 jam
1366 4980 1531 5030 aetate
1556 4974 1916 5029 meditamur.
1948 4973 2010 5028 Id
2041 4974 2431 5044 experimento
2461 4981 2681 5032 constat
2715 4977 2777 5031 in
2819 4977 3022 5048 primis
3072 4977 3225 5032 hisce
3272 4977 3456 5045 libris,
3488 4993 3632 5050 quos
3663 4978 3992 5033 Rhetorica!

478 5066 782 5138 praeceptis
805 5065 1057 5137 perfecte
1088 5065 1342 5120 imbutus
1381 5063 1634 5118 elimavit
1661 5061 2008 5134 Augustinus
2037 5068 2168 5116 ante
2198 5063 2485 5134 pauloque
2514 5069 2640 5134 post
2664 5065 3010 5136 baptismum
3037 5082 3227 5121 suum.
3262 5065 3482 5120 Habent
3507 5081 3644 5137 ergo
3671 5067 3994 5137 plurimum

482 5155 760 5211 momenti
790 5154 911 5209 haec
941 5169 1132 5225 opera,
1166 5153 1282 5207 sive
1308 5151 1691 5224 iugenium'et
1722 5150 2133 5223 eloquentiam,
2165 5152 2281 5207 sive
2311 5153 2627 5208 doctrinam
2655 5170 2716 5208 ac
2745 5155 3018 5225 pietatem
3039 5161 3281 5227 spectes.
3313 5156 3476 5221 Quod
3501 5156 3571 5210 de
3601 5157 3887 5213 omnibus
3916 5159 3995 5213 di-

480 5248 682 5313 cimus,
715 5245 770 5300 id
804 5244 873 5299 de
895 5260 962 5298 eo
985 5243 1134 5313 quod
1165 5241 1233 5296 de
1263 5241 1464 5295 Libero
1497 5239 1728 5294 arbitrio
1758 5239 2047 5311 inscripsit
2073 5241 2444 5312 Augustinus,
2479 5248 2744 5312 expertus
2773 5249 2856 5298 est
2881 5244 3023 5311 Odo,
3052 5249 3247 5315 postea
3275 5244 3576 5315 episcopus
3607 5244 4000 5302 Cameracen-

479 5337 575 5403 sis,
602 5334 702 5407 qui
731 5334 867 5389 dum
888 5332 1031 5387 forte
1058 5330 1287 5386 fortuna
1325 5347 1354 5384 a
1384 5328 1633 5401 quodam
1657 5328 1858 5384 clerico
1885 5329 2037 5384 hunc
2069 5331 2276 5385 librum
2326 5331 2642 5401 coemisset,
2675 5331 2735 5386 in
2765 5331 2960 5387 scrinii
3007 5334 3280 5405 angulum
3324 5331 3583 5402 projecit,
3637 5339 3860 5406 utpote
3909 5338 4004 5407 qui

545 5528 616 5589 (vl)
651 5527 743 5576 Hic
763 5527 950 5589 incipit
973 5529 1148 5575 tomus
1171 5524 1372 5586 primus
1399 5522 1750 5573 Benedictinaa
1781 5522 2045 5584 editionis,
2078 5524 2357 5587 praeposita
2381 5524 2551 5574 solum
2581 5524 2797 5586 epistola
2829 5524 3166 5577 dedicatoria.
