4062 6352
238 325 335 377 38!
1091 318 1480 375 ADMONITIO
1525 320 1610 373 DE
1658 319 1931 374 DUOBUS
1969 318 2608 375 RFTRACTATIONUM
2651 319 2892 377 LIBRIS.
3632 328 3750 379 ~58‘2

239 443 429 498 adhuc
450 443 736 498 mundanae
758 445 1040 514 sapientia:
1068 442 1304 511 deditus,
1340 443 1515 511 magis
1554 441 1923 498 delectabatur
1950 443 2169 497 lectione
2210 442 2472 510 Platonis,
2518 457 2683 510 quam
2727 443 3045 509 Augustini.
3083 445 3223 498 Cum
3260 460 3396 498 vero
3445 447 3577 514 post
3605 445 3749 501 duos

239 532 421 586 ferme
451 548 673 586 menses
707 532 960 586 Boetium
984 530 1053 586 de
1078 530 1474 586 Consolatione
1500 530 1885 601 Philosophiae
1913 530 2205 603 discipulis
2232 533 2570 603 prazlegens,
2602 531 2671 585 ad
2701 536 2966 602 quartum
2996 532 3229 599 librum,
3254 532 3313 586 in
3332 549 3446 604 quo
3479 533 3748 589 delibero

241 619 512 674 arbritrio
542 619 790 687 disserit,
832 620 1221 691 pervenisset;
1245 619 1575 674 recordatus
1605 620 1781 690 empti
1811 619 1962 686 libri,
1992 625 2178 674 vocato
2215 621 2464 674 ministro
2483 634 2579 674 suo
2608 619 2771 687 iussit
2790 635 2909 673 eum
2935 620 3041 674 sibi
3059 621 3284 688 deferri.
3316 622 3493 677 Lectis
3523 623 3745 679 duabus

160 718 163 721 '
239 710 494 763 tribusve
525 708 771 779 paginis,
803 708 1122 763 convocatis
1153 708 1505 762 scholaribus
1536 708 1672 775 suis,
1701 711 1853 777 Vere,
1887 708 2094 780 inquit,
2119 710 2372 763 hactenus
2400 709 2655 775 ignoravi
2675 709 3046 777 Augustinum
3079 714 3242 764 tantas
3276 715 3493 782 tamque
3511 713 3740 769 detecta-

243 798 370 852 bilis
396 800 570 865 fuisse
595 797 893 864 facundiae.
926 797 1279 868 Perlegendo
1322 797 1554 852 tertium
1600 796 1833 865 librum,
1868 798 1927 852 in
1954 798 2140 852 virum
2170 798 2413 852 alterum
2437 802 2709 862 mutatus,
2736 797 2955 851 scholas
2982 798 3261 868 paulatim
3292 799 3525 867 deserit,
3559 803 3743 858 eccle-

244 886 391 940 siam
446 886 788 961 frequentat,
824 902 887 940 ac
927 886 1161 939 demum
1191 884 1396 938 seaculo
1427 884 1698 939 nuntium
1726 885 1985 940 remittit.
2030 887 2156 940 Haec
2185 902 2251 940 ex
2285 885 2628 940 Herimanno
2652 884 2994 939 Tornacensi
3025 887 3303 942 monacho
3334 888 3604 944 discimus
3636 893 3741 963 (a).

244 974 402 1029 Idem
434 981 695 1045 expertus
715 974 900 1028 fuerat
927 972 1408 1042 Paulinus(Epist.
1435 975 1524 1041 25,
1557 989 1608 1026 η.
1648 974 1694 1041 l)
1722 974 1841 1043 jam
1862 989 1894 1027 a
1931 973 2092 1029 nobis
2121 974 2401 1041 laudatus,
2435 974 2535 1045 qui
2565 973 2793 1028 easdem
2822 974 3126 1044 Augustini
3155 981 3353 1030 contra
3402 978 3736 1035 Manichaeo-

242 1080 376 1119 rum
416 1064 679 1118 heresim
708 1064 1043 1134 scriptiones
1072 1063 1306 1134 primas,
1347 1068 1396 1116 et
1417 1062 1482 1116 de
1510 1063 1845 1117 scholasticis
1873 1063 2231 1128 facultatibus
2250 1065 2554 1131 afﬂuentes,
2577 1068 2628 1117 et
2654 1063 2720 1116 de
2750 1063 3045 1118 caelestibus
3064 1066 3215 1131 favis
3240 1064 3437 1130 dulces,
3471 1071 3531 1121 ut
3550 1070 3746 1124 animae

244 1168 357 1208 sum
378 1151 634 1220 medicas,
666 1157 716 1207 et
744 1153 959 1206 altrices
991 1152 1309 1207 avidissime
1341 1150 1590 1205 lectitare
1612 1151 1848 1205 solebat.
1889 1153 2000 1206 Hos
2038 1153 2210 1219 igitur
2236 1151 2418 1218 libros,
2468 1150 2672 1222 inquit,
2718 1152 2933 1206 lectioni
2969 1152 3154 1219 habeo,
3189 1155 3247 1206 in
3276 1155 3361 1208 his
3400 1170 3480 1210 me
3524 1157 3743 1225 oblecto,

244 1241 313 1295 de
332 1243 414 1297 his
439 1243 615 1297 cibum
642 1245 817 1312 capio,
850 1257 954 1295 non
983 1242 1138 1295 illum
1170 1243 1267 1310 qui
1286 1242 1449 1310 perit,
1497 1240 1592 1294 sed
1629 1241 1726 1309 qui
1753 1244 2009 1309 opera-tur
2047 1243 2173 1295 vitae
2202 1245 2411 1296 aeternae
2433 1241 2814 1295 substantiam.
2860 1239 3004 1294 Tum
3034 1240 3090 1295 in
3150 1241 3457 1312 Augustini
3511 1243 3739 1299 laudem

245 1332 562 1384 exclamat:
597 1330 639 1386 0
676 1345 796 1383 vere
816 1330 901 1384 sal
928 1335 1098 1397 terram
1155 1345 1259 1397 quo
1280 1328 1586 1397 praecordia
1614 1332 1821 1393 nostra,
1852 1344 1915 1382 ne
1942 1331 2153 1397 possint
2192 1329 2374 1383 saeculi
2404 1343 2682 1383 vanescere
2710 1343 2909 1389 errore,
2940 1328 3286 1395 condiuntur,
3320 1334 3428 1383 etc.

320 1420 597 1474 Caeterum
625 1422 906 1489 quantum
921 1434 1110 1488 opera:
1134 1418 1192 1472 in
1219 1416 1576 1471 emendando
1597 1417 1769 1471 hocce
1790 1422 1946 1471 tomo
1967 1417 2344 1489 posuerimus,
2377 1416 2517 1471 nihil
2550 1416 2785 1471 interest
2809 1416 3090 1487 explicare
3111 1432 3214 1487 per
3232 1422 3443 1487 partes.
3473 1418 3745 1473 Admoni-

243 1507 428 1561 tiones
458 1506 515 1560 in
546 1506 954 1577 opusculorum
974 1506 1158 1560 fronte
1175 1504 1548 1576 prteliximus,
1568 1508 1738 1575 atque
1774 1508 2176 1574 argumentum
2202 1504 2479 1573 cujusque
2500 1501 2630 1556 libri
2650 1501 3014 1572 ascripsimus
3037 1500 3220 1555 initio.
3245 1501 3733 1571 Capitulationum

242 1597 513 1649 lemmata
544 1594 747 1665 saepius
779 1593 1117 1648 inconcinna
1148 1593 1491 1648 mutavimus
1512 1592 1743 1663 passim,
1769 1592 2213 1662 earumdemque
2240 1590 2561 1645 numericas
2583 1594 2744 1643 notas
2771 1588 3126 1659 marginibus
3155 1589 3367 1650 ailixas,
3396 1606 3464 1644 ne
3490 1592 3731 1662 receptis

239 1683 608 1737 citationibus
628 1682 885 1736 confusio
916 1682 1261 1753 gigneretur,
1290 1681 1657 1750 retinuimus,
1684 1681 1917 1736 mutatis
1948 1686 2141 1735 tamen
2171 1680 2458 1734 interdum
2491 1684 2548 1733 et
2572 1678 2962 1749 multiplicatis
2990 1677 3352 1745 sectionibus,
3386 1694 3526 1750 quas
3546 1679 3607 1733 in
3635 1696 3745 1735 nu-

240 1786 433 1824 meros
463 1770 635 1826 etiam
658 1770 1009 1841 distinguere
1030 1771 1213 1825 visum
1244 1774 1347 1836 est,
1378 1774 1440 1824 ut
1467 1770 1687 1825 facilior
1716 1776 1862 1824 esset
1884 1768 2186 1840 Augustini
2219 1768 2399 1823 lectio.
2425 1769 2655 1823 Notulas
2674 1768 2731 1821 in
2760 1766 3018 1838 margine
3052 1766 3310 1821 inferiori
3342 1767 3738 1838 apposuimus,

237 1858 344 1914 ubi
374 1857 755 1929 insigniorum
785 1859 1204 1914 correctionum
1232 1859 1515 1913 rationem
1552 1858 1922 1913 reddidimus.
1961 1857 2429 1929 Comparavimus
2458 1872 2651 1911 rerum
2680 1855 3101 1927 Scripturaeque
3141 1855 3393 1911 Iudicem
3430 1854 3447 1888 ί
3475 1855 3535 1910 in
3574 1856 3747 1928 hujus

237 1945 384 2001 tomi
413 1947 704 2018 opuscula,
733 1947 1002 2002 studiosis
1033 1947 1294 2002 nonnihil
1332 1947 1612 2017 utilitatis,
1652 1946 1736 2001 uti
1766 1962 2082 2018 speramus,
2111 1947 2436 2000 allaturum.
2471 1944 2593 1999 Alia
2622 1944 2993 2015 praestitimus
3031 1943 3285 2010 demum,
3321 1959 3450 2015 quae
3481 1943 3747 2015 superius

240 2032 306 2088 in
335 2034 670 2105 praefatione
704 2036 957 2106 generali
989 2035 1214 2090 abunde
1245 2035 1617 2106 explicantur.

308 2151 323 2183 ¹
362 2149 577 2198 Patrum
600 2149 961 2199 Maurinorum
986 2150 1247 2199 rationem
1293 2163 1402 2199 non
1427 2149 1646 2199 omnino
1675 2150 1823 2213 sequi
1846 2149 1998 2199 nobis
2033 2149 2207 2198 visum
2236 2151 2334 2197 est.
2367 2147 2574 2197 Inutilis
2599 2147 2742 2197 enim
2771 2152 2852 2197 est
2878 2146 3035 2196 index
3080 2148 3376 2211 analyticus
3414 2148 3745 2211 particularis

239 2228 436 2290 cuique
468 2236 610 2277 tomo
622 2228 998 2289 sufﬂxus,cum
1014 2229 1188 2278 indice
1209 2229 1443 2293 generali
1455 2228 1810 2278 claudendum
1830 2230 1898 2278 sit
1911 2233 2078 2278 totum
2103 2242 2236 2292 opus
2258 2243 2273 2288 ;
2298 2226 2484 2277 saltem
2505 2226 2672 2276 multo
2690 2227 2857 2290 magis
2877 2226 3111 2290 proderit
3133 2227 3360 2277 indicem
3381 2241 3577 2288 rerum,
3591 2233 3750 2292 prout

243 2309 300 2356 in
332 2306 569 2371 quolibet
591 2308 860 2358 volumine
886 2309 1124 2369 veniunt,
1155 2308 1221 2357 ad
1246 2308 1404 2358 finem
1438 2307 1853 2372 uniuscujusque
1880 2309 2140 2372 posuisse.
2179 2306 2331 2365 Quod
2359 2307 2417 2356 in
2438 2306 2777 2356 Benedictina
2806 2305 3036 2357 editione
3061 2320 3091 2354 a
3119 2306 3319 2367 multis,
3342 2319 3437 2357 nec
3463 2308 3746 2369 immerito,

244 2386 601 2436 desideratur.
758 2387 824 2436 Μ.

3434 2380 3442 2395 i

311 2466 384 2528 (α)
418 2466 611 2516 Herim.
644 2466 698 2515 in
729 2467 933 2517 Narrat.
946 2466 1362 2517 Restaurationis
1391 2467 1523 2516 Abh.
1549 2467 1601 2516 S.
1632 2467 1786 2517 Mart.
1819 2467 2064 2525 Tornac.,
2095 2479 2148 2513 n.
2184 2466 2230 2525 4,
2268 2464 2517 2529 Spicileg.
2559 2467 2688 2513 tom.
2723 2466 2799 2513 l2.

1496 2678 2507 2809 ADMONITIO

1215 2887 1318 2945 DE
1387 2885 1702 2947 DUOBUS
1763 2884 2488 2945 RETRACTATIONUM
2555 2885 2799 2945 LlBBlS

317 3021 465 3086 Quid
492 3038 676 3077 causa:
706 3027 962 3076 sanctum
988 3019 1392 3092 Augustimum
1423 3020 1490 3074 ad
1526 3019 1912 3075 retractandas
1941 3017 2409 3090 castigandasque
2439 3017 2860 3073 lucubrationes
2885 3032 3014 3072 suas
3059 3017 3379 3089 impulerit,
3412 3019 3596 3090 aperit
3628 3020 3753 3091 ejus

245 3109 506 3179 praefatio
522 3110 581 3164 in
596 3108 1105 3181 sequenteslibros.
1121 3109 1182 3163 ld
1195 3108 1817 3179 negotiiaggressusest
1828 3108 1931 3162 sub
1946 3107 2208 3162 ultimam
2219 3107 2347 3161 vitae
2372 3124 2489 3161 sua:
2509 3106 2839 3185 periodum;
2863 3111 3012 3161 certe
3034 3122 3151 3161 non
3179 3108 3360 3162 multo
3388 3112 3518 3161 ante
3532 3125 3745 3163 annum

243 3198 454 3255 Christi
482 3201 607 3261 427,
639 3215 767 3253 cum
798 3199 857 3252 in
880 3202 1081 3269 quarto
1111 3196 1180 3251 de
1221 3196 1484 3250 Doctrina
1510 3197 1827 3252 Christiana
1856 3197 2022 3263 libro,
2052 3212 2222 3268 quem
2253 3196 2314 3251 in
2344 3196 2861 3251 Retractationibus
2888 3200 3126 3250 testatur
3155 3212 3189 3250 a
3219 3212 3301 3265 se,
3327 3197 3465 3251 dum
3494 3196 3629 3251 huic
3661 3198 3743 3251 rei

247 3287 530 3341 incumbit
547 3287 931 3357 conscriptum
960 3301 1101 3351 esse,
1135 3299 1316 3339 annos
1344 3286 1793 3351 numeretferme
1815 3290 1928 3339 octo
1953 3284 2036 3339 vel
2063 3286 2298 3361 amplius
2323 3302 2356 3338 a
2374 3300 2476 3339 sua
2494 3284 2648 3355 apud
2676 3284 3060 3339 Caesareenses
3079 3285 3563 3356 peregrinatione,
3600 3287 3749 3341 unde

253 3376 446 3446 ipsum
494 3375 718 3429 labente
752 3390 903 3429 anno
933 3375 1037 3428 418
1068 3371 1299 3427 rediisse
1332 3371 1533 3442 liquet.
1566 3372 1708 3427 Cum
1737 3376 1928 3427 autem
1957 3371 2293 3443 scriptiones
2308 3389 2438 3427 suas
2458 3388 2673 3439 omnes,
2708 3388 2914 3443 nempe
2948 3371 3162 3442 Libros,
3195 3373 3491 3444 Epistolas,
3523 3376 3750 3429 Sermo-

252 3478 372 3529 nes,
402 3479 503 3518 seu
540 3479 685 3535 quos
726 3463 1054 3527 dictaverat,
1078 3477 1180 3515 seu
1208 3477 1350 3531 quos
1379 3460 1615 3527 dixerat,
1646 3461 1719 3515 ad
1748 3476 1989 3515 examen
2031 3477 2293 3516 revocare
2332 3461 2525 3516 animo
2558 3462 2917 3532 destinasset,
2942 3479 2976 3516 a
3006 3462 3181 3517 Libris
3210 3462 3325 3516 suis
3354 3480 3476 3517 rem
3501 3464 3739 3519 adorsus

249 3557 338 3605 est
362 3567 376 3605 :
404 3552 637 3623 jamque
667 3567 868 3606 omnes
896 3550 1170 3604 hactenus
1203 3549 1386 3604 editos
1414 3549 1783 3620 expenderet,
1816 3565 1946 3604 cum
1975 3548 2274 3619 epistolam
2301 3550 2612 3605 secundam
2664 3550 2888 3621 scripsit
2935 3550 3004 3605 ad
3050 3550 3507 3615 Quodvultdeum
3547 3553 3745 3623 (Epist.

250 3640 395 3708 224),
428 3656 578 3694 anno
606 3640 751 3694 forte
780 3641 906 3705 428,
939 3655 1052 3710 quo
1081 3642 1337 3708 tempore
1365 3638 1605 3709 Prosper
1636 3644 1692 3692 et
1722 3638 1968 3692 Hilarius
1996 3637 2059 3691 in
2088 3638 2281 3694 Galliis
2305 3639 2561 3695 nondum
2591 3640 2897 3694 rescierant
2923 3640 3142 3694 editum
3173 3640 3492 3712 quidquam
3515 3640 3748 3712 hujusce

249 3728 461 3799 operis,
495 3729 578 3782 uti
606 3745 676 3783 ex
706 3727 905 3783 Hilarii
936 3727 1187 3797 Epistola
1214 3726 1555 3798 intelligitur
1582 3727 1778 3798 (Epist.
1819 3727 1966 3793 2’26),
1997 3727 2161 3807 cujus
2189 3732 2382 3781 tamen
2401 3728 2572 3782 libros
2604 3728 2747 3783 duos
2770 3734 3081 3799 antequam
3118 3744 3321 3783 eorum
3351 3730 3565 3783 litteras
3594 3745 3767 3783 rece-,

249 3817 447 3887 pisset,
475 3817 766 3871 absolutos
796 3815 965 3870 fuisse
1005 3814 1268 3869 rescribit
1293 3814 1649 3886 Augustinus
1677 3814 1740 3869 in
1768 3815 1871 3870 lib.
1917 3815 1988 3870 de
2021 3814 2297 3871 Prasdest.
2335 3815 2452 3883 SS.,
2483 3832 2531 3869 c.
2565 3818 2616 3871 3.
2639 3816 2804 3881 Quod
2836 3817 3027 3888 itaque
3058 3816 3194 3871 dicit
3222 3817 3509 3872 Possidius
3556 3836 3605 3875 c.
3656 3822 3748 3889 28,

249 3908 390 3960 Ante
405 3905 719 3973 proximum
738 3903 881 3957 diem
910 3903 1087 3957 obitus
1117 3905 1223 3971 sui,
1254 3919 1290 3956 a
1313 3918 1365 3957 se
1391 3904 1622 3957 dictatas
1642 3907 1692 3957 et
1718 3903 1887 3958 editos
1910 3906 2173 3958 recensuit
2203 3904 2405 3969 libros;
2437 3904 2493 3959 id
2525 3903 2706 3976 rigide
2760 3921 2824 3959 ex
2869 3904 3189 3960 litterarum
3221 3906 3475 3977 apicibus
3515 3923 3632 3962 non
3659 3907 3749 3962 in-

249 3990 687 4061 terpretandum
715 3995 832 4045 est:
864 3992 1183 4061 praesertim
1213 4007 1343 4046 cum
1374 3992 1575 4047 eodem
1604 3991 1724 4064 ipse
1755 3993 1877 4048 loco
1908 3993 2196 4048 volumina
2222 3993 2329 4047 hac
2354 3992 2424 4048 de
2444 4010 2505 4048 re
2528 3994 2641 4049 duo
2670 3998 2799 4048 ante
2822 3994 3214 4049 'Vandalorum
3239 3994 3299 4048 in
3328 3995 3577 4051 Africam
3606 3995 3753 4049 irru-

253 4078 508 4150 ptionem
536 4082 765 4149 peracta
804 4078 1027 4133 referat.

326 4165 592 4237 Epistolis
621 4165 793 4220 etiam
823 4165 1116 4237 exigendis
1145 4182 1381 4237 operam
1410 4166 1582 4223 dabat
1607 4168 1979 4240 Augustinus,
2001 4170 2240 4241 jamque
2267 4169 2413 4225 bene
2445 4172 2653 4227 multas
2682 4171 2915 4226 sedulus
2942 4172 3245 4242 relegerat,
3276 4171 3503 4226 tametsi
3530 4171 3750 4227 nullam

251 4257 314 4311 in
344 4271 439 4310 eas
468 4253 1091 4309 animadversionemin
1108 4254 1317 4324 scripta
1345 4254 1677 4327 redegerat;
1698 4272 1825 4311 cum
1850 4272 1977 4312 ecce
2003 4258 2212 4313 Juliani
2243 4258 2530 4331 pelagiani
2559 4260 2900 4331 posteriores
2926 4264 3051 4314 octo
3075 4260 3244 4315 libros
3266 4260 3543 4331 prodiisse
3569 4260 3751 4328 audit,

250 4359 465 4416 eosque
486 4342 823 4398 adhortante
865 4342 1070 4414 Alypio
1086 4342 1348 4398 refellere
1382 4344 1718 4415 aggreditur
1736 4366 1751 4413 ;
1772 4351 1945 4417 atque
1961 4345 2195 4403 interim
2224 4352 2472 4418 coeptum
2486 4347 2933 4419 opusremissius
2956 4347 3095 4418 agit,
3126 4349 3279 4422 quod
3310 4349 3544 4403 demum
3573 4352 3757 4403 morte

250 4436 684 4504 praeoccupatus
713 4432 1001 4487 absolvere
1031 4447 1149 4487 non
1176 4432 1376 4488 valuit.

326 4522 499 4575 Porro
528 4520 582 4575 S.
613 4520 819 4574 Doctor
838 4519 1013 4574 libros
1041 4536 1192 4587 suos,
1225 4536 1290 4575 ex
1321 4526 1646 4593 temporum
1666 4523 2009 4595 plerumque
2033 4522 2232 4579 ordine
2254 4524 2577 4594 recensitos,
2599 4524 2740 4579 duas
2760 4525 2948 4595 coegit
2972 4525 3030 4579 in
3050 4527 3275 4595 classes,
3296 4531 3360 4581 ut
3384 4543 3529 4598 quos
3556 4545 3588 4583 a
3613 4545 3743 4583 con-

252 4608 532 4664 versionis
580 4618 699 4663 suae
732 4609 824 4663 die
876 4607 1180 4679 scripserat
1216 4609 1477 4665 nondum
1520 4611 1850 4682 Episcopus,
1868 4611 2074 4665 horum
2107 4613 2561 4669 retractationem
2592 4613 2763 4669 codex
2788 4629 2939 4667 unus
2966 4616 3622 4685 complecteretur;alter
3647 4634 3757 4672 ca:-

252 4702 534 4751 terorum.
566 4696 822 4762 Quorum
850 4696 1109 4751 omnium
1131 4696 1349 4763 titulos,
1381 4702 1658 4768 tempora,
1688 4703 2048 4770 argumenta,
2075 4704 2130 4754 et
2151 4702 2472 4757 occasiones
2493 4702 2584 4756 hic
2602 4700 2986 4773 persequitur,
3002 4717 3065 4755 ac
3077 4708 3362 4772 postremo
3380 4704 3740 4774 singulorum

250 4784 414 4839 initia
444 4783 750 4855 diligenter
783 4788 958 4839 notat.
992 4783 1133 4841 Huic
1154 4783 1317 4854 operi
1364 4785 1652 4839 Possidius
1680 4786 1913 4840 titulum
1959 4787 2181 4853 tribuit,
2214 4789 2281 4843 de
2311 4792 2622 4846 Recensione
2650 4790 2954 4844 Librorum.
2993 4790 3201 4845 Omnes
3229 4796 3422 4847 tamen
3454 4792 3581 4847 libri
3615 4793 3755 4847 editi

250 4887 318 4926 ac
355 4872 552 4944 scripti
580 4873 1042 4928 Retractationum
1082 4871 1245 4925 libros
1274 4871 1581 4942 appellant,
1616 4890 1730 4927 uno
1758 4873 1904 4929 forte
1937 4882 2174 4946 excepto
2208 4878 2589 4933 vetustissimo
2623 4879 2718 4933 Ms.
2753 4872 2944 4933 codice
2974 4879 3319 4947 Corbeiensi,
3369 4881 3490 4954 qui,
3537 4885 3754 4936 mutato

248 4961 549 5024 vocabulo,
580 4961 639 5015 in
665 4961 779 5016 ﬁne
813 4961 942 5015 libri
967 4960 1235 5031 primisic
1264 4960 1472 5015 habet:
1497 4962 1745 5031 Emplicit
1765 4962 1900 5015 liber
1916 4965 2129 5031 primus
2153 4967 2610 5035 Recognitionum.
2626 4967 2791 5038 Apud
2813 4966 3000 5038 ipsum
3026 4970 3409 5039 Augustinum
3431 4975 3551 5025 tum
3570 4971 3627 5024 in
3639 4969 3754 5041 epi-

249 5051 398 5105 stola
424 5050 495 5105 ad
526 5050 1005 5129 Quodvultdeum,
1025 5049 1286 5120 libroque
1313 5050 1382 5104 de
1405 5051 1676 5106 Prmdest.
1711 5050 1828 5118 SS.,
1863 5067 1943 5105 cc.
1975 5053 2006 5105 3
2038 5054 2142 5107 ett
2169 5073 2184 5120 ;
2214 5057 2337 5109 tum
2366 5054 2425 5109 in
2455 5054 2612 5110 brevi
2635 5055 2736 5127 qui
2762 5055 2916 5110 hisce
2937 5056 3099 5111 libris
3122 5058 3479 5113 subnectitur
3502 5057 3749 5127 epilogo,

249 5154 467 5194 nomen
494 5141 932 5204 Retractationis,
966 5154 1068 5192 seu
1105 5140 1565 5193 Retractationum
1591 5155 1732 5210 opus
1748 5138 1901 5193 istud
1931 5138 2167 5197 obtinet.
2202 5145 2387 5214 Atque
2419 5144 2523 5199 hoc
2552 5160 2829 5217 perquam
2872 5150 3282 5216 opportunum,
3314 5162 3428 5218 quo
3462 5145 3747 5216 intelligas

248 5243 370 5283 non
401 5227 575 5282 modo
613 5231 799 5281 errata
835 5227 1197 5298 reprehendi,
1220 5243 1419 5282 verum
1441 5228 1619 5282 etiam
1647 5226 1875 5282 defendi
1898 5231 2050 5282 recte
2081 5225 2266 5294 dicta;
2301 5230 2357 5281 et
2376 5243 2519 5299 quos
2538 5226 2791 5299 imperiti
2814 5231 2968 5284 locos
2994 5229 3387 5291 sollicitabant,
3421 5228 3758 5290 tractatione

248 5317 453 5370 iterata
482 5314 728 5370 ﬁrmari.
764 5315 1161 5382 Retractabam,
1183 5315 1264 5370 ait
1289 5315 1349 5371 in
1372 5316 1599 5371 laudata
1627 5316 1870 5388 epistola
1892 5316 1963 5371 ad
1993 5314 2472 5383 Quodvultdeum,
2507 5318 2766 5387 opuscula
2793 5333 2943 5373 mea:
2967 5323 3017 5372 et
3041 5320 3093 5372 si
3138 5315 3275 5387 quid
3296 5317 3353 5369 in
3381 5316 3457 5367 eis
3480 5312 3564 5368 me
3590 5315 3757 5385 offen‘

248 5404 398 5459 deret
421 5405 503 5459 vel
527 5405 663 5458 alios
694 5402 960 5472 offendere
980 5408 1197 5473 posset;
1240 5406 1451 5474 partim
1469 5405 1924 5476 reprehendendo.
1961 5407 2171 5475 partim
2199 5403 2558 5472 defendendo,
2589 5406 2736 5476 quod
2771 5407 2878 5473 legi
2903 5406 3114 5461 deberet
3141 5407 3408 5472 atposset,
3438 5405 3752 5473 operabam.

250 5491 507 5563 Denique
523 5507 667 5564 opus
695 5492 835 5546 illud
864 5492 1226 5548 celebrarunt
1251 5509 1319 5548 eo
1346 5493 1582 5551 nomine
1610 5498 1851 5562 veteres,
1884 5496 2149 5565 Prosper,
2178 5493 2250 5549 ad
2282 5494 2409 5549 Exc.
2442 5494 2828 5551 Genuensium
2855 5492 3257 5553 :Cassiodorus
3286 5496 3538 5558 senator,
3568 5492 3639 5549 de
3665 5495 3758 5549 ln-

251 5580 549 5636 stitutione
577 5580 691 5636 div.
732 5580 973 5653 Script.,
1005 5594 1126 5653 cap.
1173 5583 1237 5637 16
1259 5601 1275 5651 ;
1301 5582 1473 5651 Beda,
1503 5582 1722 5655 prazfat.
1754 5583 1817 5638 in
1844 5583 1943 5640 lib.
1988 5584 2236 5640 ltetract.
2268 5582 2330 5637 in
2352 5586 2499 5643 Act..
2530 5589 2637 5638 etc.
