4062 6388
2582 382 3155 396 *νς-..σ--οᾴ-ν..
3176 383 3464 391 --._s-.__..__
3492 383 3557 388 -.-

482 398 592 408 ια-σ-οο
628 399 859 407 -ριμ-
886 395 1467 405 η-α-...οομ-σ--αή--ρ-
1486 392 1823 400 σ--κηυςο-ν..-
1856 390 2093 399 ..-Μ
2118 387 2751 400 -w-‘

1064 392 2093 621 E‘Xﬁﬁaﬁ‘f
2118 392 2495 611 ⁷λῖῑῖ
2500 392 2955 609 (ιῖιδΤ
2971 392 3228 606 1le

1676 689 2213 757 HIPPONENSIS
2262 688 2627 756 EPISCOPI

857 772 3447 980 RETRACTATIONUM

1608 1050 2077 1174 LIBRI
2163 1047 2511 1174 DUO
2596 1040 2703 1171 (⁰).

1921 1324 2379 1375 pnonocus

480 1458 528 1509 1.
571 1454 697 1508 lam
727 1452 825 1507 diu
862 1455 946 1505 est
1001 1451 1101 1503 ιιι¹
1159 1449 1342 1503 facere
1407 1447 1591 1517 cogito
1644 1451 1815 1517 atque
1870 1445 2111 1515 dispono
2219 1442 2575 1515 quantalibet
2605 1458 2932 1497 sermonum
2958 1443 3326 1498 multitudine
3382 1462 3446 1499 ac
3484 1445 3827 1516 prolixitate
3858 1444 3942 1498 di-

405 1542 557 1615 quod
596 1557 750 1596 nunc
787 1539 1093 1609 adjuvante
1141 1537 1383 1592 Domino
1422 1535 1750 1606 aggredior,
1780 1534 1915 1604 quia
1957 1534 2113 1588 ditfe-
2218 1532 2433 1600 cantur)
2470 1549 2481 1586 :
2517 1531 2614 1585 sed
2644 1531 2808 1585 istam
2851 1533 3187 1587 sententiam
3215 1534 3511 1604 scripturas
3540 1539 3758 1587 sanctas
3799 1550 3939 1604 pro-

402 1630 647 1684 rendum
678 1643 799 1681 esse
831 1642 946 1680 non
984 1624 1249 1688 arbitror,
1309 1627 1373 1675 ut
1411 1623 1687 1693 opuscula
1715 1638 1865 1691 mea,
1897 1622 2011 1675 sive
2051 1622 2111 1675 in
2217 1627 2414 1693 pterea
2443 1620 2639 1688 timeo,
2670 1620 2803 1691 quia
2832 1620 2901 1674 de
2923 1625 3039 1675 tam
3067 1621 3260 1676 multis
3278 1622 3770 1693 disputationibus
3795 1622 3942 1675 meis

406 1718 608 1782 Libris,
640 1716 756 1769 sive
787 1714 844 1768 in
869 1712 1155 1785 Epistolis,
1178 1711 1293 1765 sive
1323 1709 1385 1764 in
1412 1709 1783 1775 Tractatibus,
1814 1725 1943 1763 cum
1975 1726 2110 1780 qua-
2218 1710 2340 1764 sine
2371 1710 2545 1765 dubio
2577 1710 2753 1763 multa
2781 1708 2973 1780 colligi
3004 1715 3263 1780 possunt,
3297 1727 3425 1781 quae
3456 1711 3503 1764 si
3527 1726 3646 1765 non
3677 1711 3851 1774 falsa,
3884 1714 3943 1762 at

407 1807 539 1860 dam
566 1802 875 1875 judiciaria
905 1800 1203 1855 severitate
1236 1813 1583 1863 recenseam,
1616 1803 1673 1852 et
1721 1798 1869 1868 quod
1906 1815 1996 1852 me
2028 1798 2111 1852 οἰ·
2221 1803 2373 1853 certe
2400 1798 2719 1863 videantur,
2768 1797 2883 1852 sive
2914 1798 3088 1853 etiam
3140 1798 3550 1853 convincantur
3578 1815 3696 1853 non
3729 1815 3942 1852 neces-

416 1893 616 1957 fendit,
640 1888 1067 1945 velutcensorio
1093 1884 1221 1941 stilo
1246 1887 1539 1941 denotem.
1562 1888 1755 1958 Neque
1782 1887 1935 1941 enim
1964 1888 2117 1958 quis-
2219 1888 2384 1942 saria.
2414 1887 2592 1951 Quem
2624 1903 2757 1941 vero
2795 1887 3051 1942 Christus
3086 1886 3346 1943 ﬁdelium
3381 1903 3614 1943 suorum
3663 1904 3785 1942 non
3821 1893 3939 1942 ter-

410 1997 585 2053 quam
619 1979 730 2034 nisi
756 1977 1115 2049 imprudens,
1168 1975 1295 2029 idco
1342 1974 1478 2045 quia
1521 1989 1650 2028 mea
1696 1978 1881 2027 errata
1918 1989 2113 2045 repre-
2219 1977 2355 2041 ruit,
2387 1976 2481 2029 ubi
2514 1976 2594 2029 ait
2626 1992 2639 2030 :
2674 1978 2841 2033 Omne
2878 1977 3097 2031 rerbum
3124 1980 3349 2031 otiosum
3372 1977 3749 2047 quodcumque
3774 1977 3942 2030 dime-

406 2069 617 2135 hendo,
650 2084 741 2123 me
772 2064 1195 2137 reprehendere
1220 2061 1469 2116 audebit.
1505 2062 1613 2116 Sed
1645 2061 1689 2115 si
1714 2061 1867 2124 dicit,
1901 2079 2017 2117 non
2049 2080 2115 2118 ea
2218 2068 2293 2121 rit
2322 2064 2688 2129 homo,reddet
2714 2080 2814 2133 pro
2838 2080 2894 2119 eo
2922 2067 3187 2119 rationem
3231 2067 3288 2118 in
3319 2064 3407 2119 die
3429 2066 3681 2133 judicii?
3713 2066 3940 2133 (Matth.

405 2158 666 2214 debuisse
697 2174 728 2210 a
753 2172 845 2210 me
870 2153 1127 2224 diciqute
1148 2156 1346 2222 postea
1367 2150 1511 2205 mihi
1529 2150 1698 2204 etiam
1715 2151 2115 2222 displicerent;
2220 2171 2317 2219 xu,
2342 2152 2453 2221 30.)
2487 2152 2644 2206 Unde
2674 2158 2731 2205 et
2760 2153 2882 2222 ejus
2912 2154 3199 2223 apostolus
3251 2154 3492 2207 Jacobus
3524 2170 3537 2208 :
3568 2155 3670 2221 Sit,
3718 2153 3937 2225 inquit,

407 2262 607 2301 verum
644 2244 801 2309 dicit,
846 2246 905 2305 et
932 2256 1157 2296 mecum
1208 2239 1358 2294 facit.
1412 2240 1617 2293 Eorum
1672 2239 1885 2310 quippe
1924 2256 2113 2312 repre-
2220 2244 2392 2296 omnis
2424 2241 2575 2294 homo
2603 2242 2759 2294 velox
2788 2240 2863 2294 ad
2890 2241 3242 2306 audiendum,
3287 2242 3479 2296 tardus
3523 2247 3702 2296 autem
3748 2244 3832 2297 ad
3860 2244 3938 2297 lo-

406 2334 620 2388 hensor
648 2336 756 2401 est,
788 2346 1036 2402 quorum
1069 2333 1128 2382 et
1173 2343 1277 2397 ego
1307 2342 1453 2380 sum.
1492 2327 1687 2396 Neque
1731 2328 1881 2381 enim
1931 2344 1996 2381 ea
2024 2344 2114 2381 re-
2221 2329 2490 2399 quendam
2534 2328 2737 2397 (Jacobi
2778 2345 2819 2393 ι,
2855 2331 2964 2395 19).
3010 2331 3073 2383 Et
3104 2328 3215 2383 alio
3262 2330 3385 2384 loco
3418 2346 3432 2384 :
3464 2330 3660 2395 Nolite,
3716 2330 3936 2402 inquit,

408 2421 768 2493 prehendere
799 2418 1086 2482 deberem,
1119 2415 1167 2469 si
1196 2415 1382 2470 dicere
1413 2414 1732 2469 debuissem
1763 2418 1804 2469 ².
2216 2421 2400 2488 plures
2421 2420 2678 2485 magistri
2704 2419 2843 2486 ﬁeri,
2865 2420 3071 2484 fratres
3086 2421 3209 2483 mei,
3232 2421 3454 2473 scientes
3475 2422 3733 2488 quoniam
3749 2423 3940 2490 majus

487 2516 540 2565 Ξ.
576 2510 703 2574 Sed,
735 2512 800 2562 ut
840 2507 1015 2572 volet,
1044 2504 1287 2577 quisque
1320 2503 1561 2575 accipiat
1614 2504 1720 2558 hoc
1747 2505 1899 2575 quod
1929 2505 2073 2559 iacio
2103 2525 2118 2573 ;
2214 2507 2490 2576 judicium
2521 2508 2758 2560 sumitis.
2792 2508 2854 2561 In
2883 2508 3067 2561 multis
3104 2509 3243 2561 enim
3269 2507 3589 2576 offendimus
3639 2524 3850 2564 omnes.
3878 2509 3942 2564 Si

418 2613 511 2652 me
543 2602 737 2651 tamen
768 2594 1140 2666 apostolicam
1173 2594 1331 2647 illam
1359 2592 1700 2646 sententiam
1732 2598 1789 2647 et
1817 2593 1877 2646 in
1916 2594 2023 2647 hac
2060 2610 2117 2646 re
2224 2598 2345 2664 quis
2370 2598 2425 2648 in
2445 2595 2605 2649 rcrbo
2629 2611 2736 2649 non
2758 2595 3003 2663 offendit,
3039 2597 3122 2650 hic
3150 2598 3424 2666 perfectus
3456 2601 3533 2650 est
3552 2599 3643 2650 vir
3664 2597 3830 2665 (ibid.
3858 2614 3938 2655 ιιι.

414 2684 675 2756 oportuit
703 2682 939 2748 intueri,
969 2681 1069 2735 ubi
1109 2680 1231 2735 ait:
1263 2681 1324 2735 Si
1347 2695 1439 2733 vos
1484 2683 1629 2749 ipsos
1660 2680 2056 2748 judicaremus,
2085 2698 2119 2734 a
2227 2688 2276 2747 1,
2307 2685 2382 2751 2).
2417 2685 2530 2753 Ego
2561 2683 2706 2737 mihi
2742 2683 2889 2737 hanc
2915 2684 3325 2755 perfectionem
3355 2701 3461 2739 nec
3506 2700 3658 2739 nunc
3699 2701 3935 2758 arrogo,

406 2776 634 2829 Domino
685 2787 792 2827 non
839 2771 1219 2841 judicaremur
1264 2769 1308 2835 (Ι
1341 2768 1460 2824 Cor.
1490 2784 1564 2833 x1,
1609 2767 1716 2839 31).
1768 2769 1914 2823 Illud
1947 2769 2115 2823 etiam
2221 2789 2351 2827 cum
2368 2773 2489 2842 jam
2518 2773 2623 2826 sim
2657 2789 2823 2827 senex
2855 2790 2867 2827 :
2898 2779 3113 2844 quanto
3146 2774 3337 2828 minus
3366 2791 3494 2828 cum
3519 2774 3756 2843 juvenis
3787 2777 3935 2846 coepi

410 2861 565 2933 quod
606 2861 882 2932 scriptum
918 2862 1024 2920 est,
1056 2860 1143 2913 Ex
1177 2858 1520 2926 multiloquio
1548 2872 1653 2910 non
1672 2857 1897 2925 effugies
1921 2873 2114 2927 pecca-
2221 2862 2490 2927 scribere,
2521 2862 2608 2914 vel
2643 2862 2796 2932 apud
2850 2862 3097 2932 populos
3143 2861 3373 2930 dicere;
3416 2867 3761 2932 tantumque
3791 2862 3939 2915 mihi

407 2958 522 3007 tum
568 2950 751 3020 (Prov.
810 2965 866 3015 x,
930 2949 1034 3016 19),
1081 2951 1260 3001 terret
1296 2962 1388 3000 me
1418 2945 1773 3018 plurimum!
1833 2963 1948 3001 non
1980 2947 2117 3018 quia
2219 2950 2499 3003 tributum
2532 2954 2615 3003 est
2643 2954 2705 3003 ut
2730 2949 3078 3021 ubicumque
3121 2965 3212 3003 me
3257 2954 3541 3020 praesente
3586 2949 3752 3021 loqui
3794 2966 3942 3020 opus

409 3040 590 3095 multa
611 3038 828 3110 scripsi,
862 3038 948 3091 vel
981 3037 1115 3108 quia
1144 3036 1329 3090 multa
1367 3035 1560 3097 etiam,
1594 3051 1723 3107 quae
1747 3034 1959 3089 dictata
1991 3052 2107 3089 non
2221 3038 2455 3091 essetad
2484 3039 2783 3108 populum,
2812 3037 3100 3092 rarissime
3129 3042 3313 3091 tacere
3343 3041 3517 3108 atque
3560 3036 3705 3091 alios
3737 3037 3943 3090 audire

408 3134 565 3195 sunt,
588 3134 782 3183 tamen
807 3143 841 3181 a
864 3142 958 3181 me
985 3124 1135 3180 dicta
1157 3124 1480 3194 conscripta
1508 3127 1642 3178 sunt
1668 3127 1689 3192 (
1706 3124 1851 3178 absit
1878 3123 2031 3178 enim
2053 3127 2117 3178 ut
2218 3126 2601 3196 permitterer,
2633 3131 2690 3180 et
2719 3142 2840 3179 esse
2864 3127 3017 3180 velox
3038 3126 3113 3180 ad
3135 3124 3491 3193 audiendum,
3525 3125 3725 3180 tardus
3757 3130 3939 3180 autem

408 3216 840 3287 multiloquium
868 3214 1157 3285 deputem.
1200 3212 1427 3283 quando
1465 3212 1783 3266 necessaria
1823 3212 2109 3279 dicuntur,
2218 3214 2293 3267 ad
2322 3214 2664 3283 loquendum.
2698 3216 2892 3269 Restat
2928 3214 3107 3285 igitur
3155 3220 3218 3269 ut
3266 3231 3358 3269 me
3388 3215 3510 3285 ipse
3535 3208 3802 3285 judicem
3833 3215 3940 3269 sub

1338 3350 1778 3387 RBTRACTATIONUI
1828 3350 1984 3386 LIBRIS
2030 3352 2347 3387 BIBNDAXDIS
2379 3353 2603 3388 ADHIBITI
2639 3352 2762 3389 SUNT
2792 3352 2997 3389 CODICKS

410 3421 554 3472 MSS.
571 3420 901 3471 Corbeiensis
918 3420 1131 3483 optimas
1143 3422 1284 3467 notas
1297 3431 1467 3466 annos
1479 3416 1765 3480 praeferens
1776 3417 1883 3466 fere
1903 3418 2453 3476 900,Theodoricensis
2474 3420 2564 3481 qui
2580 3420 2707 3468 olim
2722 3420 2986 3468 Hincmari
3005 3420 3199 3469 Remen
3208 3420 3277 3468 sis
3292 3420 3439 3474 fuit.J
3446 3421 3681 3484 olyensis
3702 3435 3795 3471 an.
3813 3425 3925 3479 800.

493 3503 618 3551 ltem
636 3500 924 3564 pervetusti
942 3498 1307 3556 Floriacensis,
1322 3496 1639 3556 Albinensis,
1650 3497 2009 3560 Benignianus
2025 3515 2039 3559 ;
2053 3500 2386 3563 etaliquanto
2400 3503 2555 3548 aetate
2570 3499 2884 3563 posteriores
2898 3499 3252 3559 Pratellensis,
3268 3499 3635 3556 Michaelinus,
3656 3500 3941 3551 Beccensis

472 3578 725 3629 Victorini
740 3583 861 3638 tres,
876 3577 1149 3627 Sorbonici
1165 3581 1288 3636 tres,
1301 3575 2017 3639 Regius,Regio-montensis,
2034 3578 2401 3628 Germanensis
2418 3594 2429 3627 :
2447 3583 2637 3641 praeter
2653 3579 2783 3627 alios
2803 3578 3060 3641 quosdam
3079 3579 3437 3629 studiosorum
3454 3580 3690 3628 virorum
3708 3582 3941 3644 operain

472 3672 582 3709 rem
596 3662 831 3708 nostram
844 3657 1152 3707 recensitos.
1180 3657 1243 3705 lii
1254 3660 1380 3705 sunt
1394 3657 1500 3705 Arn
1508 3655 1745 3723 ulfensis,
1765 3656 2045 3707 Cistercien
2053 3659 2143 3717 sis,
2156 3658 2495 3717 Vedastinus,
2523 3659 2829 3718 Vaticanus,
2846 3658 3121 3723 Anglicani
3134 3673 3247 3717 sex,
3264 3659 3463 3709 scilicet
3473 3672 3536 3708 ex
3552 3659 3852 3710 Bodleiana
3867 3662 3946 3712 bi-

473 3737 739 3789 bliotheca
767 3741 890 3794 tres,
922 3750 987 3785 ex
1013 3736 1247 3799 Collegio
1265 3735 1587 3784 Mertonensi
1613 3734 1738 3794 duo,
1757 3740 1809 3785 et
1824 3749 1887 3785 ex
1910 3737 2121 3787 archiva
2147 3738 2382 3787 Laudine
2403 3751 2544 3787 unus
2564 3754 2575 3785 :
2593 3750 2820 3801 quorum
2832 3751 2922 3786 sex
2938 3738 3180 3788 codicum
3194 3738 3549 3800 Lectionibus,
3568 3738 3830 3789 absoluta
3836 3740 3945 3803 jam

469 3820 629 3868 haece
649 3818 890 3867 Editione
908 3816 971 3866 ad
994 3830 1092 3866 nos
1106 3830 1198 3880 per
1212 3815 1340 3865 V.C.
1360 3815 1417 3864 E.
1438 3815 1764 3865 Bernardum
1780 3815 2128 3866 Astronomiae
2145 3818 2197 3867 in
2217 3817 2503 3867 Oxoniensi
2516 3817 2799 3867 Academia
2817 3817 3169 3881 professorem
3184 3818 3528 3872 transmissis.
3547 3817 3943 3869 conﬁrmantur

470 3898 637 3962 pasim
668 3897 1040 3958 castigationes
1051 3896 1138 3945 hic
1153 3895 1322 3944 factaa.
1343 3894 1590 3944 Subsidio
1609 3895 1992 3945 fueruntetiam
2015 3890 2289 3946 Lectiones
2313 3897 2774 3947 aLovaniensibus
2790 3912 2851 3947 ex
2872 3898 2993 3948 Mss.
3019 3902 3249 3961 quatuor
3280 3898 3502 3963 Belgicis
3522 3898 3786 3950 collecte.
3811 3900 3944 3951 Con-

471 3976 583 4027 sule
614 3977 864 4027 Notitiam
893 3976 1147 4025 Codicum
1175 3975 1303 4023 Mss.
1358 3974 1415 4023 in
1440 3978 1585 4023 tomo
1610 3975 1701 4037 qui
1731 3974 2039 4025 inscribitur
2064 3976 2469 4039 Augustiniana.

409 4057 547 4108 Editi
571 4057 784 4107 demum
804 4056 1129 4119 antiquiores
1146 4058 1200 4103 et
1214 4053 1575 4116 castigatiores
1600 4053 1820 4103 adhibiti
1852 4055 2129 4104 suntAmn
2153 4055 2207 4105 id
2229 4058 2429 4118 est,qui
2448 4070 2542 4120 per
2568 4058 2826 4107 Joannem
2850 4057 3256 4108 Amerbachium
3270 4072 3358 4108 an.
3375 4061 3496 4109 1505
3516 4058 3729 4121 prelum
3742 4060 3914 4110 subiit
3934 4078 3944 4109 :

470 4145 557 4193 Er.
576 4141 666 4205 qui
686 4136 937 4189 Desiderii
959 4134 1164 4185 Erasmi
1180 4148 1312 4182 cura
1331 4133 1675 4182 Frobenianis
1695 4134 1834 4196 typis
1850 4135 2188 4185 excususfuit
2209 4148 2296 4185 an.
2312 4138 2465 4198 1529;
2482 4141 2535 4187 et
2547 4138 2672 4187 Lov.
2687 4137 2777 4200 qui
2792 4138 2947 4201 juxta
2967 4138 3371 4188 Lovaniensium
3385 4137 3782 4202 Theologorum
3801 4154 3947 4192 reco-

468 4221 761 4287 gnitionem
790 4230 856 4266 ex
887 4213 1225 4264 Plantiniana
1253 4212 1611 4275 typographia
1640 4225 1728 4260 an.
1758 4212 1955 4275 prodiit
1984 4216 2122 4263 1577.
3052 4240 3055 4243 .

1680 4304 2060 4342 COHPARAVIIIUS
2095 4307 2359 4344 ΡΒΒΤΕΒΕΑ
2391 4308 2662 4345 EDITIONES

413 4387 467 4431 1°
496 4382 582 4431 Er.
615 4376 792 4433 Guill.,
811 4374 868 4426 id
894 4376 967 4424 est
995 4373 1231 4423 alteram
1256 4372 1473 4421 Erasmt
1490 4369 1714 4420 Parisiis
1743 4369 1933 4422 datam
1955 4376 2013 4422 in
2038 4373 2231 4425 {edibus
2258 4374 2467 4426 Carola'
2499 4375 2772 4438 Guillard,
2797 4380 2937 4437 15H,
2970 4376 3375 4443 Basiliensique
3402 4378 3583 4431 multo
3610 4384 3945 4433 auctiorem.

409 4466 468 4512 2°
504 4458 699 4523 Lugd.,
724 4457 783 4507 id
807 4457 879 4505 est
902 4452 1299 4516 Lugdunensem
1325 4454 1457 4501 anni
1489 4454 1630 4506 1561.

412 4544 468 4590 3°
508 4539 718 4597 Venet,
748 4534 804 4585 id
837 4537 921 4585 est
959 4534 1213 4584 Venetam
1239 4532 1539 4582 annt158li.

412 4624 467 4669 4ο
504 4619 631 4668 Lov.
662 4618 800 4677 Par.,
820 4614 879 4665 id
898 4616 975 4666 est
996 4613 1417 4670 Lovanteasium,
1446 4623 1561 4674 qua
1586 4610 1781 4673 prodiit
1815 4614 2032 4663 Parisiis
2060 4617 2200 4665 1651.

419 4703 474 4747 5°
506 4698 653 4756 Lov.,
678 4695 731 4747 id
756 4698 830 4745 est.
863 4693 1099 4745 alteram
1128 4692 1548 4749 Lovaniensium,
1574 4702 1692 4753 qua:
1716 4690 1919 4754 prodiit
1946 4696 2249 4759 Antuerplw
2292 4697 2435 4745 1662.

415 4780 473 4827 6°
509 4776 800 4835 Benedict.,
829 4774 887 4824 id
911 4777 982 4824 est
1012 4769 1407 4823 Benedictinam
1429 4772 1741 4832 Antuerpiae
1768 4782 2014 4821 recusem
2047 4775 2330 4824 1700-1702.
2356 4776 2425 4824 Μ.

474 4859 537 4907 In
565 4855 712 4905 hisce
730 4853 1182 4904 Retractationum
1198 4850 1346 4901 libris
1360 4850 1626 4900 Lemmata
1638 4850 1889 4914 capitum,
1909 4865 2123 4902 necnon
2141 4854 2521 4917 opusculorum
2540 4854 2693 4904 initia
2713 4869 2834 4919 quae
2858 4856 3161 4906 referuntur
3175 4857 3231 4906 in
3248 4858 3433 4921 capitis
3451 4857 3713 4923 cujusque
3726 4859 3856 4923 ﬁne,
3876 4863 3949 4910 sic

417 4939 875 5001 reprzesentamus,
910 4934 986 4983 uti
1022 4934 1232 4984 exstant
1257 4931 1314 4981 in
1341 4931 1486 4991 Mss.,
1518 4943 1904 4994 nonnunquam
1934 4946 2062 4982 vero
2086 4933 2246 4997 paulo
2277 4933 2429 4983 aliter
2453 4939 2610 4998 atque
2635 4936 2692 4984 in
2716 4935 2871 4986 editis
2903 4934 3314 4987 exhibebantur.

1590 5034 1742 5071 1³8801
1751 5034 1948 5071 PI'ARUI
1983 5035 2420 5073 ABBREVIATIONUI
2455 5035 2765 5072 EXPLICATIO.

1034 5111 1165 5162 Edd.
1200 5111 1355 5161 Editi.
2352 5112 2523 5162 Vatic.
2554 5112 2841 5163 Vaticanus
2870 5113 3055 5165 codex.

1037 5193 1165 5255 Reg.
1197 5192 1389 5255 Regius
1418 5192 1601 5241 codex.
2350 5191 2656 5241 Theodoric.
2687 5192 3121 5244 Theodoricensis
3150 5194 3334 5245 codex.
3400 5196 3470 5245 M.

481 5279 548 5341 (1)
562 5274 914 5327 Lovanienses
924 5271 1269 5334 habent,jam
1291 5269 1392 5321 diu
1405 5271 1571 5322 istud.
1588 5270 1655 5320 At
1674 5271 1797 5321 Mss.
1812 5285 1973 5336 supra
1983 5273 2119 5323 desi-
2224 5271 2477 5324 secundas
2498 5270 2697 5323 habeat
2709 5276 2901 5336 partes
2916 5272 3182 5324 modestia:
3206 5278 3294 5335 ;ut
3305 5274 3435 5338 quid
3444 5288 3548 5325 non
3571 5274 3754 5329 valuit
3768 5278 3956 5328 omnia

417 5359 563 5422 gnati
593 5356 732 5406 hanc
760 5353 1051 5419 preferunt
1072 5350 1507 5413 lectionem,jam
1526 5350 1620 5401 diu
1645 5352 1725 5402 est
1743 5354 1818 5412 ut,
1851 5366 1968 5415 quae
1990 5366 2118 5402 sane
2229 5350 3957 5417 lmpamttendadicere,sallempaeniteatquaecognovcrttdicenda

368 5446 371 5451 ‘
418 5436 714 5500 Augustino
729 5432 1003 5484 familiaris
1017 5434 1114 5481 est.
1128 5429 1213 5480 Sic
1228 5429 1282 5479 in
1292 5430 1456 5493 Epist.
1476 5433 1556 5490 71,
1573 5429 1639 5478 ad
1655 5430 1887 5490 Βία-οη..
1908 5444 1962 5481 n.
1985 5435 2033 5492 2,
2050 5431 2120 5481 le-
2226 5444 2339 5483 non
2357 5431 2605 5497 fuisseJd
2616 5445 2775 5495 porro
2786 5445 2899 5482 non
2911 5432 3112 5483 habent
3125 5432 3251 5483 editi
3262 5434 3327 5483 ab
3343 5432 3496 5483 Joan.
3514 5434 3897 5494 Amerbachio,
3909 5442 3961 5485 et

417 5516 559 5577 gitur
581 5531 594 5565 :
614 5532 641 5562 α
665 5514 805 5579 quod
817 5514 927 5578 jam
948 5512 1040 5563 diu
1056 5514 1137 5562 est
1157 5515 1217 5561 ut
1240 5515 1531 5575 exspecto.»
1544 5508 1877 5571 —Er.Guill.,
1890 5511 2012 5573 jam
2023 5509 2120 5561 diu
2230 5512 2449 5563 aDesid.
2496 5512 2734 5573 Erasmo,
2755 5525 2931 5576 neque
2949 5513 3353 5576 quatuordecim
3372 5526 3402 5563 e
3423 5513 3547 5563 Mss.
3571 5527 3707 5577 quos
3724 5515 3960 5579 inspexi-

413 5593 565 5645 istud
591 5596 652 5643 ut
692 5594 1063 5657 Lovanienses.
1094 5591 1164 5641 M.
1698 5652 1705 5659 ,
2230 5605 2370 5643 mus.
2406 5590 2683 5641 Adscitum
2705 5596 2834 5655 puta
2857 5606 2924 5642 ex
2952 5593 3116 5656 Epist.
3151 5595 3261 5653 113,
3288 5593 3571 5656 Augustini
3596 5593 3665 5643 ad
3691 5595 3960 5646 Mareelli-

464 5673 977 5725 ‘AdduntLovaSed
991 5666 2121 5737 quiprimasaonpotuithaberesapientia,
2231 5685 2379 5722 nam.
2407 5698 2466 5707 -
2497 5670 2583 5721 Er.
2606 5671 2761 5721 Guill.
2792 5675 2855 5722 ut
2878 5672 3249 5723 Lovanienses.
3280 5672 3349 5722 M.

480 5752 556 5813 (α)
587 5750 775 5814 Scripti
805 5763 931 5807 ann,
963 5752 1053 5800 426
1081 5752 1175 5799 aut
1195 5751 1306 5800 427.
