4062 6350
65 326 177 376 Ξὶ85

65 442 346 514 magistro
386 458 522 502 uno,
572 442 734 514 cujus
778 442 847 496 de
879 441 1290 496 offensionibus
1319 440 1463 495 meis
1492 441 1773 511 judicium

64 532 315 587 evadere
343 530 539 602 cupio.
578 530 870 601 Magistros
900 533 1090 584 autem
1117 528 1312 599 plures
1341 532 1476 582 tunc
1504 528 1629 583 ﬁeri
1658 528 1773 583 exi-

64 619 268 687 stimo,
314 636 444 674 cum
483 619 703 674 diversa
741 624 912 691 atque
947 618 1096 672 inter
1133 634 1191 671 se
1220 618 1453 672 adversa
1491 618 1767 673 sentiunt.

66 709 220 764 Cum
238 724 372 763 vero
404 707 653 779 idipsum
683 707 881 762 dicunt
899 723 1121 773 omnes,
1153 709 1209 759 et
1237 721 1435 759 verum
1464 704 1678 772 dicunt,
1705 705 1776 758 ab

63 796 250 851 unius
286 795 404 850 veri
445 796 703 867 magistri
739 794 1069 864 magisterio
1108 809 1224 846 non
1250 792 1544 846 recedunt.
1590 792 1777 846 Ofl'en-

64 886 223 938 dunt
245 887 460 949 autem,
485 899 601 938 non
621 898 752 937 cum
774 882 926 937 illius
946 882 1126 935 multa
1152 879 1367 944 dicunt,
1402 879 1501 933 sed
1525 895 1656 934 cum
1686 879 1782 933 ad-

66 973 225 1027 dunt
247 988 368 1026 sua.
400 972 489 1027 Sic
510 971 726 1043 quippe
752 970 1012 1025 incidunt
1040 986 1107 1024 ex
1134 967 1499 1038 multiloquio
1530 967 1700 1023 etiam
1720 968 1782 1022 in

66 1059 466 1131 falsiloquium
477 1099 489 1115 .

151 1152 206 1203 3.
248 1146 504 1203 Scribere
545 1151 737 1202 autem
777 1146 884 1201 ista
916 1145 1061 1201 mihi
1095 1145 1327 1217 placuit,
1369 1149 1432 1200 ut
1466 1145 1587 1199 haec
1616 1144 1785 1199 emit-

69 1241 201 1291 tam
231 1236 290 1290 in
324 1253 528 1291 manus
566 1234 887 1302 hominum,
919 1252 952 1290 a
982 1234 1191 1306 quibus
1221 1251 1288 1289 ea
1315 1250 1443 1305 quas
1466 1234 1590 1305 jam
1611 1233 1783 1300 edidi,

72 1339 347 1379 revocare
372 1323 741 1379 .emendanda
781 1338 897 1378 non
934 1339 1189 1393 possum.
1217 1323 1328 1377 Nec
1349 1322 1447 1376 illa
1475 1338 1609 1376 sane
1639 1338 1786 1392 prae-

75 1419 265 1480 tereo,
298 1429 427 1485 qua:
454 1412 895 1468 catechumenus
918 1412 1061 1480 jam,
1093 1411 1225 1465 licet
1253 1410 1448 1464 relicta
1479 1426 1578 1481 spe
1612 1426 1788 1481 quam

1562 318 1771 375 LIBER
1814 316 2094 374 PRIMUS.

3477 322 3581 376 586

1880 445 2169 495 terrenam
2200 441 2495 511 gerebam,
2528 441 2628 496 sed
2668 441 2851 496 adhuc
2889 442 3228 497 secularium
3266 443 3584 498 litterarum

1881 529 2113 584 inflatus
2141 530 2551 584 consuetudine
2571 530 2772 600 scripsi
2805 547 2817 584 :
2850 530 2985 601 quia
3005 535 3060 585 et
3085 531 3205 600 ipsa
3237 531 3499 586 exierunt
3524 533 3583 586 in

1885 618 2145 672 notitiam
2173 618 2620 673 describentium
2649 623 2821 689 atque
2852 620 3187 690 legentium,
3217 618 3289 689 [et
3317 621 3587 691 leguntur

1886 706 2123 775 utiliter,
2150 705 2197 759 si
2224 708 2519 761 nonnullis
2542 708 2895 777 ignoscatur;
2912 708 2996 761 vel
3020 708 3069 761 si
3095 724 3210 762 non
3235 708 3583 778 ignoscatur,

1887 810 2002 848 non
2031 800 2223 849 tamen
2245 795 2594 849 inhaereatur
2620 794 2839 849 erratis.
2865 795 3225 865 Quapropter
3242 796 3587 868 quicumque

1886 882 1994 936 ista
2018 882 2218 937 lecturi
2247 887 2399 945 sunt,
2432 899 2550 937 non
2579 899 2671 937 me
2701 884 3000 937 imitentur
3039 889 3348 951 errantem,
3381 886 3480 939 sed
3528 885 3589 939 in

1889 970 2097 1025 melius
2123 970 2537 1041 proﬁcientem.
2570 971 2829 1025 Inveniet
2853 970 3007 1025 enim
3029 972 3266 1026 fortasse
3300 973 3589 1044 quomodo

1892 1057 2189 1112 scribendo
2218 1058 2577 1129 profecerim,
2612 1058 2872 1130 quisquis
2900 1060 3170 1129 opuscula
3199 1075 3348 1128 mea,
3390 1060 3591 1114 ordine

1893 1162 2008 1217 quo
2032 1146 2239 1217 scripta
2268 1150 2421 1213 sunt,
2453 1147 2683 1217 legerit.
2722 1147 2883 1211 Quod
2916 1151 2978 1200 ut
3015 1147 3214 1218 possit,
3261 1148 3367 1202 hoc
3396 1163 3590 1217 opere,

1894 1239 2175 1307 quantum
2202 1238 2424 1307 potero,
2476 1236 2683 1291 curabo
2740 1240 2806 1289 ut
2862 1236 3127 1291 eumdem
3175 1235 3438 1291 ordinem
3486 1252 3589 1291 no-

1894 1324 2057 1380 verit.

1207 1621 1721 1743 LIBER
1818 1619 2487 1743 PRIMUS.

758 1812 824 1859 IN
873 1813 995 1866 QUO
1044 1809 1526 1855 RE'I‘RAC'I‘ANTUR
1574 1808 1739 1852 LIBRI
1788 1808 1944 1862 QUOS
1993 1809 2266 1853 SCRIPSIT
2313 1809 2572 1853 NONDUM
2620 1808 2965 1854 EPISCOPUS.

664 2011 891 2066 CAPUT
934 2010 1225 2065 PRIMUM.

476 2128 676 2183 Contra
711 2125 1080 2191 Academicos,
1124 2124 1255 2177 libri
1294 2126 1419 2177 tres.

168 2247 220 2299 l.
267 2242 406 2297 Cum
443 2256 578 2310 ergo
608 2238 994 2310 reliquissem,
1020 2238 1111 2292 vel
1141 2253 1268 2307 quas
1305 2237 1542 2306 adeptus
1578 2234 1799 2289 fueram

90 2332 154 2386 in
184 2329 597 2401 cupiditatibus
635 2327 807 2399 hujus
851 2326 1072 2393 mundi,
1099 2326 1186 2379 vel
1218 2341 1346 2395 qua:
1377 2322 1613 2394 adipisci
1642 2323 1801 2377 vole-

90 2422 254 2487 bam,
306 2423 364 2473 et
402 2434 493 2472 me
524 2417 593 2472 ad
627 2416 951 2471 christiana;
992 2414 1125 2469 vitai
1174 2414 1355 2467 otium
1396 2411 1798 2475 contulissem;

92 2508 359 2563 nondum
398 2506 733 2577 baptizatus,
776 2508 971 2558 contra
1017 2500 1382 2556 Academicos
1426 2500 1514 2554 vel
1555 2499 1623 2553 de
1662 2501 1799 2553 Aca-

97 2595 343 2652 demicis
371 2594 623 2665 primum
670 2592 887 2664 scripsi,
936 2596 1000 2646 ut
1030 2594 1368 2661 argumenta
1418 2605 1639 2655 eorum,
1675 2604 1803 2659 qutc

89 2684 294 2738 multis
341 2682 612 2751 ingerunt
664 2681 785 2735 veri
830 2679 1157 2735 inveniendi
1212 2677 1688 2749 desperationem,
1749 2681 1806 2730 et

93 2771 410 2844 prohibent
436 2770 703 2841 cuiquam
738 2769 825 2823 rei
863 2766 1146 2830 assentiri,
1190 2770 1245 2821 et
1276 2765 1513 2820 omnino
1560 2762 1802 2834 aliquid,

93 2868 377 2932 tanquam
424 2858 793 2913 manifestum
833 2861 1169 2927 certumque
1216 2855 1304 2919 sit,
1353 2853 1672 2924 approbare
1717 2868 1804 2904 sa-

93 2950 382 3021 pientem,
404 2964 534 3003 cum
565 2946 645 3003 eis
675 2946 867 3001 omnia
885 2945 1186 3000 videantur
1206 2944 1445 2997 obscura
1477 2945 1534 2995 et
1565 2940 1806 3008 incerta,

96 3040 169 3093 ab
198 3038 395 3093 animo
426 3053 577 3100 meo,
607 3035 740 3107 quia
769 3040 826 3089 et
853 3050 947 3088 me
976 3032 1299 3097 movebant,
1328 3029 1557 3101 quantis
1583 3043 1808 3099 possem

96 3126 423 3181 rationibus
444 3140 784 3179 amoverem.
807 3122 967 3187 Quod
987 3121 1292 3176 miserante
1314 3123 1485 3189 atque
1506 3117 1808 3188 adjuvante

100 3215 350 3271 Domino
379 3215 589 3269 factum
620 3216 720 3266 est.

173 3308 228 3359 2.
274 3303 383 3359 Sed
403 3303 463 3357 in
492 3302 704 3356 eisdem
734 3300 918 3354 tribus
938 3298 1095 3354 libris
1122 3298 1287 3356 meis.
1311 3312 1424 3350 non
1448 3293 1594 3349 mihi
1626 3294 1814 3363 placet

102 3394 274 3448 toties
294 3407 387 3447 me
416 3392 729 3462 appellasse
752 3390 1059 3444 Fortunam
1092 3387 1229 3452 (Lib.
1266 3389 1315 3448 l,
1348 3401 1393 3439 c.
1431 3388 1478 3452 l,
1510 3399 1568 3437 n.
1602 3386 1622 3437 l
1650 3387 1699 3436 et
1726 3382 1809 3451 '7);

104 3480 370 3553 quamvis
398 3496 518 3534 non
546 3479 798 3550 aliquam
828 3478 995 3532 deam
1023 3474 1303 3530 voluerim
1324 3474 1437 3528 hoc
1465 3469 1697 3527 nomine
1724 3470 1813 3523 in-

106 3569 314 3641 telligi,
348 3568 445 3623 sed
483 3566 782 3622 fortuitum
815 3581 1009 3620 rerum
1044 3572 1333 3628 eventum,
1361 3561 1448 3615 vel
1477 3560 1535 3614 in
1564 3557 1816 3628 corporis

108 3657 315 3725 nostri,
356 3658 443 3711 vel
480 3657 540 3711 in
579 3654 827 3710 externis
862 3652 1027 3709 bonis
1064 3656 1163 3707 aut
1202 3650 1386 3704 malis.
1430 3648 1589 3703 Unde
1629 3650 1686 3700 et
1722 3645 1819 3698 illa

109 3747 289 3802 verba
317 3749 471 3811 sunt,
505 3760 635 3815 quas
665 3743 822 3797 nulla
850 3740 1051 3811 religio
1084 3740 1272 3793 dicere
1309 3735 1599 3808 prohibet,
1631 3735 1815 3797 Forte,
1848 3758 1861 3771 ο

112 3838 330 3901 forsan,
363 3832 620 3899 forsitan,
647 3831 903 3896 fortasse,
932 3827 1198 3883 fortuito:
1232 3824 1387 3896 quod
1408 3828 1603 3878 tamen
1632 3825 1820 3875 totum

112 3924 183 3987 ad
211 3922 470 3977 divinam
501 3918 883 3973 revocandum
917 3920 1003 3969 est
1031 3912 1469 3984 providentiam.
1505 3911 1620 3963 Hoc
1649 3908 1822 3961 etiam

112 4012 194 4066 ibi
220 4026 337 4064 non
357 4006 528 4072 tacui,
569 4005 793 4060 dicens:
840 4006 1048 4057 Etenim
1080 4004 1333 4068 fortasse,
1375 4014 1493 4066 quae
1519 3998 1677 4063 vulgo
1705 3997 1821 4060 for-

115 4105 254 4154 tuna
290 4098 623 4156 nominatur,
667 4092 868 4147 occulto
906 4090 1139 4159 quodam
1164 4088 1352 4143 ordine
1387 4088 1625 4153 regitur;
1659 4083 1823 4136 nihil-

116 4204 221 4257 que
250 4184 408 4239 aliud
446 4185 506 4236 in
529 4181 687 4235 rebus
737 4194 921 4233 casum
957 4191 1228 4242 vocamus,
1275 4175 1387 4229 nisi
1413 4172 1568 4241 cujus
1596 4172 1739 4225 ratio
1778 4173 1827 4223 et

120 4289 294 4330 causa
321 4275 523 4327 secreta
558 4274 655 4323 est.
684 4267 809 4322 Dixi
844 4265 1075 4338 quidem
1102 4264 1231 4333 hoc,
1269 4265 1663 4316 verumtamen
1706 4274 1827 4329 pae-

123 4364 274 4418 nitet
313 4376 406 4414 me
447 4358 528 4413 sic
566 4356 683 4412 illic
721 4355 1048 4410 nominasse
1086 4353 1398 4417 fortunam,
1432 4365 1563 4403 cum
1610 4348 1831 4402 videam

123 4447 392 4504 homines
429 4444 640 4499 habere
685 4442 748 4496 in
786 4440 1036 4512 pessima
1091 4436 1527 4503 consuetudine,
1576 4433 1677 4489 ubi
1721 4430 1833 4487 dici

127 4537 320 4597 debet,
362 4535 473 4588 Hoc
512 4534 659 4587 Deus
699 4530 902 4594 voluit,
949 4526 1158 4594 dicere,
1205 4527 1319 4581 Hoc
1366 4522 1545 4579 voluit
1586 4522 1829 4575 fortuna.

129 4624 295 4689 Quod
344 4626 535 4677 autem
585 4618 836 4691 quodam
882 4618 1009 4671 loco
1054 4614 1191 4681 dixi,
1224 4616 1310 4669 Ita
1345 4616 1713 4681 comparatum
1736 4613 1835 4674 est,

129 4715 245 4767 sive
268 4727 368 4782 pro
398 4711 604 4765 meritis
624 4710 845 4773 nostris,
887 4708 999 4759 sive
1024 4718 1124 4772 pro
1161 4702 1476 4756 necessitate
1509 4702 1740 4766 naturae,
1779 4699 1840 4750 ut

134 4802 385 4855 divinum
440 4800 682 4853 animum
732 4794 1054 4849 mortalibus
1105 4791 1451 4845 inhaerentem
1500 4799 1842 4854 nequaquam

132 4889 489 4959 Ριιίιοεορήἱω
546 4890 734 4955 portus
797 4883 1067 4951 accipiat,
1123 4883 1231 4934 etc.
1291 4875 1538 4947 (Ibid.),
1608 4876 1705 4926 aut
1753 4870 1843 4959 ni-

138 4957 220 5031 hil
261 4957 472 5031 horum
518 4974 764 5028 duorum
811 4969 1120 5026 dicendum
1169 4965 1298 5032 fuit,
1358 4962 1494 5035 quia
1540 4960 1714 5015 etiam
1768 4957 1847 5013 sic

142 5080 342 5120 sensus
389 5065 584 5133 posset
611 5076 732 5115 esse
771 5058 1027 5129 integer;
1058 5058 1159 5110 aut
1204 5052 1337 5108 satis
1366 5055 1489 5106 erat
1515 5049 1722 5111 dicere,
1746 5062 1849 5117 pro

142 5156 350 5208 meritis
389 5152 613 5219 nostris,
644 5148 791 5202 sicut
816 5161 1017 5201 verum
1056 5148 1141 5200 est
1170 5158 1234 5198 ex
1264 5141 1447 5197 Adam
1474 5142 1651 5193 tracta
1677 5135 1851 5190 mise-

143 5241 257 5308 ria;
288 5256 395 5295 nec
425 5239 660 5305 addere,
690 5238 802 5291 sive
837 5250 937 5304 pro
976 5235 1288 5288 necessitate
1327 5233 1555 5292 natura,
1594 5224 1851 5298 quando-

149 5329 383 5400 quidem
409 5332 630 5382 naturaa
660 5327 869 5380 nostrai
902 5314 1384 5397 dura.necessitas
1408 5315 1614 5372 merito
1642 5329 1855 5385 praece-

150 5417 334 5474 dentis
363 5414 682 5487 iniquitatis
728 5414 921 5467 exorta
944 5414 1047 5464 est.
1098 5408 1354 5479 Itemque
1396 5405 1511 5460 illic
1539 5402 1693 5476 quod
1720 5400 1855 5487 dixi,

157 5506 302 5560 Nihil
328 5486 541 5560 omnino
566 5502 842 5558 colendum
861 5512 990 5565 esse,
1014 5500 1286 5565 totumque
1305 5491 1672 5563 abjiciendum
1695 5486 1858 5558 quid-

158 5594 291 5659 quid
320 5592 641 5651 mortalibus
688 5590 853 5646 oculis
896 5588 1152 5653 cernitur,
1196 5582 1469 5655 quidquid
1509 5581 1653 5635 ullus
1676 5588 1861 5634 sensus

463 5726 739 5792 PATROL.
789 5720 1037 5790 XXXII.

1907 2009 2133 2073 attingit
2162 2006 2345 2074 (Ibid.,
2367 2022 2424 2060 η.
2456 2007 2510 2075 3)
2536 2004 2824 2070 ;addenda
2838 2009 3000 2059 erant
3021 2004 3193 2059 verba
3206 2008 3269 2058 ut
3293 2004 3599 2071 diceretur,

1909 2095 2181 2165 quidquid
2226 2096 2472 2149 mortalis
2517 2096 2755 2162 corporis
2796 2094 2939 2148 ullus
2984 2108 3167 2147 sensus
3217 2094 3476 2159 attingit:
3519 2097 3628 2156 est,

1910 2184 2063 2238 enim
2092 2199 2290 2237 sensus
2316 2187 2371 2236 et
2398 2182 2628 2237 mentis.
2660 2182 2768 2237 Sed
2797 2197 2998 2235 eorum
3045 2197 3206 2235 more
3236 2185 3372 2235 tunc
3399 2181 3601 2250 loque-

1909 2272 2032 2337 bar,
2063 2271 2162 2342 qui
2186 2287 2417 2325 seusum
2448 2287 2564 2325 non
2596 2270 2708 2324 nisi
2750 2269 3003 2341 corporis
3032 2269 3247 2335 dicunt,
3281 2273 3337 2322 et
3365 2267 3604 2322 sensibi-
3660 2280 3673 2286 ·

1910 2359 1987 2413 lia
2015 2376 2131 2413 non
2158 2358 2269 2413 nisi
2295 2358 2634 2430 corporalia.
2666 2360 2863 2429 Itaque
2900 2357 3245 2428 ubicumque
3275 2357 3351 2409 sic
3381 2357 3605 2410 locutus

1911 2464 2060 2514 sum,
2093 2465 2296 2518 parum
2326 2453 2410 2502 est
2437 2446 2779 2517 ambiguitas
2800 2444 3313 2515 evitata,nisiapud
3346 2460 3442 2498 eos
3473 2460 3609 2514 quo-
3637 2429 3643 2437 ’

1911 2553 2041 2590 rum
2070 2537 2414 2590 consuetudo
2435 2541 2518 2590 est
2545 2535 2851 2590 locutionis
2870 2535 3058 2605 hujus.
3096 2536 3236 2588 Item
3268 2532 3383 2587 dixi
3417 2549 3430 2586 :
3464 2531 3611 2597 Quid

1913 2640 2086 2678 censes
2109 2626 2264 2678 aliud
2300 2641 2409 2679 esse
2435 2626 2581 2680 beate
2608 2628 2804 2691 vivere,
2838 2626 2949 2677 nisi
2976 2623 3267 2677 secundum
3296 2625 3355 2676 in
3384 2621 3528 2689 quod
3554 2622 3611 2673 in

1914 2712 2123 2766 homine
2164 2716 2428 2781 Optimum
2480 2719 2577 2779 est,
2618 2717 2792 2767 vivere
2813 2714 2841 2768 ‘P
2870 2715 2934 2767 Et
2964 2713 3101 2783 quid
3133 2712 3395 2772 dixerim,
3426 2712 3486 2762 in
3516 2709 3610 2762 ho-

1912 2803 2054 2853 mine
2093 2816 2203 2855 esse
2250 2803 2531 2871 optimum,
2588 2802 2760 2871 paulo
2808 2806 2940 2871 post
2968 2800 3254 2869 explicans
3287 2815 3301 2852 :
3335 2800 3491 2863 Quis,
3518 2799 3612 2849 in-

1914 2904 2097 2957 quam,
2129 2889 2482 2953 dubitaverit,
2516 2890 2658 2942 nihil
2710 2903 2819 2942 esse
2865 2888 3022 2942 aliud
3051 2889 3280 2941 hominis
3331 2888 3609 2954 optimum,

1917 2992 2088 3045 quam
2118 2993 2234 3030 eam
2262 2981 2479 3045 partem
2522 2977 2717 3042 animi,
2758 2977 2847 3028 cui
2901 2975 3207 3028 dominanti
3255 2973 3617 3040 obtemperare

1916 3068 2159 3120 convenit
2188 3070 2380 3119 cetera
2408 3079 2629 3133 quaeque
2666 3065 2725 3117 in
2745 3064 2954 3117 homine
2982 3062 3155 3117 sunt?
3178 3064 3299 3116 Haec
3330 3065 3527 3125 autem,
3552 3075 3619 3112 ne

1918 3154 2086 3208 aliam
2109 3154 2347 3223 postules
2377 3153 2758 3221 deﬁnitionem,
2798 3166 2944 3205 mens
2996 3156 3091 3205 aut
3119 3153 3262 3204 ratio
3310 3149 3421 3203 dici
3445 3152 3621 3217 potest

1922 3242 2107 3312 (Ibid.,
2132 3258 2175 3297 c.
2206 3245 2259 3310 2,
2287 3257 2343 3297 n.
2369 3240 2443 3311 5).
2477 3241 2592 3294 Hoc
2621 3239 2853 3311 quidem
2883 3255 3082 3294 verum
3112 3243 3229 3306 est;
3256 3241 3402 3292 'nam
3433 3252 3619 3308 quan-

1919 3335 2045 3385 tum
2089 3330 2291 3385 attinet
2338 3329 2407 3384 ad
2458 3328 2711 3383 hominis
2765 3333 3050 3394 naturam,
3108 3327 3253 3382 nihil
3302 3330 3386 3381 est
3434 3326 3495 3380 in
3552 3341 3619 3378 eo

1922 3420 2129 3475 melius
2158 3436 2332 3492 quam
2361 3436 2523 3474 mens
2543 3422 2597 3473 et
2618 3418 2763 3473 ratio
2787 3435 2799 3473 :
2829 3419 2923 3473 sed
2948 3434 3067 3473 non
3095 3417 3407 3472 secundum
3437 3415 3623 3486 ipsam

1923 3510 2091 3564 debet
2134 3510 2343 3575 vivere,
2386 3507 2486 3579 qui
2539 3508 2702 3562 beate
2732 3508 2852 3561 vult
2879 3507 3089 3572 vivere,
3134 3505 3389 3576 alioquin
3420 3518 3621 3558 secun-

1924 3598 2061 3653 dum
2091 3597 2386 3652 hominem
2413 3596 2567 3662 vivit,
2600 3612 2731 3650 cum
2760 3595 3073 3649 secundum
3106 3598 3288 3649 Deum
3316 3592 3624 3647 vivendum

1926 3686 1997 3740 sit
2054 3691 2115 3740 ut
2166 3685 2347 3756 possit
2402 3684 2474 3738 ad
2541 3683 2957 3738 beatitudinem
3013 3682 3346 3754 pervenire;
3391 3684 3626 3752 propter

1929 3790 2101 3844 quam
2130 3772 2588 3843 consequendam
2617 3788 2734 3826 non
2766 3772 2954 3841 seipsa
2980 3772 3150 3826 debet
3188 3785 3308 3824 esse
3337 3772 3626 3833 contenta,

1931 3863 2028 3916 sed
2060 3863 2173 3915 Deo
2201 3877 2365 3915 mens
2393 3865 2587 3914 nostra
2632 3860 2924 3915 subdenda
2955 3864 3057 3913 est.
3107 3860 3249 3913 Item
3274 3857 3631 3928 respondens

1931 3950 2004 4015 ei,
2028 3965 2156 4003 cum
2178 3966 2292 4019 quo
2321 3946 2721 4018 disputabatur
2753 3964 2767 4001 :
2796 3950 2897 4002 Hic
2914 3948 3100 4016 plane,
3133 3950 3380 4015 inquam,
3410 3960 3516 3999 non
3544 3960 3630 3998 er-

1931 4053 2024 4093 ras
2048 4055 2062 4105 ;
2106 4038 2251 4106 quod
2278 4042 2339 4091 ut
2370 4038 2473 4093 tibi
2501 4052 2651 4094 omen
2696 4039 2771 4091 sit
2799 4037 2873 4090 ad
2902 4037 3131 4104 reliqua,
3164 4036 3387 4089 libenter
3407 4037 3633 4102 optave-

1934 4128 2040 4180 rim
2082 4124 2277 4195 (Ibid.,
2306 4142 2355 4181 ο.
2395 4127 2450 4191 4,
2479 4142 2532 4180 n.
2572 4125 2682 4194 ll).
2713 4125 2828 4177 Hoc
2858 4122 2988 4177 licet
3017 4139 3134 4176 non
3172 4122 3345 4188 serio,
3380 4120 3477 4175 sed
3501 4120 3632 4190 joco

1937 4214 2154 4269 dictum
2184 4213 2275 4280 sit,
2308 4214 2518 4268 nollem
2542 4217 2735 4267 tamen
2766 4228 2831 4265 eo
2853 4211 3025 4265 verbo
3055 4210 3161 4265 uti.
3193 4210 3375 4265 Omen
3400 4208 3635 4280 quippe,

1937 4319 2031 4358 me
2078 4301 2279 4372 legisse
2330 4318 2448 4356 non
2499 4301 2711 4367 recolo,
2769 4299 2886 4353 sive
2932 4299 2995 4353 in
3042 4298 3215 4354 sacris
3264 4297 3487 4352 Litteris
3532 4312 3639 4350 no-

1942 4390 2069 4447 stris
2098 4391 2196 4462 (a),
2227 4390 2344 4445 sive
2374 4390 2434 4445 in
2464 4406 2727 4445 sermone
2760 4389 3103 4459 cujusquam
3131 4385 3492 4442 ecclesiastici
3519 4384 3639 4440 dis-

1942 4478 2257 4552 putatoris:
2293 4477 2550 4550 quamvis
2579 4475 2929 4532 abominatio
2961 4474 3096 4530 inde
3122 4474 3194 4529 sit
3220 4473 3390 4541 dicta,
3422 4488 3552 4545 qua:
3577 4472 3640 4526 in

1944 4567 2150 4625 divinis
2179 4566 2360 4621 Libris
2390 4565 2612 4620 assidue
2642 4563 2945 4635 reperitur.

2021 4659 2072 4710 3.
2105 4656 2169 4709 In
2223 4653 2470 4709 secundo
2501 4656 2695 4708 autem
2750 4652 2897 4706 libro
2942 4665 3178 4720 prorsus
3231 4649 3427 4720 inepta
3468 4652 3554 4703 est
3590 4652 3649 4702 et

1950 4743 2164 4798 insulsa
2186 4742 2285 4796 illa
2312 4739 2474 4812 quasi
2501 4740 2695 4794 fabula
2721 4738 2789 4793 de
2820 4737 3130 4792 Philocalia
3157 4740 3216 4791 et
3252 4735 3643 4807 Philosophia,
3697 4787 3701 4792 .

1952 4831 2106 4903 quod
2134 4832 2241 4885 sint
2270 4844 2537 4896 germane
2560 4832 2611 4882 et
2638 4827 2818 4882 eodem
2842 4830 3065 4896 parente
3093 4831 3386 4895 procreatae
3417 4826 3561 4894 (Lib.
3592 4826 3649 4890 2,

1955 4936 2003 4975 c.
2039 4923 2093 4988 3,
2122 4934 2178 4974 η.
2202 4918 2278 4986 7).
2310 4918 2426 4971 Aut
2454 4915 2604 4970 enim
2636 4914 2943 4984 philocalia
2972 4930 3100 4985 que
3128 4914 3355 4984 dicitur,
3397 4929 3516 4968 non
3543 4911 3656 4967 nisi

1958 5009 2020 5064 in
2046 5007 2216 5079 nugis
2253 5011 2358 5073 est,
2390 5010 2445 5060 et
2474 5005 2547 5060 ob
2576 5004 2681 5058 hoc
2708 5002 3087 5075 philosophiae
3104 5004 3266 5059 nulla
3284 5002 3503 5057 ratione
3533 5016 3656 5070 ger-

1961 5114 2134 5153 mana
2165 5112 2180 5151 :
2206 5098 2305 5150 aut
2332 5094 2380 5149 si
2412 5098 2716 5165 propterea
2746 5097 2831 5148 est
2866 5092 2971 5146 hoc
3001 5108 3214 5147 nomen
3258 5088 3655 5146 honorandum

1964 5185 2099 5258 quia
2127 5185 2301 5239 latine
2330 5183 2793 5254 interpretatum,
2816 5196 3073 5235 amorem
3103 5180 3383 5251 signiﬁcat
3408 5174 3659 5247 pulchri-

1964 5272 2202 5340 tudinis,
2247 5275 2303 5327 et
2352 5276 2438 5325 est
2490 5286 2624 5324 vera
2680 5286 2743 5324 ac
2798 5285 3023 5324 summa
3067 5267 3360 5339 sapientiae
3406 5263 3657 5334 pulchri-

2033 5389 2103 5451 (τι)
2132 5392 2289 5439 Omen
2311 5391 2491 5451 tamen
2521 5385 2746 5451 legimus
2776 5385 2845 5433 III
2866 5385 2990 5447 Reg.
3014 5397 3108 5451 xx,
3134 5385 3218 5451 Δ33.
3247 5377 3383 5451 At_S.
3417 5377 3663 5448 Augusti-

1968 5440 2071 5502 nus
2090 5440 2173 5500 vel
2187 5464 2295 5500 non
2311 5449 2507 5507 legerat
2528 5440 2841 5496 invversione
2856 5440 3231 5507 qua'utebatur.
3250 5440 3471 5507 vel_qu_ia
3491 5453 3663 5488 sermo

1970 5500 2043 5563 ibi
2069 5518 2146 5563 est
2169 5513 2233 5561 de
2263 5500 2484 5575 Pag‘anis
2494 5500 2890 5575 viris,_profa_ni'
2900 5504 3141 5555 vocabuli
3164 5515 3320 5551 usum
3333 5500 3457 5550 inde
3475 5514 3664 5565 appro-

1970 5576 2204 5627 bandum
2225 5569 2480 5624 esse'non
2512 5569 2849 5622 existimavit.

2975 5686 3400 5773 (Dix-wa.)
