4062 6388
489 316 587 368 387
1651 308 2175 364 RETRACTATIOI‘

2367 308 2395 359 ἱ.
2444 303 2844 360 ΑιίὶιῘΒΊῚΝΙ.

490 435 628 492 tudo
655 456 670 503 ;
697 434 898 489 eadem
927 434 1050 504 ipsa
1079 438 1163 486 est
1191 432 1251 485 in
1293 432 1461 486 rebus
1507 432 1961 502 incorporalibus
2010 436 2177 502 atque

489 523 729 579 summis
758 521 1065 594 philocalia
1093 536 1220 593 quae
1247 519 1633 591 philosophia,
1664 535 1849 591 neque
1868 520 1984 574 ullo
2005 518 2180 574 modo

491 617 625 668 sunt
652 611 816 684 quasi
843 627 1064 665 sorores
1119 609 1267 664 duae.
1325 608 1450 663 Alio
1505 609 1630 662 loco
1682 608 1751 662 de
1805 608 2019 670 animo,
2052 624 2180 661 cum

491 682 722 773 agerem
751 700 867 755 dixi
898 716 910 754 :
941 700 1187 754 Securior
1203 697 1481 751 rediturus
1513 699 1569 750 in
1599 698 1782 751 coelum
1805 696 1949 764 (Lib.
1983 698 2037 765 2,
2057 712 2102 750 ο.
2128 699 2181 762 9,
2228 682 2233 687 θ

488 807 546 847 n.
578 791 686 858 22).
735 791 924 844 Iturus
976 792 1187 853 autem,
1220 801 1416 857 quam,
1470 785 1746 839 rediturus
1797 784 2062 839 dixissem
2095 800 2182 839 se-

491 878 701 944 curius,
734 881 965 949 propter
994 891 1089 929 eos
1119 875 1219 945 qui
1271 878 1475 945 putant
1502 872 1723 927 animos
1764 872 2044 926 humanos
2084 888 2184 943 pro

392 960 399 965 ⁴
488 965 707 1019 meritis
735 969 1100 1034 peccatorum
1131 978 1366 1016 suorum
1399 962 1467 1016 de
1511 962 1651 1015 cmio
1707 960 1893 1031 lapsos
1933 960 2049 1014 sive
2079 960 2184 1014 de-

480 1053 681 1123 jectos,
711 1052 767 1105 in
795 1068 1033 1122 corpora
1062 1051 1173 1104 ista
1208 1049 1435 1105 detrudi
1487 1049 1586 1119 (α).
1622 1049 1728 1103 Sed
1758 1048 1865 1101 hoc
1894 1064 1999 1117 ego
2050 1064 2184 1118 pro-

485 1147 682 1212 pterea
710 1158 827 1196 non
866 1140 1120 1195 dubitavi
1165 1139 1372 1205 dicere,
1424 1138 1559 1209 quia
1588 1139 1665 1192 ita
1696 1137 1832 1204 dixi,
1874 1140 1933 1192 in
1970 1138 2184 1207 ca’lum,

486 1234 760 1302 tanquam
792 1228 1063 1295 dicerem,
1108 1228 1176 1282 ad
1233 1229 1433 1293 Deum,
1475 1226 1574 1297 qui
1620 1227 1742 1295 ejus
1790 1231 1874 1279 est
1902 1230 2100 1279 auctor
2130 1228 2187 1279 et

485 1318 747 1373 conditor
792 1317 937 1372 sicut
985 1317 1183 1370 beatus
1242 1314 1556 1385 Cyprianus
1606 1330 1721 1367 non
1759 1318 2052 1368 cunctatus
2103 1316 2187 1367 est

487 1406 673 1461 dicere
708 1422 721 1459 :
763 1407 903 1461 Nam
932 1421 1052 1459 cum
1105 1418 1296 1473 corpus
1327 1419 1353 1456 e
1384 1409 1551 1468 terra,
1593 1405 1850 1471 spiritum
1897 1402 2185 1472 possidea-

484 1510 651 1549 muse
674 1495 817 1560 coelo,
858 1495 967 1563 ipsi
997 1498 1141 1547 terra
1190 1498 1239 1547 et
1281 1494 1465 1546 coelum
1516 1506 1699 1545 sumus
1732 1493 1939 1559 (Cypr.,
1991 1491 2084 1545 lib.
2120 1491 2186 1544 de

486 1583 639 1638 Orat.
673 1584 868 1653 Dom.).
897 1583 961 1635 Et
990 1581 1049 1635 in
1079 1581 1223 1636 libro
1254 1580 1597 1635 Ecclesiastes
1624 1579 1897 1649 scriptum
1922 1582 2033 1632 est:
2057 1579 2185 1647 Spi-

484 1673 624 1725 ritus
646 1676 951 1725 revertetur
978 1670 1052 1723 ad
1078 1673 1267 1737 Deum,
1301 1672 1398 1738 qui
1418 1669 1569 1723 dedit
1594 1670 1746 1722 illum
1779 1670 1963 1736 (Ecrlc.
1983 1684 2075 1732 xu,
2106 1668 2178 1735 7).

486 1758 649 1822 Quod
679 1758 877 1829 utique
908 1757 986 1811 sic
1024 1757 1462 1827 intelligendum
1502 1762 1607 1825 est,
1640 1761 1701 1810 ut
1745 1772 1863 1810 non
1892 1756 2186 1809 resistatur

484 1847 752 1916 Apostolo
806 1845 1039 1915 dicenti,
1096 1846 1354 1899 nondum
1412 1849 1575 1899 natos
1623 1844 1764 1898 nihil
1822 1844 2003 1914 egisse
2046 1842 2184 1898 boni

487 1938 584 1989 aut
611 1934 748 1987 mali
805 1932 971 2003 (Rom.
1027 1949 1102 1999 1x,
1142 1933 1243 2000 H).
1272 1932 1404 1987 Sine
1452 1932 1833 1986 controversia
1863 1942 1998 2002 ergo
2028 1947 2183 2001 quaa-

488 2024 619 2077 dam
649 2021 944 2092 originalis
990 2020 1151 2090 regio
1208 2020 1576 2075 beatitudinis
1635 2019 1831 2086 animi,
1876 2021 2023 2073 Deus
2062 2020 2182 2090 ipse

487 2115 588 2174 est,
622 2111 722 2182 qui
752 2126 884 2164 eum
921 2125 1040 2163 non
1084 2108 1317 2179 quidem
1364 2108 1432 2162 de
1480 2108 1666 2178 seipso
1714 2109 1933 2179 genuit,
1988 2110 2082 2162 sed
2113 2108 2181 2162 de

485 2200 644 2254 nulla
672 2214 732 2251 re
766 2198 877 2252 alia
906 2195 1184 2261 condidit,
1231 2197 1376 2249 sicut
1403 2196 1657 2250 condidit
1705 2212 1908 2267 corpus
1938 2213 1967 2249 e
2009 2200 2178 2250 terra.

487 2288 631 2341 Nam
654 2286 811 2357 quod
840 2284 1042 2339 attinet
1097 2284 1165 2338 ad
1197 2285 1317 2353 ejus
1349 2283 1652 2354 originem,
1696 2300 1809 2354 qua
1838 2282 1904 2337 tit
1933 2288 1999 2337 ut
2026 2284 2098 2337 sit
2123 2283 2184 2337 in

485 2391 745 2445 corpore,
775 2378 971 2427 utrum
999 2372 1068 2426 de
1100 2372 1198 2425 illo
1230 2387 1345 2426 uno
1388 2372 1477 2438 sit,
1520 2371 1621 2441 qui
1668 2371 1919 2441 primum
1964 2376 2185 2425 creatus

485 2470 591 2533 est,
637 2462 866 2535 quando
896 2462 1077 2515 factus
1106 2466 1193 2515 est
1220 2460 1393 2514 homo
1447 2460 1508 2514 in
1550 2459 1800 2513 animam
1850 2459 2073 2527 vivam;
2110 2475 2185 2513 an

486 2550 751 2605 similiter
786 2549 867 2602 ita
895 2548 1034 2602 ﬁant
1065 2547 1303 2618 singulis
1333 2546 1563 2617 singuli,
1597 2563 1700 2601 nec
1742 2552 1875 2601 tunc
1914 2546 2181 2613 sciebam,

487 2655 593 2693 nec
622 2638 807 2692 adhuc
833 2636 967 2690 scio.

558 2730 611 2782 4.
646 2728 711 2780 In
740 2726 887 2780 libro
920 2723 1091 2778 tertio
1128 2740 1141 2777 :
1183 2724 1246 2779 Si
1290 2724 1428 2793 quid
1472 2724 1610 2778 mihi
1658 2723 1910 2777 videatur
1962 2725 2182 2791 quavis,

485 2817 741 2883 inquam;
774 2817 833 2868 in
862 2818 1032 2867 mente
1086 2812 1325 2866 arbitror
1361 2827 1471 2866 esse
1514 2826 1780 2866 summum
1814 2814 2044 2866 hominis
2093 2812 2183 2865 bo-

482 2920 612 2959 num
635 2904 773 2975 (Lib.
808 2906 861 2969 3,
911 2918 957 2956 c.
996 2906 1080 2969 12,
1108 2918 1161 2957 n.
1212 2902 1322 2971 27).
1375 2901 1574 2956 Verius
1602 2901 1893 2969 dixissem,
1926 2902 1990 2955 In
2020 2902 2137 2955 Deo
2167 2918 2180 2956 :

482 2994 605 3064 ipso
631 2992 785 3047 enim
809 3007 973 3046 mens
1002 2990 1231 3056 fruitur,
1278 2994 1341 3044 ut
1369 2989 1535 3044 beata
1576 2990 1669 3059 sit,
1715 2993 1990 3061 tanquam
2028 3005 2187 3043 sum-

482 3098 578 3135 mo
605 3081 754 3135 bono
786 3096 911 3135 suo.
953 3080 1067 3133 Nec
1104 3078 1245 3132 mihi
1293 3078 1435 3132 illud
1486 3079 1672 3148 placet
1710 3079 1862 3149 quod
1894 3077 2012 3131 dixi
2046 3097 2058 3132 :
2092 3080 2183 3132 Li-

482 3174 609 3239 quet
640 3172 655 3206 ¹
692 3169 937 3237 dejerare
983 3183 1083 3236 per
1122 3182 1272 3221 omne
1301 3167 1548 3221 divinum
1580 3166 1706 3237 (Id.,
1740 3183 1785 3220 c.
1826 3169 1908 3233 16,
1957 3182 2013 3219 n.
2068 3167 2181 3236 35).

484 3258 623 3310 Item
649 3256 800 3326 quod
831 3254 947 3309 dixi
977 3255 1045 3308 de
1078 3253 1446 3319 Academicis,
1475 3253 1611 3324 quia
1651 3269 1848 3307 verum
1882 3258 2178 3321 noverant,

484 3344 646 3413 cujus
676 3342 859 3396 simile
890 3341 1259 3412 appellabant
1285 3340 1615 3410 verisimile,
1645 3340 1819 3411 idque
1865 3340 2055 3411 ipsum
2085 3358 2183 3395 ve-

484 3431 721 3484 risimile
765 3429 1045 3500 appellavi
1092 3428 1320 3491 falsum,
1374 3429 1527 3499 quod
1579 3430 2013 3499 approbabant;
2044 3430 2183 3483 duas

486 3520 560 3574 ob
589 3535 785 3573 causas
814 3534 932 3571 non
964 3520 1112 3571 recte
1143 3516 1357 3571 dictum
1389 3521 1473 3570 est
1505 3533 1518 3584 ;
1548 3518 1632 3570 vel
1664 3518 1817 3588 quod
1849 3517 2055 3572 falsum
2093 3534 2184 3571 es-

485 3611 589 3674 set,
617 3607 769 3677 quod
826 3606 1020 3676 aliquo
1074 3604 1243 3659 modo
1299 3609 1443 3659 esset
1503 3604 1689 3660 simile
1755 3606 1994 3676 alicujus
2042 3606 2182 3675 veri,

485 3694 619 3766 quia
650 3695 710 3749 in
740 3710 947 3765 genere
975 3710 1076 3748 suo
1102 3698 1159 3748 et
1187 3693 1295 3748 hoc
1318 3710 1515 3748 verum
1540 3699 1655 3761 est;
1679 3694 1767 3748 vel
1796 3696 1950 3766 quod
1981 3712 2184 3765 appro-

484 3785 695 3838 babunt
722 3784 829 3839 ista
865 3783 1023 3851 falsa,
1056 3799 1185 3854 quae
1214 3783 1491 3837 vocabant
1540 3782 1894 3845 verisimilia,
1938 3799 2066 3837 cum
2098 3783 2183 3837 illi

482 3874 627 3927 nihil
677 3872 1079 3944 approbarent,
1154 3875 1211 3925 et
1277 3871 1603 3926 afﬁmarent
1666 3871 1809 3925 nihil
1859 3873 2181 3942 approbare

483 3962 824 4033 sapientem.
891 3960 1001 4015 Sed
1058 3959 1195 4030 quia
1246 3960 1355 4015 hoc
1408 3960 1599 4031 ipsum
1656 3959 1963 4014 verisimile
2008 3960 2180 4015 etiam

482 4050 777 4120 probabile
839 4048 1269 4117 nuncupabant,
1327 4046 1460 4101 hinc
1519 4047 1733 4101 factum
1803 4051 1890 4101 est
1953 4052 2019 4101 ut
2076 4048 2183 4101 hoc

483 4137 553 4191 de
584 4137 698 4191 illis
728 4137 995 4189 dicerem.
1054 4137 1199 4189 Laus
1255 4151 1483 4204 quoque
1528 4134 1671 4205 ipsa,
1727 4151 1840 4206 qua
1890 4136 2182 4191 Platonem

480 4225 571 4278 vel
640 4223 955 4277 Platonicos
1024 4238 1122 4275 seu
1188 4222 1555 4276 Academicos
1618 4223 1992 4293 philosophos
2056 4228 2181 4277 tan-

481 4316 603 4365 tum
632 4311 805 4365 extuli
838 4310 964 4379 (Id.,
996 4325 1042 4363 c.
1092 4313 1153 4363 17
1203 4325 1258 4363 n.
1313 4309 1400 4380 37)
1445 4314 1724 4380 quantum
1752 4310 1965 4381 impios
1994 4312 2181 4366 homi-

483 4416 584 4453 nes
634 4414 751 4452 non
804 4396 1079 4467 oportuit,
1128 4412 1246 4451 non
1302 4396 1592 4451 immerito
1642 4398 1786 4453 mihi
1844 4399 2178 4470 displicuit:

479 4485 802 4558 praesertim
824 4500 1068 4556 quorum
1089 4488 1286 4540 contra
1308 4501 1530 4539 errores
1560 4502 1799 4556 magnos
1825 4487 2181 4541 defendenda

484 4580 569 4631 est
597 4574 907 4629 christiana
935 4573 1215 4630 doctrina.
1272 4574 1419 4628 Illud
1465 4574 1639 4629 etiam
1670 4576 1824 4644 quod
1862 4575 1922 4630 in
1952 4592 2181 4646 compa-

482 4663 703 4718 ratione
729 4667 1197 4734 argumentorum
1225 4662 1535 4730 Ciceronis,
1555 4664 1763 4735 quibus
1791 4665 1853 4718 in
1882 4664 2041 4719 libris
2066 4664 2182 4719 suis

481 4752 830 4807 Academicis
859 4768 995 4806 usus
1016 4757 1097 4807 est
1120 4749 1306 4821 ’mea,
1339 4768 1518 4823 nugas
1550 4768 1671 4806 esse
1700 4752 1816 4807 dixi
1839 4753 1976 4823 (Id.,
2009 4769 2060 4807 c.
2089 4756 2178 4820 20,

480 4857 538 4895 n.
562 4838 676 4910 45),
712 4839 919 4910 quibus
958 4845 1298 4910 argumenta
1350 4840 1449 4894 illa
1478 4840 1796 4895 certissima
1832 4840 2052 4895 ratione
2099 4856 2183 4894 re-

481 4922 694 4992 futavi;
721 4925 978 4995 quamvis
1011 4927 1257 4996 jocando
1305 4928 1520 4983 dictum
1559 4928 1651 4996 sit,
1687 4934 1745 4984 et
1773 4928 1954 4999 magis
1994 4929 2181 4983 ironia

479 5011 757 5067 videatur.
786 5020 793 5073 ξ
806 5028 920 5068 non
960 5014 1159 5069 debuit
1205 5020 1398 5070 tamen
1438 5016 1569 5071 dici.
1622 5018 1732 5071 Hoc
1757 5034 1901 5088 opus
1933 5017 2011 5071 sic
2038 5016 2179 5072 inci-

478 5100 567 5172 pit
594 5116 608 5155 :
634 5100 677 5155 0
714 5103 946 5167 utinam,
976 5104 1325 5169 Romaniane,
1358 5104 1620 5159 hominem
1648 5105 1755 5160 sibi
1781 5111 1990 5175 aptum.

540 5261 672 5325 tEr.
699 5265 751 5311 et
779 5260 1125 5325 Lov.ihabent
1148 5262 1270 5325 libet
1298 5262 1557 5325 deierare.
1586 5263 1686 5313 Sed
1708 5265 1896 5315 melius
1916 5280 2035 5315 cum
2059 5267 2173 5316 Am.

478 5323 1470 5391 s_cripti_oc_tocgacim,.liquetdfierare,
1502 5328 1643 5391 quod
1664 5333 1976 5391 usurpatum
2005 5336 2083 5378 est
2112 5342 2177 5378 ex

475 5384 716 5434 Terentio
746 5386 802 5434 in
822 5384 1099 5444 Eunucho,
1132 5390 1231 5434 act.
1255 5388 1300 5442 2,
1334 5400 1476 5435 scen.
1499 5384 1546 5435 3‘.

537 5448 558 5479 9
571 5446 654 5495 Sic
668 5448 837 5516 codex
852 5448 1070 5516 Demgn.
1090 5448 1251 5516 :‘Usus
1265 5454 1341 5497 est
1352 5462 1472 5499 mea
1486 5461 1659 5516 nugas
1669 5462 1783 5516 esse
1799 5451 1916 5516 dixi
1932 5468 1946 5513 ;
1964 5453 2169 5516 supple,

476 5512 829 5568 argumenta.
858 5510 958 5557 Alii
988 5508 1242 5572 plerique,
1277 5523 1435 5575 meas,
1459 5514 1518 5560 ut
1550 5508 1605 5560 in
1631 5512 1875 5575 vulgatis.

539 5577 615 5640 (α)
637 5577 953 5641 Platonicos,
981 5586 1037 5631 ut
1072 5580 1250 5631 videre
1285 5574 1376 5631 est'
1403 5580 1495 5631 lib.
1523 5584 1581 5631 12
1611 5582 1674 5632 de
1699 5574 1848 5633 civit.
1881 5585 1993 5643 Dei,
2024 5599 2069 5636 c.
2098 5587 2177 5637 26.

3919 300 4024 347 588

2970 426 3198 480 CAPUT
3240 425 3307 480 ll.

2714 516 2787 569 De
2823 516 2990 569 Beata
3033 515 3183 575 Vita,
3223 512 3359 567 liber
3394 527 3565 569 unus.

2366 612 2597 669 Librum
2629 613 2698 668 de
2748 613 2917 666 Beata
2960 611 3100 677 Vita,
3141 627 3258 664 non
3300 616 3430 681 post
3468 610 3653 664 libros
3683 607 3762 663 de
3791 608 4014 661 Acade-

2293 703 2475 769 micis,
2516 703 2613 757 sed
2649 702 2798 756 inter
2835 701 2963 754 illos
3000 705 3064 754 ut
3101 699 3430 767 scriberem,
3471 696 3748 767 contigit.
3792 696 3874 750 Ex
3915 712 4016 748 oc-

2293 792 2519 846 casione
2561 790 2775 863 quippe
2822 795 2982 843 ortus
3027 792 3110 842 est
3138 787 3251 842 diei
3294 786 3502 841 natalis
3534 786 3675 851 mei,
3733 790 3797 839 et
3840 784 4013 839 tridui

2293 878 2674 949 disputatione
2719 878 3053 947 completus.
3103 875 3250 929 sicut
3290 874 3424 928 satis
3470 874 3594 945 ipse
3646 872 3897 927 indicat.
3949 874 4012 925 In

2294 983 2409 1038 quo
2436 967 2581 1020 libro
2617 964 2873 1019 constitit
2910 964 3060 1018 inter
3088 979 3210 1031 nos,
3240 962 3340 1034 qui
3368 962 3540 1016 simul
3568 962 4011 1033 quaerebamus,

2296 1072 2412 1109 non
2441 1070 2561 1108 esse
2599 1054 2825 1107 beatam
2867 1052 3064 1117 vitam,
3111 1051 3220 1104 nisi
3254 1050 3566 1121 perfectam
3603 1049 4012 1120 cognitionem

2297 1144 2413 1198 Dei.
2454 1142 2723 1213 Displicet
2759 1145 2951 1195 autem
2996 1140 3113 1194 illic
3144 1139 3295 1211 quod
3327 1139 3535 1193 Manlio
3570 1139 3916 1203 Theodoro,
3951 1140 4015 1191 ad

2295 1247 2468 1303 quem
2506 1231 2717 1285 librum
2762 1230 2953 1299 ipsum
3001 1228 3219 1299 scripsi,
3266 1228 3525 1299 quamvis
3564 1228 3743 1281 docto
3776 1232 3839 1281 et
3869 1228 4018 1281 chri—

2294 1320 2476 1375 stiano
2504 1320 2645 1383 viro,
2668 1320 2797 1389 plus
2816 1318 2991 1373 tribui
3013 1333 3187 1389 quam
3207 1316 3472 1371 deberem
3490 1316 3571 1387 (In
3586 1318 3808 1385 praefat
3841 1359 3855 1380 ,
3890 1333 3946 1369 η.
3968 1321 4016 1373 7.

2293 1409 2459 1478 sqq.).
2494 1410 2558 1462 Et
2593 1407 2747 1479 quod
2786 1408 3096 1461 Fortunam
3134 1404 3306 1461 etiam
3344 1405 3460 1459 illic
3488 1421 3644 1475 saepe
3685 1404 4017 1459 nominavi.

2294 1498 2360 1551 Et
2388 1496 2538 1567 quod
2569 1501 2827 1566 tempore
2866 1494 2995 1548 vitm
3034 1493 3203 1564 hujus
3241 1493 3301 1547 in
3339 1493 3457 1547 solo
3496 1492 3692 1546 animo
3736 1493 4018 1563 sapientis

2293 1583 2406 1637 dixi
2436 1582 2688 1637 habitare
2727 1581 2899 1635 vitam
2948 1582 3171 1634 beatam
3223 1579 3456 1649 (Disput.
3513 1579 3591 1649 3),
3639 1580 4017 1650 quomodoli-

2294 1671 2390 1725 bet
2419 1688 2476 1724 se
2512 1670 2717 1724 habeat
2747 1685 2952 1739 corpus
2984 1670 3133 1739 ejus;
3185 1684 3315 1721 cum
3354 1668 3669 1738 perfectam
3717 1669 4013 1738 cognitio-

2294 1776 2424 1814 nem
2463 1760 2583 1825 Dei,
2625 1760 2731 1814 hoc
2769 1764 2855 1812 est
2905 1774 3018 1829 qua
3068 1756 3291 1813 homini
3327 1757 3512 1827 major
3550 1771 3675 1810 esse
3716 1771 3847 1810 non
3889 1774 4014 1827 pos-

2293 1848 2384 1913 sit,
2416 1848 2477 1901 in
2507 1848 2698 1902 futura
2743 1847 2859 1901 vita
2888 1850 3077 1917 speret
3126 1845 3447 1916 Apostolus,
3496 1861 3625 1915 quae
3674 1846 3811 1899 sola
3855 1845 4014 1899 beata

2294 1936 2405 1990 vita
2445 1936 2686 1990 dicenda
2728 1940 2830 1999 est,
2871 1934 2971 1989 ubi
3014 1938 3071 1988 et
3107 1949 3313 2005 corpus
3352 1933 3807 2004 incorruptibile
3842 1940 4009 2005 atque

2292 2024 2613 2079 immortale
2643 2022 2870 2093 spiritui
2914 2039 3014 2076 suo
3036 2021 3157 2076 sine
3186 2021 3305 2076 ulla
3349 2021 3612 2076 molestia
3642 2023 3734 2076 vel
3764 2025 4016 2077 relucta-

2292 2113 2447 2166 tione
2486 2112 2782 2166 subdctur.
2813 2111 2958 2165 Sane
2993 2110 3169 2165 istum
3201 2110 3416 2165 librum
3461 2115 3661 2165 nostro
3704 2110 3769 2165 in
3822 2112 4010 2166 codice

2293 2200 2679 2271 interruptum
2727 2199 2934 2270 reperi,
2983 2204 3040 2253 et
3086 2214 3202 2253 non
3256 2214 3462 2269 parum
3521 2197 3719 2253 minus
3772 2199 4010 2263 habere,

2293 2295 2351 2343 et
2375 2289 2454 2343 sic
2488 2306 2520 2343 a
2560 2287 2827 2343 fratribus
2868 2287 3212 2359 quibusdam
3249 2287 3565 2357 descriptus
3600 2291 3710 2355 est,
3755 2303 3876 2342 nec
3919 2288 4008 2341 ad-

2292 2377 2405 2431 huc
2466 2378 2617 2448 apud
2683 2377 2934 2447 aliquem
2996 2375 3288 2446 integrum
3354 2375 3716 2444 inveneram,
3767 2393 3845 2430 ex
3901 2394 4006 2448 quo

2294 2466 2657 2520 emendarem
2702 2465 2933 2537 quando
2962 2464 3084 2518 haec
3113 2464 3430 2519 retractavi.
3476 2464 3576 2519 Hic
3625 2464 3778 2519 liber
3810 2465 3894 2518 sic
3926 2466 4002 2518 in-

2292 2553 2464 2623 cipit:
2492 2554 2554 2608 Si
2572 2553 2645 2606 ad
2669 2553 3023 2623 philosophia:
3048 2556 3282 2620 portum.

2959 2649 3181 2705 CAPUT
3222 2650 3324 2703 ΠΙ.

2806 2742 2881 2793 De
2918 2738 3133 2799 Ordine,
3175 2740 3305 2792 libri
3342 2738 3474 2792 duo.

2368 2842 2415 2891 1.
2459 2838 2566 2891 Per
2592 2835 2746 2891 idem
2775 2840 3021 2905 tempus,
3064 2835 3214 2889 inter
3251 2835 3377 2889 illos
3415 2834 3517 2906 qui
3546 2834 3619 2889 de
3648 2836 4004 2891 Academicis

2294 2926 2488 2997 scripti
2515 2928 2666 2993 sunt,
2716 2924 2860 2979 duos
2884 2925 3057 2978 etiam
3096 2924 3267 2978 libros
3312 2923 3381 2978 de
3429 2923 3641 2978 Ordine
3688 2925 3922 2994 scripsi,
3954 2926 4003 2977 in

2292 3015 2501 3086 quibus
2526 3030 2735 3085 magna
2772 3013 3014 3084 quaestio
3054 3018 3328 3080 versatur,
3375 3016 3569 3066 utrum
3614 3013 3823 3066 omnia
3865 3013 4003 3066 bona

2292 3110 2349 3158 et
2376 3104 2526 3157 mala
2555 3102 2761 3157 divina:
2791 3101 3161 3172 providentiae
3201 3101 3338 3155 ordo
3378 3100 3692 3155 contineat.
3734 3102 3849 3156 Sed
3884 3117 4003 3155 cum

2294 3208 2417 3247 rem
2445 3191 2699 3246 viderem
2730 3190 2800 3243 ad
2837 3189 3278 3260 intelligendum
3317 3188 3633 3256 difﬁcilem,
3676 3190 3819 3245 satis
3862 3206 4007 3259 egre

2295 3281 2359 3335 ad
2405 3296 2605 3334 eorum
2647 3278 3096 3368 perceptionem,
3139 3294 3270 3368 cum
3317 3278 3525 3368 quibus
3568 3278 3847 3368 agebam,
3890 3280 4001 3335 dis-
4057 3304 4060 3368 1

2292 3370 2547 3439 putando
2594 3384 2759 3439 posse
2806 3367 3070 3438 perduci;
3126 3366 3196 3421 de
3254 3365 3455 3420 ordine
3521 3367 3800 3421 studendi
3852 3368 4003 3438 loqui

2294 3457 2497 3523 malui,
2553 3474 2667 3529 quo
2722 3474 2755 3511 a
2800 3454 3186 3526 corporalibus
3237 3454 3309 3509 ad
3363 3454 3757 3525 incorporalia
3824 3461 4002 3526 potest

2292 3546 2513 3617 profici.

2362 3636 2414 3688 2.
2456 3635 2664 3688 Verum
2721 3638 2777 3687 et
2818 3633 2880 3687 in
2942 3631 3032 3687 his
3088 3631 3248 3687 libris
3304 3630 3566 3702 displicet
3640 3632 3795 3686 mihi
3859 3650 3996 3704 saepe
4052 3616 4056 3667 λ

2293 3718 2695 3791 interpositum
2766 3720 3013 3774 fortunae
3083 3719 3424 3775 vocabulum
3508 3720 3649 3790 (Lib.
3707 3724 3771 3783 2,
3841 3738 3884 3776 c.
3950 3726 3995 3778 9.

2291 3825 2346 3863 n.
2395 3810 2508 3879 27).
2573 3810 2636 3862 Et
2689 3808 2843 3879 quod
2897 3824 3011 3862 non
3059 3808 3359 3874 addebam,
3419 3806 3712 3878 Corporis,
3771 3810 3995 3880 quando

2291 3908 2492 3950 sensus
2537 3896 2791 3966 corporis
2847 3896 3141 3950 nominavi
3196 3897 3351 3967 (Lib.
3413 3900 3465 3963 1,
3505 3912 3578 3951 cc.
3628 3900 3680 3963 1,
3730 3900 3791 3963 2,
3855 3905 3994 3966 etc).

2293 3986 2356 4040 Et
2437 3985 2590 4055 quod
2625 4037 2628 4040 .
2664 3986 2911 4039 multum
2988 3984 3166 4039 tribui
3245 3984 3578 4040 liberalibus
3675 3986 3992 4058 disciplinis

2294 4074 2431 4144 (ld.,
2463 4089 2508 4127 c.
2548 4076 2609 4137 8;
2643 4078 2691 4126 et
2730 4073 2822 4127 lib.
2863 4076 2918 4140 2,
2950 4089 2993 4127 c.
3040 4076 3147 4139 ti),
3196 4089 3337 4144 quas
3383 4073 3554 4128 multi
3608 4074 3801 4128 sancti
3854 4077 3993 4129 mul-

2291 4165 2416 4216 tum
2447 4162 2738 4229 nesciunt;
2769 4160 2998 4232 quidam
3031 4162 3227 4231 etiam,
3254 4160 3354 4232 qui
3408 4162 3598 4216 sciunt
3648 4178 3771 4229 eas,
3824 4164 3994 4218 sancti

2293 4266 2406 4303 non
2436 4254 2588 4304 sunt.
2620 4250 2687 4303 Et
2714 4250 2871 4320 quod
2898 4250 3080 4304 Musas
3105 4250 3267 4321 quasi
3297 4249 3518 4320 aliquas
3546 4250 3701 4317 deas,
3734 4252 3997 4322 quamvis

2284 4337 2552 4409 jocando,
2590 4337 3029 4392 commemoravi
3070 4338 3178 4407 (Id.
3204 4381 3219 4405 ,
3251 4354 3296 4392 c.
3332 4342 3385 4407 3,
3412 4355 3467 4393 η.
3501 4340 3575 4409 6).
3614 4339 3679 4393 Et
3709 4341 3875 4410 quod
3908 4341 3992 4394 ad.

2291 4426 2653 4480 mirationem
2701 4426 2905 4480 vitium
2940 4425 3264 4497 nuncupavi
3312 4426 3508 4496 (Ibid.,
3529 4443 3585 4482 η.
3618 4428 3699 4494 8).
3726 4429 3799 4482 Et
3848 4430 3995 4500 quod

2289 4515 2659 4586 philosophos
2704 4530 2822 4568 non
2860 4531 2994 4569 vera
3037 4514 3248 4585 pietate
3288 4514 3559 4585 prmditos
3607 4515 3724 4570 dixi
3772 4516 3997 4572 virtutis

2289 4605 2413 4657 luce
2442 4603 2685 4657 fulsisse.
2720 4604 2784 4657 Et
2814 4603 2969 4674 quod
3009 4603 3149 4657 duos
3197 4604 3461 4671 mundos,
3520 4619 3702 4658 unum
3755 4606 3997 4660 sensibi-

2290 4692 2424 4760 lem,
2472 4693 2717 4747 alterum
2772 4691 3194 4762 intelligibilem
3255 4692 3390 4762 (Id.,
3440 4708 3485 4747 c.
3526 4696 3582 4747 11
3616 4709 3711 4749 nn.
3744 4696 3844 4764 31,
3889 4695 3994 4764 32).

2289 4797 2407 4835 non
2429 4797 2498 4834 ex
2531 4781 2781 4835 Platonis
2808 4781 2895 4833 vel
2923 4796 2991 4834 ex
3024 4780 3445 4835 Platonicorum
3495 4796 3759 4852 persona,
3796 4784 3903 4837 sel
3936 4799 3993 4837 ex

2290 4885 2417 4922 mea
2441 4868 2521 4921 sic
2546 4867 2963 4935 commendavi,
3018 4871 3293 4938 tanquam
3344 4869 3451 4923 hoc
3491 4869 3664 4924 etiam
3714 4870 3863 4924 Dom
3892 4887 3995 4925 nus

2289 4959 2607 5030 significare
2635 4957 2898 5024 voluerit,
2927 4957 3064 5028 quia
3084 4973 3204 5012 non
3232 4958 3332 5025 ait,
3364 4960 3628 5029 Regnum
3654 4975 3857 5015 meum
3889 4977 3994 5015 non

2287 5053 2370 5101 est
2399 5047 2469 5101 de
2523 5047 2772 5113 mundo;
2816 5047 2932 5111 sed,
2991 5050 3233 5114 Regnum
3278 5063 3454 5101 meum
3506 5063 3614 5103 non
3662 5054 3745 5103 est
3785 5049 3859 5103 de
3911 5052 3997 5105 hoc

2285 5133 2484 5189 mundo
2516 5135 2689 5205 (Joan.
2722 5151 2873 5201 xvm,
2906 5135 3023 5204 36);
3052 5151 3180 5188 cum
3210 5136 3390 5206 possit
3410 5140 3467 5189 et
3489 5136 3680 5208 aliqua
3705 5137 3866 5193 locut
3889 5155 3997 5193 tone

2287 5223 2502 5277 dictum
2532 5222 2806 5287 inveniri;
2835 5227 2891 5277 et
2917 5221 2965 5275 si
2994 5222 3139 5276 alius
3166 5239 3201 5276 a
3241 5223 3486 5278 Domino
3517 5225 3744 5279 Christo
3770 5225 3866 5297 sig
3889 5228 3995 5281 iiii-

2285 5316 2442 5367 catus
2470 5317 2555 5367 est
2579 5313 2850 5378 mundus,
2901 5311 2995 5365 ille
3044 5299 3453 5383 congruentius
3500 5314 3684 5385 possit
3727 5316 3996 5389 inte‘ligi,

2283 5400 2345 5455 in
2374 5417 2486 5471 quo
2516 5400 2627 5455 erit
2653 5402 2861 5454 coelum
2889 5416 3102 5455 novum
3132 5404 3188 5454 et
3215 5404 3366 5455 terra
3395 5417 3561 5469 nova,
3585 5404 3822 5474 quando
3843 5422 3864 5459 ε
3889 5423 3996 5461 om-

2283 5489 2536 5559 plebitur
2592 5489 2744 5559 quod
2801 5505 3053 5559 oramus,
3105 5488 3376 5555 dicentes,
3433 5490 3716 5547 Adveniet
3770 5510 3862 5563 reg
3889 5511 3995 5550 eum

2292 5582 2441 5632 tuum
2483 5577 2701 5645 (Matth.
2725 5593 2801 5646 vx,
2829 5577 2934 5647 10).
2967 5578 3079 5634 Nec
3109 5577 3266 5633 Plato
3296 5577 3535 5649 quidem
3574 5580 3636 5635 in
3682 5582 3796 5637 hoc
3845 5600 3994 5639 trra-
