  <div class='ocr_page' id='page_1' title='image "/cluster/home/n/w/nwhite01/storage/ocr_20150623/32/umn.31951002477326y/306.png"; bbox 0 0 4062 6378; ppageno 0'>
   <div class='ocr_carea' id='block_1_1' title="bbox 139 308 2155 370">
    <p class='ocr_par' dir='ltr' id='par_1_1' title="bbox 139 308 2155 370">
     <span class='ocr_line' id='line_1_1' title="bbox 139 308 2155 370; baseline 0.003 -7"><span class='ocrx_word' id='word_1_1' title='bbox 139 312 237 363; x_wconf 72' lang='lat'><strong>589</strong></span> <span class='ocrx_word' id='word_1_2' title='bbox 1622 308 1834 369; x_wconf 81' lang='lat' dir='ltr'><strong>LIBER</strong></span> <span class='ocrx_word' id='word_1_3' title='bbox 1872 311 2155 370; x_wconf 81' lang='lat' dir='ltr'><strong>PRIMUS.</strong></span> 
     </span>
    </p>
   </div>
   <div class='ocr_carea' id='block_1_2' title="bbox 137 430 1833 505">
    <p class='ocr_par' dir='ltr' id='par_1_2' title="bbox 137 430 1833 505">
     <span class='ocr_line' id='line_1_2' title="bbox 137 430 1833 505; baseline 0.003 -20"><span class='ocrx_word' id='word_1_4' title='bbox 137 431 233 501; x_wconf 87' lang='lat' dir='ltr'><strong>vit,</strong></span> <span class='ocrx_word' id='word_1_5' title='bbox 266 430 401 501; x_wconf 84' lang='lat' dir='ltr'><strong>quia</strong></span> <span class='ocrx_word' id='word_1_6' title='bbox 450 449 571 487; x_wconf 88' lang='lat' dir='ltr'><strong>esse</strong></span> <span class='ocrx_word' id='word_1_7' title='bbox 621 433 899 489; x_wconf 90' lang='lat' dir='ltr'><strong>mundum</strong></span> <span class='ocrx_word' id='word_1_8' title='bbox 948 431 1361 505; x_wconf 83' lang='lat' dir='ltr'><strong>intelligibilem</strong></span> <span class='ocrx_word' id='word_1_9' title='bbox 1410 434 1571 504; x_wconf 86' lang='lat' dir='ltr'><strong>dixit,</strong></span> <span class='ocrx_word' id='word_1_10' title='bbox 1622 435 1669 489; x_wconf 87' lang='lat' dir='ltr'><strong>si</strong></span> <span class='ocrx_word' id='word_1_11' title='bbox 1715 452 1833 490; x_wconf 89' lang='lat' dir='ltr'><strong>non</strong></span> 
     </span>
    </p>
   </div>
   <div class='ocr_carea' id='block_1_3' title="bbox 132 520 1835 592">
    <p class='ocr_par' dir='ltr' id='par_1_3' title="bbox 132 520 1835 592">
     <span class='ocr_line' id='line_1_3' title="bbox 132 520 1835 592; baseline 0.002 -18"><span class='ocrx_word' id='word_1_12' title='bbox 132 520 469 575; x_wconf 81' lang='lat' dir='ltr'><strong>vocabulum</strong></span> <span class='ocrx_word' id='word_1_13' title='bbox 514 522 668 592; x_wconf 92' lang='lat' dir='ltr'><strong>quod</strong></span> <span class='ocrx_word' id='word_1_14' title='bbox 709 522 1094 577; x_wconf 64' lang='lat' dir='ltr'><strong>ecclesiasticae</strong></span> <span class='ocrx_word' id='word_1_15' title='bbox 1136 522 1531 578; x_wconf 83' lang='lat' dir='ltr'><strong>consuetudini</strong></span> <span class='ocrx_word' id='word_1_16' title='bbox 1561 522 1619 577; x_wconf 90' lang='lat' dir='ltr'><strong>in</strong></span> <span class='ocrx_word' id='word_1_17' title='bbox 1649 541 1708 578; x_wconf 86' lang='lat' dir='ltr'><strong>re</strong></span> <span class='ocrx_word' id='word_1_18' title='bbox 1737 524 1835 578; x_wconf 88' lang='lat' dir='ltr'><strong>illa</strong></span> 
     </span>
    </p>
   </div>
   <div class='ocr_carea' id='block_1_4' title="bbox 133 608 1829 682">
    <p class='ocr_par' dir='ltr' id='par_1_4' title="bbox 133 608 1829 682">
     <span class='ocr_line' id='line_1_4' title="bbox 133 608 1829 682; baseline 0.003 -20"><span class='ocrx_word' id='word_1_19' title='bbox 133 625 248 663; x_wconf 92' lang='lat' dir='ltr'><strong>non</strong></span> <span class='ocrx_word' id='word_1_20' title='bbox 282 608 552 665; x_wconf 87' lang='lat' dir='ltr'><strong>usitatum</strong></span> <span class='ocrx_word' id='word_1_21' title='bbox 592 614 695 678; x_wconf 89' lang='lat' dir='ltr'><strong>est,</strong></span> <span class='ocrx_word' id='word_1_22' title='bbox 728 611 826 665; x_wconf 90' lang='lat' dir='ltr'><strong>sed</strong></span> <span class='ocrx_word' id='word_1_23' title='bbox 866 611 1047 682; x_wconf 81' lang='lat' dir='ltr'><strong>ipsam</strong></span> <span class='ocrx_word' id='word_1_24' title='bbox 1088 628 1209 666; x_wconf 89' lang='lat' dir='ltr'><strong>rem</strong></span> <span class='ocrx_word' id='word_1_25' title='bbox 1242 610 1482 666; x_wconf 83' lang='lat' dir='ltr'><strong>velimus</strong></span> <span class='ocrx_word' id='word_1_26' title='bbox 1519 613 1829 667; x_wconf 86' lang='lat' dir='ltr'><strong>attendere.</strong></span> 
     </span>
    </p>
   </div>
   <div class='ocr_carea' id='block_1_5' title="bbox 134 697 1834 773">
    <p class='ocr_par' dir='ltr' id='par_1_5' title="bbox 134 697 1834 773">
     <span class='ocr_line' id='line_1_5' title="bbox 134 697 1834 773; baseline 0.002 -22"><span class='ocrx_word' id='word_1_27' title='bbox 134 697 407 752; x_wconf 80' lang='lat' dir='ltr'><strong>Mundam</strong></span> <span class='ocrx_word' id='word_1_28' title='bbox 435 698 647 769; x_wconf 88' lang='lat' dir='ltr'><strong>quippe</strong></span> <span class='ocrx_word' id='word_1_29' title='bbox 686 699 782 753; x_wconf 92' lang='lat' dir='ltr'><strong>ille</strong></span> <span class='ocrx_word' id='word_1_30' title='bbox 813 698 1229 770; x_wconf 87' lang='lat' dir='ltr'><strong>intelligibilem</strong></span> <span class='ocrx_word' id='word_1_31' title='bbox 1263 702 1614 771; x_wconf 85' lang='lat' dir='ltr'><strong>nuncupavit</strong></span> <span class='ocrx_word' id='word_1_32' title='bbox 1650 702 1834 773; x_wconf 84' lang='lat' dir='ltr'><strong>ipsam</strong></span> 
     </span>
    </p>
   </div>
   <div class='ocr_carea' id='block_1_6' title="bbox 134 786 1836 861">
    <p class='ocr_par' dir='ltr' id='par_1_6' title="bbox 134 786 1836 861">
     <span class='ocr_line' id='line_1_6' title="bbox 134 786 1836 861; baseline 0.003 -22"><span class='ocrx_word' id='word_1_33' title='bbox 134 786 417 841; x_wconf 85' lang='lat' dir='ltr'><strong>rationem</strong></span> <span class='ocrx_word' id='word_1_34' title='bbox 458 787 864 857; x_wconf 83' lang='lat' dir='ltr'><strong>sempiternam</strong></span> <span class='ocrx_word' id='word_1_35' title='bbox 911 792 1080 860; x_wconf 90' lang='lat' dir='ltr'><strong>atque</strong></span> <span class='ocrx_word' id='word_1_36' title='bbox 1131 788 1677 853; x_wconf 85' lang='lat' dir='ltr'><strong>incommutabilem,</strong></span> <span class='ocrx_word' id='word_1_37' title='bbox 1721 806 1836 861; x_wconf 89' lang='lat' dir='ltr'><strong>qua</strong></span> 
     </span>
    </p>
   </div>
   <div class='ocr_carea' id='block_1_7' title="bbox 134 874 1836 949">
    <p class='ocr_par' dir='ltr' id='par_1_7' title="bbox 134 874 1836 949">
     <span class='ocr_line' id='line_1_7' title="bbox 134 874 1836 949; baseline 0.003 -21"><span class='ocrx_word' id='word_1_38' title='bbox 134 874 269 929; x_wconf 79' lang='lat' dir='ltr'><strong>fecit</strong></span> <span class='ocrx_word' id='word_1_39' title='bbox 314 877 464 929; x_wconf 89' lang='lat' dir='ltr'><strong>Deus</strong></span> <span class='ocrx_word' id='word_1_40' title='bbox 505 876 804 932; x_wconf 90' lang='lat' dir='ltr'><strong>mundum.</strong></span> <span class='ocrx_word' id='word_1_41' title='bbox 850 877 1030 941; x_wconf 88' lang='lat' dir='ltr'><strong>Quam</strong></span> <span class='ocrx_word' id='word_1_42' title='bbox 1060 877 1159 949; x_wconf 90' lang='lat' dir='ltr'><strong>qui</strong></span> <span class='ocrx_word' id='word_1_43' title='bbox 1190 893 1309 932; x_wconf 91' lang='lat' dir='ltr'><strong>esse</strong></span> <span class='ocrx_word' id='word_1_44' title='bbox 1348 883 1538 948; x_wconf 88' lang='lat' dir='ltr'><strong>negat,</strong></span> <span class='ocrx_word' id='word_1_45' title='bbox 1579 879 1836 949; x_wconf 85' lang='lat' dir='ltr'><strong>sequitur</strong></span> 
     </span>
    </p>
   </div>
   <div class='ocr_carea' id='block_1_8' title="bbox 135 962 1831 1037">
    <p class='ocr_par' dir='ltr' id='par_1_8' title="bbox 135 962 1831 1037">
     <span class='ocr_line' id='line_1_8' title="bbox 135 962 1831 1037; baseline 0.003 -22"><span class='ocrx_word' id='word_1_46' title='bbox 135 966 198 1016; x_wconf 92' lang='lat' dir='ltr'><strong>ut</strong></span> <span class='ocrx_word' id='word_1_47' title='bbox 242 962 409 1028; x_wconf 83' lang='lat' dir='ltr'><strong>dicat,</strong></span> <span class='ocrx_word' id='word_1_48' title='bbox 462 962 928 1020; x_wconf 85' lang='lat' dir='ltr'><strong>irrationabiliter</strong></span> <span class='ocrx_word' id='word_1_49' title='bbox 975 967 1157 1020; x_wconf 88' lang='lat' dir='ltr'><strong>Deum</strong></span> <span class='ocrx_word' id='word_1_50' title='bbox 1208 966 1405 1020; x_wconf 85' lang='lat' dir='ltr'><strong>fecisse</strong></span> <span class='ocrx_word' id='word_1_51' title='bbox 1462 967 1616 1037; x_wconf 92' lang='lat' dir='ltr'><strong>quod</strong></span> <span class='ocrx_word' id='word_1_52' title='bbox 1670 966 1831 1033; x_wconf 88' lang='lat' dir='ltr'><strong>fecit;</strong></span> 
     </span>
    </p>
   </div>
   <div class='ocr_carea' id='block_1_9' title="bbox 136 1052 1833 1126">
    <p class='ocr_par' dir='ltr' id='par_1_9' title="bbox 136 1052 1833 1126">
     <span class='ocr_line' id='line_1_9' title="bbox 136 1052 1833 1126; baseline 0.002 -21"><span class='ocrx_word' id='word_1_53' title='bbox 136 1056 236 1106; x_wconf 88' lang='lat' dir='ltr'><strong>aut</strong></span> <span class='ocrx_word' id='word_1_54' title='bbox 264 1069 393 1107; x_wconf 89' lang='lat' dir='ltr'><strong>cum</strong></span> <span class='ocrx_word' id='word_1_55' title='bbox 421 1052 652 1119; x_wconf 86' lang='lat' dir='ltr'><strong>faceret,</strong></span> <span class='ocrx_word' id='word_1_56' title='bbox 688 1055 773 1108; x_wconf 90' lang='lat' dir='ltr'><strong>vel</strong></span> <span class='ocrx_word' id='word_1_57' title='bbox 817 1058 1122 1125; x_wconf 82' lang='lat' dir='ltr'><strong>antequam</strong></span> <span class='ocrx_word' id='word_1_58' title='bbox 1159 1053 1386 1120; x_wconf 87' lang='lat' dir='ltr'><strong>faceret,</strong></span> <span class='ocrx_word' id='word_1_59' title='bbox 1419 1054 1664 1109; x_wconf 87' lang='lat' dir='ltr'><strong>nescisse</strong></span> <span class='ocrx_word' id='word_1_60' title='bbox 1696 1054 1833 1126; x_wconf 90' lang='lat' dir='ltr'><strong>quid</strong></span> 
     </span>
    </p>
   </div>
   <div class='ocr_carea' id='block_1_10' title="bbox 133 1140 1832 1212">
    <p class='ocr_par' dir='ltr' id='par_1_10' title="bbox 133 1140 1832 1212">
     <span class='ocr_line' id='line_1_10' title="bbox 133 1140 1832 1212; baseline 0.001 -16"><span class='ocrx_word' id='word_1_61' title='bbox 133 1140 375 1208; x_wconf 82' lang='lat' dir='ltr'><strong>faceret;</strong></span> <span class='ocrx_word' id='word_1_62' title='bbox 402 1141 449 1194; x_wconf 91' lang='lat' dir='ltr'><strong>si</strong></span> <span class='ocrx_word' id='word_1_63' title='bbox 479 1142 630 1212; x_wconf 90' lang='lat' dir='ltr'><strong>apud</strong></span> <span class='ocrx_word' id='word_1_64' title='bbox 657 1158 787 1196; x_wconf 92' lang='lat' dir='ltr'><strong>eum</strong></span> <span class='ocrx_word' id='word_1_65' title='bbox 818 1142 962 1197; x_wconf 88' lang='lat' dir='ltr'><strong>ratio</strong></span> <span class='ocrx_word' id='word_1_66' title='bbox 992 1142 1239 1197; x_wconf 87' lang='lat' dir='ltr'><strong>faciendi</strong></span> <span class='ocrx_word' id='word_1_67' title='bbox 1277 1159 1393 1197; x_wconf 91' lang='lat' dir='ltr'><strong>non</strong></span> <span class='ocrx_word' id='word_1_68' title='bbox 1428 1146 1567 1197; x_wconf 89' lang='lat' dir='ltr'><strong>erat.</strong></span> <span class='ocrx_word' id='word_1_69' title='bbox 1610 1142 1667 1198; x_wconf 92' lang='lat' dir='ltr'><strong>Si</strong></span> <span class='ocrx_word' id='word_1_70' title='bbox 1699 1159 1832 1197; x_wconf 90' lang='lat' dir='ltr'><strong>vero</strong></span> 
     </span>
    </p>
   </div>
   <div class='ocr_carea' id='block_1_11' title="bbox 133 1229 1833 1301">
    <p class='ocr_par' dir='ltr' id='par_1_11' title="bbox 133 1229 1833 1301">
     <span class='ocr_line' id='line_1_11' title="bbox 133 1229 1833 1301; baseline 0.002 -19"><span class='ocrx_word' id='word_1_71' title='bbox 133 1233 276 1295; x_wconf 88' lang='lat' dir='ltr'><strong>erat,</strong></span> <span class='ocrx_word' id='word_1_72' title='bbox 308 1229 450 1283; x_wconf 88' lang='lat' dir='ltr'><strong>sicut</strong></span> <span class='ocrx_word' id='word_1_73' title='bbox 492 1234 632 1297; x_wconf 90' lang='lat' dir='ltr'><strong>erat,</strong></span> <span class='ocrx_word' id='word_1_74' title='bbox 666 1230 846 1301; x_wconf 87' lang='lat' dir='ltr'><strong>ipsam</strong></span> <span class='ocrx_word' id='word_1_75' title='bbox 893 1230 1118 1285; x_wconf 89' lang='lat' dir='ltr'><strong>videtur</strong></span> <span class='ocrx_word' id='word_1_76' title='bbox 1155 1231 1312 1285; x_wconf 85' lang='lat' dir='ltr'><strong>Plato</strong></span> <span class='ocrx_word' id='word_1_77' title='bbox 1351 1247 1576 1285; x_wconf 87' lang='lat' dir='ltr'><strong>vocasse</strong></span> <span class='ocrx_word' id='word_1_78' title='bbox 1625 1230 1833 1285; x_wconf 89' lang='lat' dir='ltr'><strong>intelli-</strong></span> 
     </span>
    </p>
   </div>
   <div class='ocr_carea' id='block_1_12' title="bbox 131 1316 1832 1388">
    <p class='ocr_par' dir='ltr' id='par_1_12' title="bbox 131 1316 1832 1388">
     <span class='ocr_line' id='line_1_12' title="bbox 131 1316 1832 1388; baseline 0.003 -18"><span class='ocrx_word' id='word_1_79' title='bbox 131 1316 368 1388; x_wconf 90' lang='lat' dir='ltr'><strong>gibilem</strong></span> <span class='ocrx_word' id='word_1_80' title='bbox 410 1317 713 1373; x_wconf 90' lang='lat' dir='ltr'><strong>mundum.</strong></span> <span class='ocrx_word' id='word_1_81' title='bbox 753 1319 863 1373; x_wconf 89' lang='lat' dir='ltr'><strong>Nec</strong></span> <span class='ocrx_word' id='word_1_82' title='bbox 903 1323 1096 1374; x_wconf 89' lang='lat' dir='ltr'><strong>tamen</strong></span> <span class='ocrx_word' id='word_1_83' title='bbox 1126 1318 1234 1373; x_wconf 88' lang='lat' dir='ltr'><strong>ista</strong></span> <span class='ocrx_word' id='word_1_84' title='bbox 1260 1320 1492 1374; x_wconf 88' lang='lat' dir='ltr'><strong>nomine</strong></span> <span class='ocrx_word' id='word_1_85' title='bbox 1523 1336 1625 1373; x_wconf 90' lang='lat' dir='ltr'><strong>nos</strong></span> <span class='ocrx_word' id='word_1_86' title='bbox 1647 1324 1832 1375; x_wconf 85' lang='lat' dir='ltr'><strong>utere-</strong></span> 
     </span>
    </p>
   </div>
   <div class='ocr_carea' id='block_1_13' title="bbox 132 1406 1835 1477">
    <p class='ocr_par' dir='ltr' id='par_1_13' title="bbox 132 1406 1835 1477">
     <span class='ocr_line' id='line_1_13' title="bbox 132 1406 1835 1477; baseline 0.001 -18"><span class='ocrx_word' id='word_1_87' title='bbox 132 1421 285 1472; x_wconf 88' lang='lat' dir='ltr'><strong>mur,</strong></span> <span class='ocrx_word' id='word_1_88' title='bbox 345 1406 391 1459; x_wconf 90' lang='lat' dir='ltr'><strong>si</strong></span> <span class='ocrx_word' id='word_1_89' title='bbox 448 1406 569 1477; x_wconf 87' lang='lat' dir='ltr'><strong>jam</strong></span> <span class='ocrx_word' id='word_1_90' title='bbox 639 1406 774 1461; x_wconf 86' lang='lat' dir='ltr'><strong>satis</strong></span> <span class='ocrx_word' id='word_1_91' title='bbox 842 1424 1095 1462; x_wconf 85' lang='lat' dir='ltr'><strong>essemus</strong></span> <span class='ocrx_word' id='word_1_92' title='bbox 1168 1406 1371 1462; x_wconf 86' lang='lat' dir='ltr'><strong>litteris</strong></span> <span class='ocrx_word' id='word_1_93' title='bbox 1445 1407 1835 1463; x_wconf 78' lang='lat' dir='ltr'><strong>ecclesiasticis</strong></span> 
     </span>
    </p>
   </div>
   <div class='ocr_carea' id='block_1_14' title="bbox 131 1494 362 1549">
    <p class='ocr_par' dir='ltr' id='par_1_14' title="bbox 131 1494 362 1549">
     <span class='ocr_line' id='line_1_14' title="bbox 131 1494 362 1549; baseline -0.004 -1"><span class='ocrx_word' id='word_1_94' title='bbox 131 1494 362 1549; x_wconf 89' lang='lat' dir='ltr'><strong>eruditi.</strong></span> 
     </span>
    </p>
   </div>
   <div class='ocr_carea' id='block_1_15' title="bbox 199 1582 1833 1656">
    <p class='ocr_par' dir='ltr' id='par_1_15' title="bbox 199 1582 1833 1656">
     <span class='ocr_line' id='line_1_15' title="bbox 199 1582 1833 1656; baseline 0.001 -18"><span class='ocrx_word' id='word_1_95' title='bbox 199 1585 255 1638; x_wconf 90' lang='lat'><strong>3.</strong></span> <span class='ocrx_word' id='word_1_96' title='bbox 299 1583 409 1637; x_wconf 87' lang='lat' dir='ltr'><strong>Nec</strong></span> <span class='ocrx_word' id='word_1_97' title='bbox 466 1583 606 1638; x_wconf 91' lang='lat' dir='ltr'><strong>illud</strong></span> <span class='ocrx_word' id='word_1_98' title='bbox 662 1582 805 1638; x_wconf 90' lang='lat' dir='ltr'><strong>mihi</strong></span> <span class='ocrx_word' id='word_1_99' title='bbox 858 1586 1062 1654; x_wconf 88' lang='lat' dir='ltr'><strong>placet,</strong></span> <span class='ocrx_word' id='word_1_100' title='bbox 1137 1585 1289 1656; x_wconf 89' lang='lat' dir='ltr'><strong>quod</strong></span> <span class='ocrx_word' id='word_1_101' title='bbox 1338 1601 1467 1639; x_wconf 91' lang='lat' dir='ltr'><strong>cum</strong></span> <span class='ocrx_word' id='word_1_102' title='bbox 1528 1584 1833 1651; x_wconf 84' lang='lat' dir='ltr'><strong>dixissem,</strong></span> 
     </span>
    </p>
   </div>
   <div class='ocr_carea' id='block_1_16' title="bbox 131 1671 1831 1741">
    <p class='ocr_par' dir='ltr' id='par_1_16' title="bbox 131 1671 1831 1741">
     <span class='ocr_line' id='line_1_16' title="bbox 131 1671 1831 1741; baseline 0.001 -16"><span class='ocrx_word' id='word_1_103' title='bbox 131 1671 355 1725; x_wconf 86' lang='lat' dir='ltr'><strong>Summa</strong></span> <span class='ocrx_word' id='word_1_104' title='bbox 386 1686 549 1740; x_wconf 81' lang='lat' dir='ltr'><strong>opera</strong></span> <span class='ocrx_word' id='word_1_105' title='bbox 578 1671 765 1725; x_wconf 88' lang='lat' dir='ltr'><strong>danda</strong></span> <span class='ocrx_word' id='word_1_106' title='bbox 791 1675 869 1726; x_wconf 88' lang='lat' dir='ltr'><strong>est</strong></span> <span class='ocrx_word' id='word_1_107' title='bbox 896 1674 1114 1741; x_wconf 80' lang='lat' dir='ltr'><strong>optimis</strong></span> <span class='ocrx_word' id='word_1_108' title='bbox 1144 1674 1411 1735; x_wconf 84' lang='lat' dir='ltr'><strong>moribus;</strong></span> <span class='ocrx_word' id='word_1_109' title='bbox 1448 1689 1577 1727; x_wconf 87' lang='lat' dir='ltr'><strong>mox</strong></span> <span class='ocrx_word' id='word_1_110' title='bbox 1605 1672 1794 1728; x_wconf 89' lang='lat' dir='ltr'><strong>addidi</strong></span> <span class='ocrx_word' id='word_1_111' title='bbox 1819 1690 1831 1727; x_wconf 92' lang='lat'><strong>:</strong></span> 
     </span>
    </p>
   </div>
   <div class='ocr_carea' id='block_1_17' title="bbox 130 1760 1838 1829">
    <p class='ocr_par' dir='ltr' id='par_1_17' title="bbox 130 1760 1838 1829">
     <span class='ocr_line' id='line_1_17' title="bbox 130 1760 1838 1829; baseline 0.001 -18"><span class='ocrx_word' id='word_1_112' title='bbox 130 1760 271 1811; x_wconf 84' lang='lat' dir='ltr'><strong>Deus</strong></span> <span class='ocrx_word' id='word_1_113' title='bbox 301 1760 439 1812; x_wconf 85' lang='lat' dir='ltr'><strong>enim</strong></span> <span class='ocrx_word' id='word_1_114' title='bbox 468 1763 646 1813; x_wconf 84' lang='lat' dir='ltr'><strong>noster</strong></span> <span class='ocrx_word' id='word_1_115' title='bbox 694 1760 852 1813; x_wconf 80' lang='lat' dir='ltr'><strong>aliter</strong></span> <span class='ocrx_word' id='word_1_116' title='bbox 892 1776 987 1814; x_wconf 88' lang='lat' dir='ltr'><strong>nos</strong></span> <span class='ocrx_word' id='word_1_117' title='bbox 1006 1761 1269 1815; x_wconf 63' lang='lat' dir='ltr'><strong>exaudire</strong></span> <span class='ocrx_word' id='word_1_118' title='bbox 1307 1777 1413 1815; x_wconf 89' lang='lat' dir='ltr'><strong>non</strong></span> <span class='ocrx_word' id='word_1_119' title='bbox 1451 1762 1680 1829; x_wconf 74' lang='lat' dir='ltr'><strong>poterit;</strong></span> <span class='ocrx_word' id='word_1_120' title='bbox 1712 1760 1838 1813; x_wconf 90' lang='lat' dir='ltr'><strong>bene</strong></span> 
     </span>
    </p>
   </div>
   <div class='ocr_carea' id='block_1_18' title="bbox 129 1847 1833 1916">
    <p class='ocr_par' dir='ltr' id='par_1_18' title="bbox 129 1847 1833 1916">
     <span class='ocr_line' id='line_1_18' title="bbox 129 1847 1833 1916; baseline 0.001 -17"><span class='ocrx_word' id='word_1_121' title='bbox 129 1851 311 1900; x_wconf 84' lang='lat' dir='ltr'><strong>autem</strong></span> <span class='ocrx_word' id='word_1_122' title='bbox 341 1848 578 1901; x_wconf 79' lang='lat' dir='ltr'><strong>viventes</strong></span> <span class='ocrx_word' id='word_1_123' title='bbox 606 1848 872 1913; x_wconf 75' lang='lat' dir='ltr'><strong>facillime</strong></span> <span class='ocrx_word' id='word_1_124' title='bbox 907 1848 1161 1902; x_wconf 68' lang='lat' dir='ltr'><strong>exaudiet</strong></span> <span class='ocrx_word' id='word_1_125' title='bbox 1194 1847 1335 1916; x_wconf 93' lang='lat' dir='ltr'><strong>(Lib.</strong></span> <span class='ocrx_word' id='word_1_126' title='bbox 1360 1851 1414 1916; x_wconf 95' lang='lat'><strong>2,</strong></span> <span class='ocrx_word' id='word_1_127' title='bbox 1445 1864 1490 1902; x_wconf 91' lang='lat' dir='ltr'><strong>c.</strong></span> <span class='ocrx_word' id='word_1_128' title='bbox 1518 1850 1607 1910; x_wconf 89' lang='grc'>20,</span> <span class='ocrx_word' id='word_1_129' title='bbox 1643 1864 1697 1901; x_wconf 91' lang='lat' dir='ltr'><strong>n.</strong></span> <span class='ocrx_word' id='word_1_130' title='bbox 1723 1851 1833 1913; x_wconf 79' lang='grc'>52).</span> 
     </span>
    </p>
   </div>
   <div class='ocr_carea' id='block_1_19' title="bbox 128 1934 1839 2008">
    <p class='ocr_par' dir='ltr' id='par_1_19' title="bbox 128 1934 1839 2008">
     <span class='ocr_line' id='line_1_19' title="bbox 128 1934 1839 2008; baseline 0.001 -20"><span class='ocrx_word' id='word_1_131' title='bbox 128 1934 219 1988; x_wconf 89' lang='lat' dir='ltr'><strong>Sic</strong></span> <span class='ocrx_word' id='word_1_132' title='bbox 272 1935 426 1989; x_wconf 89' lang='lat' dir='ltr'><strong>enim</strong></span> <span class='ocrx_word' id='word_1_133' title='bbox 477 1935 691 1990; x_wconf 90' lang='lat' dir='ltr'><strong>dictum</strong></span> <span class='ocrx_word' id='word_1_134' title='bbox 735 1940 839 2003; x_wconf 91' lang='lat' dir='ltr'><strong>est,</strong></span> <span class='ocrx_word' id='word_1_135' title='bbox 890 1940 1163 2008; x_wconf 88' lang='lat' dir='ltr'><strong>tanquam</strong></span> <span class='ocrx_word' id='word_1_136' title='bbox 1216 1939 1364 1991; x_wconf 89' lang='lat' dir='ltr'><strong>Deus</strong></span> <span class='ocrx_word' id='word_1_137' title='bbox 1409 1953 1526 1991; x_wconf 92' lang='lat' dir='ltr'><strong>non</strong></span> <span class='ocrx_word' id='word_1_138' title='bbox 1574 1936 1839 1991; x_wconf 84' lang='lat' dir='ltr'><strong>exaudiat</strong></span> 
     </span>
    </p>
   </div>
   <div class='ocr_carea' id='block_1_20' title="bbox 129 2024 1835 2096">
    <p class='ocr_par' dir='ltr' id='par_1_20' title="bbox 129 2024 1835 2096">
     <span class='ocr_line' id='line_1_20' title="bbox 129 2024 1835 2096; baseline 0.001 -20"><span class='ocrx_word' id='word_1_139' title='bbox 129 2028 491 2094; x_wconf 86' lang='lat' dir='ltr'><strong>peccatores;</strong></span> <span class='ocrx_word' id='word_1_140' title='bbox 524 2024 679 2095; x_wconf 90' lang='lat' dir='ltr'><strong>quod</strong></span> <span class='ocrx_word' id='word_1_141' title='bbox 724 2024 959 2095; x_wconf 90' lang='lat' dir='ltr'><strong>quidam</strong></span> <span class='ocrx_word' id='word_1_142' title='bbox 988 2025 1128 2079; x_wconf 85' lang='lat' dir='ltr'><strong>dixit</strong></span> <span class='ocrx_word' id='word_1_143' title='bbox 1158 2025 1219 2079; x_wconf 88' lang='lat' dir='ltr'><strong>in</strong></span> <span class='ocrx_word' id='word_1_144' title='bbox 1254 2025 1577 2096; x_wconf 88' lang='lat' dir='ltr'><strong>Evangelio,</strong></span> <span class='ocrx_word' id='word_1_145' title='bbox 1613 2025 1710 2080; x_wconf 90' lang='lat' dir='ltr'><strong>sed</strong></span> <span class='ocrx_word' id='word_1_146' title='bbox 1740 2025 1835 2078; x_wconf 91' lang='lat' dir='ltr'><strong>ille</strong></span> 
     </span>
    </p>
   </div>
   <div class='ocr_carea' id='block_1_21' title="bbox 128 2111 1833 2183">
    <p class='ocr_par' dir='ltr' id='par_1_21' title="bbox 128 2111 1833 2183">
     <span class='ocr_line' id='line_1_21' title="bbox 128 2111 1833 2183; baseline 0.002 -19"><span class='ocrx_word' id='word_1_147' title='bbox 128 2111 230 2181; x_wconf 87' lang='lat' dir='ltr'><strong>qui</strong></span> <span class='ocrx_word' id='word_1_148' title='bbox 274 2111 534 2165; x_wconf 89' lang='lat' dir='ltr'><strong>nondum</strong></span> <span class='ocrx_word' id='word_1_149' title='bbox 572 2116 912 2182; x_wconf 82' lang='lat' dir='ltr'><strong>cognoverat</strong></span> <span class='ocrx_word' id='word_1_150' title='bbox 966 2111 1272 2180; x_wconf 81' lang='lat' dir='ltr'><strong>Christum,</strong></span> <span class='ocrx_word' id='word_1_151' title='bbox 1307 2130 1338 2166; x_wconf 91' lang='lat' dir='ltr'><strong>a</strong></span> <span class='ocrx_word' id='word_1_152' title='bbox 1368 2129 1481 2183; x_wconf 91' lang='lat' dir='ltr'><strong>quo</strong></span> <span class='ocrx_word' id='word_1_153' title='bbox 1510 2113 1694 2167; x_wconf 86' lang='lat' dir='ltr'><strong>fuerat</strong></span> <span class='ocrx_word' id='word_1_154' title='bbox 1713 2113 1833 2182; x_wconf 89' lang='lat' dir='ltr'><strong>jam</strong></span> 
     </span>
    </p>
   </div>
   <div class='ocr_carea' id='block_1_22' title="bbox 128 2198 1836 2270">
    <p class='ocr_par' dir='ltr' id='par_1_22' title="bbox 128 2198 1836 2270">
     <span class='ocr_line' id='line_1_22' title="bbox 128 2198 1836 2270; baseline 0.002 -18"><span class='ocrx_word' id='word_1_155' title='bbox 128 2198 488 2253; x_wconf 89' lang='lat' dir='ltr'><strong>illuminatus</strong></span> <span class='ocrx_word' id='word_1_156' title='bbox 538 2198 597 2253; x_wconf 92' lang='lat' dir='ltr'><strong>in</strong></span> <span class='ocrx_word' id='word_1_157' title='bbox 640 2215 878 2269; x_wconf 90' lang='lat' dir='ltr'><strong>corpore</strong></span> <span class='ocrx_word' id='word_1_158' title='bbox 927 2199 1102 2270; x_wconf 82' lang='lat' dir='ltr'><strong>(Joan.</strong></span> <span class='ocrx_word' id='word_1_159' title='bbox 1150 2218 1224 2268; x_wconf 80' lang='lat' dir='ltr'><strong>ix,</strong></span> <span class='ocrx_word' id='word_1_160' title='bbox 1263 2203 1352 2268; x_wconf 90' lang='lat'><strong>30,</strong></span> <span class='ocrx_word' id='word_1_161' title='bbox 1384 2200 1493 2267; x_wconf 90' lang='grc'>31).</span> <span class='ocrx_word' id='word_1_162' title='bbox 1536 2201 1648 2254; x_wconf 92' lang='lat' dir='ltr'><strong>Nec</strong></span> <span class='ocrx_word' id='word_1_163' title='bbox 1692 2199 1836 2255; x_wconf 90' lang='lat' dir='ltr'><strong>illud</strong></span> 
     </span>
    </p>
   </div>
   <div class='ocr_carea' id='block_1_23' title="bbox 129 2278 1835 2358">
    <p class='ocr_par' dir='ltr' id='par_1_23' title="bbox 129 2278 1835 2358">
     <span class='ocr_line' id='line_1_23' title="bbox 129 2278 1835 2358; baseline 0.001 -18"><span class='ocrx_word' id='word_1_164' title='bbox 129 2287 275 2341; x_wconf 88' lang='lat' dir='ltr'><strong>mihi</strong></span> <span class='ocrx_word' id='word_1_165' title='bbox 297 2286 505 2356; x_wconf 89' lang='lat' dir='ltr'><strong>placet,</strong></span> <span class='ocrx_word' id='word_1_166' title='bbox 539 2287 689 2358; x_wconf 89' lang='lat' dir='ltr'><strong>quod</strong></span> <span class='ocrx_word' id='word_1_167' title='bbox 718 2288 1053 2357; x_wconf 74' lang='lat' dir='ltr'><strong>Pythagorae</strong></span> <span class='ocrx_word' id='word_1_168' title='bbox 1083 2288 1421 2358; x_wconf 87' lang='lat' dir='ltr'><strong>philosopho</strong></span> <span class='ocrx_word' id='word_1_169' title='bbox 1464 2278 1685 2342; x_wconf 78' lang='lat' dir='ltr'><strong>tantum</strong></span> <span class='ocrx_word' id='word_1_170' title='bbox 1714 2289 1835 2342; x_wconf 85' lang='lat' dir='ltr'><strong>lau-</strong></span> 
     </span>
    </p>
   </div>
   <div class='ocr_carea' id='block_1_24' title="bbox 128 2375 1835 2447">
    <p class='ocr_par' dir='ltr' id='par_1_24' title="bbox 128 2375 1835 2447">
     <span class='ocr_line' id='line_1_24' title="bbox 128 2375 1835 2447; baseline 0.001 -17"><span class='ocrx_word' id='word_1_171' title='bbox 128 2375 214 2431; x_wconf 88' lang='lat' dir='ltr'><strong>dis</strong></span> <span class='ocrx_word' id='word_1_172' title='bbox 257 2375 391 2430; x_wconf 89' lang='lat' dir='ltr'><strong>dedi</strong></span> <span class='ocrx_word' id='word_1_173' title='bbox 443 2376 585 2445; x_wconf 88' lang='lat' dir='ltr'><strong>(Lib.</strong></span> <span class='ocrx_word' id='word_1_174' title='bbox 609 2379 663 2441; x_wconf 90' lang='lat'><strong>2,</strong></span> <span class='ocrx_word' id='word_1_175' title='bbox 700 2392 746 2429; x_wconf 92' lang='lat' dir='ltr'><strong>c.</strong></span> <span class='ocrx_word' id='word_1_176' title='bbox 783 2379 869 2443; x_wconf 84' lang='lat'><strong>20,</strong></span> <span class='ocrx_word' id='word_1_177' title='bbox 902 2392 961 2430; x_wconf 92' lang='lat' dir='ltr'><strong>n.</strong></span> <span class='ocrx_word' id='word_1_178' title='bbox 995 2376 1106 2443; x_wconf 84' lang='grc'>53),</span> <span class='ocrx_word' id='word_1_179' title='bbox 1149 2380 1211 2430; x_wconf 92' lang='lat' dir='ltr'><strong>ut</strong></span> <span class='ocrx_word' id='word_1_180' title='bbox 1250 2377 1348 2447; x_wconf 93' lang='lat' dir='ltr'><strong>qui</strong></span> <span class='ocrx_word' id='word_1_181' title='bbox 1371 2377 1515 2430; x_wconf 91' lang='lat' dir='ltr'><strong>hanc</strong></span> <span class='ocrx_word' id='word_1_182' title='bbox 1557 2378 1715 2431; x_wconf 86' lang='lat' dir='ltr'><strong>audit</strong></span> <span class='ocrx_word' id='word_1_183' title='bbox 1750 2378 1835 2431; x_wconf 89' lang='lat' dir='ltr'><strong>vel</strong></span> 
     </span>
    </p>
   </div>
   <div class='ocr_carea' id='block_1_25' title="bbox 132 2464 1834 2536">
    <p class='ocr_par' dir='ltr' id='par_1_25' title="bbox 132 2464 1834 2536">
     <span class='ocr_line' id='line_1_25' title="bbox 132 2464 1834 2536; baseline 0.001 -18"><span class='ocrx_word' id='word_1_184' title='bbox 132 2464 273 2536; x_wconf 90' lang='lat' dir='ltr'><strong>legit</strong></span> <span class='ocrx_word' id='word_1_185' title='bbox 328 2464 504 2534; x_wconf 86' lang='lat' dir='ltr'><strong>possit</strong></span> <span class='ocrx_word' id='word_1_186' title='bbox 559 2468 781 2534; x_wconf 86' lang='lat' dir='ltr'><strong>putare,</strong></span> <span class='ocrx_word' id='word_1_187' title='bbox 840 2479 931 2517; x_wconf 90' lang='lat' dir='ltr'><strong>me</strong></span> <span class='ocrx_word' id='word_1_188' title='bbox 978 2464 1283 2518; x_wconf 87' lang='lat' dir='ltr'><strong>credidisse</strong></span> <span class='ocrx_word' id='word_1_189' title='bbox 1310 2465 1498 2518; x_wconf 91' lang='lat' dir='ltr'><strong>nullos</strong></span> <span class='ocrx_word' id='word_1_190' title='bbox 1527 2481 1749 2519; x_wconf 88' lang='lat' dir='ltr'><strong>errores</strong></span> <span class='ocrx_word' id='word_1_191' title='bbox 1776 2466 1834 2519; x_wconf 91' lang='lat' dir='ltr'><strong>in</strong></span> 
     </span>
    </p>
   </div>
   <div class='ocr_carea' id='block_1_26' title="bbox 134 2551 1835 2624">
    <p class='ocr_par' dir='ltr' id='par_1_26' title="bbox 134 2551 1835 2624">
     <span class='ocr_line' id='line_1_26' title="bbox 134 2551 1835 2624; baseline 0 -17"><span class='ocrx_word' id='word_1_192' title='bbox 134 2551 510 2623; x_wconf 77' lang='lat' dir='ltr'><strong>Pythagorica</strong></span> <span class='ocrx_word' id='word_1_193' title='bbox 540 2567 661 2606; x_wconf 90' lang='lat' dir='ltr'><strong>esse</strong></span> <span class='ocrx_word' id='word_1_194' title='bbox 694 2552 973 2618; x_wconf 87' lang='lat' dir='ltr'><strong>doctrina,</strong></span> <span class='ocrx_word' id='word_1_195' title='bbox 1005 2568 1134 2606; x_wconf 89' lang='lat' dir='ltr'><strong>cum</strong></span> <span class='ocrx_word' id='word_1_196' title='bbox 1164 2551 1277 2607; x_wconf 89' lang='lat' dir='ltr'><strong>sint</strong></span> <span class='ocrx_word' id='word_1_197' title='bbox 1301 2552 1513 2622; x_wconf 86' lang='lat' dir='ltr'><strong>plures,</strong></span> <span class='ocrx_word' id='word_1_198' title='bbox 1547 2552 1835 2624; x_wconf 89' lang='lat' dir='ltr'><strong>iidemque</strong></span> 
     </span>
    </p>
   </div>
   <div class='ocr_carea' id='block_1_27' title="bbox 134 2640 1831 2712">
    <p class='ocr_par' dir='ltr' id='par_1_27' title="bbox 134 2640 1831 2712">
     <span class='ocr_line' id='line_1_27' title="bbox 134 2640 1831 2712; baseline 0.001 -19"><span class='ocrx_word' id='word_1_199' title='bbox 134 2640 429 2711; x_wconf 83' lang='lat' dir='ltr'><strong>capitales.</strong></span> <span class='ocrx_word' id='word_1_200' title='bbox 464 2640 579 2694; x_wconf 84' lang='lat' dir='ltr'><strong>Hoc</strong></span> <span class='ocrx_word' id='word_1_201' title='bbox 606 2656 750 2712; x_wconf 87' lang='lat' dir='ltr'><strong>opus</strong></span> <span class='ocrx_word' id='word_1_202' title='bbox 766 2640 845 2694; x_wconf 90' lang='lat' dir='ltr'><strong>sic</strong></span> <span class='ocrx_word' id='word_1_203' title='bbox 866 2640 1095 2709; x_wconf 88' lang='lat' dir='ltr'><strong>incipit:</strong></span> <span class='ocrx_word' id='word_1_204' title='bbox 1122 2640 1373 2696; x_wconf 83' lang='lat' dir='ltr'><strong>Ordinem</strong></span> <span class='ocrx_word' id='word_1_205' title='bbox 1395 2656 1595 2702; x_wconf 85' lang='lat' dir='ltr'><strong>rerum,</strong></span> <span class='ocrx_word' id='word_1_206' title='bbox 1625 2643 1831 2695; x_wconf 76' lang='lat' dir='ltr'><strong>Zenobi.</strong></span> 
     </span>
    </p>
   </div>
   <div class='ocr_carea' id='block_1_28' title="bbox 811 2728 1162 2783">
    <p class='ocr_par' dir='ltr' id='par_1_28' title="bbox 811 2728 1162 2783">
     <span class='ocr_line' id='line_1_28' title="bbox 811 2728 1162 2783; baseline -0.003 0"><span class='ocrx_word' id='word_1_207' title='bbox 811 2728 1036 2783; x_wconf 84' lang='lat' dir='ltr'><strong>CAPUT</strong></span> <span class='ocrx_word' id='word_1_208' title='bbox 1076 2729 1162 2783; x_wconf 87' lang='lat' dir='ltr'><strong>IV.</strong></span> 
     </span>
    </p>
   </div>
   <div class='ocr_carea' id='block_1_29' title="bbox 609 2816 1357 2884">
    <p class='ocr_par' dir='ltr' id='par_1_29' title="bbox 609 2816 1357 2884">
     <span class='ocr_line' id='line_1_29' title="bbox 609 2816 1357 2884; baseline -0.004 -11"><span class='ocrx_word' id='word_1_209' title='bbox 609 2816 1027 2884; x_wconf 85' lang='lat' dir='ltr'><strong>Soliloquiorum</strong></span> <span class='ocrx_word' id='word_1_210' title='bbox 1067 2816 1196 2870; x_wconf 84' lang='lat' dir='ltr'><strong>libri</strong></span> <span class='ocrx_word' id='word_1_211' title='bbox 1234 2816 1357 2870; x_wconf 86' lang='lat' dir='ltr'><strong>duo.</strong></span> 
     </span>
    </p>
   </div>
   <div class='ocr_carea' id='block_1_30' title="bbox 204 2903 1834 2976">
    <p class='ocr_par' dir='ltr' id='par_1_30' title="bbox 204 2903 1834 2976">
     <span class='ocr_line' id='line_1_30' title="bbox 204 2903 1834 2976; baseline -0.001 -16"><span class='ocrx_word' id='word_1_212' title='bbox 204 2910 252 2960; x_wconf 92' lang='grc'>1.</span> <span class='ocrx_word' id='word_1_213' title='bbox 300 2906 457 2960; x_wconf 90' lang='lat' dir='ltr'><strong>Inter</strong></span> <span class='ocrx_word' id='word_1_214' title='bbox 486 2905 611 2961; x_wconf 64' lang='lat' dir='ltr'><strong>haec</strong></span> <span class='ocrx_word' id='word_1_215' title='bbox 637 2903 838 2976; x_wconf 88' lang='lat' dir='ltr'><strong>scripsi</strong></span> <span class='ocrx_word' id='word_1_216' title='bbox 864 2904 1037 2959; x_wconf 88' lang='lat' dir='ltr'><strong>etiam</strong></span> <span class='ocrx_word' id='word_1_217' title='bbox 1065 2905 1178 2959; x_wconf 92' lang='lat' dir='ltr'><strong>duo</strong></span> <span class='ocrx_word' id='word_1_218' title='bbox 1209 2903 1497 2958; x_wconf 83' lang='lat' dir='ltr'><strong>volumina</strong></span> <span class='ocrx_word' id='word_1_219' title='bbox 1525 2905 1834 2959; x_wconf 89' lang='lat' dir='ltr'><strong>secundum</strong></span> 
     </span>
    </p>
   </div>
   <div class='ocr_carea' id='block_1_31' title="bbox 130 2991 1835 3063">
    <p class='ocr_par' dir='ltr' id='par_1_31' title="bbox 130 2991 1835 3063">
     <span class='ocr_line' id='line_1_31' title="bbox 130 2991 1835 3063; baseline 0.001 -18"><span class='ocrx_word' id='word_1_220' title='bbox 130 2992 387 3048; x_wconf 91' lang='lat' dir='ltr'><strong>studium</strong></span> <span class='ocrx_word' id='word_1_221' title='bbox 423 3009 616 3047; x_wconf 89' lang='lat' dir='ltr'><strong>meum</strong></span> <span class='ocrx_word' id='word_1_222' title='bbox 654 2998 711 3047; x_wconf 88' lang='lat' dir='ltr'><strong>et</strong></span> <span class='ocrx_word' id='word_1_223' title='bbox 747 3008 1026 3059; x_wconf 90' lang='lat' dir='ltr'><strong>amorem,</strong></span> <span class='ocrx_word' id='word_1_224' title='bbox 1065 2991 1315 3047; x_wconf 77' lang='lat' dir='ltr'><strong>rationeâ€˜</strong></span> <span class='ocrx_word' id='word_1_225' title='bbox 1358 2992 1696 3063; x_wconf 69' lang='lat' dir='ltr'><strong>indagandae</strong></span> <span class='ocrx_word' id='word_1_226' title='bbox 1739 3010 1835 3047; x_wconf 88' lang='lat' dir='ltr'><strong>ve-</strong></span> 
     </span>
    </p>
   </div>
   <div class='ocr_carea' id='block_1_32' title="bbox 130 3078 1836 3152">
    <p class='ocr_par' dir='ltr' id='par_1_32' title="bbox 130 3078 1836 3152">
     <span class='ocr_line' id='line_1_32' title="bbox 130 3078 1836 3152; baseline 0.001 -17"><span class='ocrx_word' id='word_1_227' title='bbox 130 3081 339 3150; x_wconf 81' lang='lat' dir='ltr'><strong>ritatis,</strong></span> <span class='ocrx_word' id='word_1_228' title='bbox 368 3080 435 3135; x_wconf 92' lang='lat' dir='ltr'><strong>de</strong></span> <span class='ocrx_word' id='word_1_229' title='bbox 462 3080 551 3136; x_wconf 91' lang='lat' dir='ltr'><strong>his</strong></span> <span class='ocrx_word' id='word_1_230' title='bbox 576 3081 744 3136; x_wconf 86' lang='lat' dir='ltr'><strong>rebus</strong></span> <span class='ocrx_word' id='word_1_231' title='bbox 775 3097 917 3152; x_wconf 89' lang='lat' dir='ltr'><strong>quas</strong></span> <span class='ocrx_word' id='word_1_232' title='bbox 942 3078 1189 3135; x_wconf 87' lang='lat' dir='ltr'><strong>maxime</strong></span> <span class='ocrx_word' id='word_1_233' title='bbox 1220 3080 1361 3135; x_wconf 90' lang='lat' dir='ltr'><strong>scire</strong></span> <span class='ocrx_word' id='word_1_234' title='bbox 1391 3081 1712 3151; x_wconf 88' lang='lat' dir='ltr'><strong>cupiebam,</strong></span> <span class='ocrx_word' id='word_1_235' title='bbox 1744 3098 1836 3136; x_wconf 88' lang='lat' dir='ltr'><strong>me</strong></span> 
     </span>
    </p>
   </div>
   <div class='ocr_carea' id='block_1_33' title="bbox 132 3169 1838 3241">
    <p class='ocr_par' dir='ltr' id='par_1_33' title="bbox 132 3169 1838 3241">
     <span class='ocr_line' id='line_1_33' title="bbox 132 3169 1838 3241; baseline 0.001 -18"><span class='ocrx_word' id='word_1_236' title='bbox 132 3169 517 3241; x_wconf 88' lang='lat' dir='ltr'><strong>interrogans,</strong></span> <span class='ocrx_word' id='word_1_237' title='bbox 550 3170 807 3241; x_wconf 89' lang='lat' dir='ltr'><strong>mihique</strong></span> <span class='ocrx_word' id='word_1_238' title='bbox 837 3170 1209 3241; x_wconf 86' lang='lat' dir='ltr'><strong>respondens,</strong></span> <span class='ocrx_word' id='word_1_239' title='bbox 1241 3174 1515 3240; x_wconf 85' lang='lat' dir='ltr'><strong>tanquam</strong></span> <span class='ocrx_word' id='word_1_240' title='bbox 1544 3170 1657 3224; x_wconf 93' lang='lat' dir='ltr'><strong>duo</strong></span> <span class='ocrx_word' id='word_1_241' title='bbox 1697 3187 1838 3224; x_wconf 88' lang='lat' dir='ltr'><strong>esse-</strong></span> 
     </span>
    </p>
   </div>
   <div class='ocr_carea' id='block_1_34' title="bbox 135 3258 1838 3329">
    <p class='ocr_par' dir='ltr' id='par_1_34' title="bbox 135 3258 1838 3329">
     <span class='ocr_line' id='line_1_34' title="bbox 135 3258 1838 3329; baseline 0 -17"><span class='ocrx_word' id='word_1_242' title='bbox 135 3274 286 3325; x_wconf 89' lang='lat' dir='ltr'><strong>mus,</strong></span> <span class='ocrx_word' id='word_1_243' title='bbox 316 3258 462 3313; x_wconf 89' lang='lat' dir='ltr'><strong>ratio</strong></span> <span class='ocrx_word' id='word_1_244' title='bbox 493 3262 550 3313; x_wconf 92' lang='lat' dir='ltr'><strong>et</strong></span> <span class='ocrx_word' id='word_1_245' title='bbox 579 3274 706 3328; x_wconf 89' lang='lat' dir='ltr'><strong>ego,</strong></span> <span class='ocrx_word' id='word_1_246' title='bbox 739 3274 867 3313; x_wconf 91' lang='lat' dir='ltr'><strong>cum</strong></span> <span class='ocrx_word' id='word_1_247' title='bbox 909 3258 1063 3312; x_wconf 90' lang='lat' dir='ltr'><strong>solus</strong></span> <span class='ocrx_word' id='word_1_248' title='bbox 1109 3274 1319 3325; x_wconf 88' lang='lat' dir='ltr'><strong>essem;</strong></span> <span class='ocrx_word' id='word_1_249' title='bbox 1356 3258 1509 3312; x_wconf 91' lang='lat' dir='ltr'><strong>unde</strong></span> <span class='ocrx_word' id='word_1_250' title='bbox 1545 3258 1652 3312; x_wconf 89' lang='lat' dir='ltr'><strong>hoc</strong></span> <span class='ocrx_word' id='word_1_251' title='bbox 1694 3274 1838 3329; x_wconf 86' lang='lat' dir='ltr'><strong>opus</strong></span> 
     </span>
    </p>
   </div>
   <div class='ocr_carea' id='block_1_35' title="bbox 135 3345 1838 3418">
    <p class='ocr_par' dir='ltr' id='par_1_35' title="bbox 135 3345 1838 3418">
     <span class='ocr_line' id='line_1_35' title="bbox 135 3345 1838 3418; baseline 0.001 -18"><span class='ocrx_word' id='word_1_252' title='bbox 135 3345 454 3418; x_wconf 90' lang='lat' dir='ltr'><strong>Soliloquia</strong></span> <span class='ocrx_word' id='word_1_253' title='bbox 493 3347 804 3413; x_wconf 85' lang='lat' dir='ltr'><strong>nominavi,</strong></span> <span class='ocrx_word' id='word_1_254' title='bbox 835 3347 931 3401; x_wconf 90' lang='lat' dir='ltr'><strong>sed</strong></span> <span class='ocrx_word' id='word_1_255' title='bbox 974 3345 1370 3418; x_wconf 88' lang='lat' dir='ltr'><strong>imperfectum</strong></span> <span class='ocrx_word' id='word_1_256' title='bbox 1414 3347 1716 3401; x_wconf 87' lang='lat' dir='ltr'><strong>remansit:</strong></span> <span class='ocrx_word' id='word_1_257' title='bbox 1761 3348 1838 3401; x_wconf 88' lang='lat' dir='ltr'><strong>ita</strong></span> 
     </span>
    </p>
   </div>
   <div class='ocr_carea' id='block_1_36' title="bbox 134 3435 1837 3507">
    <p class='ocr_par' dir='ltr' id='par_1_36' title="bbox 134 3435 1837 3507">
     <span class='ocr_line' id='line_1_36' title="bbox 134 3435 1837 3507; baseline -0.001 -17"><span class='ocrx_word' id='word_1_258' title='bbox 134 3440 330 3490; x_wconf 90' lang='lat' dir='ltr'><strong>tamen</strong></span> <span class='ocrx_word' id='word_1_259' title='bbox 362 3440 428 3490; x_wconf 92' lang='lat' dir='ltr'><strong>ut</strong></span> <span class='ocrx_word' id='word_1_260' title='bbox 446 3436 507 3489; x_wconf 92' lang='lat' dir='ltr'><strong>in</strong></span> <span class='ocrx_word' id='word_1_261' title='bbox 534 3435 721 3506; x_wconf 88' lang='lat' dir='ltr'><strong>primo</strong></span> <span class='ocrx_word' id='word_1_262' title='bbox 749 3435 891 3489; x_wconf 91' lang='lat' dir='ltr'><strong>libro</strong></span> <span class='ocrx_word' id='word_1_263' title='bbox 921 3439 1293 3506; x_wconf 69' lang='lat' dir='ltr'><strong>quaereretur,</strong></span> <span class='ocrx_word' id='word_1_264' title='bbox 1317 3440 1373 3490; x_wconf 89' lang='lat' dir='ltr'><strong>et</strong></span> <span class='ocrx_word' id='word_1_265' title='bbox 1398 3439 1705 3507; x_wconf 87' lang='lat' dir='ltr'><strong>utcumque</strong></span> <span class='ocrx_word' id='word_1_266' title='bbox 1737 3451 1837 3506; x_wconf 88' lang='lat' dir='ltr'><strong>ap-</strong></span> 
     </span>
    </p>
   </div>
   <div class='ocr_carea' id='block_1_37' title="bbox 132 3522 1837 3600">
    <p class='ocr_par' dir='ltr' id='par_1_37' title="bbox 132 3522 1837 3600">
     <span class='ocr_line' id='line_1_37' title="bbox 132 3522 1837 3600; baseline 0 -23"><span class='ocrx_word' id='word_1_267' title='bbox 132 3527 382 3594; x_wconf 87' lang='lat' dir='ltr'><strong>pareret,</strong></span> <span class='ocrx_word' id='word_1_268' title='bbox 414 3522 600 3594; x_wconf 90' lang='lat' dir='ltr'><strong>qualis</strong></span> <span class='ocrx_word' id='word_1_269' title='bbox 604 3539 750 3600; x_wconf 61' lang='lat' dir='ltr'><strong>.esse</strong></span> <span class='ocrx_word' id='word_1_270' title='bbox 782 3523 986 3577; x_wconf 87' lang='lat' dir='ltr'><strong>debeat</strong></span> <span class='ocrx_word' id='word_1_271' title='bbox 1015 3522 1114 3594; x_wconf 92' lang='lat' dir='ltr'><strong>qui</strong></span> <span class='ocrx_word' id='word_1_272' title='bbox 1142 3523 1264 3577; x_wconf 85' lang='lat' dir='ltr'><strong>vult</strong></span> <span class='ocrx_word' id='word_1_273' title='bbox 1292 3523 1583 3595; x_wconf 87' lang='lat' dir='ltr'><strong>percipere</strong></span> <span class='ocrx_word' id='word_1_274' title='bbox 1614 3523 1837 3594; x_wconf 89' lang='lat' dir='ltr'><strong>sapien-</strong></span> 
     </span>
    </p>
   </div>
   <div class='ocr_carea' id='block_1_38' title="bbox 130 3610 1839 3683">
    <p class='ocr_par' dir='ltr' id='par_1_38' title="bbox 130 3610 1839 3683">
     <span class='ocr_line' id='line_1_38' title="bbox 130 3610 1839 3683; baseline 0 -18"><span class='ocrx_word' id='word_1_275' title='bbox 130 3611 296 3677; x_wconf 88' lang='lat' dir='ltr'><strong>tiam,</strong></span> <span class='ocrx_word' id='word_1_276' title='bbox 329 3626 459 3683; x_wconf 67' lang='lat' dir='ltr'><strong>quaz</strong></span> <span class='ocrx_word' id='word_1_277' title='bbox 484 3610 687 3682; x_wconf 89' lang='lat' dir='ltr'><strong>utique</strong></span> <span class='ocrx_word' id='word_1_278' title='bbox 717 3627 835 3665; x_wconf 91' lang='lat' dir='ltr'><strong>non</strong></span> <span class='ocrx_word' id='word_1_279' title='bbox 865 3628 1034 3666; x_wconf 90' lang='lat' dir='ltr'><strong>sensu</strong></span> <span class='ocrx_word' id='word_1_280' title='bbox 1061 3610 1334 3681; x_wconf 90' lang='lat' dir='ltr'><strong>corporis,</strong></span> <span class='ocrx_word' id='word_1_281' title='bbox 1370 3612 1466 3666; x_wconf 90' lang='lat' dir='ltr'><strong>sed</strong></span> <span class='ocrx_word' id='word_1_282' title='bbox 1487 3615 1680 3666; x_wconf 85' lang='lat' dir='ltr'><strong>mente</strong></span> <span class='ocrx_word' id='word_1_283' title='bbox 1712 3628 1839 3682; x_wconf 88' lang='lat' dir='ltr'><strong>per-</strong></span> 
     </span>
    </p>
   </div>
   <div class='ocr_carea' id='block_1_39' title="bbox 130 3699 1837 3771">
    <p class='ocr_par' dir='ltr' id='par_1_39' title="bbox 130 3699 1837 3771">
     <span class='ocr_line' id='line_1_39' title="bbox 130 3699 1837 3771; baseline 0 -18"><span class='ocrx_word' id='word_1_284' title='bbox 130 3699 377 3770; x_wconf 88' lang='lat' dir='ltr'><strong>cipitur;</strong></span> <span class='ocrx_word' id='word_1_285' title='bbox 403 3704 458 3754; x_wconf 90' lang='lat' dir='ltr'><strong>et</strong></span> <span class='ocrx_word' id='word_1_286' title='bbox 485 3699 734 3771; x_wconf 86' lang='lat' dir='ltr'><strong>quadarn</strong></span> <span class='ocrx_word' id='word_1_287' title='bbox 772 3699 1209 3754; x_wconf 87' lang='lat' dir='ltr'><strong>ratiocinatione</strong></span> <span class='ocrx_word' id='word_1_288' title='bbox 1251 3699 1311 3753; x_wconf 90' lang='lat' dir='ltr'><strong>in</strong></span> <span class='ocrx_word' id='word_1_289' title='bbox 1350 3699 1483 3754; x_wconf 90' lang='lat' dir='ltr'><strong>libri</strong></span> <span class='ocrx_word' id='word_1_290' title='bbox 1520 3700 1632 3755; x_wconf 81' lang='lat' dir='ltr'><strong>fine</strong></span> <span class='ocrx_word' id='word_1_291' title='bbox 1672 3700 1837 3754; x_wconf 89' lang='lat' dir='ltr'><strong>colli-</strong></span> 
     </span>
    </p>
   </div>
   <div class='ocr_carea' id='block_1_40' title="bbox 130 3787 1838 3859">
    <p class='ocr_par' dir='ltr' id='par_1_40' title="bbox 130 3787 1838 3859">
     <span class='ocr_line' id='line_1_40' title="bbox 130 3787 1838 3859; baseline 0 -18"><span class='ocrx_word' id='word_1_292' title='bbox 130 3787 312 3859; x_wconf 89' lang='lat' dir='ltr'><strong>gitur,</strong></span> <span class='ocrx_word' id='word_1_293' title='bbox 343 3803 410 3842; x_wconf 88' lang='lat' dir='ltr'><strong>ea</strong></span> <span class='ocrx_word' id='word_1_294' title='bbox 438 3803 567 3858; x_wconf 69' lang='lat' dir='ltr'><strong>quas</strong></span> <span class='ocrx_word' id='word_1_295' title='bbox 607 3804 737 3842; x_wconf 87' lang='lat' dir='ltr'><strong>vere</strong></span> <span class='ocrx_word' id='word_1_296' title='bbox 765 3791 898 3842; x_wconf 88' lang='lat' dir='ltr'><strong>sunt</strong></span> <span class='ocrx_word' id='word_1_297' title='bbox 917 3788 1265 3842; x_wconf 88' lang='lat' dir='ltr'><strong>immortalia</strong></span> <span class='ocrx_word' id='word_1_298' title='bbox 1304 3803 1444 3843; x_wconf 92' lang='lat' dir='ltr'><strong>esse.</strong></span> <span class='ocrx_word' id='word_1_299' title='bbox 1487 3788 1556 3842; x_wconf 87' lang='lat' dir='ltr'><strong>In</strong></span> <span class='ocrx_word' id='word_1_300' title='bbox 1591 3787 1838 3842; x_wconf 92' lang='lat' dir='ltr'><strong>secundo</strong></span> 
     </span>
    </p>
   </div>
   <div class='ocr_carea' id='block_1_41' title="bbox 130 3858 1841 3945">
    <p class='ocr_par' dir='ltr' id='par_1_41' title="bbox 130 3858 1841 3945">
     <span class='ocr_line' id='line_1_41' title="bbox 130 3858 1841 3945; baseline -0.001 -15"><span class='ocrx_word' id='word_1_301' title='bbox 130 3858 351 3942; x_wconf 83' lang='lat' dir='ltr'><strong>autem,</strong></span> <span class='ocrx_word' id='word_1_302' title='bbox 381 3876 450 3931; x_wconf 90' lang='lat' dir='ltr'><strong>de</strong></span> <span class='ocrx_word' id='word_1_303' title='bbox 480 3874 911 3930; x_wconf 88' lang='lat' dir='ltr'><strong>immortalitate</strong></span> <span class='ocrx_word' id='word_1_304' title='bbox 940 3858 1146 3930; x_wconf 78' lang='lat' dir='ltr'><strong>animae</strong></span> <span class='ocrx_word' id='word_1_305' title='bbox 1167 3874 1266 3929; x_wconf 89' lang='lat' dir='ltr'><strong>diu</strong></span> <span class='ocrx_word' id='word_1_306' title='bbox 1291 3891 1383 3930; x_wconf 89' lang='lat' dir='ltr'><strong>res</strong></span> <span class='ocrx_word' id='word_1_307' title='bbox 1410 3874 1618 3945; x_wconf 87' lang='lat' dir='ltr'><strong>agitur,</strong></span> <span class='ocrx_word' id='word_1_308' title='bbox 1646 3879 1701 3929; x_wconf 90' lang='lat' dir='ltr'><strong>et</strong></span> <span class='ocrx_word' id='word_1_309' title='bbox 1724 3891 1841 3929; x_wconf 92' lang='lat' dir='ltr'><strong>non</strong></span> 
     </span>
    </p>
   </div>
   <div class='ocr_carea' id='block_1_42' title="bbox 128 3963 1667 4035">
    <p class='ocr_par' dir='ltr' id='par_1_42' title="bbox 128 3963 1667 4035">
     <span class='ocr_line' id='line_1_42' title="bbox 128 3963 1667 4035; baseline 0 -16"><span class='ocrx_word' id='word_1_310' title='bbox 128 3963 453 4035; x_wconf 86' lang='lat' dir='ltr'><strong>peragitur.</strong></span> <span class='ocrx_word' id='word_1_311' title='bbox 1664 4026 1667 4029; x_wconf 28' lang='grc' dir='ltr'><strong><em>Î»</em></strong></span> 
     </span>
    </p>
   </div>
   <div class='ocr_carea' id='block_1_43' title="bbox 200 4048 1840 4122">
    <p class='ocr_par' dir='ltr' id='par_1_43' title="bbox 200 4048 1840 4122">
     <span class='ocr_line' id='line_1_43' title="bbox 200 4048 1840 4122; baseline -0.001 -16"><span class='ocrx_word' id='word_1_312' title='bbox 200 4056 255 4107; x_wconf 89' lang='grc'><strong>2.</strong></span> <span class='ocrx_word' id='word_1_313' title='bbox 304 4052 369 4104; x_wconf 89' lang='lat' dir='ltr'><strong>In</strong></span> <span class='ocrx_word' id='word_1_314' title='bbox 401 4050 491 4103; x_wconf 92' lang='lat' dir='ltr'><strong>his</strong></span> <span class='ocrx_word' id='word_1_315' title='bbox 523 4065 657 4104; x_wconf 89' lang='lat' dir='ltr'><strong>sane</strong></span> <span class='ocrx_word' id='word_1_316' title='bbox 686 4049 849 4104; x_wconf 89' lang='lat' dir='ltr'><strong>libris</strong></span> <span class='ocrx_word' id='word_1_317' title='bbox 883 4065 999 4104; x_wconf 90' lang='lat' dir='ltr'><strong>non</strong></span> <span class='ocrx_word' id='word_1_318' title='bbox 1036 4048 1290 4120; x_wconf 89' lang='lat' dir='ltr'><strong>approbo</strong></span> <span class='ocrx_word' id='word_1_319' title='bbox 1320 4051 1472 4122; x_wconf 87' lang='lat' dir='ltr'><strong>quod</strong></span> <span class='ocrx_word' id='word_1_320' title='bbox 1502 4050 1560 4105; x_wconf 92' lang='lat' dir='ltr'><strong>in</strong></span> <span class='ocrx_word' id='word_1_321' title='bbox 1584 4050 1840 4105; x_wconf 89' lang='lat' dir='ltr'><strong>oratione</strong></span> 
     </span>
    </p>
   </div>
   <div class='ocr_carea' id='block_1_44' title="bbox 128 4137 1840 4206">
    <p class='ocr_par' dir='ltr' id='par_1_44' title="bbox 128 4137 1840 4206">
     <span class='ocr_line' id='line_1_44' title="bbox 128 4137 1840 4206; baseline -0.002 -11"><span class='ocrx_word' id='word_1_322' title='bbox 128 4139 291 4195; x_wconf 82' lang='lat' dir='ltr'><strong>dixi:</strong></span> <span class='ocrx_word' id='word_1_323' title='bbox 351 4140 509 4204; x_wconf 88' lang='lat' dir='ltr'><strong>Deus,</strong></span> <span class='ocrx_word' id='word_1_324' title='bbox 556 4140 653 4206; x_wconf 88' lang='lat' dir='ltr'><strong>qui</strong></span> <span class='ocrx_word' id='word_1_325' title='bbox 706 4140 818 4193; x_wconf 85' lang='lat' dir='ltr'><strong>nisi</strong></span> <span class='ocrx_word' id='word_1_326' title='bbox 866 4137 1093 4193; x_wconf 86' lang='lat' dir='ltr'><strong>mundos</strong></span> <span class='ocrx_word' id='word_1_327' title='bbox 1147 4154 1336 4193; x_wconf 66' lang='lat' dir='ltr'><strong>terim:</strong></span> <span class='ocrx_word' id='word_1_328' title='bbox 1387 4140 1521 4193; x_wconf 84' lang='lat' dir='ltr'><strong>scire</strong></span> <span class='ocrx_word' id='word_1_329' title='bbox 1574 4138 1840 4193; x_wconf 68' lang='lat' dir='ltr'><strong>noluisti2</strong></span> 
     </span>
    </p>
   </div>
   <div class='ocr_carea' id='block_1_45' title="bbox 129 4226 1841 4299">
    <p class='ocr_par' dir='ltr' id='par_1_45' title="bbox 129 4226 1841 4299">
     <span class='ocr_line' id='line_1_45' title="bbox 129 4226 1841 4299; baseline -0.001 -17"><span class='ocrx_word' id='word_1_330' title='bbox 129 4228 279 4299; x_wconf 88' lang='lat' dir='ltr'><strong>(Lib.</strong></span> <span class='ocrx_word' id='word_1_331' title='bbox 310 4229 357 4292; x_wconf 90' lang='grc'><strong>1,</strong></span> <span class='ocrx_word' id='word_1_332' title='bbox 391 4242 436 4281; x_wconf 92' lang='lat' dir='ltr'><strong>c.</strong></span> <span class='ocrx_word' id='word_1_333' title='bbox 470 4229 520 4293; x_wconf 86' lang='lat' dir='ltr'><strong>I,</strong></span> <span class='ocrx_word' id='word_1_334' title='bbox 556 4242 611 4280; x_wconf 86' lang='grc' dir='ltr'>Î·.</span> <span class='ocrx_word' id='word_1_335' title='bbox 657 4226 733 4295; x_wconf 90' lang='grc'><strong>2).</strong></span> <span class='ocrx_word' id='word_1_336' title='bbox 786 4226 1138 4297; x_wconf 85' lang='lat' dir='ltr'><strong>Responderi</strong></span> <span class='ocrx_word' id='word_1_337' title='bbox 1181 4226 1337 4281; x_wconf 92' lang='lat' dir='ltr'><strong>enim</strong></span> <span class='ocrx_word' id='word_1_338' title='bbox 1372 4230 1577 4297; x_wconf 89' lang='lat' dir='ltr'><strong>potest,</strong></span> <span class='ocrx_word' id='word_1_339' title='bbox 1630 4227 1841 4281; x_wconf 89' lang='lat' dir='ltr'><strong>multos</strong></span> 
     </span>
    </p>
   </div>
   <div class='ocr_carea' id='block_1_46' title="bbox 129 4313 1839 4387">
    <p class='ocr_par' dir='ltr' id='par_1_46' title="bbox 129 4313 1839 4387">
     <span class='ocr_line' id='line_1_46' title="bbox 129 4313 1839 4387; baseline 0 -17"><span class='ocrx_word' id='word_1_340' title='bbox 129 4316 312 4370; x_wconf 88' lang='lat' dir='ltr'><strong>etiam</strong></span> <span class='ocrx_word' id='word_1_341' title='bbox 343 4329 460 4367; x_wconf 91' lang='lat' dir='ltr'><strong>non</strong></span> <span class='ocrx_word' id='word_1_342' title='bbox 490 4313 735 4368; x_wconf 91' lang='lat' dir='ltr'><strong>mundos</strong></span> <span class='ocrx_word' id='word_1_343' title='bbox 760 4314 941 4368; x_wconf 88' lang='lat' dir='ltr'><strong>multa</strong></span> <span class='ocrx_word' id='word_1_344' title='bbox 968 4314 1108 4369; x_wconf 90' lang='lat' dir='ltr'><strong>scire</strong></span> <span class='ocrx_word' id='word_1_345' title='bbox 1137 4330 1305 4369; x_wconf 88' lang='lat' dir='ltr'><strong>vera:</strong></span> <span class='ocrx_word' id='word_1_346' title='bbox 1341 4331 1527 4387; x_wconf 89' lang='lat' dir='ltr'><strong>neque</strong></span> <span class='ocrx_word' id='word_1_347' title='bbox 1558 4316 1710 4369; x_wconf 90' lang='lat' dir='ltr'><strong>enim</strong></span> <span class='ocrx_word' id='word_1_348' title='bbox 1741 4316 1839 4370; x_wconf 86' lang='lat' dir='ltr'><strong>de-</strong></span> 
     </span>
    </p>
   </div>
   <div class='ocr_carea' id='block_1_47' title="bbox 131 4400 1841 4473">
    <p class='ocr_par' dir='ltr' id='par_1_47' title="bbox 131 4400 1841 4473">
     <span class='ocr_line' id='line_1_47' title="bbox 131 4400 1841 4473; baseline -0.001 -15"><span class='ocrx_word' id='word_1_349' title='bbox 131 4403 372 4458; x_wconf 79' lang='lat' dir='ltr'><strong>finitum</strong></span> <span class='ocrx_word' id='word_1_350' title='bbox 404 4406 490 4456; x_wconf 91' lang='lat' dir='ltr'><strong>est</strong></span> <span class='ocrx_word' id='word_1_351' title='bbox 516 4401 612 4455; x_wconf 91' lang='lat' dir='ltr'><strong>hic</strong></span> <span class='ocrx_word' id='word_1_352' title='bbox 642 4400 780 4472; x_wconf 89' lang='lat' dir='ltr'><strong>quid</strong></span> <span class='ocrx_word' id='word_1_353' title='bbox 811 4401 883 4455; x_wconf 91' lang='lat' dir='ltr'><strong>sit</strong></span> <span class='ocrx_word' id='word_1_354' title='bbox 909 4418 1131 4471; x_wconf 91' lang='lat' dir='ltr'><strong>verum,</strong></span> <span class='ocrx_word' id='word_1_355' title='bbox 1158 4403 1308 4473; x_wconf 90' lang='lat' dir='ltr'><strong>quod</strong></span> <span class='ocrx_word' id='word_1_356' title='bbox 1338 4402 1448 4457; x_wconf 90' lang='lat' dir='ltr'><strong>nisi</strong></span> <span class='ocrx_word' id='word_1_357' title='bbox 1478 4402 1678 4459; x_wconf 89' lang='lat' dir='ltr'><strong>mundi</strong></span> <span class='ocrx_word' id='word_1_358' title='bbox 1700 4403 1841 4458; x_wconf 88' lang='lat' dir='ltr'><strong>scire</strong></span> 
     </span>
    </p>
   </div>
   <div class='ocr_carea' id='block_1_48' title="bbox 130 4488 1840 4563">
    <p class='ocr_par' dir='ltr' id='par_1_48' title="bbox 130 4488 1840 4563">
     <span class='ocr_line' id='line_1_48' title="bbox 130 4488 1840 4563; baseline 0 -17"><span class='ocrx_word' id='word_1_359' title='bbox 130 4508 249 4546; x_wconf 89' lang='lat' dir='ltr'><strong>non</strong></span> <span class='ocrx_word' id='word_1_360' title='bbox 292 4489 549 4561; x_wconf 86' lang='lat' dir='ltr'><strong>possint;</strong></span> <span class='ocrx_word' id='word_1_361' title='bbox 583 4492 638 4543; x_wconf 89' lang='lat' dir='ltr'><strong>et</strong></span> <span class='ocrx_word' id='word_1_362' title='bbox 668 4488 808 4560; x_wconf 92' lang='lat' dir='ltr'><strong>quid</strong></span> <span class='ocrx_word' id='word_1_363' title='bbox 836 4488 908 4543; x_wconf 89' lang='lat' dir='ltr'><strong>sit</strong></span> <span class='ocrx_word' id='word_1_364' title='bbox 938 4488 1100 4545; x_wconf 91' lang='lat' dir='ltr'><strong>scire.</strong></span> <span class='ocrx_word' id='word_1_365' title='bbox 1126 4491 1192 4544; x_wconf 88' lang='lat' dir='ltr'><strong>Et</strong></span> <span class='ocrx_word' id='word_1_366' title='bbox 1232 4489 1374 4545; x_wconf 92' lang='lat' dir='ltr'><strong>illud</strong></span> <span class='ocrx_word' id='word_1_367' title='bbox 1425 4491 1580 4563; x_wconf 88' lang='lat' dir='ltr'><strong>quod</strong></span> <span class='ocrx_word' id='word_1_368' title='bbox 1628 4491 1708 4547; x_wconf 91' lang='lat' dir='ltr'><strong>ibi</strong></span> <span class='ocrx_word' id='word_1_369' title='bbox 1735 4509 1840 4563; x_wconf 89' lang='lat' dir='ltr'><strong>po-</strong></span> 
     </span>
    </p>
   </div>
   <div class='ocr_carea' id='block_1_49' title="bbox 131 4578 1841 4650">
    <p class='ocr_par' dir='ltr' id='par_1_49' title="bbox 131 4578 1841 4650">
     <span class='ocr_line' id='line_1_49' title="bbox 131 4578 1841 4650; baseline 0.001 -16"><span class='ocrx_word' id='word_1_370' title='bbox 131 4579 311 4634; x_wconf 89' lang='lat' dir='ltr'><strong>situm</strong></span> <span class='ocrx_word' id='word_1_371' title='bbox 343 4582 445 4645; x_wconf 90' lang='lat' dir='ltr'><strong>est,</strong></span> <span class='ocrx_word' id='word_1_372' title='bbox 478 4580 637 4643; x_wconf 87' lang='lat' dir='ltr'><strong>Deus,</strong></span> <span class='ocrx_word' id='word_1_373' title='bbox 670 4578 829 4647; x_wconf 81' lang='lat' dir='ltr'><strong>cujus</strong></span> <span class='ocrx_word' id='word_1_374' title='bbox 856 4593 1079 4645; x_wconf 85' lang='lat' dir='ltr'><strong>regnum</strong></span> <span class='ocrx_word' id='word_1_375' title='bbox 1108 4583 1187 4634; x_wconf 85' lang='lat' dir='ltr'><strong>est</strong></span> <span class='ocrx_word' id='word_1_376' title='bbox 1215 4583 1355 4634; x_wconf 87' lang='lat' dir='ltr'><strong>totus</strong></span> <span class='ocrx_word' id='word_1_377' title='bbox 1388 4581 1639 4644; x_wconf 87' lang='lat' dir='ltr'><strong>mundus,</strong></span> <span class='ocrx_word' id='word_1_378' title='bbox 1686 4596 1841 4650; x_wconf 88' lang='lat' dir='ltr'><strong>quem</strong></span> 
     </span>
    </p>
   </div>
   <div class='ocr_carea' id='block_1_50' title="bbox 131 4664 1841 4737">
    <p class='ocr_par' dir='ltr' id='par_1_50' title="bbox 131 4664 1841 4737">
     <span class='ocr_line' id='line_1_50' title="bbox 131 4664 1841 4737; baseline -0.001 -15"><span class='ocrx_word' id='word_1_379' title='bbox 131 4682 321 4722; x_wconf 78' lang='lat' dir='ltr'><strong>sensus</strong></span> <span class='ocrx_word' id='word_1_380' title='bbox 352 4667 590 4733; x_wconf 84' lang='lat' dir='ltr'><strong>ignorat,</strong></span> <span class='ocrx_word' id='word_1_381' title='bbox 624 4665 770 4733; x_wconf 88' lang='lat' dir='ltr'><strong>(Id.,</strong></span> <span class='ocrx_word' id='word_1_382' title='bbox 803 4681 849 4720; x_wconf 91' lang='lat' dir='ltr'><strong>c.</strong></span> <span class='ocrx_word' id='word_1_383' title='bbox 887 4668 935 4727; x_wconf 91' lang='grc'><strong>1.</strong></span> <span class='ocrx_word' id='word_1_384' title='bbox 962 4681 1018 4720; x_wconf 88' lang='lat' dir='ltr'><strong>n.</strong></span> <span class='ocrx_word' id='word_1_385' title='bbox 1054 4664 1152 4736; x_wconf 87' lang='lat'><strong>3);</strong></span> <span class='ocrx_word' id='word_1_386' title='bbox 1183 4665 1232 4720; x_wconf 91' lang='lat' dir='ltr'><strong>si</strong></span> <span class='ocrx_word' id='word_1_387' title='bbox 1262 4668 1408 4721; x_wconf 92' lang='lat' dir='ltr'><strong>Deus</strong></span> <span class='ocrx_word' id='word_1_388' title='bbox 1440 4667 1841 4737; x_wconf 89' lang='lat' dir='ltr'><strong>intelligendus</strong></span> 
     </span>
    </p>
   </div>
   <div class='ocr_carea' id='block_1_51' title="bbox 133 4753 1841 4825">
    <p class='ocr_par' dir='ltr' id='par_1_51' title="bbox 133 4753 1841 4825">
     <span class='ocr_line' id='line_1_51' title="bbox 133 4753 1841 4825; baseline -0.002 -14"><span class='ocrx_word' id='word_1_389' title='bbox 133 4760 239 4822; x_wconf 87' lang='lat' dir='ltr'><strong>est,</strong></span> <span class='ocrx_word' id='word_1_390' title='bbox 275 4753 539 4809; x_wconf 87' lang='lat' dir='ltr'><strong>addenda</strong></span> <span class='ocrx_word' id='word_1_391' title='bbox 567 4754 793 4809; x_wconf 87' lang='lat' dir='ltr'><strong>fuerant</strong></span> <span class='ocrx_word' id='word_1_392' title='bbox 818 4753 990 4808; x_wconf 89' lang='lat' dir='ltr'><strong>verba</strong></span> <span class='ocrx_word' id='word_1_393' title='bbox 1015 4794 1030 4821; x_wconf 94' lang='lat'><strong>,</strong></span> <span class='ocrx_word' id='word_1_394' title='bbox 1062 4757 1128 4809; x_wconf 93' lang='lat' dir='ltr'><strong>ut</strong></span> <span class='ocrx_word' id='word_1_395' title='bbox 1156 4754 1456 4820; x_wconf 90' lang='lat' dir='ltr'><strong>diceretur,</strong></span> <span class='ocrx_word' id='word_1_396' title='bbox 1481 4770 1654 4825; x_wconf 89' lang='lat' dir='ltr'><strong>quem</strong></span> <span class='ocrx_word' id='word_1_397' title='bbox 1678 4770 1841 4809; x_wconf 89' lang='lat' dir='ltr'><strong>mor-</strong></span> 
     </span>
    </p>
   </div>
   <div class='ocr_carea' id='block_1_52' title="bbox 134 4840 1841 4913">
    <p class='ocr_par' dir='ltr' id='par_1_52' title="bbox 134 4840 1841 4913">
     <span class='ocr_line' id='line_1_52' title="bbox 134 4840 1841 4913; baseline -0.001 -15"><span class='ocrx_word' id='word_1_398' title='bbox 134 4844 267 4898; x_wconf 87' lang='lat' dir='ltr'><strong>talis</strong></span> <span class='ocrx_word' id='word_1_399' title='bbox 297 4840 553 4913; x_wconf 90' lang='lat' dir='ltr'><strong>eorporis</strong></span> <span class='ocrx_word' id='word_1_400' title='bbox 583 4858 781 4896; x_wconf 89' lang='lat' dir='ltr'><strong>sensus</strong></span> <span class='ocrx_word' id='word_1_401' title='bbox 809 4841 1056 4913; x_wconf 89' lang='lat' dir='ltr'><strong>ignorat.</strong></span> <span class='ocrx_word' id='word_1_402' title='bbox 1081 4840 1139 4895; x_wconf 93' lang='lat' dir='ltr'><strong>Si</strong></span> <span class='ocrx_word' id='word_1_403' title='bbox 1166 4846 1359 4895; x_wconf 88' lang='lat' dir='ltr'><strong>autem</strong></span> <span class='ocrx_word' id='word_1_404' title='bbox 1387 4842 1638 4896; x_wconf 91' lang='lat' dir='ltr'><strong>mundus</strong></span> <span class='ocrx_word' id='word_1_405' title='bbox 1659 4842 1841 4897; x_wconf 88' lang='lat' dir='ltr'><strong>dictus</strong></span> 
     </span>
    </p>
   </div>
   <div class='ocr_carea' id='block_1_53' title="bbox 135 4928 1842 5002">
    <p class='ocr_par' dir='ltr' id='par_1_53' title="bbox 135 4928 1842 5002">
     <span class='ocr_line' id='line_1_53' title="bbox 135 4928 1842 5002; baseline -0.001 -15"><span class='ocrx_word' id='word_1_406' title='bbox 135 4937 237 5000; x_wconf 85' lang='lat' dir='ltr'><strong>est,</strong></span> <span class='ocrx_word' id='word_1_407' title='bbox 274 4946 451 5002; x_wconf 90' lang='lat' dir='ltr'><strong>quem</strong></span> <span class='ocrx_word' id='word_1_408' title='bbox 481 4945 679 4984; x_wconf 89' lang='lat' dir='ltr'><strong>sensus</strong></span> <span class='ocrx_word' id='word_1_409' title='bbox 728 4930 975 5001; x_wconf 89' lang='lat' dir='ltr'><strong>ignorat,</strong></span> <span class='ocrx_word' id='word_1_410' title='bbox 1020 4929 1115 4983; x_wconf 87' lang='lat' dir='ltr'><strong>ille</strong></span> <span class='ocrx_word' id='word_1_411' title='bbox 1146 4933 1295 4984; x_wconf 90' lang='lat' dir='ltr'><strong>recte</strong></span> <span class='ocrx_word' id='word_1_412' title='bbox 1338 4928 1694 5001; x_wconf 87' lang='lat' dir='ltr'><strong>intelligitur,</strong></span> <span class='ocrx_word' id='word_1_413' title='bbox 1741 4930 1842 5001; x_wconf 88' lang='lat' dir='ltr'><strong>qui</strong></span> 
     </span>
    </p>
   </div>
   <div class='ocr_carea' id='block_1_54' title="bbox 132 5016 1843 5076">
    <p class='ocr_par' dir='ltr' id='par_1_54' title="bbox 132 5016 1843 5076">
     <span class='ocr_line' id='line_1_54' title="bbox 132 5016 1843 5076; baseline -0.002 -1"><span class='ocrx_word' id='word_1_414' title='bbox 132 5021 365 5076; x_wconf 89' lang='lat' dir='ltr'><strong>futurus</strong></span> <span class='ocrx_word' id='word_1_415' title='bbox 404 5022 499 5072; x_wconf 78' lang='lat' dir='ltr'><strong>est</strong></span> <span class='ocrx_word' id='word_1_416' title='bbox 535 5017 676 5073; x_wconf 86' lang='lat' dir='ltr'><strong>coelo</strong></span> <span class='ocrx_word' id='word_1_417' title='bbox 720 5033 864 5072; x_wconf 90' lang='lat' dir='ltr'><strong>novo</strong></span> <span class='ocrx_word' id='word_1_418' title='bbox 899 5022 956 5072; x_wconf 90' lang='lat' dir='ltr'><strong>et</strong></span> <span class='ocrx_word' id='word_1_419' title='bbox 983 5022 1136 5073; x_wconf 86' lang='lat' dir='ltr'><strong>terra</strong></span> <span class='ocrx_word' id='word_1_420' title='bbox 1182 5033 1362 5072; x_wconf 89' lang='lat' dir='ltr'><strong>nova:</strong></span> <span class='ocrx_word' id='word_1_421' title='bbox 1395 5017 1490 5072; x_wconf 91' lang='lat' dir='ltr'><strong>sed</strong></span> <span class='ocrx_word' id='word_1_422' title='bbox 1539 5016 1710 5071; x_wconf 90' lang='lat' dir='ltr'><strong>etiam</strong></span> <span class='ocrx_word' id='word_1_423' title='bbox 1749 5017 1843 5072; x_wconf 90' lang='lat' dir='ltr'><strong>hic</strong></span> 
     </span>
    </p>
   </div>
   <div class='ocr_carea' id='block_1_55' title="bbox 136 5104 1842 5177">
    <p class='ocr_par' dir='ltr' id='par_1_55' title="bbox 136 5104 1842 5177">
     <span class='ocr_line' id='line_1_55' title="bbox 136 5104 1842 5177; baseline -0.003 -13"><span class='ocrx_word' id='word_1_424' title='bbox 136 5107 402 5164; x_wconf 87' lang='lat' dir='ltr'><strong>addenda</strong></span> <span class='ocrx_word' id='word_1_425' title='bbox 446 5110 609 5161; x_wconf 88' lang='lat' dir='ltr'><strong>erant</strong></span> <span class='ocrx_word' id='word_1_426' title='bbox 655 5105 773 5169; x_wconf 87' lang='lat' dir='ltr'><strong>illa,</strong></span> <span class='ocrx_word' id='word_1_427' title='bbox 828 5110 894 5160; x_wconf 90' lang='lat' dir='ltr'><strong>ut</strong></span> <span class='ocrx_word' id='word_1_428' title='bbox 934 5105 1245 5174; x_wconf 87' lang='lat' dir='ltr'><strong>diceretur;</strong></span> <span class='ocrx_word' id='word_1_429' title='bbox 1288 5104 1544 5160; x_wconf 90' lang='lat' dir='ltr'><strong>mortalis</strong></span> <span class='ocrx_word' id='word_1_430' title='bbox 1590 5104 1842 5177; x_wconf 89' lang='lat' dir='ltr'><strong>corporis</strong></span> 
     </span>
    </p>
   </div>
   <div class='ocr_carea' id='block_1_56' title="bbox 199 5210 1843 5273">
    <p class='ocr_par' dir='ltr' id='par_1_56' title="bbox 199 5210 1843 5273">
     <span class='ocr_line' id='line_1_56' title="bbox 199 5210 1843 5273; baseline -0.002 -10"><span class='ocrx_word' id='word_1_431' title='bbox 199 5218 213 5248; x_wconf 90' lang='grc'>Â¹</span> <span class='ocrx_word' id='word_1_432' title='bbox 234 5214 381 5269; x_wconf 81' lang='lat' dir='ltr'><strong>Lov.,</strong></span> <span class='ocrx_word' id='word_1_433' title='bbox 405 5210 640 5261; x_wconf 79' lang='lat' dir='ltr'><strong>rationis.</strong></span> <span class='ocrx_word' id='word_1_434' title='bbox 664 5210 729 5259; x_wconf 87' lang='lat' dir='ltr'><strong>At</strong></span> <span class='ocrx_word' id='word_1_435' title='bbox 743 5210 919 5273; x_wconf 88' lang='lat' dir='ltr'><strong>plures</strong></span> <span class='ocrx_word' id='word_1_436' title='bbox 934 5211 1056 5260; x_wconf 88' lang='lat' dir='ltr'><strong>Mss.</strong></span> <span class='ocrx_word' id='word_1_437' title='bbox 1073 5224 1282 5261; x_wconf 89' lang='lat' dir='ltr'><strong>necnon</strong></span> <span class='ocrx_word' id='word_1_438' title='bbox 1302 5210 1416 5260; x_wconf 86' lang='lat' dir='ltr'><strong>Am.</strong></span> <span class='ocrx_word' id='word_1_439' title='bbox 1436 5213 1488 5260; x_wconf 89' lang='lat' dir='ltr'><strong>et</strong></span> <span class='ocrx_word' id='word_1_440' title='bbox 1505 5211 1610 5273; x_wconf 88' lang='lat' dir='ltr'><strong>Er.,</strong></span> <span class='ocrx_word' id='word_1_441' title='bbox 1640 5212 1843 5260; x_wconf 83' lang='lat' dir='ltr'><strong>ratione</strong></span> 
     </span>
    </p>
   </div>
   <div class='ocr_carea' id='block_1_57' title="bbox 136 5273 867 5329">
    <p class='ocr_par' dir='ltr' id='par_1_57' title="bbox 136 5273 867 5329">
     <span class='ocr_line' id='line_1_57' title="bbox 136 5273 867 5329; baseline -0.007 -4"><span class='ocrx_word' id='word_1_442' title='bbox 136 5304 194 5312; x_wconf 90' lang='lat'><strong><em>â€”</em></strong></span> <span class='ocrx_word' id='word_1_443' title='bbox 218 5276 348 5324; x_wconf 87' lang='lat' dir='ltr'><strong>Lov.</strong></span> <span class='ocrx_word' id='word_1_444' title='bbox 373 5273 494 5322; x_wconf 88' lang='lat' dir='ltr'><strong>Par.</strong></span> <span class='ocrx_word' id='word_1_445' title='bbox 510 5309 522 5329; x_wconf 92' lang='lat'><strong>,</strong></span> <span class='ocrx_word' id='word_1_446' title='bbox 546 5276 773 5323; x_wconf 76' lang='lat' dir='ltr'><strong>ratione.</strong></span> <span class='ocrx_word' id='word_1_447' title='bbox 796 5273 867 5320; x_wconf 84' lang='lat' dir='ltr'><strong>M.</strong></span> 
     </span>
    </p>
   </div>
   <div class='ocr_carea' id='block_1_58' title="bbox 202 5333 1844 5397">
    <p class='ocr_par' dir='ltr' id='par_1_58' title="bbox 202 5333 1844 5397">
     <span class='ocr_line' id='line_1_58' title="bbox 202 5333 1844 5397; baseline -0.002 -12"><span class='ocrx_word' id='word_1_448' title='bbox 202 5336 343 5397; x_wconf 73' lang='lat' dir='ltr'><strong>&quot;Qui</strong></span> <span class='ocrx_word' id='word_1_449' title='bbox 358 5337 563 5397; x_wconf 77' lang='lat' dir='ltr'><strong>nonnisi</strong></span> <span class='ocrx_word' id='word_1_450' title='bbox 578 5333 806 5397; x_wconf 75' lang='lat' dir='ltr'><strong>mundqs</strong></span> <span class='ocrx_word' id='word_1_451' title='bbox 822 5346 1013 5397; x_wconf 76' lang='lat' dir='ltr'><strong>verum</strong></span> <span class='ocrx_word' id='word_1_452' title='bbox 1033 5335 1162 5385; x_wconf 83' lang='lat' dir='ltr'><strong>scire</strong></span> <span class='ocrx_word' id='word_1_453' title='bbox 1180 5335 1425 5385; x_wconf 76' lang='lat' dir='ltr'><strong>voluisti.</strong></span> <span class='ocrx_word' id='word_1_454' title='bbox 1448 5336 1570 5385; x_wconf 66' lang='lat' dir='ltr'><strong>nec</strong></span> <span class='ocrx_word' id='word_1_455' title='bbox 1587 5334 1741 5384; x_wconf 89' lang='lat' dir='ltr'><strong>lectio</strong></span> <span class='ocrx_word' id='word_1_456' title='bbox 1765 5336 1844 5383; x_wconf 87' lang='lat' dir='ltr'><strong>est</strong></span> 
     </span>
    </p>
   </div>
   <div class='ocr_carea' id='block_1_59' title="bbox 135 5394 1838 5460">
    <p class='ocr_par' dir='ltr' id='par_1_59' title="bbox 135 5394 1838 5460">
     <span class='ocr_line' id='line_1_59' title="bbox 135 5394 1838 5460; baseline -0.004 -11"><span class='ocrx_word' id='word_1_457' title='bbox 135 5394 303 5449; x_wconf 79' lang='lat' dir='ltr'><strong>Vatic.</strong></span> <span class='ocrx_word' id='word_1_458' title='bbox 324 5396 523 5460; x_wconf 83' lang='lat' dir='ltr'><strong>codicis</strong></span> <span class='ocrx_word' id='word_1_459' title='bbox 542 5400 593 5445; x_wconf 92' lang='lat' dir='ltr'><strong>et</strong></span> <span class='ocrx_word' id='word_1_460' title='bbox 615 5394 704 5460; x_wconf 81' lang='lat' dir='ltr'><strong>lib.</strong></span> <span class='ocrx_word' id='word_1_461' title='bbox 723 5398 749 5460; x_wconf 83' lang='lat' dir='ltr'><strong>I_</strong></span> <span class='ocrx_word' id='word_1_462' title='bbox 762 5395 927 5460; x_wconf 53' lang='lat' dir='ltr'><strong>Sent,</strong></span> <span class='ocrx_word' id='word_1_463' title='bbox 945 5395 1065 5460; x_wconf 75' lang='lat' dir='ltr'><strong>(list.</strong></span> <span class='ocrx_word' id='word_1_464' title='bbox 1077 5398 1128 5460; x_wconf 88' lang='lat'><strong>_2,</strong></span> <span class='ocrx_word' id='word_1_465' title='bbox 1145 5397 1312 5460; x_wconf 86' lang='lat' dir='ltr'><strong>magis</strong></span> <span class='ocrx_word' id='word_1_466' title='bbox 1322 5397 1535 5459; x_wconf 88' lang='lat' dir='ltr'><strong>quidem</strong></span> <span class='ocrx_word' id='word_1_467' title='bbox 1547 5396 1838 5460; x_wconf 73' lang='lat' dir='ltr'><strong>perspicua:</strong></span> 
     </span>
    </p>
   </div>
   <div class='ocr_carea' id='block_1_60' title="bbox 136 5456 1843 5530">
    <p class='ocr_par' dir='ltr' id='par_1_60' title="bbox 136 5456 1843 5530">
     <span class='ocr_line' id='line_1_60' title="bbox 136 5456 1843 5530; baseline -0.002 -21"><span class='ocrx_word' id='word_1_468' title='bbox 136 5474 323 5530; x_wconf 67' lang='lat' dir='ltr'><strong>verum</strong></span> <span class='ocrx_word' id='word_1_469' title='bbox 341 5459 394 5507; x_wconf 91' lang='lat' dir='ltr'><strong>S.</strong></span> <span class='ocrx_word' id='word_1_470' title='bbox 413 5457 707 5530; x_wconf 47' lang='lat' dir='ltr'><strong>Augustino</strong></span> <span class='ocrx_word' id='word_1_471' title='bbox 727 5456 1034 5530; x_wconf 68' lang='lat' dir='ltr'><strong>familiaripr</strong></span> <span class='ocrx_word' id='word_1_472' title='bbox 1047 5457 1209 5530; x_wconf 59' lang='lat' dir='ltr'><strong>altera</strong></span> <span class='ocrx_word' id='word_1_473' title='bbox 1227 5456 1385 5530; x_wconf 69' lang='lat' dir='ltr'><strong>quam</strong></span> <span class='ocrx_word' id='word_1_474' title='bbox 1405 5456 1843 5530; x_wconf 46' lang='lat' dir='ltr'><strong>retinuimus:.8ie</strong></span> 
     </span>
    </p>
   </div>
   <div class='ocr_carea' id='block_1_61' title="bbox 139 5519 1837 5631">
    <p class='ocr_par' dir='ltr' id='par_1_61' title="bbox 139 5519 1837 5631">
     <span class='ocr_line' id='line_1_61' title="bbox 139 5519 1837 5585; baseline -0.004 -13"><span class='ocrx_word' id='word_1_475' title='bbox 139 5523 273 5572; x_wconf 88' lang='lat' dir='ltr'><strong>libro</strong></span> <span class='ocrx_word' id='word_1_476' title='bbox 290 5525 319 5571; x_wconf 89' lang='lat'><strong>3</strong></span> <span class='ocrx_word' id='word_1_477' title='bbox 330 5519 521 5569; x_wconf 74' lang='lat' dir='ltr'><strong>contra</strong></span> <span class='ocrx_word' id='word_1_478' title='bbox 530 5519 795 5575; x_wconf 85' lang='lat' dir='ltr'><strong>Academ.,</strong></span> <span class='ocrx_word' id='word_1_479' title='bbox 810 5532 921 5582; x_wconf 88' lang='lat' dir='ltr'><strong>cap.</strong></span> <span class='ocrx_word' id='word_1_480' title='bbox 936 5522 1012 5568; x_wconf 78' lang='lat' dir='ltr'><strong>l7:</strong></span> <span class='ocrx_word' id='word_1_481' title='bbox 1030 5534 1057 5565; x_wconf 86' lang='grc'><strong>â€¹â€¹</strong></span> <span class='ocrx_word' id='word_1_482' title='bbox 1070 5520 1198 5577; x_wconf 64' lang='lat' dir='ltr'><strong>Quae</strong></span> <span class='ocrx_word' id='word_1_483' title='bbox 1210 5519 1311 5569; x_wconf 85' lang='lat' dir='ltr'><strong>nisi</strong></span> <span class='ocrx_word' id='word_1_484' title='bbox 1323 5522 1503 5582; x_wconf 87' lang='lat' dir='ltr'><strong>paucis</strong></span> <span class='ocrx_word' id='word_1_485' title='bbox 1514 5519 1837 5585; x_wconf 84' lang='lat' dir='ltr'><strong>sapientibus</strong></span> 
     </span>
     <span class='ocr_line' id='line_1_62' title="bbox 140 5585 587 5631; baseline 0 0"><span class='ocrx_word' id='word_1_486' title='bbox 140 5586 337 5631; x_wconf 64' lang='lat' dir='ltr'><strong>inmota:</strong></span> <span class='ocrx_word' id='word_1_487' title='bbox 361 5585 587 5631; x_wconf 86' lang='lat' dir='ltr'><strong>essent.Â»</strong></span> 
     </span>
    </p>
   </div>
   <div class='ocr_carea' id='block_1_62' title="bbox 140 5586 587 5649">
    <p class='ocr_par' dir='ltr' id='par_1_62' title="bbox 140 5586 587 5649">
     <span class='ocr_line' id='line_1_63' title="bbox 140 5586 587 5649; baseline -0.011 -14"><span class='ocrx_word' id='word_1_488' title='bbox 140 5586 337 5649; x_wconf 64' lang='lat' dir='ltr'><strong>ignota:</strong></span> <span class='ocrx_word' id='word_1_489' title='bbox 361 5586 587 5631; x_wconf 86' lang='lat' dir='ltr'><strong>essent.Â»</strong></span> 
     </span>
    </p>
   </div>
   <div class='ocr_carea' id='block_1_63' title="bbox 3537 324 3639 375">
    <p class='ocr_par' dir='ltr' id='par_1_63' title="bbox 3537 324 3639 375">
     <span class='ocr_line' id='line_1_64' title="bbox 3537 324 3639 375; baseline 0.01 -1"><span class='ocrx_word' id='word_1_490' title='bbox 3537 324 3639 375; x_wconf 82' lang='grc'><strong>590</strong></span> 
     </span>
    </p>
   </div>
   <div class='ocr_carea' id='block_1_64' title="bbox 1942 437 3639 513">
    <p class='ocr_par' dir='ltr' id='par_1_64' title="bbox 1942 437 3639 513">
     <span class='ocr_line' id='line_1_65' title="bbox 1942 437 3639 513; baseline 0.005 -24"><span class='ocrx_word' id='word_1_491' title='bbox 1942 452 2156 492; x_wconf 86' lang='lat' dir='ltr'><strong>sensus.</strong></span> <span class='ocrx_word' id='word_1_492' title='bbox 2196 437 2304 492; x_wconf 90' lang='lat' dir='ltr'><strong>Sed</strong></span> <span class='ocrx_word' id='word_1_493' title='bbox 2332 437 2431 492; x_wconf 90' lang='lat' dir='ltr'><strong>illo</strong></span> <span class='ocrx_word' id='word_1_494' title='bbox 2482 454 2637 493; x_wconf 89' lang='lat' dir='ltr'><strong>more</strong></span> <span class='ocrx_word' id='word_1_495' title='bbox 2679 438 2861 494; x_wconf 90' lang='lat' dir='ltr'><strong>adhuc</strong></span> <span class='ocrx_word' id='word_1_496' title='bbox 2917 440 3211 511; x_wconf 87' lang='lat' dir='ltr'><strong>loquebar,</strong></span> <span class='ocrx_word' id='word_1_497' title='bbox 3269 458 3384 513; x_wconf 93' lang='lat' dir='ltr'><strong>quo</strong></span> <span class='ocrx_word' id='word_1_498' title='bbox 3442 460 3639 500; x_wconf 87' lang='lat' dir='ltr'><strong>sensus</strong></span> 
     </span>
    </p>
   </div>
   <div class='ocr_carea' id='block_1_65' title="bbox 1940 525 3641 602">
    <p class='ocr_par' dir='ltr' id='par_1_65' title="bbox 1940 525 3641 602">
     <span class='ocr_line' id='line_1_66' title="bbox 1940 525 3641 602; baseline 0.005 -24"><span class='ocrx_word' id='word_1_499' title='bbox 1940 525 2174 596; x_wconf 89' lang='lat' dir='ltr'><strong>proprie</strong></span> <span class='ocrx_word' id='word_1_500' title='bbox 2203 525 2454 597; x_wconf 87' lang='lat' dir='ltr'><strong>corporis</strong></span> <span class='ocrx_word' id='word_1_501' title='bbox 2482 527 2834 598; x_wconf 87' lang='lat' dir='ltr'><strong>appellatur:</strong></span> <span class='ocrx_word' id='word_1_502' title='bbox 2875 544 2980 583; x_wconf 91' lang='lat' dir='ltr'><strong>nec</strong></span> <span class='ocrx_word' id='word_1_503' title='bbox 3009 529 3233 584; x_wconf 88' lang='lat' dir='ltr'><strong>assidue</strong></span> <span class='ocrx_word' id='word_1_504' title='bbox 3263 533 3641 602; x_wconf 87' lang='lat' dir='ltr'><strong>repetendum</strong></span> 
     </span>
    </p>
   </div>
   <div class='ocr_carea' id='block_1_66' title="bbox 1942 614 3636 688">
    <p class='ocr_par' dir='ltr' id='par_1_66' title="bbox 1942 614 3636 688">
     <span class='ocr_line' id='line_1_67' title="bbox 1942 614 3636 688; baseline 0.004 -20"><span class='ocrx_word' id='word_1_505' title='bbox 1942 618 2048 681; x_wconf 88' lang='lat' dir='ltr'><strong>est,</strong></span> <span class='ocrx_word' id='word_1_506' title='bbox 2080 614 2235 685; x_wconf 90' lang='lat' dir='ltr'><strong>quod</strong></span> <span class='ocrx_word' id='word_1_507' title='bbox 2267 619 2323 669; x_wconf 91' lang='lat' dir='ltr'><strong>et</strong></span> <span class='ocrx_word' id='word_1_508' title='bbox 2364 616 2624 687; x_wconf 89' lang='lat' dir='ltr'><strong>superius</strong></span> <span class='ocrx_word' id='word_1_509' title='bbox 2661 616 2793 671; x_wconf 91' lang='lat' dir='ltr'><strong>inde</strong></span> <span class='ocrx_word' id='word_1_510' title='bbox 2817 618 2939 687; x_wconf 88' lang='lat' dir='ltr'><strong>jam</strong></span> <span class='ocrx_word' id='word_1_511' title='bbox 2976 616 3091 671; x_wconf 85' lang='lat' dir='ltr'><strong>dixi</strong></span> <span class='ocrx_word' id='word_1_512' title='bbox 3119 618 3261 687; x_wconf 90' lang='lat' dir='ltr'><strong>(Lib.</strong></span> <span class='ocrx_word' id='word_1_513' title='bbox 3295 623 3317 673; x_wconf 97' lang='grc'>1</span> <span class='ocrx_word' id='word_1_514' title='bbox 3368 622 3636 688; x_wconf 85' lang='lat' dir='ltr'><strong>Retract.,</strong></span> 
     </span>
    </p>
   </div>
   <div class='ocr_carea' id='block_1_67' title="bbox 1940 704 3640 777">
    <p class='ocr_par' dir='ltr' id='par_1_67' title="bbox 1940 704 3640 777">
     <span class='ocr_line' id='line_1_68' title="bbox 1940 704 3640 777; baseline 0.003 -20"><span class='ocrx_word' id='word_1_515' title='bbox 1940 718 2014 758; x_wconf 91' lang='lat' dir='ltr'><strong>cc.</strong></span> <span class='ocrx_word' id='word_1_516' title='bbox 2054 707 2102 771; x_wconf 96' lang='grc'><strong>1,</strong></span> <span class='ocrx_word' id='word_1_517' title='bbox 2152 706 2223 770; x_wconf 87' lang='grc'><strong>3),</strong></span> <span class='ocrx_word' id='word_1_518' title='bbox 2281 704 2380 758; x_wconf 90' lang='lat' dir='ltr'><strong>sed</strong></span> <span class='ocrx_word' id='word_1_519' title='bbox 2434 704 2541 758; x_wconf 91' lang='lat' dir='ltr'><strong>hoc</strong></span> <span class='ocrx_word' id='word_1_520' title='bbox 2580 705 2968 769; x_wconf 87' lang='lat' dir='ltr'><strong>recolendum,</strong></span> <span class='ocrx_word' id='word_1_521' title='bbox 3009 706 3359 777; x_wconf 88' lang='lat' dir='ltr'><strong>ubicumque</strong></span> <span class='ocrx_word' id='word_1_522' title='bbox 3406 707 3515 762; x_wconf 93' lang='lat' dir='ltr'><strong>ista</strong></span> <span class='ocrx_word' id='word_1_523' title='bbox 3557 709 3640 762; x_wconf 85' lang='lat' dir='ltr'><strong>lo-</strong></span> 
     </span>
    </p>
   </div>
   <div class='ocr_carea' id='block_1_68' title="bbox 1941 788 2927 846">
    <p class='ocr_par' dir='ltr' id='par_1_68' title="bbox 1941 788 2927 846">
     <span class='ocr_line' id='line_1_69' title="bbox 1941 788 2927 846; baseline 0.003 -3"><span class='ocrx_word' id='word_1_524' title='bbox 1941 788 2093 844; x_wconf 91' lang='lat' dir='ltr'><strong>cutio</strong></span> <span class='ocrx_word' id='word_1_525' title='bbox 2122 789 2183 843; x_wconf 90' lang='lat' dir='ltr'><strong>in</strong></span> <span class='ocrx_word' id='word_1_526' title='bbox 2213 790 2355 843; x_wconf 89' lang='lat' dir='ltr'><strong>meis</strong></span> <span class='ocrx_word' id='word_1_527' title='bbox 2386 789 2590 844; x_wconf 87' lang='lat' dir='ltr'><strong>litteris</strong></span> <span class='ocrx_word' id='word_1_528' title='bbox 2618 790 2927 846; x_wconf 90' lang='lat' dir='ltr'><strong>invenitur.</strong></span> 
     </span>
    </p>
   </div>
   <div class='ocr_carea' id='block_1_69' title="bbox 2013 877 3642 951">
    <p class='ocr_par' dir='ltr' id='par_1_69' title="bbox 2013 877 3642 951">
     <span class='ocr_line' id='line_1_70' title="bbox 2013 877 3642 951; baseline 0.003 -20"><span class='ocrx_word' id='word_1_529' title='bbox 2013 880 2062 931; x_wconf 89' lang='lat'><strong>3.</strong></span> <span class='ocrx_word' id='word_1_530' title='bbox 2106 878 2173 931; x_wconf 88' lang='lat' dir='ltr'><strong>Et</strong></span> <span class='ocrx_word' id='word_1_531' title='bbox 2198 877 2299 932; x_wconf 90' lang='lat' dir='ltr'><strong>ubi</strong></span> <span class='ocrx_word' id='word_1_532' title='bbox 2328 878 2441 932; x_wconf 85' lang='lat' dir='ltr'><strong>dixi</strong></span> <span class='ocrx_word' id='word_1_533' title='bbox 2470 879 2539 933; x_wconf 86' lang='lat' dir='ltr'><strong>de</strong></span> <span class='ocrx_word' id='word_1_534' title='bbox 2579 880 2746 933; x_wconf 91' lang='lat' dir='ltr'><strong>Patre</strong></span> <span class='ocrx_word' id='word_1_535' title='bbox 2777 885 2834 934; x_wconf 91' lang='lat' dir='ltr'><strong>et</strong></span> <span class='ocrx_word' id='word_1_536' title='bbox 2859 880 3021 949; x_wconf 85' lang='lat' dir='ltr'><strong>Filio,</strong></span> <span class='ocrx_word' id='word_1_537' title='bbox 3053 881 3157 947; x_wconf 84' lang='lat' dir='ltr'><strong>Qui</strong></span> <span class='ocrx_word' id='word_1_538' title='bbox 3178 883 3376 949; x_wconf 82' lang='lat' dir='ltr'><strong>gignit,</strong></span> <span class='ocrx_word' id='word_1_539' title='bbox 3409 886 3460 937; x_wconf 86' lang='lat' dir='ltr'><strong>et</strong></span> <span class='ocrx_word' id='word_1_540' title='bbox 3488 898 3642 951; x_wconf 86' lang='lat' dir='ltr'><strong>quem</strong></span> 
     </span>
    </p>
   </div>
   <div class='ocr_carea' id='block_1_70' title="bbox 1941 966 3640 1037">
    <p class='ocr_par' dir='ltr' id='par_1_70' title="bbox 1941 966 3640 1037">
     <span class='ocr_line' id='line_1_71' title="bbox 1941 966 3640 1037; baseline 0.004 -19"><span class='ocrx_word' id='word_1_541' title='bbox 1941 967 2137 1033; x_wconf 85' lang='lat' dir='ltr'><strong>gignit,</strong></span> <span class='ocrx_word' id='word_1_542' title='bbox 2170 982 2335 1020; x_wconf 88' lang='lat' dir='ltr'><strong>unum</strong></span> <span class='ocrx_word' id='word_1_543' title='bbox 2389 971 2467 1020; x_wconf 87' lang='lat' dir='ltr'><strong>est</strong></span> <span class='ocrx_word' id='word_1_544' title='bbox 2512 966 2667 1037; x_wconf 88' lang='lat' dir='ltr'><strong>(Lib.</strong></span> <span class='ocrx_word' id='word_1_545' title='bbox 2723 971 2773 1035; x_wconf 93' lang='grc'>1,</span> <span class='ocrx_word' id='word_1_546' title='bbox 2800 983 2844 1022; x_wconf 92' lang='lat' dir='ltr'><strong>c.</strong></span> <span class='ocrx_word' id='word_1_547' title='bbox 2882 972 2930 1034; x_wconf 94' lang='grc'>1,</span> <span class='ocrx_word' id='word_1_548' title='bbox 2962 984 3017 1022; x_wconf 87' lang='grc' dir='ltr'>Î·.</span> <span class='ocrx_word' id='word_1_549' title='bbox 3044 970 3129 1036; x_wconf 79' lang='grc'><strong>4)Í¾</strong></span> <span class='ocrx_word' id='word_1_550' title='bbox 3175 969 3477 1024; x_wconf 89' lang='lat' dir='ltr'><strong>dicendum</strong></span> <span class='ocrx_word' id='word_1_551' title='bbox 3517 970 3640 1036; x_wconf 90' lang='lat' dir='ltr'><strong>fuit,</strong></span> 
     </span>
    </p>
   </div>
   <div class='ocr_carea' id='block_1_71' title="bbox 1941 1053 3639 1128">
    <p class='ocr_par' dir='ltr' id='par_1_71' title="bbox 1941 1053 3639 1128">
     <span class='ocr_line' id='line_1_72' title="bbox 1941 1053 3639 1128; baseline 0.004 -21"><span class='ocrx_word' id='word_1_552' title='bbox 1941 1069 2122 1107; x_wconf 89' lang='lat' dir='ltr'><strong>unum</strong></span> <span class='ocrx_word' id='word_1_553' title='bbox 2150 1058 2300 1119; x_wconf 90' lang='lat' dir='ltr'><strong>sunt,</strong></span> <span class='ocrx_word' id='word_1_554' title='bbox 2327 1053 2470 1109; x_wconf 91' lang='lat' dir='ltr'><strong>sicut</strong></span> <span class='ocrx_word' id='word_1_555' title='bbox 2500 1059 2693 1126; x_wconf 89' lang='lat' dir='ltr'><strong>aperte</strong></span> <span class='ocrx_word' id='word_1_556' title='bbox 2715 1055 2839 1126; x_wconf 88' lang='lat' dir='ltr'><strong>ipsa</strong></span> <span class='ocrx_word' id='word_1_557' title='bbox 2868 1056 3086 1111; x_wconf 88' lang='lat' dir='ltr'><strong>Veritas</strong></span> <span class='ocrx_word' id='word_1_558' title='bbox 3111 1057 3386 1128; x_wconf 90' lang='lat' dir='ltr'><strong>loquitur,</strong></span> <span class='ocrx_word' id='word_1_559' title='bbox 3412 1058 3639 1113; x_wconf 89' lang='lat' dir='ltr'><strong>dicens:</strong></span> 
     </span>
    </p>
   </div>
   <div class='ocr_carea' id='block_1_72' title="bbox 1940 1144 3643 1217">
    <p class='ocr_par' dir='ltr' id='par_1_72' title="bbox 1940 1144 3643 1217">
     <span class='ocr_line' id='line_1_73' title="bbox 1940 1144 3643 1217; baseline 0.002 -20"><span class='ocrx_word' id='word_1_560' title='bbox 1940 1144 2053 1209; x_wconf 84' lang='lat' dir='ltr'><strong>Ego</strong></span> <span class='ocrx_word' id='word_1_561' title='bbox 2099 1145 2149 1195; x_wconf 86' lang='lat' dir='ltr'><strong>et</strong></span> <span class='ocrx_word' id='word_1_562' title='bbox 2184 1144 2345 1197; x_wconf 83' lang='lat' dir='ltr'><strong>Pater</strong></span> <span class='ocrx_word' id='word_1_563' title='bbox 2399 1160 2567 1198; x_wconf 80' lang='lat' dir='ltr'><strong>unum</strong></span> <span class='ocrx_word' id='word_1_564' title='bbox 2597 1159 2780 1199; x_wconf 88' lang='lat' dir='ltr'><strong>sumus</strong></span> <span class='ocrx_word' id='word_1_565' title='bbox 2832 1146 3005 1214; x_wconf 85' lang='lat' dir='ltr'><strong>(Joan.</strong></span> <span class='ocrx_word' id='word_1_566' title='bbox 3048 1161 3103 1210; x_wconf 85' lang='lat' dir='ltr'><strong>x,</strong></span> <span class='ocrx_word' id='word_1_567' title='bbox 3166 1146 3274 1217; x_wconf 91' lang='lat'><strong>30).</strong></span> <span class='ocrx_word' id='word_1_568' title='bbox 3334 1148 3447 1200; x_wconf 89' lang='lat' dir='ltr'><strong>Nec</strong></span> <span class='ocrx_word' id='word_1_569' title='bbox 3501 1147 3643 1202; x_wconf 91' lang='lat' dir='ltr'><strong>illud</strong></span> 
     </span>
    </p>
   </div>
   <div class='ocr_carea' id='block_1_73' title="bbox 1940 1229 3644 1305">
    <p class='ocr_par' dir='ltr' id='par_1_73' title="bbox 1940 1229 3644 1305">
     <span class='ocr_line' id='line_1_74' title="bbox 1940 1229 3644 1305; baseline 0.003 -21"><span class='ocrx_word' id='word_1_570' title='bbox 1940 1229 2083 1284; x_wconf 89' lang='lat' dir='ltr'><strong>mihi</strong></span> <span class='ocrx_word' id='word_1_571' title='bbox 2103 1231 2306 1301; x_wconf 85' lang='lat' dir='ltr'><strong>placet,</strong></span> <span class='ocrx_word' id='word_1_572' title='bbox 2332 1232 2483 1301; x_wconf 90' lang='lat' dir='ltr'><strong>quod</strong></span> <span class='ocrx_word' id='word_1_573' title='bbox 2517 1231 2575 1285; x_wconf 89' lang='lat' dir='ltr'><strong>in</strong></span> <span class='ocrx_word' id='word_1_574' title='bbox 2606 1231 2714 1286; x_wconf 90' lang='lat' dir='ltr'><strong>ista</strong></span> <span class='ocrx_word' id='word_1_575' title='bbox 2741 1232 2851 1287; x_wconf 89' lang='lat' dir='ltr'><strong>vita</strong></span> <span class='ocrx_word' id='word_1_576' title='bbox 2894 1235 3008 1288; x_wconf 90' lang='lat' dir='ltr'><strong>Deo</strong></span> <span class='ocrx_word' id='word_1_577' title='bbox 3034 1232 3323 1288; x_wconf 89' lang='lat' dir='ltr'><strong>intellecto</strong></span> <span class='ocrx_word' id='word_1_578' title='bbox 3353 1234 3475 1305; x_wconf 89' lang='lat' dir='ltr'><strong>jam</strong></span> <span class='ocrx_word' id='word_1_579' title='bbox 3503 1234 3644 1289; x_wconf 87' lang='lat' dir='ltr'><strong>beaâ€”</strong></span> 
     </span>
    </p>
   </div>
   <div class='ocr_carea' id='block_1_74' title="bbox 1941 1317 3642 1392">
    <p class='ocr_par' dir='ltr' id='par_1_74' title="bbox 1941 1317 3642 1392">
     <span class='ocr_line' id='line_1_75' title="bbox 1941 1317 3642 1392; baseline 0.002 -21"><span class='ocrx_word' id='word_1_580' title='bbox 1941 1322 2059 1372; x_wconf 89' lang='lat' dir='ltr'><strong>tam</strong></span> <span class='ocrx_word' id='word_1_581' title='bbox 2087 1333 2206 1372; x_wconf 85' lang='lat' dir='ltr'><strong>esse</strong></span> <span class='ocrx_word' id='word_1_582' title='bbox 2237 1317 2487 1372; x_wconf 87' lang='lat' dir='ltr'><strong>animam</strong></span> <span class='ocrx_word' id='word_1_583' title='bbox 2519 1319 2654 1386; x_wconf 87' lang='lat' dir='ltr'><strong>dixi,</strong></span> <span class='ocrx_word' id='word_1_584' title='bbox 2687 1319 2799 1374; x_wconf 90' lang='lat' dir='ltr'><strong>nisi</strong></span> <span class='ocrx_word' id='word_1_585' title='bbox 2829 1321 2975 1375; x_wconf 90' lang='lat' dir='ltr'><strong>forte</strong></span> <span class='ocrx_word' id='word_1_586' title='bbox 2996 1337 3114 1391; x_wconf 91' lang='lat' dir='ltr'><strong>spe.</strong></span> <span class='ocrx_word' id='word_1_587' title='bbox 3148 1322 3289 1376; x_wconf 90' lang='lat' dir='ltr'><strong>Item</strong></span> <span class='ocrx_word' id='word_1_588' title='bbox 3321 1322 3475 1392; x_wconf 90' lang='lat' dir='ltr'><strong>quod</strong></span> <span class='ocrx_word' id='word_1_589' title='bbox 3506 1320 3642 1388; x_wconf 88' lang='lat' dir='ltr'><strong>dixi,</strong></span> 
     </span>
    </p>
   </div>
   <div class='ocr_carea' id='block_1_75' title="bbox 1940 1404 3641 1479">
    <p class='ocr_par' dir='ltr' id='par_1_75' title="bbox 1940 1404 3641 1479">
     <span class='ocr_line' id='line_1_76' title="bbox 1940 1404 3641 1479; baseline 0.002 -19"><span class='ocrx_word' id='word_1_590' title='bbox 1940 1404 2034 1460; x_wconf 83' lang='lat' dir='ltr'><strong>Ad</strong></span> <span class='ocrx_word' id='word_1_591' title='bbox 2054 1408 2335 1474; x_wconf 69' lang='lat' dir='ltr'><strong>sapientiae</strong></span> <span class='ocrx_word' id='word_1_592' title='bbox 2362 1407 2785 1475; x_wconf 85' lang='lat' dir='ltr'><strong>conjunctionem</strong></span> <span class='ocrx_word' id='word_1_593' title='bbox 2812 1424 2917 1463; x_wconf 89' lang='lat' dir='ltr'><strong>non</strong></span> <span class='ocrx_word' id='word_1_594' title='bbox 2946 1424 3056 1463; x_wconf 86' lang='lat' dir='ltr'><strong>una</strong></span> <span class='ocrx_word' id='word_1_595' title='bbox 3079 1411 3170 1464; x_wconf 82' lang='lat' dir='ltr'><strong>via</strong></span> <span class='ocrx_word' id='word_1_596' title='bbox 3195 1408 3471 1479; x_wconf 82' lang='lat' dir='ltr'><strong>perveniri</strong></span> <span class='ocrx_word' id='word_1_597' title='bbox 3502 1410 3641 1474; x_wconf 85' lang='lat' dir='ltr'><strong>(Lib.</strong></span> 
     </span>
    </p>
   </div>
   <div class='ocr_carea' id='block_1_76' title="bbox 1946 1494 3651 1568">
    <p class='ocr_par' dir='ltr' id='par_1_76' title="bbox 1946 1494 3651 1568">
     <span class='ocr_line' id='line_1_77' title="bbox 1946 1494 3651 1568; baseline 0.002 -22"><span class='ocrx_word' id='word_1_598' title='bbox 1946 1495 1994 1559; x_wconf 92' lang='grc'>1,</span> <span class='ocrx_word' id='word_1_599' title='bbox 2025 1508 2070 1547; x_wconf 90' lang='lat' dir='ltr'><strong>c.</strong></span> <span class='ocrx_word' id='word_1_600' title='bbox 2108 1496 2191 1560; x_wconf 87' lang='grc'><strong>13,</strong></span> <span class='ocrx_word' id='word_1_601' title='bbox 2223 1510 2278 1547; x_wconf 82' lang='grc' dir='ltr'>Î·.</span> <span class='ocrx_word' id='word_1_602' title='bbox 2329 1496 2437 1562; x_wconf 89' lang='grc'>23),</span> <span class='ocrx_word' id='word_1_603' title='bbox 2485 1510 2603 1549; x_wconf 90' lang='lat' dir='ltr'><strong>non</strong></span> <span class='ocrx_word' id='word_1_604' title='bbox 2647 1494 2794 1549; x_wconf 90' lang='lat' dir='ltr'><strong>bene</strong></span> <span class='ocrx_word' id='word_1_605' title='bbox 2826 1501 3021 1564; x_wconf 88' lang='lat' dir='ltr'><strong>sonat;</strong></span> <span class='ocrx_word' id='word_1_606' title='bbox 3071 1498 3234 1568; x_wconf 87' lang='lat' dir='ltr'><strong>quasi</strong></span> <span class='ocrx_word' id='word_1_607' title='bbox 3281 1498 3390 1552; x_wconf 90' lang='lat' dir='ltr'><strong>alia</strong></span> <span class='ocrx_word' id='word_1_608' title='bbox 3437 1498 3528 1552; x_wconf 89' lang='lat' dir='ltr'><strong>via</strong></span> <span class='ocrx_word' id='word_1_609' title='bbox 3575 1497 3651 1551; x_wconf 89' lang='lat' dir='ltr'><strong>sit</strong></span> 
     </span>
    </p>
   </div>
   <div class='ocr_carea' id='block_1_77' title="bbox 1940 1582 3642 1656">
    <p class='ocr_par' dir='ltr' id='par_1_77' title="bbox 1940 1582 3642 1656">
     <span class='ocr_line' id='line_1_78' title="bbox 1940 1582 3642 1656; baseline 0.004 -23"><span class='ocrx_word' id='word_1_610' title='bbox 1940 1585 2153 1650; x_wconf 57' lang='lat' dir='ltr'><strong>praeter</strong></span> <span class='ocrx_word' id='word_1_611' title='bbox 2180 1582 2485 1647; x_wconf 89' lang='lat' dir='ltr'><strong>Christum,</strong></span> <span class='ocrx_word' id='word_1_612' title='bbox 2519 1583 2618 1654; x_wconf 90' lang='lat' dir='ltr'><strong>qui</strong></span> <span class='ocrx_word' id='word_1_613' title='bbox 2645 1583 2821 1639; x_wconf 86' lang='lat' dir='ltr'><strong>dixit:</strong></span> <span class='ocrx_word' id='word_1_614' title='bbox 2871 1587 2984 1652; x_wconf 90' lang='lat' dir='ltr'><strong>Ego</strong></span> <span class='ocrx_word' id='word_1_615' title='bbox 3029 1601 3148 1639; x_wconf 91' lang='lat' dir='ltr'><strong>sum</strong></span> <span class='ocrx_word' id='word_1_616' title='bbox 3188 1588 3279 1639; x_wconf 80' lang='lat' dir='ltr'><strong>via</strong></span> <span class='ocrx_word' id='word_1_617' title='bbox 3320 1585 3501 1656; x_wconf 82' lang='lat' dir='ltr'><strong>(Joan.</strong></span> <span class='ocrx_word' id='word_1_618' title='bbox 3536 1601 3642 1646; x_wconf 74' lang='lat' dir='ltr'><strong>xxv,</strong></span> 
     </span>
    </p>
   </div>
   <div class='ocr_carea' id='block_1_78' title="bbox 1942 1667 3647 1742">
    <p class='ocr_par' dir='ltr' id='par_1_78' title="bbox 1942 1667 3647 1742">
     <span class='ocr_line' id='line_1_79' title="bbox 1942 1667 3647 1742; baseline 0.005 -23"><span class='ocrx_word' id='word_1_619' title='bbox 1942 1668 2017 1736; x_wconf 85' lang='lat'><strong>6).</strong></span> <span class='ocrx_word' id='word_1_620' title='bbox 2059 1667 2297 1721; x_wconf 90' lang='lat' dir='ltr'><strong>Vitanda</strong></span> <span class='ocrx_word' id='word_1_621' title='bbox 2324 1685 2459 1739; x_wconf 83' lang='lat' dir='ltr'><strong>ergo</strong></span> <span class='ocrx_word' id='word_1_622' title='bbox 2499 1675 2623 1725; x_wconf 88' lang='lat' dir='ltr'><strong>erat</strong></span> <span class='ocrx_word' id='word_1_623' title='bbox 2649 1671 2771 1725; x_wconf 63' lang='lat' dir='ltr'><strong>haec</strong></span> <span class='ocrx_word' id='word_1_624' title='bbox 2812 1672 3047 1727; x_wconf 75' lang='lat' dir='ltr'><strong>offensio</strong></span> <span class='ocrx_word' id='word_1_625' title='bbox 3086 1672 3312 1727; x_wconf 86' lang='lat' dir='ltr'><strong>aurium</strong></span> <span class='ocrx_word' id='word_1_626' title='bbox 3345 1673 3647 1742; x_wconf 89' lang='lat' dir='ltr'><strong>religiosa-</strong></span> 
     </span>
    </p>
   </div>
   <div class='ocr_carea' id='block_1_79' title="bbox 1941 1757 3648 1837">
    <p class='ocr_par' dir='ltr' id='par_1_79' title="bbox 1941 1757 3648 1837">
     <span class='ocr_line' id='line_1_80' title="bbox 1941 1757 3648 1837; baseline 0.004 -29"><span class='ocrx_word' id='word_1_627' title='bbox 1941 1771 2099 1822; x_wconf 91' lang='lat' dir='ltr'><strong>rum;</strong></span> <span class='ocrx_word' id='word_1_628' title='bbox 2131 1757 2391 1826; x_wconf 88' lang='lat' dir='ltr'><strong>quamvis</strong></span> <span class='ocrx_word' id='word_1_629' title='bbox 2421 1757 2531 1811; x_wconf 84' lang='lat' dir='ltr'><strong>alia</strong></span> <span class='ocrx_word' id='word_1_630' title='bbox 2563 1758 2637 1812; x_wconf 91' lang='lat' dir='ltr'><strong>sit</strong></span> <span class='ocrx_word' id='word_1_631' title='bbox 2664 1759 2763 1813; x_wconf 88' lang='lat' dir='ltr'><strong>illa</strong></span> <span class='ocrx_word' id='word_1_632' title='bbox 2792 1760 3123 1837; x_wconf 82' lang='lat' dir='ltr'><strong>universalis</strong></span> <span class='ocrx_word' id='word_1_633' title='bbox 3157 1760 3266 1827; x_wconf 88' lang='lat' dir='ltr'><strong>via,</strong></span> <span class='ocrx_word' id='word_1_634' title='bbox 3303 1761 3429 1815; x_wconf 74' lang='lat' dir='ltr'><strong>aliee</strong></span> <span class='ocrx_word' id='word_1_635' title='bbox 3456 1764 3648 1815; x_wconf 90' lang='lat' dir='ltr'><strong>autem</strong></span> 
     </span>
    </p>
   </div>
   <div class='ocr_carea' id='block_1_80' title="bbox 1943 1843 3645 1915">
    <p class='ocr_par' dir='ltr' id='par_1_80' title="bbox 1943 1843 3645 1915">
     <span class='ocr_line' id='line_1_81' title="bbox 1943 1843 3645 1915; baseline 0.004 -20"><span class='ocrx_word' id='word_1_636' title='bbox 1943 1843 2046 1897; x_wconf 71' lang='lat' dir='ltr'><strong>viae</strong></span> <span class='ocrx_word' id='word_1_637' title='bbox 2080 1844 2149 1898; x_wconf 88' lang='lat' dir='ltr'><strong>de</strong></span> <span class='ocrx_word' id='word_1_638' title='bbox 2183 1844 2388 1915; x_wconf 89' lang='lat' dir='ltr'><strong>quibus</strong></span> <span class='ocrx_word' id='word_1_639' title='bbox 2421 1845 2479 1898; x_wconf 90' lang='lat' dir='ltr'><strong>in</strong></span> <span class='ocrx_word' id='word_1_640' title='bbox 2511 1847 2733 1900; x_wconf 89' lang='lat' dir='ltr'><strong>Psalmo</strong></span> <span class='ocrx_word' id='word_1_641' title='bbox 2754 1846 3050 1901; x_wconf 88' lang='lat' dir='ltr'><strong>canimus:</strong></span> <span class='ocrx_word' id='word_1_642' title='bbox 3081 1849 3209 1903; x_wconf 83' lang='lat' dir='ltr'><strong>Vias</strong></span> <span class='ocrx_word' id='word_1_643' title='bbox 3227 1853 3371 1913; x_wconf 88' lang='lat' dir='ltr'><strong>tuas,</strong></span> <span class='ocrx_word' id='word_1_644' title='bbox 3406 1850 3645 1915; x_wconf 84' lang='lat' dir='ltr'><strong>Domine,</strong></span> 
     </span>
    </p>
   </div>
   <div class='ocr_carea' id='block_1_81' title="bbox 1941 1934 3640 2006">
    <p class='ocr_par' dir='ltr' id='par_1_81' title="bbox 1941 1934 3640 2006">
     <span class='ocr_line' id='line_1_82' title="bbox 1941 1934 3640 2006; baseline 0.004 -21"><span class='ocrx_word' id='word_1_645' title='bbox 1941 1937 2096 1986; x_wconf 88' lang='lat' dir='ltr'><strong>notas</strong></span> <span class='ocrx_word' id='word_1_646' title='bbox 2125 1934 2217 1999; x_wconf 83' lang='lat' dir='ltr'><strong>fac</strong></span> <span class='ocrx_word' id='word_1_647' title='bbox 2246 1934 2401 1999; x_wconf 86' lang='lat' dir='ltr'><strong>mihi,</strong></span> <span class='ocrx_word' id='word_1_648' title='bbox 2431 1938 2482 1987; x_wconf 87' lang='lat' dir='ltr'><strong>et</strong></span> <span class='ocrx_word' id='word_1_649' title='bbox 2511 1936 2730 1988; x_wconf 89' lang='lat' dir='ltr'><strong>semitas</strong></span> <span class='ocrx_word' id='word_1_650' title='bbox 2762 1938 2882 1989; x_wconf 87' lang='lat' dir='ltr'><strong>tuas</strong></span> <span class='ocrx_word' id='word_1_651' title='bbox 2908 1935 3033 1989; x_wconf 88' lang='lat' dir='ltr'><strong>doce</strong></span> <span class='ocrx_word' id='word_1_652' title='bbox 3061 1952 3141 1989; x_wconf 90' lang='lat' dir='ltr'><strong>me</strong></span> <span class='ocrx_word' id='word_1_653' title='bbox 3173 1935 3338 2006; x_wconf 87' lang='lat' dir='ltr'><strong>(Psal.</strong></span> <span class='ocrx_word' id='word_1_654' title='bbox 3374 1952 3523 2002; x_wconf 79' lang='lat' dir='ltr'><strong>xxiv,</strong></span> <span class='ocrx_word' id='word_1_655' title='bbox 3554 1937 3640 2006; x_wconf 83' lang='grc'>4).</span> 
     </span>
    </p>
   </div>
   <div class='ocr_carea' id='block_1_82' title="bbox 1948 2021 3650 2091">
    <p class='ocr_par' dir='ltr' id='par_1_82' title="bbox 1948 2021 3650 2091">
     <span class='ocr_line' id='line_1_83' title="bbox 1948 2021 3650 2091; baseline 0.002 -17"><span class='ocrx_word' id='word_1_656' title='bbox 1948 2021 2010 2074; x_wconf 85' lang='lat' dir='ltr'><strong>Et</strong></span> <span class='ocrx_word' id='word_1_657' title='bbox 2046 2021 2103 2074; x_wconf 92' lang='lat' dir='ltr'><strong>in</strong></span> <span class='ocrx_word' id='word_1_658' title='bbox 2138 2038 2203 2075; x_wconf 89' lang='lat' dir='ltr'><strong>eo</strong></span> <span class='ocrx_word' id='word_1_659' title='bbox 2236 2021 2388 2091; x_wconf 90' lang='lat' dir='ltr'><strong>quod</strong></span> <span class='ocrx_word' id='word_1_660' title='bbox 2408 2021 2486 2075; x_wconf 88' lang='lat' dir='ltr'><strong>ibi</strong></span> <span class='ocrx_word' id='word_1_661' title='bbox 2504 2021 2717 2076; x_wconf 90' lang='lat' dir='ltr'><strong>dictum</strong></span> <span class='ocrx_word' id='word_1_662' title='bbox 2738 2027 2841 2089; x_wconf 89' lang='lat' dir='ltr'><strong>est,</strong></span> <span class='ocrx_word' id='word_1_663' title='bbox 2866 2025 3083 2077; x_wconf 85' lang='lat' dir='ltr'><strong>Penitus</strong></span> <span class='ocrx_word' id='word_1_664' title='bbox 3101 2038 3211 2079; x_wconf 87' lang='lat' dir='ltr'><strong>esse</strong></span> <span class='ocrx_word' id='word_1_665' title='bbox 3231 2025 3340 2078; x_wconf 87' lang='lat' dir='ltr'><strong>ista</strong></span> <span class='ocrx_word' id='word_1_666' title='bbox 3369 2024 3650 2078; x_wconf 85' lang='lat' dir='ltr'><strong>sensibilia</strong></span> 
     </span>
    </p>
   </div>
   <div class='ocr_carea' id='block_1_83' title="bbox 1941 2110 3649 2184">
    <p class='ocr_par' dir='ltr' id='par_1_83' title="bbox 1941 2110 3649 2184">
     <span class='ocr_line' id='line_1_84' title="bbox 1941 2110 3649 2184; baseline 0.003 -22"><span class='ocrx_word' id='word_1_667' title='bbox 1941 2110 2209 2177; x_wconf 83' lang='lat' dir='ltr'><strong>fugienda</strong></span> <span class='ocrx_word' id='word_1_668' title='bbox 2238 2110 2371 2178; x_wconf 87' lang='lat' dir='ltr'><strong>(Lib.</strong></span> <span class='ocrx_word' id='word_1_669' title='bbox 2401 2113 2447 2176; x_wconf 90' lang='grc'>1,</span> <span class='ocrx_word' id='word_1_670' title='bbox 2480 2126 2523 2164; x_wconf 90' lang='lat' dir='ltr'><strong>c.</strong></span> <span class='ocrx_word' id='word_1_671' title='bbox 2562 2112 2647 2177; x_wconf 80' lang='grc'>14,</span> <span class='ocrx_word' id='word_1_672' title='bbox 2687 2127 2741 2165; x_wconf 89' lang='lat' dir='ltr'><strong>n.</strong></span> <span class='ocrx_word' id='word_1_673' title='bbox 2775 2111 2887 2179; x_wconf 74' lang='grc'>24),</span> <span class='ocrx_word' id='word_1_674' title='bbox 2937 2112 3252 2167; x_wconf 89' lang='lat' dir='ltr'><strong>cavendum</strong></span> <span class='ocrx_word' id='word_1_675' title='bbox 3291 2113 3404 2167; x_wconf 88' lang='lat' dir='ltr'><strong>fuit</strong></span> <span class='ocrx_word' id='word_1_676' title='bbox 3432 2129 3504 2167; x_wconf 91' lang='lat' dir='ltr'><strong>ne</strong></span> <span class='ocrx_word' id='word_1_677' title='bbox 3536 2129 3649 2184; x_wconf 86' lang='lat' dir='ltr'><strong>puâ€”</strong></span> 
     </span>
    </p>
   </div>
   <div class='ocr_carea' id='block_1_84' title="bbox 1943 2198 3647 2271">
    <p class='ocr_par' dir='ltr' id='par_1_84' title="bbox 1943 2198 3647 2271">
     <span class='ocr_line' id='line_1_85' title="bbox 1943 2198 3647 2271; baseline 0.002 -20"><span class='ocrx_word' id='word_1_678' title='bbox 1943 2202 2197 2252; x_wconf 88' lang='lat' dir='ltr'><strong>taremur</strong></span> <span class='ocrx_word' id='word_1_679' title='bbox 2227 2198 2383 2252; x_wconf 89' lang='lat' dir='ltr'><strong>illam</strong></span> <span class='ocrx_word' id='word_1_680' title='bbox 2415 2198 2717 2269; x_wconf 86' lang='lat' dir='ltr'><strong>Porphyrii</strong></span> <span class='ocrx_word' id='word_1_681' title='bbox 2755 2199 2879 2253; x_wconf 82' lang='lat' dir='ltr'><strong>falsi</strong></span> <span class='ocrx_word' id='word_1_682' title='bbox 2919 2199 3245 2271; x_wconf 89' lang='lat' dir='ltr'><strong>philosophi</strong></span> <span class='ocrx_word' id='word_1_683' title='bbox 3284 2204 3478 2255; x_wconf 89' lang='lat' dir='ltr'><strong>tenere</strong></span> <span class='ocrx_word' id='word_1_684' title='bbox 3518 2216 3647 2255; x_wconf 87' lang='lat' dir='ltr'><strong>sen-</strong></span> 
     </span>
    </p>
   </div>
   <div class='ocr_carea' id='block_1_85' title="bbox 1944 2285 3651 2359">
    <p class='ocr_par' dir='ltr' id='par_1_85' title="bbox 1944 2285 3651 2359">
     <span class='ocr_line' id='line_1_86' title="bbox 1944 2285 3651 2359; baseline 0.002 -19"><span class='ocrx_word' id='word_1_685' title='bbox 1944 2286 2204 2352; x_wconf 89' lang='lat' dir='ltr'><strong>tentiam,</strong></span> <span class='ocrx_word' id='word_1_686' title='bbox 2228 2303 2341 2357; x_wconf 86' lang='lat' dir='ltr'><strong>qua</strong></span> <span class='ocrx_word' id='word_1_687' title='bbox 2364 2285 2536 2341; x_wconf 87' lang='lat' dir='ltr'><strong>dixit:</strong></span> <span class='ocrx_word' id='word_1_688' title='bbox 2570 2287 2749 2341; x_wconf 89' lang='lat' dir='ltr'><strong>Omne</strong></span> <span class='ocrx_word' id='word_1_689' title='bbox 2773 2303 2978 2358; x_wconf 90' lang='lat' dir='ltr'><strong>corpus</strong></span> <span class='ocrx_word' id='word_1_690' title='bbox 2999 2304 3119 2343; x_wconf 91' lang='lat' dir='ltr'><strong>esse</strong></span> <span class='ocrx_word' id='word_1_691' title='bbox 3142 2288 3497 2359; x_wconf 90' lang='lat' dir='ltr'><strong>fugiendum,</strong></span> <span class='ocrx_word' id='word_1_692' title='bbox 3526 2290 3651 2345; x_wconf 91' lang='lat' dir='ltr'><strong>Non</strong></span> 
     </span>
    </p>
   </div>
   <div class='ocr_carea' id='block_1_86' title="bbox 1944 2373 3649 2447">
    <p class='ocr_par' dir='ltr' id='par_1_86' title="bbox 1944 2373 3649 2447">
     <span class='ocr_line' id='line_1_87' title="bbox 1944 2373 3649 2447; baseline 0.002 -18"><span class='ocrx_word' id='word_1_693' title='bbox 1944 2378 2135 2429; x_wconf 89' lang='lat' dir='ltr'><strong>autem</strong></span> <span class='ocrx_word' id='word_1_694' title='bbox 2167 2373 2283 2428; x_wconf 88' lang='lat' dir='ltr'><strong>dixi</strong></span> <span class='ocrx_word' id='word_1_695' title='bbox 2314 2390 2440 2445; x_wconf 90' lang='lat' dir='ltr'><strong>ego,</strong></span> <span class='ocrx_word' id='word_1_696' title='bbox 2486 2374 2695 2429; x_wconf 88' lang='lat' dir='ltr'><strong>Omnia</strong></span> <span class='ocrx_word' id='word_1_697' title='bbox 2736 2376 3057 2444; x_wconf 87' lang='lat' dir='ltr'><strong>sensibilia;</strong></span> <span class='ocrx_word' id='word_1_698' title='bbox 3091 2377 3207 2443; x_wconf 90' lang='lat' dir='ltr'><strong>sed,</strong></span> <span class='ocrx_word' id='word_1_699' title='bbox 3241 2380 3370 2444; x_wconf 89' lang='lat' dir='ltr'><strong>ista,</strong></span> <span class='ocrx_word' id='word_1_700' title='bbox 3405 2377 3509 2432; x_wconf 90' lang='lat' dir='ltr'><strong>hoc</strong></span> <span class='ocrx_word' id='word_1_701' title='bbox 3543 2382 3649 2447; x_wconf 88' lang='lat' dir='ltr'><strong>est,</strong></span> 
     </span>
    </p>
   </div>
   <div class='ocr_carea' id='block_1_87' title="bbox 1943 2462 3652 2534">
    <p class='ocr_par' dir='ltr' id='par_1_87' title="bbox 1943 2462 3652 2534">
     <span class='ocr_line' id='line_1_88' title="bbox 1943 2462 3652 2534; baseline 0.002 -17"><span class='ocrx_word' id='word_1_702' title='bbox 1943 2462 2369 2534; x_wconf 89' lang='lat' dir='ltr'><strong>corruptibilia;</strong></span> <span class='ocrx_word' id='word_1_703' title='bbox 2435 2463 2534 2517; x_wconf 91' lang='lat' dir='ltr'><strong>sed</strong></span> <span class='ocrx_word' id='word_1_704' title='bbox 2596 2463 2705 2518; x_wconf 92' lang='lat' dir='ltr'><strong>hoc</strong></span> <span class='ocrx_word' id='word_1_705' title='bbox 2750 2464 2941 2534; x_wconf 88' lang='lat' dir='ltr'><strong>potius</strong></span> <span class='ocrx_word' id='word_1_706' title='bbox 2999 2464 3304 2519; x_wconf 89' lang='lat' dir='ltr'><strong>dicendum</strong></span> <span class='ocrx_word' id='word_1_707' title='bbox 3335 2465 3473 2520; x_wconf 88' lang='lat' dir='ltr'><strong>fuit:</strong></span> <span class='ocrx_word' id='word_1_708' title='bbox 3528 2468 3652 2520; x_wconf 77' lang='lat' dir='ltr'><strong>Non</strong></span> 
     </span>
    </p>
   </div>
   <div class='ocr_carea' id='block_1_88' title="bbox 1943 2551 3650 2609">
    <p class='ocr_par' dir='ltr' id='par_1_88' title="bbox 1943 2551 3650 2609">
     <span class='ocr_line' id='line_1_89' title="bbox 1943 2551 3650 2609; baseline 0.002 -5"><span class='ocrx_word' id='word_1_709' title='bbox 1943 2555 2136 2605; x_wconf 89' lang='lat' dir='ltr'><strong>autem</strong></span> <span class='ocrx_word' id='word_1_710' title='bbox 2167 2551 2302 2605; x_wconf 90' lang='lat' dir='ltr'><strong>talia</strong></span> <span class='ocrx_word' id='word_1_711' title='bbox 2329 2551 2621 2606; x_wconf 90' lang='lat' dir='ltr'><strong>sensibilia</strong></span> <span class='ocrx_word' id='word_1_712' title='bbox 2640 2551 2832 2607; x_wconf 86' lang='lat' dir='ltr'><strong>futura</strong></span> <span class='ocrx_word' id='word_1_713' title='bbox 2852 2558 2984 2607; x_wconf 91' lang='lat' dir='ltr'><strong>sunt</strong></span> <span class='ocrx_word' id='word_1_714' title='bbox 3007 2552 3067 2607; x_wconf 91' lang='lat' dir='ltr'><strong>in</strong></span> <span class='ocrx_word' id='word_1_715' title='bbox 3089 2553 3267 2609; x_wconf 87' lang='lat' dir='ltr'><strong>futuri</strong></span> <span class='ocrx_word' id='word_1_716' title='bbox 3300 2553 3492 2609; x_wconf 65' lang='lat' dir='ltr'><strong>saeculi</strong></span> <span class='ocrx_word' id='word_1_717' title='bbox 3512 2555 3650 2609; x_wconf 85' lang='lat' dir='ltr'><strong>coelo</strong></span> 
     </span>
    </p>
   </div>
   <div class='ocr_carea' id='block_1_89' title="bbox 1945 2644 2927 2713">
    <p class='ocr_par' dir='ltr' id='par_1_89' title="bbox 1945 2644 2927 2713">
     <span class='ocr_line' id='line_1_90' title="bbox 1945 2644 2927 2713; baseline 0 -19"><span class='ocrx_word' id='word_1_718' title='bbox 1945 2656 2090 2694; x_wconf 90' lang='lat' dir='ltr'><strong>novo</strong></span> <span class='ocrx_word' id='word_1_719' title='bbox 2119 2644 2175 2692; x_wconf 91' lang='lat' dir='ltr'><strong>et</strong></span> <span class='ocrx_word' id='word_1_720' title='bbox 2205 2644 2358 2693; x_wconf 87' lang='lat' dir='ltr'><strong>terra</strong></span> <span class='ocrx_word' id='word_1_721' title='bbox 2390 2656 2552 2694; x_wconf 90' lang='lat' dir='ltr'><strong>nova.</strong></span> <span class='ocrx_word' id='word_1_722' title='bbox 2916 2705 2927 2713; x_wconf 37' lang='grc' dir='ltr'><strong>Ï</strong></span> 
     </span>
    </p>
   </div>
   <div class='ocr_carea' id='block_1_90' title="bbox 2014 2727 3652 2799">
    <p class='ocr_par' dir='ltr' id='par_1_90' title="bbox 2014 2727 3652 2799">
     <span class='ocr_line' id='line_1_91' title="bbox 2014 2727 3652 2799; baseline 0.003 -19"><span class='ocrx_word' id='word_1_723' title='bbox 2014 2731 2067 2782; x_wconf 66' lang='lat' dir='ltr'><strong>Ii.</strong></span> <span class='ocrx_word' id='word_1_724' title='bbox 2087 2728 2228 2781; x_wconf 86' lang='lat' dir='ltr'><strong>Item</strong></span> <span class='ocrx_word' id='word_1_725' title='bbox 2251 2728 2501 2798; x_wconf 88' lang='lat' dir='ltr'><strong>quodam</strong></span> <span class='ocrx_word' id='word_1_726' title='bbox 2520 2728 2644 2783; x_wconf 92' lang='lat' dir='ltr'><strong>loco</strong></span> <span class='ocrx_word' id='word_1_727' title='bbox 2668 2727 2807 2798; x_wconf 88' lang='lat' dir='ltr'><strong>dixi,</strong></span> <span class='ocrx_word' id='word_1_728' title='bbox 2831 2729 2983 2799; x_wconf 90' lang='lat' dir='ltr'><strong>quod</strong></span> <span class='ocrx_word' id='word_1_729' title='bbox 3006 2730 3316 2799; x_wconf 80' lang='lat' dir='ltr'><strong>disciplinis</strong></span> <span class='ocrx_word' id='word_1_730' title='bbox 3337 2730 3652 2785; x_wconf 85' lang='lat' dir='ltr'><strong>liberalibus</strong></span> 
     </span>
    </p>
   </div>
   <div class='ocr_carea' id='block_1_91' title="bbox 1944 2815 3652 2881">
    <p class='ocr_par' dir='ltr' id='par_1_91' title="bbox 1944 2815 3652 2881">
     <span class='ocr_line' id='line_1_92' title="bbox 1944 2815 3652 2881; baseline 0.002 -13"><span class='ocrx_word' id='word_1_731' title='bbox 1944 2815 2167 2881; x_wconf 77' lang='lat' dir='ltr'><strong>eruditi,</strong></span> <span class='ocrx_word' id='word_1_732' title='bbox 2185 2818 2298 2869; x_wconf 87' lang='lat' dir='ltr'><strong>sine</strong></span> <span class='ocrx_word' id='word_1_733' title='bbox 2319 2816 2482 2870; x_wconf 83' lang='lat' dir='ltr'><strong>dubio</strong></span> <span class='ocrx_word' id='word_1_734' title='bbox 2502 2819 2560 2870; x_wconf 91' lang='lat' dir='ltr'><strong>in</strong></span> <span class='ocrx_word' id='word_1_735' title='bbox 2585 2832 2639 2871; x_wconf 90' lang='lat' dir='ltr'><strong>se</strong></span> <span class='ocrx_word' id='word_1_736' title='bbox 2659 2817 2783 2871; x_wconf 88' lang='lat' dir='ltr'><strong>illas</strong></span> <span class='ocrx_word' id='word_1_737' title='bbox 2814 2817 3077 2871; x_wconf 87' lang='lat' dir='ltr'><strong>oblivione</strong></span> <span class='ocrx_word' id='word_1_738' title='bbox 3105 2818 3326 2872; x_wconf 86' lang='lat' dir='ltr'><strong>obrutas</strong></span> <span class='ocrx_word' id='word_1_739' title='bbox 3351 2822 3546 2872; x_wconf 81' lang='lat' dir='ltr'><strong>eruunt</strong></span> <span class='ocrx_word' id='word_1_740' title='bbox 3570 2819 3652 2872; x_wconf 88' lang='lat' dir='ltr'><strong>di-</strong></span> 
     </span>
    </p>
   </div>
   <div class='ocr_carea' id='block_1_92' title="bbox 1944 2902 3652 2974">
    <p class='ocr_par' dir='ltr' id='par_1_92' title="bbox 1944 2902 3652 2974">
     <span class='ocr_line' id='line_1_93' title="bbox 1944 2902 3652 2974; baseline 0.001 -16"><span class='ocrx_word' id='word_1_741' title='bbox 1944 2903 2153 2961; x_wconf 86' lang='lat' dir='ltr'><strong>scendo,</strong></span> <span class='ocrx_word' id='word_1_742' title='bbox 2186 2908 2236 2957; x_wconf 87' lang='lat' dir='ltr'><strong>et</strong></span> <span class='ocrx_word' id='word_1_743' title='bbox 2258 2902 2489 2971; x_wconf 87' lang='lat' dir='ltr'><strong>quodam</strong></span> <span class='ocrx_word' id='word_1_744' title='bbox 2521 2904 2675 2958; x_wconf 87' lang='lat' dir='ltr'><strong>modo</strong></span> <span class='ocrx_word' id='word_1_745' title='bbox 2708 2905 2985 2970; x_wconf 81' lang='lat' dir='ltr'><strong>refodiunt</strong></span> <span class='ocrx_word' id='word_1_746' title='bbox 3011 2905 3152 2973; x_wconf 90' lang='lat' dir='ltr'><strong>(Lib.</strong></span> <span class='ocrx_word' id='word_1_747' title='bbox 3174 2908 3231 2972; x_wconf 92' lang='grc'><strong>2,</strong></span> <span class='ocrx_word' id='word_1_748' title='bbox 3261 2921 3306 2959; x_wconf 93' lang='lat' dir='ltr'><strong>c.</strong></span> <span class='ocrx_word' id='word_1_749' title='bbox 3336 2908 3427 2973; x_wconf 90' lang='grc'>20,</span> <span class='ocrx_word' id='word_1_750' title='bbox 3453 2921 3508 2959; x_wconf 87' lang='lat' dir='ltr'><strong>n.</strong></span> <span class='ocrx_word' id='word_1_751' title='bbox 3544 2909 3652 2974; x_wconf 76' lang='lat'><strong>35).</strong></span> 
     </span>
    </p>
   </div>
   <div class='ocr_carea' id='block_1_93' title="bbox 1944 2990 3654 3063">
    <p class='ocr_par' dir='ltr' id='par_1_93' title="bbox 1944 2990 3654 3063">
     <span class='ocr_line' id='line_1_94' title="bbox 1944 2990 3654 3063; baseline 0 -18"><span class='ocrx_word' id='word_1_752' title='bbox 1944 2990 2051 3046; x_wconf 90' lang='lat' dir='ltr'><strong>Sed</strong></span> <span class='ocrx_word' id='word_1_753' title='bbox 2082 2991 2186 3044; x_wconf 91' lang='lat' dir='ltr'><strong>hoc</strong></span> <span class='ocrx_word' id='word_1_754' title='bbox 2211 3006 2440 3061; x_wconf 89' lang='lat' dir='ltr'><strong>quoque</strong></span> <span class='ocrx_word' id='word_1_755' title='bbox 2487 2990 2793 3060; x_wconf 89' lang='lat' dir='ltr'><strong>improbo:</strong></span> <span class='ocrx_word' id='word_1_756' title='bbox 2838 2990 3164 3045; x_wconf 90' lang='lat' dir='ltr'><strong>credibilius</strong></span> <span class='ocrx_word' id='word_1_757' title='bbox 3214 2996 3299 3046; x_wconf 88' lang='lat' dir='ltr'><strong>est</strong></span> <span class='ocrx_word' id='word_1_758' title='bbox 3324 2992 3477 3046; x_wconf 91' lang='lat' dir='ltr'><strong>enim</strong></span> <span class='ocrx_word' id='word_1_759' title='bbox 3518 3008 3654 3063; x_wconf 88' lang='lat' dir='ltr'><strong>pro-</strong></span> 
     </span>
    </p>
   </div>
   <div class='ocr_carea' id='block_1_94' title="bbox 1942 3078 3651 3149">
    <p class='ocr_par' dir='ltr' id='par_1_94' title="bbox 1942 3078 3651 3149">
     <span class='ocr_line' id='line_1_95' title="bbox 1942 3078 3651 3149; baseline 0.001 -16"><span class='ocrx_word' id='word_1_760' title='bbox 1942 3083 2141 3149; x_wconf 89' lang='lat' dir='ltr'><strong>pterea</strong></span> <span class='ocrx_word' id='word_1_761' title='bbox 2159 3094 2292 3132; x_wconf 85' lang='lat' dir='ltr'><strong>vera</strong></span> <span class='ocrx_word' id='word_1_762' title='bbox 2311 3079 2660 3147; x_wconf 86' lang='lat' dir='ltr'><strong>respondere</strong></span> <span class='ocrx_word' id='word_1_763' title='bbox 2673 3078 2741 3132; x_wconf 89' lang='lat' dir='ltr'><strong>de</strong></span> <span class='ocrx_word' id='word_1_764' title='bbox 2756 3078 3096 3149; x_wconf 91' lang='lat' dir='ltr'><strong>quibusdam</strong></span> <span class='ocrx_word' id='word_1_765' title='bbox 3123 3079 3457 3149; x_wconf 91' lang='lat' dir='ltr'><strong>disciplinis,</strong></span> <span class='ocrx_word' id='word_1_766' title='bbox 3476 3078 3651 3134; x_wconf 86' lang='lat' dir='ltr'><strong>etiam</strong></span> 
     </span>
    </p>
   </div>
   <div class='ocr_carea' id='block_1_95' title="bbox 1944 3164 3653 3236">
    <p class='ocr_par' dir='ltr' id='par_1_95' title="bbox 1944 3164 3653 3236">
     <span class='ocr_line' id='line_1_96' title="bbox 1944 3164 3653 3236; baseline -0.001 -17"><span class='ocrx_word' id='word_1_767' title='bbox 1944 3165 2242 3236; x_wconf 89' lang='lat' dir='ltr'><strong>imperitos</strong></span> <span class='ocrx_word' id='word_1_768' title='bbox 2271 3180 2489 3230; x_wconf 86' lang='lat' dir='ltr'><strong>earum,</strong></span> <span class='ocrx_word' id='word_1_769' title='bbox 2539 3164 2769 3236; x_wconf 88' lang='lat' dir='ltr'><strong>quando</strong></span> <span class='ocrx_word' id='word_1_770' title='bbox 2819 3165 2965 3219; x_wconf 87' lang='lat' dir='ltr'><strong>bene</strong></span> <span class='ocrx_word' id='word_1_771' title='bbox 3011 3164 3460 3235; x_wconf 90' lang='lat' dir='ltr'><strong>interrogantur,</strong></span> <span class='ocrx_word' id='word_1_772' title='bbox 3518 3164 3653 3235; x_wconf 87' lang='lat' dir='ltr'><strong>quia</strong></span> 
     </span>
    </p>
   </div>
   <div class='ocr_carea' id='block_1_96' title="bbox 1944 3240 3653 3324">
    <p class='ocr_par' dir='ltr' id='par_1_96' title="bbox 1944 3240 3653 3324">
     <span class='ocr_line' id='line_1_97' title="bbox 1944 3240 3653 3324; baseline 0 -18"><span class='ocrx_word' id='word_1_773' title='bbox 1944 3240 2196 3324; x_wconf 60' lang='lat' dir='ltr'><strong>priegens</strong></span> <span class='ocrx_word' id='word_1_774' title='bbox 2230 3256 2313 3307; x_wconf 89' lang='lat' dir='ltr'><strong>est</strong></span> <span class='ocrx_word' id='word_1_775' title='bbox 2344 3252 2444 3315; x_wconf 85' lang='lat' dir='ltr'><strong>eis,</strong></span> <span class='ocrx_word' id='word_1_776' title='bbox 2499 3257 2779 3324; x_wconf 90' lang='lat' dir='ltr'><strong>quantum</strong></span> <span class='ocrx_word' id='word_1_777' title='bbox 2812 3252 2868 3307; x_wconf 92' lang='lat' dir='ltr'><strong>id</strong></span> <span class='ocrx_word' id='word_1_778' title='bbox 2918 3268 3117 3321; x_wconf 88' lang='lat' dir='ltr'><strong>capere</strong></span> <span class='ocrx_word' id='word_1_779' title='bbox 3166 3255 3423 3322; x_wconf 88' lang='lat' dir='ltr'><strong>possunt,</strong></span> <span class='ocrx_word' id='word_1_780' title='bbox 3456 3252 3653 3306; x_wconf 91' lang='lat' dir='ltr'><strong>lumen</strong></span> 
     </span>
    </p>
   </div>
   <div class='ocr_carea' id='block_1_97' title="bbox 1945 3340 3649 3412">
    <p class='ocr_par' dir='ltr' id='par_1_97' title="bbox 1945 3340 3649 3412">
     <span class='ocr_line' id='line_1_98' title="bbox 1945 3340 3649 3412; baseline 0 -17"><span class='ocrx_word' id='word_1_781' title='bbox 1945 3340 2184 3395; x_wconf 89' lang='lat' dir='ltr'><strong>rationis</strong></span> <span class='ocrx_word' id='word_1_782' title='bbox 2200 3345 2448 3405; x_wconf 69' lang='lat' dir='ltr'><strong>mternte,</strong></span> <span class='ocrx_word' id='word_1_783' title='bbox 2469 3340 3097 3395; x_wconf 69' lang='lat' dir='ltr'><strong>ubihaecimmutabilia</strong></span> <span class='ocrx_word' id='word_1_784' title='bbox 3111 3357 3246 3395; x_wconf 88' lang='lat' dir='ltr'><strong>vera</strong></span> <span class='ocrx_word' id='word_1_785' title='bbox 3263 3340 3649 3412; x_wconf 89' lang='lat' dir='ltr'><strong>conspiciunt;</strong></span> 
     </span>
    </p>
   </div>
   <div class='ocr_carea' id='block_1_98' title="bbox 1945 3428 3654 3501">
    <p class='ocr_par' dir='ltr' id='par_1_98' title="bbox 1945 3428 3654 3501">
     <span class='ocr_line' id='line_1_99' title="bbox 1945 3428 3654 3501; baseline -0.001 -18"><span class='ocrx_word' id='word_1_786' title='bbox 1945 3445 2061 3483; x_wconf 91' lang='lat' dir='ltr'><strong>non</strong></span> <span class='ocrx_word' id='word_1_787' title='bbox 2090 3428 2226 3500; x_wconf 87' lang='lat' dir='ltr'><strong>quia</strong></span> <span class='ocrx_word' id='word_1_788' title='bbox 2258 3444 2325 3483; x_wconf 89' lang='lat' dir='ltr'><strong>ea</strong></span> <span class='ocrx_word' id='word_1_789' title='bbox 2354 3433 2631 3483; x_wconf 88' lang='lat' dir='ltr'><strong>noverant</strong></span> <span class='ocrx_word' id='word_1_790' title='bbox 2664 3429 2993 3501; x_wconf 89' lang='lat' dir='ltr'><strong>aliquando,</strong></span> <span class='ocrx_word' id='word_1_791' title='bbox 3024 3432 3080 3483; x_wconf 89' lang='lat' dir='ltr'><strong>et</strong></span> <span class='ocrx_word' id='word_1_792' title='bbox 3109 3429 3273 3483; x_wconf 90' lang='lat' dir='ltr'><strong>obliti</strong></span> <span class='ocrx_word' id='word_1_793' title='bbox 3306 3433 3455 3496; x_wconf 89' lang='lat' dir='ltr'><strong>sunt,</strong></span> <span class='ocrx_word' id='word_1_794' title='bbox 3500 3428 3654 3500; x_wconf 89' lang='lat' dir='ltr'><strong>quod</strong></span> 
     </span>
    </p>
   </div>
   <div class='ocr_carea' id='block_1_99' title="bbox 1946 3514 3655 3588">
    <p class='ocr_par' dir='ltr' id='par_1_99' title="bbox 1946 3514 3655 3588">
     <span class='ocr_line' id='line_1_100' title="bbox 1946 3514 3655 3588; baseline -0.001 -17"><span class='ocrx_word' id='word_1_795' title='bbox 1946 3517 2188 3584; x_wconf 88' lang='lat' dir='ltr'><strong>Platoni,</strong></span> <span class='ocrx_word' id='word_1_796' title='bbox 2221 3518 2310 3571; x_wconf 89' lang='lat' dir='ltr'><strong>vel</strong></span> <span class='ocrx_word' id='word_1_797' title='bbox 2343 3517 2549 3572; x_wconf 89' lang='lat' dir='ltr'><strong>talibus</strong></span> <span class='ocrx_word' id='word_1_798' title='bbox 2576 3517 2761 3572; x_wconf 91' lang='lat' dir='ltr'><strong>visum</strong></span> <span class='ocrx_word' id='word_1_799' title='bbox 2790 3521 2892 3571; x_wconf 91' lang='lat' dir='ltr'><strong>est.</strong></span> <span class='ocrx_word' id='word_1_800' title='bbox 2934 3516 3142 3570; x_wconf 89' lang='lat' dir='ltr'><strong>Contra</strong></span> <span class='ocrx_word' id='word_1_801' title='bbox 3163 3532 3411 3588; x_wconf 92' lang='lat' dir='ltr'><strong>quorum</strong></span> <span class='ocrx_word' id='word_1_802' title='bbox 3431 3514 3655 3587; x_wconf 92' lang='lat' dir='ltr'><strong>opinio-</strong></span> 
     </span>
    </p>
   </div>
   <div class='ocr_carea' id='block_1_100' title="bbox 1946 3603 3653 3677">
    <p class='ocr_par' dir='ltr' id='par_1_100' title="bbox 1946 3603 3653 3677">
     <span class='ocr_line' id='line_1_101' title="bbox 1946 3603 3653 3677; baseline -0.002 -17"><span class='ocrx_word' id='word_1_803' title='bbox 1946 3622 2078 3660; x_wconf 88' lang='lat' dir='ltr'><strong>nem</strong></span> <span class='ocrx_word' id='word_1_804' title='bbox 2101 3610 2314 3677; x_wconf 86' lang='lat' dir='ltr'><strong>quanta</strong></span> <span class='ocrx_word' id='word_1_805' title='bbox 2363 3622 2467 3677; x_wconf 89' lang='lat' dir='ltr'><strong>pro</strong></span> <span class='ocrx_word' id='word_1_806' title='bbox 2500 3609 2760 3676; x_wconf 88' lang='lat' dir='ltr'><strong>suscepto</strong></span> <span class='ocrx_word' id='word_1_807' title='bbox 2812 3620 2984 3676; x_wconf 90' lang='lat' dir='ltr'><strong>opere</strong></span> <span class='ocrx_word' id='word_1_808' title='bbox 3029 3604 3270 3659; x_wconf 88' lang='lat' dir='ltr'><strong>dabatur</strong></span> <span class='ocrx_word' id='word_1_809' title='bbox 3319 3603 3561 3672; x_wconf 90' lang='lat' dir='ltr'><strong>occasio,</strong></span> <span class='ocrx_word' id='word_1_810' title='bbox 3591 3603 3653 3658; x_wconf 90' lang='lat' dir='ltr'><strong>in</strong></span> 
     </span>
    </p>
   </div>
   <div class='ocr_carea' id='block_1_101' title="bbox 1945 3692 3651 3761">
    <p class='ocr_par' dir='ltr' id='par_1_101' title="bbox 1945 3692 3651 3761">
     <span class='ocr_line' id='line_1_102' title="bbox 1945 3692 3651 3761; baseline -0.002 -12"><span class='ocrx_word' id='word_1_811' title='bbox 1945 3694 2091 3749; x_wconf 91' lang='lat' dir='ltr'><strong>libro</strong></span> <span class='ocrx_word' id='word_1_812' title='bbox 2121 3693 2460 3750; x_wconf 90' lang='lat' dir='ltr'><strong>duodecimo</strong></span> <span class='ocrx_word' id='word_1_813' title='bbox 2482 3695 2551 3749; x_wconf 90' lang='lat' dir='ltr'><strong>de</strong></span> <span class='ocrx_word' id='word_1_814' title='bbox 2583 3695 2881 3760; x_wconf 87' lang='lat' dir='ltr'><strong>Trinitate,</strong></span> <span class='ocrx_word' id='word_1_815' title='bbox 2911 3692 3154 3748; x_wconf 89' lang='lat' dir='ltr'><strong>disserui</strong></span> <span class='ocrx_word' id='word_1_816' title='bbox 3187 3692 3327 3761; x_wconf 85' lang='lat' dir='ltr'><strong>(Lib.</strong></span> <span class='ocrx_word' id='word_1_817' title='bbox 3359 3695 3443 3759; x_wconf 90' lang='grc'><strong>12,</strong></span> <span class='ocrx_word' id='word_1_818' title='bbox 3468 3708 3514 3747; x_wconf 93' lang='lat' dir='ltr'><strong>c.</strong></span> <span class='ocrx_word' id='word_1_819' title='bbox 3543 3692 3651 3761; x_wconf 83' lang='grc'>15).</span> 
     </span>
    </p>
   </div>
   <div class='ocr_carea' id='block_1_102' title="bbox 1947 3780 3651 3854">
    <p class='ocr_par' dir='ltr' id='par_1_102' title="bbox 1947 3780 3651 3854">
     <span class='ocr_line' id='line_1_103' title="bbox 1947 3780 3651 3854; baseline -0.002 -17"><span class='ocrx_word' id='word_1_820' title='bbox 1947 3784 2060 3838; x_wconf 85' lang='lat' dir='ltr'><strong>Hoc</strong></span> <span class='ocrx_word' id='word_1_821' title='bbox 2111 3799 2253 3854; x_wconf 91' lang='lat' dir='ltr'><strong>opus</strong></span> <span class='ocrx_word' id='word_1_822' title='bbox 2297 3782 2375 3837; x_wconf 91' lang='lat' dir='ltr'><strong>sic</strong></span> <span class='ocrx_word' id='word_1_823' title='bbox 2426 3782 2662 3853; x_wconf 91' lang='lat' dir='ltr'><strong>incipit:</strong></span> <span class='ocrx_word' id='word_1_824' title='bbox 2705 3783 2950 3838; x_wconf 81' lang='lat' dir='ltr'><strong>Volventi</strong></span> <span class='ocrx_word' id='word_1_825' title='bbox 2993 3780 3132 3835; x_wconf 84' lang='lat' dir='ltr'><strong>mihi</strong></span> <span class='ocrx_word' id='word_1_826' title='bbox 3171 3781 3343 3835; x_wconf 87' lang='lat' dir='ltr'><strong>multa</strong></span> <span class='ocrx_word' id='word_1_827' title='bbox 3390 3797 3452 3835; x_wconf 88' lang='lat' dir='ltr'><strong>ac</strong></span> <span class='ocrx_word' id='word_1_828' title='bbox 3490 3782 3651 3834; x_wconf 80' lang='lat' dir='ltr'><strong>varia</strong></span> 
     </span>
    </p>
   </div>
   <div class='ocr_carea' id='block_1_103' title="bbox 1945 3886 2170 3927">
    <p class='ocr_par' dir='ltr' id='par_1_103' title="bbox 1945 3886 2170 3927">
     <span class='ocr_line' id='line_1_104' title="bbox 1945 3886 2170 3927; baseline 0.004 -1"><span class='ocrx_word' id='word_1_829' title='bbox 1945 3886 2149 3926; x_wconf 89' lang='lat' dir='ltr'><strong>mecum</strong></span> <span class='ocrx_word' id='word_1_830' title='bbox 2158 3914 2170 3927; x_wconf 90' lang='lat'><strong>.</strong></span> 
     </span>
    </p>
   </div>
   <div class='ocr_carea' id='block_1_104' title="bbox 2622 3956 2958 4013">
    <p class='ocr_par' dir='ltr' id='par_1_104' title="bbox 2622 3956 2958 4013">
     <span class='ocr_line' id='line_1_105' title="bbox 2622 3956 2958 4013; baseline 0 -1"><span class='ocrx_word' id='word_1_831' title='bbox 2622 3956 2848 4013; x_wconf 81' lang='lat' dir='ltr'><strong>CAPUT</strong></span> <span class='ocrx_word' id='word_1_832' title='bbox 2886 3956 2958 4012; x_wconf 83' lang='lat' dir='ltr'><strong>V.</strong></span> 
     </span>
    </p>
   </div>
   <div class='ocr_carea' id='block_1_105' title="bbox 2208 4050 3381 4120">
    <p class='ocr_par' dir='ltr' id='par_1_105' title="bbox 2208 4050 3381 4120">
     <span class='ocr_line' id='line_1_106' title="bbox 2208 4050 3381 4120; baseline -0.005 -9"><span class='ocrx_word' id='word_1_833' title='bbox 2208 4058 2283 4111; x_wconf 89' lang='lat' dir='ltr'><strong>De</strong></span> <span class='ocrx_word' id='word_1_834' title='bbox 2321 4055 2736 4111; x_wconf 85' lang='lat' dir='ltr'><strong>Immortalitate</strong></span> <span class='ocrx_word' id='word_1_835' title='bbox 2771 4054 3007 4120; x_wconf 65' lang='lat' dir='ltr'><strong>Animae,</strong></span> <span class='ocrx_word' id='word_1_836' title='bbox 3049 4050 3185 4106; x_wconf 86' lang='lat' dir='ltr'><strong>liber</strong></span> <span class='ocrx_word' id='word_1_837' title='bbox 3222 4064 3381 4106; x_wconf 88' lang='lat' dir='ltr'><strong>unus.</strong></span> 
     </span>
    </p>
   </div>
   <div class='ocr_carea' id='block_1_106' title="bbox 2022 4153 3650 4231">
    <p class='ocr_par' dir='ltr' id='par_1_106' title="bbox 2022 4153 3650 4231">
     <span class='ocr_line' id='line_1_107' title="bbox 2022 4153 3650 4231; baseline -0.005 -14"><span class='ocrx_word' id='word_1_838' title='bbox 2022 4166 2071 4217; x_wconf 88' lang='grc'>1.</span> <span class='ocrx_word' id='word_1_839' title='bbox 2113 4164 2245 4217; x_wconf 87' lang='lat' dir='ltr'><strong>Post</strong></span> <span class='ocrx_word' id='word_1_840' title='bbox 2274 4161 2450 4215; x_wconf 88' lang='lat' dir='ltr'><strong>libros</strong></span> <span class='ocrx_word' id='word_1_841' title='bbox 2482 4158 2928 4231; x_wconf 87' lang='lat' dir='ltr'><strong>Soliloquiorum</strong></span> <span class='ocrx_word' id='word_1_842' title='bbox 2951 4157 3073 4228; x_wconf 89' lang='lat' dir='ltr'><strong>jam</strong></span> <span class='ocrx_word' id='word_1_843' title='bbox 3105 4155 3176 4211; x_wconf 90' lang='lat' dir='ltr'><strong>de</strong></span> <span class='ocrx_word' id='word_1_844' title='bbox 3215 4171 3352 4226; x_wconf 90' lang='lat' dir='ltr'><strong>agro</strong></span> <span class='ocrx_word' id='word_1_845' title='bbox 3384 4153 3650 4209; x_wconf 85' lang='lat' dir='ltr'><strong>Mediola-</strong></span> 
     </span>
    </p>
   </div>
   <div class='ocr_carea' id='block_1_107' title="bbox 1947 4241 3648 4318">
    <p class='ocr_par' dir='ltr' id='par_1_107' title="bbox 1947 4241 3648 4318">
     <span class='ocr_line' id='line_1_108' title="bbox 1947 4241 3648 4318; baseline -0.006 -14"><span class='ocrx_word' id='word_1_846' title='bbox 1947 4265 2088 4304; x_wconf 89' lang='lat' dir='ltr'><strong>num</strong></span> <span class='ocrx_word' id='word_1_847' title='bbox 2107 4265 2386 4316; x_wconf 88' lang='lat' dir='ltr'><strong>reversus,</strong></span> <span class='ocrx_word' id='word_1_848' title='bbox 2403 4247 2602 4318; x_wconf 90' lang='lat' dir='ltr'><strong>scripsi</strong></span> <span class='ocrx_word' id='word_1_849' title='bbox 2614 4247 2830 4301; x_wconf 90' lang='lat' dir='ltr'><strong>librum</strong></span> <span class='ocrx_word' id='word_1_850' title='bbox 2848 4247 2927 4300; x_wconf 90' lang='lat' dir='ltr'><strong>De</strong></span> <span class='ocrx_word' id='word_1_851' title='bbox 2947 4242 3385 4298; x_wconf 86' lang='lat' dir='ltr'><strong>Immortalitate</strong></span> <span class='ocrx_word' id='word_1_852' title='bbox 3403 4244 3441 4296; x_wconf 89' lang='lat' dir='ltr'><strong>A</strong></span> <span class='ocrx_word' id='word_1_853' title='bbox 3454 4241 3648 4307; x_wconf 73' lang='lat' dir='ltr'><strong>nimse,</strong></span> 
     </span>
    </p>
   </div>
   <div class='ocr_carea' id='block_1_108' title="bbox 1948 4331 3651 4409">
    <p class='ocr_par' dir='ltr' id='par_1_108' title="bbox 1948 4331 3651 4409">
     <span class='ocr_line' id='line_1_109' title="bbox 1948 4331 3651 4409; baseline -0.006 -17"><span class='ocrx_word' id='word_1_854' title='bbox 1948 4338 2104 4409; x_wconf 90' lang='lat' dir='ltr'><strong>quod</strong></span> <span class='ocrx_word' id='word_1_855' title='bbox 2133 4336 2277 4392; x_wconf 91' lang='lat' dir='ltr'><strong>mihi</strong></span> <span class='ocrx_word' id='word_1_856' title='bbox 2308 4336 2471 4407; x_wconf 88' lang='lat' dir='ltr'><strong>quasi</strong></span> <span class='ocrx_word' id='word_1_857' title='bbox 2502 4333 3007 4390; x_wconf 89' lang='lat' dir='ltr'><strong>commonitorium</strong></span> <span class='ocrx_word' id='word_1_858' title='bbox 3041 4348 3162 4386; x_wconf 90' lang='lat' dir='ltr'><strong>esse</strong></span> <span class='ocrx_word' id='word_1_859' title='bbox 3190 4331 3483 4385; x_wconf 88' lang='lat' dir='ltr'><strong>volueram</strong></span> <span class='ocrx_word' id='word_1_860' title='bbox 3514 4346 3651 4400; x_wconf 90' lang='lat' dir='ltr'><strong>pro-</strong></span> 
     </span>
    </p>
   </div>
   <div class='ocr_carea' id='block_1_109' title="bbox 1924 4418 3655 4496">
    <p class='ocr_par' dir='ltr' id='par_1_109' title="bbox 1924 4418 3655 4496">
     <span class='ocr_line' id='line_1_110' title="bbox 1924 4418 3655 4496; baseline -0.006 -16"><span class='ocrx_word' id='word_1_861' title='bbox 1924 4431 2075 4496; x_wconf 77' lang='lat' dir='ltr'><strong>pter</strong></span> <span class='ocrx_word' id='word_1_862' title='bbox 2105 4423 2415 4495; x_wconf 88' lang='lat' dir='ltr'><strong>Soliloquia</strong></span> <span class='ocrx_word' id='word_1_863' title='bbox 2449 4423 2830 4489; x_wconf 88' lang='lat' dir='ltr'><strong>terminanda,</strong></span> <span class='ocrx_word' id='word_1_864' title='bbox 2868 4437 2999 4492; x_wconf 82' lang='lat' dir='ltr'><strong>quae</strong></span> <span class='ocrx_word' id='word_1_865' title='bbox 3051 4418 3381 4491; x_wconf 84' lang='lat' dir='ltr'><strong>imperfecta</strong></span> <span class='ocrx_word' id='word_1_866' title='bbox 3424 4434 3655 4472; x_wconf 87' lang='lat' dir='ltr'><strong>reman-</strong></span> 
     </span>
    </p>
   </div>
   <div class='ocr_carea' id='block_1_110' title="bbox 1953 4505 3655 4582">
    <p class='ocr_par' dir='ltr' id='par_1_110' title="bbox 1953 4505 3655 4582">
     <span class='ocr_line' id='line_1_111' title="bbox 1953 4505 3655 4582; baseline -0.005 -14"><span class='ocrx_word' id='word_1_867' title='bbox 1953 4518 2181 4568; x_wconf 89' lang='lat' dir='ltr'><strong>serant:</strong></span> <span class='ocrx_word' id='word_1_868' title='bbox 2216 4513 2313 4567; x_wconf 87' lang='lat' dir='ltr'><strong>sed</strong></span> <span class='ocrx_word' id='word_1_869' title='bbox 2347 4512 2538 4567; x_wconf 91' lang='lat' dir='ltr'><strong>nescio</strong></span> <span class='ocrx_word' id='word_1_870' title='bbox 2570 4509 2861 4582; x_wconf 90' lang='lat' dir='ltr'><strong>quomodo</strong></span> <span class='ocrx_word' id='word_1_871' title='bbox 2880 4524 2973 4563; x_wconf 90' lang='lat' dir='ltr'><strong>me</strong></span> <span class='ocrx_word' id='word_1_872' title='bbox 3003 4508 3180 4562; x_wconf 89' lang='lat' dir='ltr'><strong>invito</strong></span> <span class='ocrx_word' id='word_1_873' title='bbox 3203 4506 3337 4561; x_wconf 89' lang='lat' dir='ltr'><strong>exiit</strong></span> <span class='ocrx_word' id='word_1_874' title='bbox 3355 4505 3416 4559; x_wconf 93' lang='lat' dir='ltr'><strong>in</strong></span> <span class='ocrx_word' id='word_1_875' title='bbox 3446 4521 3655 4561; x_wconf 87' lang='lat' dir='ltr'><strong>manus</strong></span> 
     </span>
    </p>
   </div>
   <div class='ocr_carea' id='block_1_111' title="bbox 1952 4593 3654 4669">
    <p class='ocr_par' dir='ltr' id='par_1_111' title="bbox 1952 4593 3654 4669">
     <span class='ocr_line' id='line_1_112' title="bbox 1952 4593 3654 4669; baseline -0.006 -13"><span class='ocrx_word' id='word_1_876' title='bbox 1952 4600 2274 4667; x_wconf 90' lang='lat' dir='ltr'><strong>hominum,</strong></span> <span class='ocrx_word' id='word_1_877' title='bbox 2298 4606 2355 4655; x_wconf 90' lang='lat' dir='ltr'><strong>et</strong></span> <span class='ocrx_word' id='word_1_878' title='bbox 2373 4601 2525 4654; x_wconf 91' lang='lat' dir='ltr'><strong>inter</strong></span> <span class='ocrx_word' id='word_1_879' title='bbox 2541 4615 2670 4654; x_wconf 87' lang='lat' dir='ltr'><strong>mea</strong></span> <span class='ocrx_word' id='word_1_880' title='bbox 2681 4598 2953 4669; x_wconf 90' lang='lat' dir='ltr'><strong>opuscula</strong></span> <span class='ocrx_word' id='word_1_881' title='bbox 2967 4595 3321 4651; x_wconf 89' lang='lat' dir='ltr'><strong>nominatur.</strong></span> <span class='ocrx_word' id='word_1_882' title='bbox 3341 4593 3450 4658; x_wconf 86' lang='lat' dir='ltr'><strong>Qui</strong></span> <span class='ocrx_word' id='word_1_883' title='bbox 3464 4593 3654 4664; x_wconf 85' lang='lat' dir='ltr'><strong>primo</strong></span> 
     </span>
    </p>
   </div>
   <div class='ocr_carea' id='block_1_112' title="bbox 1948 4681 3654 4753">
    <p class='ocr_par' dir='ltr' id='par_1_112' title="bbox 1948 4681 3654 4753">
     <span class='ocr_line' id='line_1_113' title="bbox 1948 4681 3654 4753; baseline -0.006 -9"><span class='ocrx_word' id='word_1_884' title='bbox 1948 4688 2451 4743; x_wconf 88' lang='lat' dir='ltr'><strong>ratiocinationum</strong></span> <span class='ocrx_word' id='word_1_885' title='bbox 2494 4686 2847 4741; x_wconf 89' lang='lat' dir='ltr'><strong>contortione</strong></span> <span class='ocrx_word' id='word_1_886' title='bbox 2898 4687 3070 4753; x_wconf 89' lang='lat' dir='ltr'><strong>atque</strong></span> <span class='ocrx_word' id='word_1_887' title='bbox 3120 4682 3393 4736; x_wconf 86' lang='lat' dir='ltr'><strong>brevitate</strong></span> <span class='ocrx_word' id='word_1_888' title='bbox 3442 4682 3522 4735; x_wconf 88' lang='lat' dir='ltr'><strong>sic</strong></span> <span class='ocrx_word' id='word_1_889' title='bbox 3553 4681 3654 4735; x_wconf 91' lang='lat' dir='ltr'><strong>ob-</strong></span> 
     </span>
    </p>
   </div>
   <div class='ocr_carea' id='block_1_113' title="bbox 1949 4767 3681 4843">
    <p class='ocr_par' dir='ltr' id='par_1_113' title="bbox 1949 4767 3681 4843">
     <span class='ocr_line' id='line_1_114' title="bbox 1949 4767 3681 4843; baseline -0.008 -14"><span class='ocrx_word' id='word_1_890' title='bbox 1949 4792 2145 4831; x_wconf 89' lang='lat' dir='ltr'><strong>scurus</strong></span> <span class='ocrx_word' id='word_1_891' title='bbox 2175 4781 2278 4843; x_wconf 88' lang='lat' dir='ltr'><strong>est,</strong></span> <span class='ocrx_word' id='word_1_892' title='bbox 2311 4779 2377 4830; x_wconf 90' lang='lat' dir='ltr'><strong>ut</strong></span> <span class='ocrx_word' id='word_1_893' title='bbox 2407 4773 2631 4843; x_wconf 89' lang='lat' dir='ltr'><strong>fatiget,</strong></span> <span class='ocrx_word' id='word_1_894' title='bbox 2668 4787 2800 4826; x_wconf 90' lang='lat' dir='ltr'><strong>cum</strong></span> <span class='ocrx_word' id='word_1_895' title='bbox 2821 4769 3052 4841; x_wconf 88' lang='lat' dir='ltr'><strong>legitur,</strong></span> <span class='ocrx_word' id='word_1_896' title='bbox 3078 4768 3249 4823; x_wconf 89' lang='lat' dir='ltr'><strong>etiam</strong></span> <span class='ocrx_word' id='word_1_897' title='bbox 3271 4767 3681 4825; x_wconf 84' lang='lat' dir='ltr'><strong>intentionem.</strong></span> 
     </span>
    </p>
   </div>
   <div class='ocr_carea' id='block_1_114' title="bbox 1946 4857 3093 4933">
    <p class='ocr_par' dir='ltr' id='par_1_114' title="bbox 1946 4857 3093 4933">
     <span class='ocr_line' id='line_1_115' title="bbox 1946 4857 3093 4933; baseline -0.007 -15"><span class='ocrx_word' id='word_1_898' title='bbox 1946 4880 2134 4918; x_wconf 86' lang='lat' dir='ltr'><strong>meam</strong></span> <span class='ocrx_word' id='word_1_899' title='bbox 2166 4863 2371 4933; x_wconf 86' lang='lat' dir='ltr'><strong>vixque</strong></span> <span class='ocrx_word' id='word_1_900' title='bbox 2404 4860 2759 4929; x_wconf 87' lang='lat' dir='ltr'><strong>intelligatur</strong></span> <span class='ocrx_word' id='word_1_901' title='bbox 2788 4874 2822 4912; x_wconf 88' lang='lat' dir='ltr'><strong>a</strong></span> <span class='ocrx_word' id='word_1_902' title='bbox 2850 4857 3093 4928; x_wconf 90' lang='lat' dir='ltr'><strong>meipso.</strong></span> 
     </span>
    </p>
   </div>
   <div class='ocr_carea' id='block_1_115' title="bbox 2015 4939 3654 5020">
    <p class='ocr_par' dir='ltr' id='par_1_115' title="bbox 2015 4939 3654 5020">
     <span class='ocr_line' id='line_1_116' title="bbox 2015 4939 3654 5020; baseline -0.007 -14"><span class='ocrx_word' id='word_1_903' title='bbox 2015 4955 2068 5006; x_wconf 87' lang='lat'><strong>2.</strong></span> <span class='ocrx_word' id='word_1_904' title='bbox 2113 4950 2324 5006; x_wconf 90' lang='lat' dir='ltr'><strong>Deinde</strong></span> <span class='ocrx_word' id='word_1_905' title='bbox 2356 4948 2613 5020; x_wconf 90' lang='lat' dir='ltr'><strong>cogitans</strong></span> <span class='ocrx_word' id='word_1_906' title='bbox 2647 4946 2791 5001; x_wconf 89' lang='lat' dir='ltr'><strong>nihil</strong></span> <span class='ocrx_word' id='word_1_907' title='bbox 2825 4945 2979 5000; x_wconf 87' lang='lat' dir='ltr'><strong>aliud</strong></span> <span class='ocrx_word' id='word_1_908' title='bbox 3010 4960 3186 5017; x_wconf 88' lang='lat' dir='ltr'><strong>quam</strong></span> <span class='ocrx_word' id='word_1_909' title='bbox 3217 4943 3441 4998; x_wconf 91' lang='lat' dir='ltr'><strong>animos</strong></span> <span class='ocrx_word' id='word_1_910' title='bbox 3472 4939 3654 4997; x_wconf 89' lang='lat' dir='ltr'><strong>homi-</strong></span> 
     </span>
    </p>
   </div>
   <div class='ocr_carea' id='block_1_116' title="bbox 1948 5026 3648 5108">
    <p class='ocr_par' dir='ltr' id='par_1_116' title="bbox 1948 5026 3648 5108">
     <span class='ocr_line' id='line_1_117' title="bbox 1948 5026 3648 5108; baseline -0.007 -15"><span class='ocrx_word' id='word_1_911' title='bbox 1948 5055 2108 5103; x_wconf 89' lang='lat' dir='ltr'><strong>num,</strong></span> <span class='ocrx_word' id='word_1_912' title='bbox 2142 5038 2202 5093; x_wconf 93' lang='lat' dir='ltr'><strong>in</strong></span> <span class='ocrx_word' id='word_1_913' title='bbox 2236 5036 2484 5108; x_wconf 88' lang='lat' dir='ltr'><strong>quadam</strong></span> <span class='ocrx_word' id='word_1_914' title='bbox 2518 5033 3015 5106; x_wconf 86' lang='lat' dir='ltr'><strong>argumentatione</strong></span> <span class='ocrx_word' id='word_1_915' title='bbox 3049 5032 3306 5103; x_wconf 86' lang='lat' dir='ltr'><strong>ejusdem</strong></span> <span class='ocrx_word' id='word_1_916' title='bbox 3334 5030 3469 5085; x_wconf 89' lang='lat' dir='ltr'><strong>libri</strong></span> <span class='ocrx_word' id='word_1_917' title='bbox 3500 5026 3648 5083; x_wconf 84' lang='lat' dir='ltr'><strong>dixi:</strong></span> 
     </span>
    </p>
   </div>
   <div class='ocr_carea' id='block_1_117' title="bbox 1951 5117 3653 5196">
    <p class='ocr_par' dir='ltr' id='par_1_117' title="bbox 1951 5117 3653 5196">
     <span class='ocr_line' id='line_1_118' title="bbox 1951 5117 3653 5196; baseline -0.009 -12"><span class='ocrx_word' id='word_1_918' title='bbox 1951 5131 2052 5184; x_wconf 80' lang='lat' dir='ltr'><strong>Nec</strong></span> <span class='ocrx_word' id='word_1_919' title='bbox 2073 5144 2181 5184; x_wconf 87' lang='lat' dir='ltr'><strong>esse</strong></span> <span class='ocrx_word' id='word_1_920' title='bbox 2209 5130 2267 5182; x_wconf 90' lang='lat' dir='ltr'><strong>in</strong></span> <span class='ocrx_word' id='word_1_921' title='bbox 2309 5143 2365 5182; x_wconf 90' lang='lat' dir='ltr'><strong>eo</strong></span> <span class='ocrx_word' id='word_1_922' title='bbox 2391 5126 2535 5196; x_wconf 89' lang='lat' dir='ltr'><strong>quod</strong></span> <span class='ocrx_word' id='word_1_923' title='bbox 2559 5126 2701 5180; x_wconf 79' lang='lat' dir='ltr'><strong>nihil</strong></span> <span class='ocrx_word' id='word_1_924' title='bbox 2730 5124 2912 5192; x_wconf 86' lang='lat' dir='ltr'><strong>discit,</strong></span> <span class='ocrx_word' id='word_1_925' title='bbox 2945 5123 3242 5192; x_wconf 81' lang='lat' dir='ltr'><strong>disciplina</strong></span> <span class='ocrx_word' id='word_1_926' title='bbox 3258 5124 3448 5191; x_wconf 84' lang='lat' dir='ltr'><strong>potest.</strong></span> <span class='ocrx_word' id='word_1_927' title='bbox 3482 5117 3653 5170; x_wconf 84' lang='lat' dir='ltr'><strong>Item-</strong></span> 
     </span>
    </p>
   </div>
   <div class='ocr_carea' id='block_1_118' title="bbox 1950 5206 3651 5289">
    <p class='ocr_par' dir='ltr' id='par_1_118' title="bbox 1950 5206 3651 5289">
     <span class='ocr_line' id='line_1_119' title="bbox 1950 5206 3651 5289; baseline -0.009 -17"><span class='ocrx_word' id='word_1_928' title='bbox 1950 5233 2061 5289; x_wconf 91' lang='lat' dir='ltr'><strong>que</strong></span> <span class='ocrx_word' id='word_1_929' title='bbox 2090 5217 2202 5271; x_wconf 88' lang='lat' dir='ltr'><strong>alio</strong></span> <span class='ocrx_word' id='word_1_930' title='bbox 2235 5217 2361 5271; x_wconf 93' lang='lat' dir='ltr'><strong>loco</strong></span> <span class='ocrx_word' id='word_1_931' title='bbox 2383 5214 2523 5279; x_wconf 87' lang='lat' dir='ltr'><strong>dixi,</strong></span> <span class='ocrx_word' id='word_1_932' title='bbox 2550 5216 2656 5270; x_wconf 88' lang='lat' dir='ltr'><strong>Nec</strong></span> <span class='ocrx_word' id='word_1_933' title='bbox 2682 5214 2853 5268; x_wconf 87' lang='lat' dir='ltr'><strong>ullam</strong></span> <span class='ocrx_word' id='word_1_934' title='bbox 2874 5227 2986 5266; x_wconf 86' lang='lat' dir='ltr'><strong>rem</strong></span> <span class='ocrx_word' id='word_1_935' title='bbox 3006 5212 3231 5266; x_wconf 86' lang='lat' dir='ltr'><strong>scientia</strong></span> <span class='ocrx_word' id='word_1_936' title='bbox 3261 5206 3651 5274; x_wconf 83' lang='lat' dir='ltr'><strong>complectitur,</strong></span> 
     </span>
    </p>
   </div>
   <div class='ocr_carea' id='block_1_119' title="bbox 1946 5290 3648 5375">
    <p class='ocr_par' dir='ltr' id='par_1_119' title="bbox 1946 5290 3648 5375">
     <span class='ocr_line' id='line_1_120' title="bbox 1946 5290 3648 5375; baseline -0.004 -14"><span class='ocrx_word' id='word_1_937' title='bbox 1946 5308 2059 5361; x_wconf 86' lang='lat' dir='ltr'><strong>nisi</strong></span> <span class='ocrx_word' id='word_1_938' title='bbox 2087 5321 2205 5375; x_wconf 70' lang='lat' dir='ltr'><strong>qua:</strong></span> <span class='ocrx_word' id='word_1_939' title='bbox 2233 5305 2307 5359; x_wconf 86' lang='lat' dir='ltr'><strong>ad</strong></span> <span class='ocrx_word' id='word_1_940' title='bbox 2328 5306 2575 5373; x_wconf 88' lang='lat' dir='ltr'><strong>aliquam</strong></span> <span class='ocrx_word' id='word_1_941' title='bbox 2596 5304 2833 5372; x_wconf 81' lang='lat' dir='ltr'><strong>pertinet</strong></span> <span class='ocrx_word' id='word_1_942' title='bbox 2855 5300 3201 5368; x_wconf 85' lang='lat' dir='ltr'><strong>disciplinam</strong></span> <span class='ocrx_word' id='word_1_943' title='bbox 3219 5295 3375 5365; x_wconf 83' lang='lat' dir='ltr'><strong>(Cap.</strong></span> <span class='ocrx_word' id='word_1_944' title='bbox 3404 5294 3453 5357; x_wconf 94' lang='grc'>1,</span> <span class='ocrx_word' id='word_1_945' title='bbox 3476 5305 3531 5344; x_wconf 90' lang='lat' dir='ltr'><strong>n.</strong></span> <span class='ocrx_word' id='word_1_946' title='bbox 3572 5290 3648 5359; x_wconf 68' lang='lat' dir='ltr'><strong>l).</strong></span> 
     </span>
    </p>
   </div>
   <div class='ocr_carea' id='block_1_120' title="bbox 1948 5376 3646 5450">
    <p class='ocr_par' dir='ltr' id='par_1_120' title="bbox 1948 5376 3646 5450">
     <span class='ocr_line' id='line_1_121' title="bbox 1948 5376 3646 5450; baseline -0.012 -1"><span class='ocrx_word' id='word_1_947' title='bbox 1948 5410 2054 5450; x_wconf 90' lang='lat' dir='ltr'><strong>nec</strong></span> <span class='ocrx_word' id='word_1_948' title='bbox 2082 5392 2239 5447; x_wconf 87' lang='lat' dir='ltr'><strong>venit</strong></span> <span class='ocrx_word' id='word_1_949' title='bbox 2272 5392 2331 5447; x_wconf 91' lang='lat' dir='ltr'><strong>in</strong></span> <span class='ocrx_word' id='word_1_950' title='bbox 2363 5394 2619 5447; x_wconf 89' lang='lat' dir='ltr'><strong>mentem</strong></span> <span class='ocrx_word' id='word_1_951' title='bbox 2652 5390 2834 5445; x_wconf 87' lang='lat' dir='ltr'><strong>Deum</strong></span> <span class='ocrx_word' id='word_1_952' title='bbox 2875 5404 2989 5441; x_wconf 91' lang='lat' dir='ltr'><strong>non</strong></span> <span class='ocrx_word' id='word_1_953' title='bbox 3037 5386 3255 5440; x_wconf 73' lang='lat' dir='ltr'><strong>discere</strong></span> <span class='ocrx_word' id='word_1_954' title='bbox 3296 5376 3646 5448; x_wconf 87' lang='lat' dir='ltr'><strong>disciplinas,</strong></span> 
     </span>
    </p>
   </div>
   <div class='ocr_carea' id='block_1_121' title="bbox 1952 5464 3653 5537">
    <p class='ocr_par' dir='ltr' id='par_1_121' title="bbox 1952 5464 3653 5537">
     <span class='ocr_line' id='line_1_122' title="bbox 1952 5464 3653 5537; baseline -0.012 0"><span class='ocrx_word' id='word_1_955' title='bbox 1952 5486 2010 5537; x_wconf 90' lang='lat' dir='ltr'><strong>et</strong></span> <span class='ocrx_word' id='word_1_956' title='bbox 2053 5481 2265 5536; x_wconf 85' lang='lat' dir='ltr'><strong>habere</strong></span> <span class='ocrx_word' id='word_1_957' title='bbox 2309 5478 2573 5534; x_wconf 89' lang='lat' dir='ltr'><strong>omnium</strong></span> <span class='ocrx_word' id='word_1_958' title='bbox 2617 5493 2812 5532; x_wconf 88' lang='lat' dir='ltr'><strong>rerum</strong></span> <span class='ocrx_word' id='word_1_959' title='bbox 2870 5472 3182 5534; x_wconf 84' lang='lat' dir='ltr'><strong>scientiam,</strong></span> <span class='ocrx_word' id='word_1_960' title='bbox 3222 5468 3285 5521; x_wconf 90' lang='lat' dir='ltr'><strong>in</strong></span> <span class='ocrx_word' id='word_1_961' title='bbox 3316 5482 3432 5537; x_wconf 88' lang='lat' dir='ltr'><strong>qua</strong></span> <span class='ocrx_word' id='word_1_962' title='bbox 3480 5464 3653 5520; x_wconf 89' lang='lat' dir='ltr'><strong>etiam</strong></span> 
     </span>
    </p>
   </div>
   <div class='ocr_carea' id='block_1_122' title="bbox 1952 5551 3657 5640">
    <p class='ocr_par' dir='ltr' id='par_1_122' title="bbox 1952 5551 3657 5640">
     <span class='ocr_line' id='line_1_123' title="bbox 1952 5551 3657 5640; baseline -0.012 -14"><span class='ocrx_word' id='word_1_963' title='bbox 1952 5569 2313 5640; x_wconf 66' lang='lat' dir='ltr'><strong>priescientia</strong></span> <span class='ocrx_word' id='word_1_964' title='bbox 2364 5572 2451 5623; x_wconf 88' lang='lat' dir='ltr'><strong>est</strong></span> <span class='ocrx_word' id='word_1_965' title='bbox 2496 5568 2848 5622; x_wconf 86' lang='lat' dir='ltr'><strong>futurorum.</strong></span> <span class='ocrx_word' id='word_1_966' title='bbox 2904 5561 3034 5615; x_wconf 88' lang='lat' dir='ltr'><strong>Tale</strong></span> <span class='ocrx_word' id='word_1_967' title='bbox 3071 5560 3157 5612; x_wconf 89' lang='lat' dir='ltr'><strong>est</strong></span> <span class='ocrx_word' id='word_1_968' title='bbox 3183 5554 3328 5609; x_wconf 88' lang='lat' dir='ltr'><strong>illud</strong></span> <span class='ocrx_word' id='word_1_969' title='bbox 3375 5553 3525 5626; x_wconf 89' lang='lat' dir='ltr'><strong>quod</strong></span> <span class='ocrx_word' id='word_1_970' title='bbox 3573 5551 3657 5606; x_wconf 87' lang='lat' dir='ltr'><strong>ibi</strong></span> 
     </span>
    </p>
   </div>
  </div>
