4062 6382
440 340 532 389 591
1206 370 1209 377 -
1580 335 2231 392 llETRAC'l‘ATIONL'M
2287 335 2341 389 S.
2386 333 2792 390 AUGUSTINI.

438 460 653 514 dictum
683 462 787 526 est,
816 459 930 514 Non
961 474 1070 512 esse
1093 460 1261 512 vitam
1284 474 1402 512 cum
1421 459 1631 512 ratione
1656 459 1775 525 ulli,
1806 458 1920 513 nisi
1940 461 2133 512 anima:

437 546 600 618 (Cap.
633 549 686 615 4,
725 563 781 601 n.
816 548 906 616 5):
952 562 1137 617 neque
1158 547 1311 600 enim
1343 547 1455 600 Deo
1488 546 1608 600 sine
1638 547 1855 601 ratione
1877 546 1991 601 vita
2028 550 2133 616 est,

437 652 565 690 cum
614 635 767 706 apud
813 651 944 689 eum
989 640 1046 689 et
1083 650 1305 688 summa
1333 634 1469 703 vita,
1518 640 1575 689 et
1603 650 1826 688 summa
1854 634 1927 688 sit
1964 634 2128 690 ratio.

439 725 502 778 Et
560 723 703 778 illud
767 724 918 794 quod
985 722 1290 794 aliquando
1335 722 1597 793 superius
1663 722 1795 785 dixi,
1864 723 1929 777 1d
1989 725 2133 791 quod

435 814 781 879 intelligitur,
846 811 1112 881 ejusmodi
1173 826 1283 865 esse
1344 826 1550 881 semper
1597 812 1752 881 (Cap.
1838 815 1885 877 1,
1936 828 1992 866 η.
2055 815 2129 883 1),

435 915 565 954 cum
588 900 940 970 intelligatur
971 903 1028 952 et
1055 898 1301 965 animus,
1334 900 1433 970 qui
1463 900 1660 970 utique
1700 915 1816 953 non
1847 900 2131 969 ejusmodi

436 993 521 1042 est
566 1004 807 1059 semper.
858 987 1021 1052 Quod
1058 1003 1190 1041 vero
1220 987 1358 1051 dixi,
1399 988 1659 1041 Animum
1694 992 1981 1057 propterea
2025 1003 2130 1043 non

428 1092 586 1147 posse
614 1077 681 1129 ab
708 1081 908 1132 aeterna
953 1078 1163 1129 ratione
1201 1077 1467 1145 separari,
1502 1078 1634 1145 quia
1671 1090 1778 1129 non
1812 1077 1863 1128 ei
1891 1076 2130 1130 localiter

433 1167 684 1235 jungitur
724 1164 877 1235 (Cap.
929 1168 981 1230 6,
1037 1181 1092 1218 n.
1148 1164 1255 1235 11),
1292 1164 1544 1235 profecto
1575 1179 1691 1218 non
1745 1163 2035 1232 dixissem,
2082 1165 2129 1218 si

427 1254 549 1323 jam
578 1257 712 1307 tunc
757 1268 937 1306 essem
971 1251 1193 1306 Litteris
1227 1251 1410 1310 ,sacris
1441 1250 1521 1304 ita
1550 1250 1828 1317 eruditus,
1865 1256 1929 1305 ut
1967 1268 2127 1306 reco-

432 1340 610 1394 lerem
631 1339 784 1411 quod
814 1339 1087 1408 scriptum
1118 1345 1201 1391 est
1225 1340 1481 1392 :Peccata
1497 1343 1677 1391 ucstra
1702 1345 1959 1407 separant
1986 1342 2128 1393 inter

431 1442 524 1482 vos
553 1433 603 1481 et
639 1430 801 1481 Deum
847 1428 993 1496 (Isai.
1024 1443 1132 1489 LIX,
1162 1429 1240 1495 2).
1286 1426 1440 1480 Unde
1486 1424 1729 1496 intelligi
1760 1426 1929 1480 datur
1956 1427 2128 1481 etiam

434 1531 632 1571 earum
658 1532 848 1570 rerum
879 1532 1040 1586 posse
1072 1514 1180 1569 dici
1211 1514 1650 1585 separationem,
1676 1531 1805 1585 qua:
1826 1532 1940 1568 non
1964 1515 2124 1582 locis,

432 1605 531 1660 sed
556 1606 988 1676 incorporaliter
1009 1605 1225 1674 junctae
1256 1604 1502 1658 fuerant.

503 1697 553 1748 3.
589 1693 737 1758 Quid
760 1693 833 1746 sit
860 1693 1033 1747 etiam
1061 1692 1212 1763 quod
1237 1692 1369 1759 dixi,
1402 1694 1605 1746 Anima
1634 1696 1682 1747 si
1708 1697 1853 1746 caret
1885 1708 2122 1763 corpore,

431 1784 491 1835 in
529 1782 623 1835 hoc
658 1780 856 1835 mundo
899 1796 1005 1834 non
1056 1785 1133 1834 est
1172 1781 1329 1853 (Cap.
1374 1783 1458 1847 13,
1492 1797 1546 1835 n.
1583 1782 1693 1849 2'2),
1732 1797 1849 1835 non
1898 1782 2058 1851 potui
2104 1784 2121 1819 ί

429 1869 738 1924 recordari.
797 1868 1090 1939 Numquid
1148 1870 1303 1923 enim
1344 1868 1552 1922 animae
1605 1873 1963 1923 mortuorum
2025 1874 2125 1923 aut

431 1975 548 2013 non
593 1963 789 2012 carent
830 1974 1089 2028 corpore,
1138 1962 1237 2011 aut
1288 1958 1347 2012 in
1389 1959 1497 2012 hoc
1537 1958 1752 2013 mundo
1788 1975 1905 2013 non
1954 1960 2125 2013 sunt?

432 2046 603 2112 Quasi
625 2064 759 2101 vero
801 2046 968 2100 inferi
1010 2062 1127 2099 non
1158 2046 1271 2100 sint
1315 2046 1377 2100 in
1406 2047 1511 2101 hoc
1560 2048 1799 2102 mundo.
1851 2048 1956 2101 Sed
1990 2047 2125 2119 quia

432 2152 624 2190 carere
652 2152 911 2206 corpore,
942 2136 1001 2189 in
1037 2135 1188 2188 bono
1219 2135 1407 2205 posui,
1438 2137 1674 2190 fortasse
1726 2136 1961 2190 nomine
1991 2152 2121 2189 cor-

431 2224 587 2295 poris
614 2230 798 2294 pestes
828 2238 1130 2293 corporeas
1156 2223 1454 2292 appellavi.
1474 2223 1634 2286 Quod
1661 2222 1707 2275 si
1730 2224 1805 2277 ita
1828 2228 1929 2290 est,
1952 2223 2125 2277 nimis

431 2313 741 2366 insolenter
769 2311 939 2365 verbo
984 2327 1116 2364 usus
1146 2326 1291 2365 sum.
1339 2311 1483 2364 Illud
1526 2327 1753 2381 quoque
1781 2317 1994 2365 temere
2038 2312 2124 2365 di-

433 2403 588 2452 ctum
618 2403 728 2453 est:
775 2400 823 2452 A
856 2414 1063 2453 summa
1111 2400 1342 2452 essentia
1378 2400 1603 2467 speciem
1632 2402 1845 2467 corpori
1868 2415 1970 2468 per
1998 2402 2122 2453 ani-

433 2504 575 2542 mam
590 2486 784 2554 tribui,
812 2503 920 2556 qua
941 2491 1037 2548 est,
1055 2489 1111 2540 in
1138 2490 1624 2554 quantumcumque
1643 2492 1741 2541 est.
1765 2489 1865 2541 Per
1886 2490 2123 2541 animam

433 2590 557 2642 ergo
586 2590 777 2643 corpus
806 2575 1075 2642 subsistit,
1103 2580 1153 2628 et
1179 2590 1235 2628 eo
1268 2577 1385 2644 ipso
1415 2580 1512 2640 est,
1543 2591 1647 2644 quo
1672 2577 1970 2641 animatur,
2016 2578 2128 2630 sive

430 2665 830 2731 universaliter,
861 2668 921 2717 ut
956 2664 1211 2732 mundus,
1237 2666 1348 2718 sive
1373 2666 1805 2733 particulariter,
1841 2669 1901 2718 ut
1922 2681 2125 2733 unum-

431 2752 679 2821 quodque
700 2753 907 2805 animal
924 2754 1074 2805 intra
1096 2752 1355 2806 mundum
1383 2753 1539 2822 (Cap.
1565 2756 1650 2819 l5,
1674 2770 1736 2809 η.
1765 2753 1877 2824 24).
1904 2755 2017 2807 Hoc
2038 2760 2125 2808 to-

430 2845 553 2895 tum
578 2856 810 2910 prorsus
837 2844 1049 2894 temere
1093 2840 1309 2895 dictum
1337 2845 1439 2895 est.
1470 2841 1565 2895 Hic
1595 2842 1741 2896 liber
1770 2841 1848 2895 sic
1885 2841 2123 2914 incipit:

433 2929 495 2983 Si
520 2929 725 2983 alicubi
751 2934 830 2983 est
856 2930 1178 2999 disciplina.
1356 2915 1362 2921 ’

1104 3027 1328 3081 CAPUT
1359 3028 1451 3082 VI.

977 3117 1399 3185 Disciplinarum
1428 3117 1575 3170 libri.

501 3207 609 3259 Per
645 3205 799 3258 idem
844 3208 1069 3274 tempus
1116 3204 1582 3274 quo,Mediolani
1621 3203 1727 3272 fui,
1771 3204 2122 3276 Baptismum

430 3298 817 3365 percepturus,
852 3292 1023 3345 etiam
1054 3292 1491 3363 Disciplinarum
1522 3293 1700 3347 libros
1726 3298 1962 3347 conatus
1994 3310 2123 3347 sum

432 3381 698 3446 scribere,
730 3381 1087 3451 interrogans
1121 3398 1216 3435 eos
1242 3380 1341 3452 qui
1372 3397 1597 3436 mecum
1638 3386 1820 3445 erant,
1853 3386 2022 3452 atque
2052 3381 2123 3434 ab

430 3469 761 3540 hujusmodi
806 3469 1008 3523 studiis
1054 3487 1168 3524 non
1206 3471 1620 3525 abhorrebant:
1663 3485 1765 3540 per
1804 3468 2125 3539 corporalia

429 3558 662 3628 cupiens
678 3558 750 3612 ad
761 3558 1139 3628 incorporalia
1151 3559 1495 3629 quibusdam
1509 3557 1671 3628 quasi
1683 3552 1941 3626 passibus
1955 3557 2122 3613 certis

428 3647 515 3699 vel
546 3645 842 3716 pervenire
862 3647 947 3699 vel
971 3646 1196 3701 ducere.
1228 3646 1334 3701 Sed
1361 3661 1558 3700 earum
1590 3646 1777 3697 solum
1827 3645 1895 3698 de
1926 3645 2118 3699 Gram-

428 3735 635 3788 matica
679 3735 892 3789 librum
938 3736 1230 3789 absolvere
1278 3733 1461 3804 potui,
1505 3748 1644 3803 qum
1688 3737 1884 3802 postea
1922 3733 1993 3787 de
2034 3750 2123 3787 ar-

428 3824 608 3877 mario
640 3829 834 3879 nostro
876 3824 1135 3894 perdidi:
1188 3826 1245 3878 et
1285 3823 1353 3876 de
1397 3821 1610 3876 Musica
1662 3838 1756 3875 sex
1801 3822 2119 3891 volumina;

427 3918 708 3984 quantum
738 3913 941 3967 attinet
986 3913 1058 3966 ad
1110 3927 1237 3966 eam
1278 3915 1499 3981 partem
1550 3926 1679 3980 quas
1724 3912 2001 3981 Rythmus
2030 3929 2125 3965 vo-

427 4007 604 4057 catur.
638 4001 746 4056 Sed
784 4001 1015 4056 eosdem
1041 4016 1138 4053 sex
1167 4000 1340 4053 libros
1363 3999 1483 4069 jam
1509 3998 1853 4068 baptizatus,
1887 4000 2123 4071 jamque

427 4106 491 4145 ex
532 4090 695 4144 Italia
740 4105 1029 4159 regressus
1077 4087 1137 4140 in
1167 4088 1410 4142 Africam
1438 4086 1671 4157 scripsi:
1721 4087 2121 4143 inchoaveram

427 4177 640 4248 quippe
670 4176 1067 4229 tantummodo
1098 4173 1264 4228 istam
1286 4176 1436 4246 apud
1461 4175 1843 4229 Mediolanum
1877 4176 2123 4246 discipli-

427 4281 584 4318 nam.
635 4264 713 4317 De
742 4264 866 4316 aliis
894 4278 1026 4316 vero
1068 4262 1323 4332 quinque
1353 4263 1667 4334 disciplinis
1717 4263 1831 4317 illic
1862 4264 2125 4318 similiter

425 4351 731 4417 inchoatis;
765 4351 834 4405 de
862 4349 1181 4415 Dialectica,
1214 4351 1282 4403 de
1314 4352 1637 4414 Rhetorica,
1671 4352 1740 4405 de
1777 4353 2120 4423 Geometria,

427 4442 496 4495 de
522 4439 911 4505 Arithmetica,
948 4437 1016 4491 de
1034 4437 1421 4508 Philosophia,
1450 4440 1570 4493 sola
1591 4438 1876 4510 principia
1900 4456 2123 4495 reman-

428 4532 646 4595 serunt,
671 4543 800 4598 quas
824 4531 1015 4581 tamen
1045 4525 1217 4580 etiam
1240 4526 1363 4597 ipsa
1390 4527 1778 4598 perdidimus:
1807 4527 1901 4583 sed
1926 4529 2122 4583 haberi

427 4618 497 4672 ab
525 4617 811 4689 aliquibus
839 4615 1099 4672 existimo
1134 4615 1230 4685 (a).

1071 4714 1295 4768 CAPUT
1336 4715 1459 4769 VII.

497 4808 570 4859 De
597 4803 835 4860 Moribus
871 4804 1120 4859 Ecclesia:
1149 4803 1452 4872 Catholicae,
1493 4808 1543 4857 et
1571 4803 1637 4858 de
1670 4804 1911 4859 Moribus
1940 4803 2116 4859 Mani-

977 4893 1263 4959 chzeorum,
1297 4892 1429 4947 libri
1454 4892 1581 4947 duo.

500 4986 555 5039 1.
601 4982 727 5036 Jam
773 4980 1091 5052 baptizatus
1136 4986 1329 5036 autem
1359 4997 1490 5036 cum
1522 4984 1718 5037 Romae
1765 4997 1968 5048 essem,
2015 4998 2119 5037 nec

485 5108 501 5142 ί
537 5106 626 5156 Er.
663 5109 716 5154 et
743 5104 849 5153 duo
870 5104 1013 5164 Mss,
1036 5115 1150 5153 non
1177 5105 1332 5167 potui
1360 5108 1591 5154 mrtuos
1615 5104 1919 5155 recordari.

484 5187 555 5249 (α)
579 5185 805 5249 Additur
829 5185 884 5233 in
899 5184 1147 5249 vulgatis,
1172 5184 1321 5249 «_Hoc
1336 5198 1468 5246 opus
1488 5185 1563 5249 sic
1580 5184 1773 5249 incipit
1789 5200 1798 5231 :
1820 5184 2115 5249 Omniano-

420 5245 569 5297 mina
596 5247 875 5306 tredecim;
901 5265 923 5287 ››
965 5245 1345 5308 quodqinitium
1373 5245 1460 5308 est
1488 5245 1608 5294 libri
1643 5245 1707 5293 de
1742 5247 2112 5308 Grammatice,

418 5311 654 5373 adeoque
678 5308 813 5359 male
833 5321 952 5373 cum
975 5306 1210 5373 proxime
1232 5307 1664 5373 antecedentibus
1681 5307 1910 5373 cohaeret
1928 5308 2113 5373 istlieec

417 5368 671 5434 clausula,
695 5384 812 5434 quas
838 5368 993 5434 etiam
1027 5369 1175 5417 abest
1202 5368 1380 5434 a_M_ss.
1396 5368 1483 5434 _Ex
1508 5368 1655 5416 libris
1680 5374 1854 5417 autem
1878 5370 2115 5434 Discipli-

419 5446 607 5482 narum
631 5429 1029 5489 hic'recensitis,
1058 5444 1191 5493 quos
1214 5429 1407 5493 dialogi
1429 5443 1592 5493 more,
1612 5434 1768 5493 atque
1790 5444 1852 5479 eo
1872 5429 2110 5490 consilio,

419 5498 479 5541 ut
507 5513 532 5558 ς
560 5509 654 5558 per
681 5494 974 5558 corporalia
998 5492 1442 5558 ad’incorporalia
1474 5507 1501 5558 ξ)
1526 5492 1824 5558 deduceret,
1847 5506 1878 5541 a
1906 5508 1961 5558 se
1990 5506 2112 5558 con-

418 5552 638 5625 scriptos
666 5552 793 5604 dicit
819 5555 1162 5619 Augustinus,
1186 5552 1295 5603 non
1319 5554 1654 5617 reperiuntur
1676 5552 1775 5602 nisi
1792 5567 1884 5603 sex
1903 5556 1966 5604 de
1997 5555 2109 5603 Mu-

420 5628 543 5664 οιεθ.

3852 340 3959 387 fit“!

2243 458 2389 511 ferre
2444 456 2643 510 tacitus
2698 471 2924 526 possem
2983 455 3422 510 Manichaeorum
3478 456 3818 526 jactantiam
3884 458 3957 509 de

2242 544 2383 597 falsa
2414 552 2472 599 et
2499 542 2685 597 fallaci
2723 543 3074 598 continentia
3103 544 3189 596 vel
3230 542 3593 611 abstinentia,
3635 558 3751 614 qua
3783 559 3845 597 se
3882 544 3985 597 ad-

2241 632 2536 703 imperitos
2612 631 2994 702 decipiendos,
3071 631 3220 684 veris
3297 630 3657 700 Christianis,
3737 631 3952 702 quibus

2240 721 2606 792 comparandi
2629 737 2748 774 non
2768 725 2920 787 sunt,
2948 720 3183 790 insuper
3202 719 3535 791 praeferunt,
3562 719 3764 790 scripsi
3803 720 3953 773 duos

2240 809 2439 876 libros;
2467 826 2642 864 unum
2675 810 2744 863 de
2775 810 3022 864 Moribus
3053 808 3309 862 Ecclesia:
3329 808 3669 877 Catholicae;
3699 809 3950 863 alterum

2239 899 2308 953 de
2340 899 2587 953 Moribus
2618 897 3081 953 Manichaeorum.

2308 990 2359 1042 2.
2403 989 2467 1041 In
2496 1004 2562 1042 eo
2596 987 2772 1058 igitur
2801 987 2902 1058 qui
2932 992 3015 1041 est
3045 988 3113 1041 de
3147 986 3395 1042 Moribus
3434 986 3693 1041 Ecclesiae
3739 986 3949 1041 Catho-

2237 1075 2379 1137 licze.
2418 1076 2515 1130 ubi
2543 1076 2709 1146 posui
2746 1076 3160 1142 testimonium,
3196 1075 3256 1129 in
3285 1092 3396 1146 quo
3436 1075 3667 1146 legitur,
3711 1077 3947 1144 Propter

2238 1169 2287 1218 te
2314 1167 2577 1233 a/ﬁcimur
2603 1169 2714 1219 tota
2742 1164 2831 1218 die
2840 1181 2860 1230 ;
2897 1168 3155 1219 mstimati
3200 1179 3385 1218 sumus
3404 1168 3464 1218 ut
3492 1179 3612 1218 oves
3657 1166 3947 1218 occisionis

2236 1254 2404 1321 (Psal.
2458 1271 2605 1323 XLIII,
2664 1257 2773 1319 22,-
2823 1256 2972 1308 Rom.
3029 1270 3145 1320 vm,
3197 1256 3313 1321 36);
3358 1252 3706 1306 mendositas
3762 1254 3950 1307 nostri

2237 1339 2443 1394 codicis
2472 1357 2563 1394 me
2594 1340 2797 1394 fefellit
2822 1340 3014 1394 minus
3041 1356 3360 1395 memorem
3393 1339 3852 1410 Scripturarum,
3883 1340 3944 1394 in

2237 1429 2443 1500 quibus
2468 1429 2725 1483 nondum
2764 1432 3023 1482 assuetus
3052 1444 3227 1483 eram.
3271 1430 3414 1482 Nam
3455 1428 3714 1498 ejusdem
3754 1428 3947 1482 inter-

2235 1516 2568 1587 pretationis
2596 1517 2693 1570 alii
2724 1516 2944 1571 codices
2975 1533 3092 1571 non
3120 1518 3351 1584 habent,
3400 1520 3624 1586 Propter
3669 1523 3720 1571 te
3762 1519 3947 1585 amci-

2235 1620 2383 1659 mur:
2417 1604 2535 1671 sed,
2567 1607 2791 1674 Propter
2822 1609 2870 1659 te
2894 1610 3061 1659 morte
3093 1607 3388 1673 a/ﬁcimur';
3429 1605 3581 1676 quod
3613 1621 3730 1659 uno
3768 1607 3950 1660 verbo

2236 1692 2332 1747 alii
2354 1693 2638 1762 dixerunt,
2667 1692 3081 1763 mortiﬁcamur.
3110 1696 3223 1748 Hoc
3253 1710 3372 1747 esse
3398 1695 3585 1748 verius
3609 1693 3783 1764 graeci
3811 1694 3947 1748 libri

2235 1780 2507 1848 indicant,
2543 1798 2609 1835 ex
2641 1798 2756 1852 qua
2787 1782 2981 1852 lingua
3000 1782 3061 1835 in
3087 1782 3324 1836 latinam
3353 1783 3669 1836 secundum
3702 1782 3951 1853 Septua-

2233 1870 2393 1940 ginta
2434 1869 2793 1940 interpretes,
2836 1875 3093 1923 veterum
3135 1869 3455 1923 divinarum
3505 1869 3939 1940 Scripturarum

2235 1962 2319 2012 est
2347 1958 2495 2012 facta
2525 1958 2853 2012 translatio:
2892 1963 2948 2012 et
2978 1961 3172 2012 tamen
3212 1959 3527 2014 secundum
3569 1958 3691 2012 haec
3741 1960 3943 2026 verba,

2234 2046 2293 2101 id
2323 2051 2405 2100 est
2429 2047 2653 2116 Propter
2682 2051 2731 2100 te
2759 2048 3041 2114 efﬁcimur,
3076 2047 3257 2101 multa
3298 2046 3593 2117 disputans
3625 2046 3744 2101 dixi
3798 2050 3944 2118 (Lib.

2238 2139 2287 2200 l,
2317 2151 2361 2189 c.
2395 2138 2448 2201 9,
2478 2151 2579 2190 nn.
2623 2137 2706 2201 14,
2748 2138 2855 2204 15),
2892 2151 3019 2205 quia
3049 2135 3109 2189 in
3136 2135 3275 2205 ipsis
3303 2137 3475 2189 rebus
3503 2152 3622 2189 non
3655 2141 3942 2207 tanquam

2233 2223 2375 2276 falsa
2412 2221 2696 2292 improbo.
2742 2225 3145 2277 Verumtamen
3175 2222 3629 2278 convenientiam
3678 2224 3945 2294 Scripta-

2233 2327 2429 2366 rarum
2455 2316 2711 2365 veterum
2738 2316 2795 2366 et
2816 2327 3109 2378 novarum,
3129 2328 3303 2382 quam
3326 2313 3722 2367 demonstrare
3749 2315 3944 2385 cupie-

2234 2400 2387 2467 bam,
2422 2416 2488 2453 ex
2520 2400 2609 2454 his
2638 2401 2913 2454 duntaxat
2932 2401 3117 2455 verbis
3148 2417 3265 2454 non
3287 2401 3483 2472 utique
3505 2402 3899 2457 demonstravi
3926 2423 3939 2467 ;

2210 2489 2390 2544 .unde
2445 2494 2638 2543 autem
2693 2489 2835 2543 mihi
2892 2505 3055 2543 error
3095 2490 3435 2559 obrepserit,
3488 2490 3642 2545 dixi:
3690 2508 3758 2545 ex
3814 2492 3945 2545 aliis

2233 2591 2367 2629 vero
2409 2576 2749 2631 testimoniis
2786 2577 3047 2631 eamdem
3096 2578 3548 2633 convenientiam
3584 2578 3945 2634 sufﬁcienter

2237 2664 2459 2718 ostendi
2490 2665 2591 2734 (id.
2612 2705 2626 2731 ,
2654 2682 2701 2721 c.
2735 2669 2819 2733 16,
2846 2681 2903 2719 n.
2936 2667 3154 2735 26-29).

2308 2756 2357 2807 3.
2400 2752 2671 2807 Similiter
2701 2758 2758 2808 et
2786 2755 2957 2824 paulo
2987 2759 3115 2825 post
3140 2754 3535 2809 testimonium
3570 2756 3743 2827 posui
3773 2757 3845 2811 de
3877 2757 3945 2810 li-

2235 2841 2337 2895 bro
2365 2841 2688 2911 Sapientiae,
2732 2843 3046 2896 secundum
3097 2842 3349 2897 codicem
3392 2848 3673 2910 nostrum,
3714 2845 3778 2899 in
3831 2862 3947 2916 quo

2237 2929 2511 3000 scriptum
2555 2934 2712 2984 erat:
2766 2931 3118 2985 Sobrietatem
3172 2934 3313 2985 enim
3354 2933 3629 3001 sapientia
3668 2933 3846 3002 docet,
3897 2941 3942 2987 et

2229 3019 2508 3087 justitiam
2535 3024 2585 3072 et
2611 3021 2865 3073 virtutem
2894 3020 3049 3089 (Sap.
3092 3036 3208 3089 νιιι,
3233 3020 3307 3091 7).
3342 3022 3405 3075 Et
3449 3022 3771 3076 secundum
3822 3022 3938 3076 haec

2234 3108 2407 3162 verba
2428 3107 2671 3161 disserui
2690 3124 2780 3161 res
2796 3108 3030 3177 quidem
3054 3125 3233 3175 veras,
3264 3109 3363 3163 sed
3379 3126 3444 3163 ex
3466 3110 3766 3164 occasione
3788 3126 3940 3164 men-

2238 3196 2489 3251 dositatis
2509 3195 2765 3249 inventas
2783 3196 2918 3263 (Lib.
2945 3200 2991 3261 1,
3011 3196 3160 3267 ο.ξ16,
3179 3213 3234 3251 n.
3258 3197 3369 3267 2‘7).
3385 3198 3529 3261 Quid
3552 3198 3710 3252 enim
3731 3199 3939 3259 verius.

2236 3300 2409 3355 quam
2421 3283 2576 3353 quod
2588 3282 2868 3352 sapientia
2884 3283 3935 3357 doceatveritatemcontemplationis.

2235 3384 2408 3443 quam
2437 3371 2668 3426 nomine
2690 3371 3009 3426 sobrietatis
3030 3371 3404 3441 signiﬁcatam
3428 3374 3657 3442 putavi;
3685 3380 3748 3429 et
3777 3377 3940 3431 actio-

2234 3461 2322 3514 nis
2351 3459 2717 3530 probitatem,
2751 3475 2923 3531 quam
2947 3475 3052 3529 per
3082 3460 3194 3515 duo
3218 3458 3330 3513 alia
3351 3458 3598 3530 intelligi
3627 3463 3819 3529 volui,
3849 3481 3938 3535 per

2229 3548 2511 3618 justitiam
2543 3554 2714 3619 atque
2736 3549 3038 3603 virtutem:
3072 3564 3202 3603 cum
3223 3548 3448 3603 codiceo
3473 3549 3741 3617 ejusdem
3773 3553 3941 3607 inter-

2234 3637 2567 3709 pretationis
2616 3637 2865 3692 veriores
2908 3637 3172 3703 habeant,
3210 3638 3549 3691 sobrietatem
3595 3641 3745 3693 enim
3773 3647 3826 3695 et
3852 3657 3937 3695 sa-

2228 3730 2494 3796 pientiam
2523 3728 2690 3792 docet,
2723 3732 2773 3780 et
2799 3727 3078 3794 justitiam
3107 3731 3158 3780 et
3185 3728 3481 3779 virtutem?
3512 3726 3607 3779 His
3639 3728 3806 3783 enim
3841 3746 3936 3782 no-

2236 3815 2483 3869 minibus
2510 3815 2720 3869 latinus
2751 3814 3031 3884 interpres
3057 3819 3303 3884 quatuor
3345 3816 3465 3868 illas
3510 3814 3773 3883 virtutes,
3814 3834 3936 3888 qua

2233 3902 2480 3957 maxime
2508 3903 2569 3957 in
2598 3919 2695 3957 ore
2723 3903 3195 3973 philosophorum
3227 3918 3347 3956 esse
3379 3902 3645 3968 assolent,
3678 3906 3939 3958 nomina-

2237 3992 2342 4057 vit;
2372 3991 2736 4046 sobrietatem
2765 3991 3056 4061 appellans
3104 3989 3563 4059 temperantiam,
3609 3991 3939 4060 prudentim
3984 4002 3985 4021 ‘

2231 4079 2535 4150 imponens
2562 4096 2774 4134 nomen
2798 4078 3154 4150 sapientiam,
3182 4078 3580 4132 fortitudinem
3602 4094 3735 4132 vero
3755 4080 3939 4133 virtu-
3982 4086 3983 4101 ‘

2231 4168 2302 4222 tis
2326 4169 2597 4223 vocabulo
2642 4168 2966 4233 enuntians,
3000 4168 3178 4221 solam
3221 4167 3503 4237 justitiam
3551 4183 3652 4221 suo
3698 4170 3938 4223 nomine
3980 4166 3981 4181 ¹

2231 4256 2633 4327 interpretatus
2650 4260 2752 4311 est.
2774 4257 2882 4310 Has
2907 4260 3099 4310 autem
3126 4262 3372 4327 quatuor
3400 4255 3635 4310 virtutes
3652 4255 3713 4309 in
3735 4258 3936 4311 eodem
3978 4248 3979 4261 “

2231 4344 2377 4398 libro
2402 4344 2707 4415 Sapientiae
2727 4344 2845 4398 suis
2856 4344 3189 4397 nominibus
3205 4344 3536 4414 appellatas,
3557 4342 3702 4397 sicut
3730 4345 3933 4399 aGraa-
3974 4334 3977 4423 ς

2232 4433 2309 4487 cis
2329 4438 2621 4497 vocantur,
2642 4433 2811 4503 longe
2831 4437 3028 4501 postea
3050 4431 3367 4502 reperimus
3397 4431 3457 4485 in
3480 4430 3771 4485 codicibus
3796 4449 3933 4503 grae-
3972 4500 3973 4503 η

2232 4521 2328 4577 cis.
2367 4522 2526 4587 Item,
2548 4522 2701 4592 quod
2724 4520 2887 4590 posui
2904 4522 2973 4575 de
3006 4521 3150 4575 libro
3170 4520 3509 4584 Salomonis,
3544 4523 3806 4589 Vanitas,
3840 4539 3931 4575 va-

2228 4606 2579 4676 nitantium‘,
2629 4609 2778 4663 dixit
2810 4610 3156 4664 Ecclesiastes
3200 4611 3391 4680 (Eccle.
3425 4628 3461 4672 ι,
3496 4610 3581 4677 2);
3627 4609 3690 4662 in
3739 4611 3930 4665 multis

2229 4699 2461 4770 quidem
2481 4698 2763 4752 codicibus
2794 4698 2926 4768 legi,
2951 4698 3049 4753 sed
3079 4699 3186 4752 hoc
3206 4699 3430 4752 Graecus
3460 4714 3573 4751 non
3594 4697 3805 4753 habet:
3833 4699 3926 4753 ha-

2227 4786 2323 4841 bet
2351 4792 2562 4853 autem,
2583 4789 2800 4840 vanitas
2827 4788 3155 4851 sanitatum;
3182 4786 3336 4856 quod
3356 4790 3550 4855 postea
3571 4784 3720 4852 vidi;
3754 4790 3816 4841 et
3842 4786 3924 4840 in-

2227 4876 2355 4930 veni
2375 4892 2472 4930 eos
2494 4876 2720 4930 Latinos
2742 4892 2862 4929 esse
2892 4874 3159 4941 veriores,
3202 4874 3302 4945 qui
3329 4874 3560 4940 habent,
3592 4877 3924 4942 vanitatum,

2226 4981 2362 5032 non,
2393 4967 2779 5019 vanitantium.
2811 4963 2890 5017 Ex
2920 4961 3212 5017 occasione
3230 4967 3423 5017 tamen
3446 4962 3618 5032 hujus
3641 4964 3925 5018 mendosi-

2224 5054 2356 5108 tatis
2379 5069 2756 5124 quaecumque
2777 5050 3018 5105 disserui
3037 5067 3171 5105 vera
3197 5067 3317 5105 esse
3336 5050 3476 5122 ipsis
3497 5050 3670 5106 rebus
3691 5057 3925 5123 apparet

2226 5142 2369 5211 (Lib.
2400 5145 2450 5213 1,
2479 5158 2525 5196 c.
2558 5143 2649 5208 2t,
2675 5156 2730 5194 η.
2764 5142 2874 5209 39).

2286 5248 2300 5281 ¹
2318 5248 2685 5309 Yanilantium
2704 5244 3029 5294 restituimus
3049 5260 3108 5294 ex
3126 5246 3425 5295 sanioribus
3438 5245 3559 5295 Mss.
3572 5259 3679 5309 pro
3694 5259 3803 5309 quo
3815 5248 3924 5297 vul-

2222 5308 2328 5370 gati
2340 5308 2532 5366 ferunt,
2560 5310 2877 5372 equitatum.
2903 5309 2973 5372 Ac
2995 5308 3152 5370 paulo
3173 5314 3306 5372 post.
3331 5310 3447 5358 Am.
3472 5312 3524 5357 et
3547 5308 3633 5357 Er.
3656 5308 3731 5372 ita
3752 5324 3922 5372 prose-

2220 5374 2471 5434 quuntur:
2508 5370 2673 5418 Habet
2701 5373 2877 5418 autem
2915 5370 3130 5419 Vanitas
3159 5370 3535 5434 iunitanlium,
3575 5370 3723 5432 quod
3745 5370 3923 5434 postea

2221 5431 2345 5489 uidi,
2368 5434 2598 5482 etnive/ii
2618 5444 2699 5480 eos
2716 5434 2918 5481 Latinis
2939 5444 3048 5481 esse
3072 5437 3316 5489 veriores.
3335 5436 3424 5489 qui
3438 5431 3654 5487 habent.
3680 5431 3924 5483 va‘nitan.

2221 5496 2370 5556 tium.
2401 5507 2522 5556 non.
2546 5496 2860 5542 vanitatum.
2892 5493 3143 5556 Corrupto
3173 5493 3483 5553 admodum;
3515 5498 3674 5555 atque
3707 5494 3794 5543 hic
3828 5495 3919 5544 loci

2224 5555 2390 5603 nihilo
2419 5554 2622 5603 felicius
2652 5556 2858 5604 variant
2885 5557 3006 5604 Mss.
3028 5554 3088 5591 —'
3108 5556 3567 5605 Benedictinorum
3588 5554 3821 5605 lectioni
3848 5558 3918 5605 fa-

2223 5622 2308 5666 vet
2329 5617 2411 5667 Er.
2444 5617 2597 5665 Guill.
2632 5617 2684 5666 in
2713 5617 2969 5680 margine.
3002 5618 3068 5665 Μ.
