4062 6350
145 307 247 357 593

213 429 267 482 4.
300 428 462 491 Quod
506 432 700 481 autem
751 426 898 481 dixi:
930 427 1070 481 Eum
1128 425 1312 495 ipsum
1364 442 1518 495 quem
1537 442 1843 494 cognoscere

146 516 411 582 volumus,
444 516 540 570 hoc
568 519 645 569 est
669 518 854 579 Deum,
878 517 1037 583 prius
1064 514 1230 582 plena
1258 515 1524 569 charitate
1551 514 1844 581 diligamus

146 604 289 667 (Lib.
322 607 369 670 l,
401 620 447 658 c.
480 607 572 670 25,
597 619 651 657 n.
682 603 803 673 47):
833 601 1036 656 melius
1059 600 1362 665 diceretur,
1388 601 1637 668 Sincera,
1670 618 1843 673 quam

143 694 308 761 plena
341 694 432 746 nel
464 692 608 746 forte
638 696 939 762 putaretur
961 691 1296 745 charitatem
1328 690 1425 745 Dei
1447 707 1563 745 non
1592 692 1842 746 futuram

144 798 270 836 esse
301 781 601 850 majorem,
631 780 860 851 quando
881 778 1200 833 videbimus
1220 778 1361 833 facie
1382 779 1453 833 ad
1486 778 1707 834 faciem.
1756 780 1844 835 Sic

142 867 339 939 itaque
384 868 492 922 hoc
531 868 860 937 accipiatur.
892 872 1164 937 tanquam
1210 868 1380 937 plena
1426 867 1575 922 dicta
1605 868 1696 935 sit,
1731 884 1845 939 qua

142 956 331 1026 major
346 972 467 1010 esse
483 973 601 1010 non
623 955 818 1025 possit,
836 956 1111 1026 quamdiu
1132 956 1492 1010 ambulamus
1512 973 1619 1027 per
1634 956 1841 1029 ﬁdem:

144 1044 257 1097 erit
280 1044 431 1098 enim
461 1044 707 1115 plenior,
739 1044 854 1098 imo
884 1044 1236 1115 plenissima,
1288 1043 1414 1099 sed’
1436 1062 1541 1116 per
1567 1046 1835 1116 speciem.

144 1134 288 1187 Item
311 1134 461 1204 quod
483 1133 596 1187 dixi
612 1134 681 1187 de
702 1133 771 1187 iis
789 1133 888 1205 qui
912 1133 1255 1187 subveniunt
1271 1133 1685 1204 indigentibus,
1710 1134 1846 1205 quia

140 1222 520 1277 misericordes
540 1226 820 1287 vocantur,
839 1224 1003 1276 etiam
1018 1224 1067 1276 si
1082 1223 1349 1291 sapientes
1373 1237 1541 1290 usque
1560 1223 1691 1276 adeo
1715 1225 1847 1287 sint,

144 1316 206 1364 ut
228 1312 350 1380 jam
380 1311 529 1367 nullo
560 1313 733 1365 animi
760 1312 938 1366 dolore
970 1311 1253 1365 turbentur
1285 1311 1406 1379 (Id.,
1440 1327 1485 1364 e.
1518 1313 1606 1376 27,
1638 1326 1694 1364 n.
1728 1311 1843 1379 53);

146 1415 265 1453 non
296 1398 375 1452 sic
416 1399 810 1470 accipiendum
841 1404 926 1452 est
952 1404 1227 1469 tanquam
1270 1398 1612 1461 deﬁnierim,
1645 1398 1704 1452 in
1743 1399 1848 1452 hac

143 1487 261 1540 vita
275 1503 393 1541 esse
415 1488 555 1541 tales
586 1486 898 1558 sapientes:
933 1502 1051 1539 non
1072 1484 1229 1539 enim
1255 1485 1394 1555 dixi,
1418 1486 1559 1541 Cum
1585 1485 1696 1540 sint
1716 1503 1728 1553 ;
1750 1486 1847 1540 sed

144 1575 286 1641 dixi,
315 1580 477 1630 etiam
508 1579 557 1630 si
585 1578 716 1630 sint.

219 1668 270 1719 5.
307 1663 433 1717 Alio
474 1664 597 1717 loco
634 1662 733 1717 ubi
773 1661 886 1716 dixi
932 1662 1059 1731 (Id.,
1105 1678 1151 1715 c.
1202 1664 1291 1727 30,
1334 1678 1390 1716 η.
1431 1662 1517 1730 64)
1553 1663 1688 1715 Jam
1723 1676 1847 1715 vero

142 1770 268 1808 cum
309 1755 417 1808 huic
438 1755 676 1808 humana
695 1752 911 1807 dilectio
937 1753 1282 1807 inhaerentem
1312 1752 1562 1806 uberibus
1596 1754 1703 1805 tuis
1734 1767 1843 1805 nu-

143 1844 363 1895 triverit
408 1847 458 1897 et
506 1842 841 1896 roboraverit
886 1844 1150 1906 animum,
1194 1841 1461 1910 sequendo
1504 1844 1601 1895 Deo
1638 1843 1848 1907 factum

141 1932 418 1999 idoneum,
465 1931 561 1984 ubi
583 1931 695 1998 ejus
727 1930 983 1998 majestas
1024 1946 1093 1983 ea:
1119 1934 1273 1983 tanta
1308 1934 1485 1997 parte,
1520 1934 1726 1997 quanta
1752 1930 1846 1982 ho-

141 2022 304 2082 mini,
332 2020 459 2072 dum
491 2023 643 2073 terrae
682 2019 845 2087 hujus
876 2019 1212 2072 inhabitator
1231 2023 1331 2085 est,
1375 2020 1602 2086 sufﬁcit,
1634 2020 1849 2086 aperire

141 2124 200 2161 se
216 2110 459 2176 coeperit;
490 2113 676 2162 tantus
695 2109 983 2161 charitatis
1004 2107 1171 2160 ardor
1194 2108 1516 2174 innascitur,
1539 2103 1614 2160 etEs
1638 2111 1847 2160 tantum

143 2198 330 2250 divini
375 2199 575 2250 amoris
605 2198 879 2263 consurgit
908 2195 1235 2261 incendium,
1269 2200 1328 2249 ut
1370 2197 1575 2249 exustis
1601 2196 1847 2249 omnibus

142 2288 321 2351 vitiis,
349 2290 400 2339 et
429 2286 639 2339 homine
663 2288 998 2353 sanctiﬁcata
1020 2289 1182 2353 atque
1203 2288 1460 2352 purgato,
1501 2286 1635 2337 satis
1666 2299 1846 2352 appa-

142 2378 265 2428 reat
303 2389 467 2443 quam
508 2374 688 2427 divine
725 2373 930 2427 dictum
972 2373 1072 2427 sit:
1111 2391 1139 2422 «
1184 2374 1297 2439 Ego
1335 2387 1453 2426 sum
1482 2374 1623 2439 ignis
1665 2386 1849 2426 consu-

143 2479 295 2517 mens
326 2483 355 2510 ››
389 2464 558 2533 (Deut.
612 2478 683 2527 iv,
718 2463 815 2526 2i;
850 2462 1011 2515 Hebr.
1058 2477 1155 2525 xu,
1205 2463 1331 2530 29);
1362 2464 1601 2530 possunt
1647 2465 1847 2530 putare

148 2550 451 2622 Pelagiani
481 2550 652 2604 istam
689 2549 1101 2621 perfectionem
1128 2548 1189 2602 in
1219 2549 1324 2603 hac
1352 2548 1581 2602 mortali
1612 2548 1724 2601 vita
1756 2564 1848 2602 me

146 2640 358 2695 dixisse
385 2655 549 2710 posse
596 2638 947 2708 contingere.
983 2638 1088 2692 Sed
1119 2653 1235 2691 non
1272 2638 1380 2691 hoc
1410 2641 1640 2708 putent:
1683 2637 1851 2691 ardor

146 2728 369 2801 quippe
393 2726 683 2782 charitatis
713 2726 1002 2797 sequendo
1027 2728 1141 2780 Deo
1162 2727 1343 2780 factus
1364 2726 1625 2791 idoneus,
1660 2731 1716 2779 et
1730 2730 1849 2779 tam

146 2833 395 2888 magnus
425 2821 487 2870 ut
516 2816 650 2870 vitia
672 2818 871 2870 cuncta
896 2819 1211 2882 consumat,
1242 2814 1304 2868 in
1330 2813 1437 2867 hac
1462 2814 1577 2867 vita
1610 2814 1765 2884 pasci
1796 2818 1852 2868 et

148 2922 400 2960 crescere
429 2909 643 2976 potest;
684 2903 957 2974 perﬁcere
978 2919 1105 2956 vere
1138 2908 1370 2973 propter
1392 2902 1545 2974 quod
1577 2901 1847 2967 nascitur,

150 2999 216 3049 ut
237 2994 462 3048 nullum
491 2993 624 3046 insit
652 2992 873 3047 homini
912 2992 1132 3058 vitium,
1166 3007 1282 3045 non
1312 2996 1729 3061 consequenter
1757 2990 1851 3045 hic

145 3084 367 3151 potest:
395 3080 654 3152 quamvis
685 3084 841 3134 tanta
862 3078 967 3133 ista
988 3096 1075 3133 res
1098 3079 1299 3133 eodem
1331 3079 1533 3133 ardore
1561 3078 1852 3132 charitatis

146 3168 500 3240 perﬁciatur,
547 3168 647 3224 ubi
697 3167 895 3239 perlici
942 3173 994 3222 et
1026 3167 1254 3239 quando
1286 3167 1483 3238 perlici
1525 3171 1741 3236 potest;
1787 3171 1852 3221 ut

149 3254 577 3329 quemadmodu
588 3274 642 3312 m
658 3259 942 3312 lavacrum
959 3256 1407 3327 regenerationis
1423 3260 1675 3328 purgata
1688 3260 1852 3310 reatu

149 3345 411 3401 omnium
444 3350 825 3417 peccatorum,
858 3362 985 3417 qua:
1008 3346 1260 3400 humana
1285 3345 1457 3399 traxit
1485 3344 1771 3411 nativitas,
1794 3347 1853 3397 et

149 3435 434 3489 contraxit
458 3434 865 3505 iniquitas;ita
895 3435 991 3488 illa
1032 3434 1301 3505 perfectio
1332 3437 1538 3505 purget
1583 3432 1653 3487 ab
1693 3431 1852 3487 omni

150 3523 279 3577 labe
310 3524 600 3589 vitiorum,
632 3522 753 3578 sine
785 3523 991 3595 quibus
1011 3523 1265 3577 humana
1293 3538 1413 3576 esse
1441 3538 1554 3576 non
1582 3526 1770 3593 potest
1793 3521 1852 3575 in

146 3613 263 3666 hoc
308 3611 511 3665 saeculo
558 3610 881 3665 inﬁrmitas.
927 3612 1080 3665 Sicut
1122 3609 1517 3678 accipiendum
1550 3613 1633 3662 est
1679 3608 1850 3662 etiam

146 3699 310 3769 quod
350 3698 428 3752 ait
445 3699 778 3767 Apostolus:
810 3700 1057 3755 Christus
1094 3699 1291 3751 dilexit
1320 3698 1633 3763 Ecclesium,
1678 3701 1728 3749 et
1770 3712 1850 3749 se-

148 3791 332 3858 ipsum
366 3786 600 3840 tradidit
630 3803 730 3855 pro
766 3803 858 3848 ea;
912 3787 1183 3841 mandans
1212 3802 1328 3840 eam
1368 3787 1582 3839 lavacro
1612 3801 1768 3853 aqua:
1796 3787 1853 3837 in

144 3876 312 3929 verbo
349 3880 410 3928 ut
462 3875 736 3929 exhiberet
781 3876 890 3929 sibi
933 3877 1223 3943 gloriosam
1261 3875 1574 3940 Ecclesium,
1611 3889 1715 3927 non
1762 3874 1855 3927 ha-

149 3966 360 4018 bentem
398 3964 666 4017 maculam
719 3969 815 4017 aut
860 3980 1076 4031 rugam,
1127 3966 1223 4016 aut
1288 3962 1504 4030 aliquid
1542 3962 1856 4030 hujusmodi

150 4053 321 4122 (Eph.
375 4067 429 4119 ν,
478 4054 545 4105 25
595 4051 707 4119 2‘7).
759 4051 883 4105 Hic‘
929 4055 1014 4103 est
1061 4050 1214 4103 enim
1254 4050 1541 4102 lavacrum
1591 4066 1754 4119 aqua;
1794 4048 1852 4103 in

148 4140 329 4194 verbo
380 4155 495 4209 quo
540 4138 851 4193 mundatur
890 4138 1150 4193 Ecclesia.
1203 4138 1312 4192 Sed
1367 4154 1498 4191 cum
1539 4140 1658 4191 tota
1704 4137 1855 4192 dicat

149 4227 433 4300 quamdiu
452 4226 544 4281 hic
573 4232 676 4293 est,
700 4230 923 4282 Dimitte
944 4227 1096 4280 nobis
1126 4226 1306 4279 debita
1325 4231 1513 4279 nostra
1536 4226 1751 4295 (Matth.
1777 4243 1852 4292 vr,

156 4320 277 4387 t2);
310 4332 428 4370 non
466 4316 667 4387 utique
696 4316 789 4370 hic
818 4320 904 4369 est
934 4316 1056 4369 sine
1092 4315 1315 4369 macula
1344 4319 1400 4368 et
1427 4330 1589 4383 ruga,
1622 4318 1721 4368 aut
1749 4313 1853 4368 ali-

151 4403 298 4475 quid
322 4404 633 4475 ejusmodi:
663 4420 730 4458 ex
761 4419 828 4458 eo
855 4407 1050 4457 tamen
1070 4403 1223 4474 quod
1241 4402 1334 4457 hic
1356 4401 1579 4471 accipit,
1604 4401 1675 4455 ad
1694 4401 1853 4456 illam

151 4492 425 4564 gloriam,
448 4509 577 4564 quas
598 4492 690 4547 hic
710 4508 825 4547 non
842 4495 945 4555 est,
965 4490 1485 4563 perfectionemque
1504 4489 1851 4559 perducitur.

232 4593 283 4645 6.
325 4590 389 4645 In
418 4590 530 4645 alio
558 4591 707 4645 libro
738 4591 898 4661 cujus
928 4593 1012 4643 est
1040 4588 1256 4649 titulus,
1288 4587 1358 4641 de
1398 4585 1644 4641 Moribus
1692 4584 1857 4641 Mani-

152 4680 476 4749 chaeorum,
508 4679 649 4735 illud
679 4679 833 4751 quod
859 4678 1004 4733 dixi:
1039 4680 1137 4732 Dei
1158 4677 1364 4731 bonitas
1395 4675 1580 4731 omnia
1610 4675 1857 4745 deﬁcien-

153 4770 242 4824 tia
271 4770 348 4823 sie
385 4770 606 4823 ordinat
641 4774 702 4823 ut
745 4768 824 4822 ibi
871 4770 981 4822 sint
1029 4766 1124 4820 ubi
1156 4766 1626 4833 congruentissime
1644 4766 1857 4832 possint

150 4872 290 4923 esse,
317 4858 479 4911 donec
509 4856 778 4912 ordinatis
805 4856 1034 4910 motibus
1063 4853 1136 4906 ad
1160 4852 1219 4906 id
1246 4855 1528 4906 recurrant
1554 4850 1695 4905 unde
1715 4851 1854 4918 defe-

154 4946 585 5014 cerunt(Lib,2.
628 4961 676 4999 c.
720 4950 775 5011 7,
819 4961 876 4998 n.
922 4944 1002 5012 9),
1034 4958 1150 4996 non
1192 4941 1271 4995 sic
1315 4939 1710 5010 accipiendum
1752 4943 1883 5008 est,.

152 5038 443 5103 tanquam
472 5032 668 5087 omnia
696 5037 992 5087 recurrant
1011 5032 1080 5086 ad
1106 5029 1166 5084 id
1196 5028 1349 5083 unde
1376 5028 1726 5091 defecerunt,
1757 5027 1856 5081 sic-

151 5125 227 5177 ut
258 5118 501 5190 Origeni'
535 5117 720 5173 visum
759 5124 872 5174 est:
904 5117 1003 5173 sed
1033 5134 1099 5173 ca
1152 5116 1347 5172 omnia
1378 5132 1504 5187 qua:
1537 5119 1857 5170 recurrunt.

1627 302 1842 360 LIBER
1883 304 2166 360 PRIMUS.

3547 307 3651 361 594

1957 429 2083 482 Non
2112 427 2270 482 enim
2296 431 2600 483 recurrunt
2628 427 2703 482 ad
2730 429 2910 483 Deum
2957 444 2990 482 a
3018 443 3132 499 quo
3160 426 3507 495 defecerunt,
3549 427 3649 498 qui

1952 516 2304 587 sempiterno
2336 516 2469 587 igne
2499 516 2850 587 punientur,
2883 515 3141 587 quamvis
3160 515 3355 570 omnia
3382 515 3648 570 deﬁcien-

1950 604 2030 657 tia
2074 604 2152 657 sic
2184 604 2543 672 ordinentur,
2593 608 2658 659 ut
2686 604 2768 658 ibi
2808 604 2944 674 sint,
2991 603 3093 658 ubi
3138 604 3649 675 congruentissima

1951 694 2171 763 possint
2198 710 2317 748 esse
2340 714 2355 760 ;
2385 680 2526 764 quia
2547 693 2600 746 ei
2629 693 2713 747 illi
2733 693 2835 764 qui
2856 709 2970 747 non
2988 696 3306 758 recurrunt,
3329 708 3647 763 congruen-

1951 782 2167 837 tissime
2199 782 2258 837 in
2306 798 2475 853 poena
2502 786 2651 836 sunt.
2684 782 2810 836 Alio
2856 782 3002 843 loco,
3044 783 3203 838 Nemo
3228 783 3362 847 fere,
3403 783 3649 850 inquam,

1951 872 2016 924 de
2036 872 2325 926 scarabwis
2348 870 2583 936 dubitat,
2608 873 2741 940 quin
2761 870 2825 923 de
2840 873 2963 939 ﬁmo
2986 872 3042 923 in
3053 871 3229 938 pilam
3253 870 3543 924 rotundata
3581 871 3648 923 ab

1953 961 2037 1015 his
2077 965 2237 1029 atque
2280 961 2469 1014 obruto
2493 962 2733 1014 existant
2763 960 2894 1027 (Id.,
2921 977 2965 1014 c.
3004 963 3088 1025 l7,
3120 977 3182 1015 n.
3233 960 3354 1028 63);
3384 976 3514 1013 cum
3542 960 3651 1014 hoc

1952 1052 2146 1102 utrum
2174 1064 2372 1101 verum
2403 1047 2495 1113 sit,
2529 1043 2693 1101 multi
2723 1046 3009 1116 dubitent,
3037 1047 3201 1101 multi
3229 1062 3301 1100 ne
3334 1047 3652 1102 audiverint

1953 1136 2214 1207 quidem.
2253 1138 2365 1190 Hoc
2394 1152 2538 1207 opus
2558 1135 2637 1189 sic
2666 1135 2892 1207 incipit:
2935 1138 2997 1190 In
3029 1137 3155 1190 aliis
3185 1136 3341 1191 libris
3369 1138 3505 1191 satis
3525 1140 3651 1207 api-

1954 1232 2054 1271 nor
2082 1218 2251 1283 egisse
2276 1230 2389 1269 nos.

2619 1285 2844 1339 CAPUT
2870 1286 3011 1339 VIII.

2060 1361 2135 1412 De
2164 1357 2381 1411 Animae
2421 1357 2757 1421 Quantitate,
2800 1356 2933 1409 liber
2960 1371 3119 1411 unus.
3150 1385 3221 1396 —
3255 1355 3447 1429 [Tom.
3489 1356 3541 1428 l]

2032 1450 2080 1501 l.
2112 1447 2176 1500 In
2193 1445 2392 1499 eadem
2416 1445 2554 1498 urbe
2580 1444 2781 1514 scripsi
2801 1444 3113 1515 dialogum,
3141 1444 3202 1499 in
3231 1461 3345 1516 quo
3368 1444 3438 1499 de
3459 1444 3652 1500 anima

1956 1536 2141 1589 multa
2174 1538 2514 1605 quaeruntur
2530 1550 2595 1588 ac
2616 1533 3006 1600 disseruntur;
3028 1533 3082 1587 id
3107 1538 3209 1601 est,
3234 1534 3380 1588 unde
3402 1532 3493 1600 sit,
3516 1550 3653 1605 qua-

1953 1624 2023 1678 lis
2054 1623 2144 1684 sit,
2170 1627 2381 1694 quanta
2410 1622 2501 1689 sit,
2535 1638 2635 1677 cur
2664 1622 2889 1693 corpori
2918 1621 3093 1677 fuerit
3118 1622 3269 1688 data,
3296 1638 3424 1676 cum
3445 1622 3513 1675 ad
3532 1638 3652 1677 cor-

1954 1729 2062 1783 pus
2092 1710 2309 1765 venerit
2337 1711 2521 1782 qualis
2552 1710 2853 1779 efﬁciatur,
2885 1710 3071 1781 qualis
3113 1725 3245 1764 cum
3287 1710 3642 1766 abscesserit.

1955 1802 2060 1856 Sed
2088 1800 2361 1873 quoniam
2384 1803 2597 1870 quanta
2618 1798 2711 1867 sit,
2734 1796 3170 1868 diligentissime
3199 1812 3263 1851 ac
3283 1796 3651 1851 subtilissime

1954 1891 2307 1960 disputatum
2346 1894 2450 1952 est,
2482 1892 2549 1941 ut
2577 1903 2724 1949 eam,
2758 1887 2806 1940 si
2854 1901 3171 1957 possemus,
3224 1885 3651 1941 ostenderemus

1954 1978 2264 2050 corporalis
2285 1976 2617 2049 quantitatis
2642 1992 2759 2029 non
2780 1991 2922 2040 esse,
2946 1977 3002 2028 et
3025 1978 3219 2028 tamen
3251 1987 3528 2043 magnum
3553 1973 3654 2027 ali-

1954 2067 2093 2139 quid
2124 2082 2275 2131 esse;
2308 2082 2377 2119 ex
2404 2065 2511 2119 hac
2545 2081 2661 2119 una
2688 2062 3057 2135 inquisitione
3086 2067 3237 2116 totus
3267 2061 3412 2119 liber
3438 2077 3652 2116 nomen

1956 2155 2170 2226 accepit
2199 2157 2261 2208 ut
2288 2154 2692 2225 appellaretur,
2731 2153 2801 2207 de
2828 2152 3050 2206 Animas
3080 2150 3417 2223 quantitate.

2026 2247 2077 2298 2.
2113 2245 2179 2297 In
2209 2259 2323 2313 quo
2356 2242 2500 2296 libro
2524 2242 2665 2296 illud
2692 2241 2843 2312 quod
2871 2239 3009 2305 dixi,
3032 2255 3209 2294 omnes
3240 2244 3384 2293 artes
3412 2241 3653 2294 animam

1954 2348 2129 2388 secum
2155 2333 2401 2386 attulisse
2427 2331 2565 2384 mihi
2590 2330 2792 2396 videri;
2822 2345 2914 2383 nec
2940 2329 3097 2384 aliud
3123 2328 3424 2398 quidquam
3453 2342 3563 2383 esse
3592 2329 3654 2383 id

1956 2423 2101 2492 quod
2115 2422 2228 2475 diei
2231 2426 2320 2475 tur
2332 2420 2551 2484 discere,
2568 2435 2730 2487 quam
2744 2420 3019 2472 reminisci
3029 2434 3090 2471 ac
3106 2416 3381 2471 recordari
3393 2415 3543 2486 (Cap.
3565 2420 3649 2483 l0,

1954 2528 2011 2565 n.
2044 2510 2153 2581 34),
2186 2526 2303 2563 non
2335 2508 2414 2562 sic
2452 2507 2845 2578 accipiendum
2869 2510 2974 2572 est,
3008 2506 3171 2577 quasi
3200 2522 3265 2560 ex
3295 2505 3403 2559 hoc
3444 2521 3652 2576 appro-

1956 2600 2143 2665 betur,
2177 2597 2428 2652 animam
2448 2596 2535 2651 vel
2565 2596 2657 2650 hic
2698 2596 2760 2649 in
2804 2596 2913 2649 alio
2946 2610 3207 2665 corpore,
3237 2594 3324 2648 vel
3356 2592 3491 2647 alibi
3535 2593 3651 2647 sive

1956 2688 2017 2742 in
2060 2701 2315 2769 cprpore,
2359 2684 2474 2738 sive
2516 2688 2674 2737 extra
2719 2699 2945 2753 corpus,
2978 2682 3286 2754 aliquando
3314 2681 3551 2749 vixisse;
3597 2686 3656 2736 et

1957 2792 2025 2830 ea
2062 2768 2191 2845 quae
2215 2774 2564 2843 interrogata
2593 2771 2918 2841 respondet,
2943 2786 3077 2824 cum
3108 2770 3200 2823 hic
3220 2786 3335 2824 non
3368 2768 3649 2829 didicerit.

1955 2864 2015 2918 in
2044 2863 2155 2918 alia
2178 2862 2294 2916 vita
2317 2865 2450 2915 ante
2480 2859 2740 2913 didicisse
2772 2860 2871 2928 (a).
2900 2857 3047 2913 Fieri
3077 2857 3233 2911 enim
3270 2860 3477 2927 potest,
3508 2858 3655 2913 sicut

1953 2955 2074 3024 jam
2105 2952 2166 3005 in
2204 2951 2309 3005 hoc
2353 2964 2521 3020 opere
2569 2963 2743 3016 supra
2771 2946 3046 3015 diximus,
3076 2950 3139 3000 ut
3162 2945 3271 2999 hoc
3300 2945 3428 2999 ideo
3451 2945 3653 3017 possit,

1958 3041 2095 3113 quia
2122 3044 2328 3093 natura
2352 3034 2729 3107 intelligibilis
2760 3038 2845 3089 est
2876 3034 3057 3104 (Sup.,
3085 3050 3130 3088 c.
3163 3034 3218 3100 4,
3249 3049 3307 3086 n.
3342 3033 3413 3101 4),
3438 3037 3494 3087 et
3521 3049 3654 3088 con-

1957 3128 2203 3185 nectitur
2231 3143 2346 3181 non
2376 3126 2562 3180 solum
2593 3122 3071 3194 intelligibilibus,
3106 3137 3303 3175 verum
3335 3120 3509 3176 etiam
3542 3121 3651 3176 im-

1956 3216 2325 3273 mutabilibus
2352 3214 2536 3276 rebus,
2570 3229 2635 3267 eo
2661 3211 2866 3267 ordine
2894 3211 3084 3277 facta,i
3120 3215 3185 3265 ut
3211 3226 3339 3264 cum
3369 3226 3428 3265 se
3459 3211 3527 3266 ad
3558 3228 3653 3265 eas

1954 3324 2045 3363 res
2067 3310 2256 3361 movet
2274 3304 2479 3375 quibus
2504 3317 2755 3356 connexa
2775 3304 2878 3365 est,
2902 3300 2986 3353 vel
3014 3300 3086 3353 ad
3105 3299 3370 3370 seipsam,
3397 3298 3456 3353 in
3473 3315 3654 3371 quan-

1957 3401 2082 3451 tum
2108 3411 2201 3449 eas
2220 3393 2392 3453 videt,
2424 3392 2485 3445 in
2514 3393 2738 3445 tantum
2769 3389 2838 3443 de
2866 3388 2952 3442 his
2978 3403 3110 3441 vera
3137 3387 3501 3458 respondeat.
3538 3386 3649 3439 Nec

1959 3500 2093 3538 sane
2120 3498 2321 3538 omnes
2352 3484 2497 3535 artes
2527 3494 2595 3533 eo
2620 3478 2789 3532 modo
2820 3492 3011 3530 secum
3028 3476 3237 3541 attulit,
3265 3491 3329 3529 ac
3353 3490 3547 3529 secum
3562 3474 3652 3528 ha.

1957 3572 2082 3626 bet:
2115 3586 2250 3625 nam
2272 3570 2341 3624 de
2371 3568 2587 3622 artibus
2616 3582 2746 3637 quae
2769 3565 2838 3619 ad
2855 3580 3051 3617 sensus
3067 3562 3323 3634 corporis
3342 3562 3651 3632 pertinent,

1960 3660 2107 3713 sicut
2123 3658 2302 3712 multa
2320 3655 2639 3720 medicinae,
2659 3654 2803 3708 sicut
2816 3651 3138 3722 astrologia
3153 3650 3364 3716 omnia,
3379 3650 3489 3704 nisi
3503 3651 3655 3720 quod

1958 3749 2052 3802 hic
2071 3744 2350 3805 didicerit,
2379 3759 2497 3797 non
2516 3746 2701 3813 potest
2719 3741 2925 3794 dicere.
2952 3742 3026 3794 Ea
3045 3754 3178 3793 vero
3201 3754 3329 3809 qua:
3350 3739 3472 3792 sola
3491 3738 3657 3793 intel-

1960 3832 2194 3904 ligentia
2223 3829 2393 3899 capit,
2411 3832 2648 3897 propter
2672 3827 2726 3880 id
2755 3826 2907 3896 quod
2921 3825 3058 3890 dixi,
3073 3841 3202 3878 cum
3215 3825 3346 3878 vela
3362 3824 3548 3894 seipse
3565 3826 3656 3880 vel

1960 3923 2031 3976 ab
2050 3920 2160 3975 alio
2180 3918 2353 3973 fuerit
2372 3917 2517 3971 bene
2539 3915 2908 3983 interrogata,
2928 3916 2982 3966 et
3010 3912 3306 3966 recordata
3327 3912 3652 3982 respondet.

2033 4013 2084 4064 3.
2117 4008 2245 4063 Alio
2273 4007 2426 4060 loco:
2474 4005 2693 4071 Vellem,
2724 4005 2969 4071 inquam,
2999 4001 3124 4054 hinc
3158 4001 3322 4069 plura
3349 3999 3543 4065 dicere,
3592 4016 3657 4055 ac

1959 4101 2221 4167 meipsum
2247 4097 2632 4160 constringere,
2658 4092 2787 4145 dum
2817 4091 2979 4159 quasi
3009 4089 3110 4143 tibi
3132 4089 3409 4157 praecipio,
3428 4091 3491 4140 ut
3513 4088 3657 4141 nihil

1960 4187 2115 4241 aliud
2134 4200 2344 4254 agerem
2372 4198 2535 4254 quam
2556 4180 2811 4235 redderer
2827 4180 2984 4244 mihi,
3010 4178 3097 4231 cui
3122 4192 3204 4229 me
3222 4177 3457 4229 maxime
3476 4174 3654 4229 debeo.

1964 4274 2067 4329 Ubi
2097 4273 2293 4328 videor
2321 4272 2508 4326 dicere
2542 4268 2733 4340 potius
2772 4265 3052 4330 debuisse,
3090 4263 3375 4318 Redderer
3403 4264 3540 4327 Deo,
3566 4261 3661 4316 cui

1960 4378 2054 4417 me
2085 4360 2332 4415 maxime
2354 4358 2553 4413 debeo.
2586 4356 2693 4411 Sed
2726 4354 2999 4426 quoniam
3024 4351 3184 4424 prius
3207 4350 3314 4405 sibi
3342 4350 3463 4421 ipse
3483 4350 3658 4404 homo

1962 4450 2285 4506 reddendus
2335 4452 2437 4511 est,
2469 4450 2533 4501 ut
2572 4444 2689 4500 illic
2718 4442 2885 4515 quasi
2914 4441 3091 4512 gradu
3122 4440 3269 4494 facto
3306 4438 3440 4493 inde
3465 4441 3662 4509 surgat

1962 4544 2134 4610 atque
2164 4536 2456 4592 attollatur
2484 4534 2556 4589 ad
2584 4535 2787 4598 Deum,
2812 4531 2956 4585 sicut
2976 4529 3126 4583 ﬁlius
3157 4528 3251 4582 ille
3281 4527 3473 4582 minor
3498 4527 3662 4597 prius

1961 4642 2222 4682 reversus
2248 4629 2331 4680 est
2358 4624 2431 4679 ad
2480 4621 2872 4691 semetipsum,
2905 4623 2962 4673 et
3002 4622 3139 4672 tunc
3177 4616 3281 4671 ait:
3328 4617 3582 4685 Surgam,
3613 4619 3663 4670 et

1962 4718 2047 4771 ibo
2076 4716 2150 4770 ad
2176 4719 2389 4784 patrem
2414 4727 2587 4766 meum
2622 4709 2771 4780 (Luc.
2802 4724 2892 4773 xv,
2930 4706 3046 4773 {8);
3079 4704 3205 4760 ideo
3233 4704 3311 4758 sic
3349 4720 3477 4757 sum
3506 4705 3659 4759 locu-

1963 4809 2072 4859 tus.
2110 4802 2367 4873 Denique
2397 4815 2529 4853 mox
2561 4795 2783 4852 addidi:
2817 4796 2999 4864 Atque
3016 4795 3097 4847 ita
3116 4794 3236 4861 ﬁeri
3264 4793 3495 4846 amicum
3514 4808 3668 4846 man-'

1964 4893 2165 4960 cipium
2190 4891 2411 4945 Domino
2433 4888 2454 4957 (
2476 4888 2620 4955 Cap.
2675 4886 2768 4952 28,
2796 4899 2853 4936 η.
2890 4882 2999 4953 55).
3033 4879 3196 4945 Quod
3227 4895 3363 4951 ergo
3394 4878 3533 4946 dixi,
3574 4882 3663 4935 cui

1963 4997 2045 5035 me
2072 4981 2308 5034 maxime
2327 4978 2505 5043 debeo,
2532 4974 2603 5029 ad
2624 4972 2886 5027 homines
2908 4968 3112 5025 retuli:
3138 4969 3322 5040 magis
3342 4967 3498 5023 enim
3519 4967 3662 5022 mihi

1967 5085 2059 5123 me
2079 5068 2282 5136 debeo,
2300 5081 2474 5137 quam
2493 5061 2827 5117 hominibus
2846 5058 3084 5124 caeteris,
3112 5056 3373 5129 quamvis
3405 5057 3517 5110 Deo
3539 5071 3661 5109 ma-

1967 5157 2055 5229 gis
2083 5171 2255 5228 quam
2284 5150 2444 5209 mihi.
2479 5152 2579 5207 Hic
2606 5149 2751 5205 liber
2770 5148 2850 5203 sic
2877 5146 3111 5218 incipit:
3143 5147 3404 5217 Quoniam
3428 5142 3582 5197 video
3615 5147 3663 5197 te

231 5283 244 5315 ι
281 5282 339 5328 In
360 5280 481 5341 Mss.
505 5278 609 5326 fere
630 5277 876 5326 omnibus
893 5279 994 5327 nisi
1005 5278 1152 5338 forte
1179 5279 1426 5341 putatur.
1443 5277 1499 5325 In
1522 5275 1650 5325 Edd.
1671 5274 1784 5324 Am.
1811 5279 1863 5325 et
1968 5245 2249 5341 (‘be
2268 5246 2399 5341 fma-

160 5344 278 5398 Er.,
309 5341 408 5390 nisi
442 5340 579 5403 forte
606 5343 908 5403 putaretur.

228 5408 251 5441 ³
282 5404 403 5451 Αω.
429 5399 481 5451 et
505 5399 740 5451 Erfcum
764 5402 930 5450 tribus
960 5400 1104 5459 Mss.,
1130 5399 1330 5450 scilicet
1351 5413 1441 5462 per
1473 5399 1715 5463 speciem.

230 5469 252 5503 ³
284 5466 405 5514 Mss.
433 5468 650 5528 septem,
678 5466 729 5513 et
759 5465 814 5511 in
846 5465 1078 5528 tantum.

231 5531 252 5563 ι
284 5529 361 5576 Ita
380 5521 574 5588 magno
595 5521 857 5588 consensu
872 5525 995 5588 Mss.
1013 5524 1078 5573 At
1095 5522 1248 5579 Edd.,
1265 5522 1359 5573 hoc
1371 5522 1593 5586 estquod
1611 5521 1861 5572 mendum

166 5602 289 5639 esse
323 5586 511 5651 probat
541 5586 795 5637 orationis
823 5587 1003 5637 series.

2035 5336 2050 5369 ι
2088 5334 2148 5382 In
2173 5332 2303 5381 Edd.
2326 5330 2476 5380 nullo
2499 5341 2661 5393 prope
2686 5325 3001 5393 nexu_verba
3015 5323 3107 5372 illa
3131 5322 3206 5393 sic
3230 5317 3549 5393 rqdd‘untu‘r:
3576 5320 3666 5369 Ve-

1972 5408 2096 5445 rum
2126 5395 2292 5445 etiam
2317 5382 2734 5443 imrnutabilibus
2753 5388 2932 5451 rebus.
2955 5388 3028 5436 Eo
3053 5384 3235 5451 ordine
3250 5382 3422 5438 facta.
3444 5382 3506 5451 ut
3524 5392 3663 5451 eum,

1972 5442 2456 5529 interpunctionem
2486 5451 2802 5503 mutavimus
2822 5449 3023 5512 abjecto
3048 5448 3144 5512 est,
3164 5454 3267 5505 quo
3282 5443 3465 5491 carent
3484 5442 3665 5507 scripti

1971 5524 2176 5584 Optimi.

2036 5583 2108 5643 (a)
2143 5579 2261 5629 Vid.
2293 5579 2385 5628 lib.
2417 5580 2475 5626 l2
2504 5576 2568 5625 de
2600 5574 2786 5629 Trnit..
2817 5586 2862 5620 c.
2903 5574 3052 5621 15.n.
3087 5568 3165 5614 24.
