4062 6354
371 336 471 387 595

1026 453 1251 509 CAPUT
1281 454 1366 507 ιχ.

762 548 837 600 De
869 543 1060 600 Libero
1091 541 1359 610 Arbitrio,
1396 541 1524 595 libri
1552 545 1678 594 tres.

450 642 495 692 1.
530 637 671 691 Cum
703 634 886 689 adhuc
904 633 1102 686 Romae
1136 629 1589 694 demoraremur,
1624 626 1909 681 voluimus
1955 624 2068 680 dis-

375 724 629 796 putando
661 736 917 794 quaerere
946 718 1096 773 unde
1127 716 1199 771 sit
1228 716 1461 771 malum.
1493 716 1558 770 Et
1586 732 1653 769 eo
1672 715 1840 769 modo
1870 713 2068 784 dispu-

376 812 643 881 tavimus,
671 815 735 865 ut
750 809 798 863 si
820 823 1133 879 possemus,
1158 806 1214 860 id
1244 806 1396 876 quod
1427 803 1496 859 de
1523 803 1631 857 hac
1656 819 1713 856 re
1740 801 1946 858 divinae
1975 817 2071 855 au-

374 900 620 956 ctoritati
652 897 864 954 subditi
889 895 1282 962 credebamus,
1314 893 1488 948 etiam
1517 892 1586 946 ad
1625 890 2069 961 intelligentiam

376 994 646 1051 nostram,
692 990 970 1059 quantum
1016 983 1342 1037 disserendo
1385 981 1700 1052 opitulante
1746 981 1858 1033 Deo
1900 994 2070 1049 agere

376 1094 691 1151 possemus,
721 1075 865 1130 ratio
895 1073 1250 1129 considerata
1272 1075 1326 1125 et
1352 1074 1589 1124 tractata
1615 1067 1973 1139 perduceret.
2004 1068 2072 1129 Et

376 1166 651 1239 quoniam
668 1163 924 1218 constitit
942 1162 1092 1215 inter
1113 1177 1214 1215 nos
1240 1159 1541 1229 diligenter
1557 1157 1779 1211 ratione
1798 1155 2068 1221 discussa,

375 1250 591 1304 malum
606 1266 723 1305 non
752 1254 1013 1304 exortum
1035 1249 1141 1302 nisi
1173 1264 1240 1303 ex
1269 1247 1450 1301 libero
1468 1244 1775 1300 voluntatis
1789 1244 2068 1310 ,arbitrio;

375 1342 488 1392 tres
508 1338 639 1392 libri
659 1354 800 1409 quos
819 1338 1019 1392 eadem
1037 1336 1342 1407 disputatio
1359 1334 1604 1405 peperit,
1627 1331 1898 1404 appellati
1919 1335 2070 1397 sunt,

378 1425 447 1480 de
480 1425 677 1481 Libero
721 1425 990 1480 Arbitrio.
1025 1425 1282 1489 Quorum
1324 1423 1638 1478 secundum
1672 1426 1727 1476 et
1755 1421 1987 1476 tertium
2014 1419 2075 1474 in

376 1513 563 1569 Africa
585 1515 707 1584 jam
733 1513 905 1568 etiam
936 1511 1409 1584 Hippone-Regio
1429 1511 1726 1582 presbyter
1757 1509 2073 1577 ordinatus,

378 1601 524 1656 sicut
547 1607 684 1656 tunc
711 1602 894 1673 potui,
928 1600 1251 1656 terminavi.

446 1694 501 1743 2.
536 1691 599 1743 In
625 1689 717 1744 his
748 1690 907 1744 libris
940 1690 1021 1743 ita
1050 1690 1233 1744 multa
1257 1688 1496 1743 disserta
1541 1691 1692 1754 sunt,
1727 1690 1787 1741 ut
1813 1685 2073 1740 inciden-

377 1781 462 1831 tes
487 1777 779 1831 nonnullae
802 1777 1167 1848 quaestiones,
1199 1792 1341 1847 quas
1372 1778 1458 1831 vel
1489 1775 1739 1830 enodare
1770 1790 1887 1830 non
1916 1779 2078 1844 pote-

380 1880 522 1931 ram,
551 1866 637 1918 vel
661 1866 890 1933 longam
919 1864 1460 1919 sermocinationem
1488 1863 1550 1917 in
1581 1862 1855 1933 praesenti
1883 1861 2075 1933 requi-

380 1953 602 2019 rebant,
633 1952 714 2007 ita
745 1952 1129 2021 differrentur,
1169 1956 1235 2007 ut
1274 1968 1343 2006 ex
1386 1956 1629 2023 utraque
1674 1956 1855 2022 parte,
1889 1952 1975 2004 vel
2008 1966 2077 2004 ex

381 2040 645 2096 omnibus
673 2040 1007 2095 earumdem
1039 2041 1429 2111 quaestionum
1459 2040 1743 2111 partibus,
1774 2039 1835 2093 in
1866 2038 2076 2111 quibus

380 2145 499 2184 non
528 2129 837 2199 apparebat
865 2128 1005 2199 quid
1034 2128 1226 2199 potius
1249 2132 1589 2198 congrueret
1606 2126 1849 2194 veritati,
1873 2127 1945 2181 ad
1971 2127 2079 2181 hoc

382 2220 576 2271 tamen
600 2216 956 2270 ratiocinatio
981 2220 1174 2270 nostra
1208 2218 1665 2283 concluderetur,
1694 2219 1758 2270 ut
1786 2215 2081 2286 quodlibet

384 2320 582 2359 eorum
609 2320 808 2357 verum
837 2307 1001 2370 esset,
1044 2303 1363 2358 laudandus
1399 2304 1748 2371 crederetur,
1789 2305 1877 2358 vel
1907 2304 2079 2358 etiam

384 2392 782 2447 ostenderetur
805 2392 973 2447 Deus.
1000 2393 1238 2462 Propter
1259 2408 1357 2446 eos
1387 2392 1601 2463 quippe
1646 2391 1954 2461 disputatio
1983 2391 2080 2445 illa

386 2484 643 2550 suscepta
673 2485 773 2545 est,
811 2479 909 2549 qui
937 2484 1169 2550 negant,
1200 2496 1269 2533 ex
1298 2479 1476 2533 libero
1510 2478 1815 2534 voluntatis
1846 2478 2080 2533 arbitrio

387 2568 525 2622 mali
575 2567 857 2638 originem
906 2568 1057 2636 duci,
1090 2574 1147 2622 et
1184 2569 1385 2634 Deum,
1419 2568 1468 2623 si
1506 2568 1587 2623 ita
1634 2572 1738 2633 est,
1770 2572 2082 2622 creatorem

388 2655 647 2709 omnium
686 2661 1019 2711 naturarum
1062 2656 1409 2726 culpandum
1439 2672 1560 2711 esse
1606 2656 1987 2711 contendunt:
2013 2672 2080 2710 eo

387 2744 554 2798 modo
619 2744 867 2798 vvlentes
914 2745 1229 2799 secundum
1283 2761 1402 2799 suae
1463 2744 1775 2815 impietatis
1829 2728 2083 2799 erro'rem

385 2833 708 2903 (Manichaei
764 2834 920 2888 enim
975 2835 1151 2904 sunt),
1208 2833 1624 2888 immutabilem
1673 2833 1981 2905 quamdam
2028 2838 2083 2887 et

387 2923 499 2976 Deo
530 2925 868 2976 coaeternam
898 2922 1260 2977 introducere
1290 2922 1427 2976 mali
1475 2927 1760 2976 naturam.
1795 2924 1871 2975 De
1900 2921 2082 2993 gratia

385 3027 516 3066 vero
564 3011 686 3076 Dei,
719 3027 833 3081 qua
860 3027 993 3064 suos
1023 3011 1230 3064 electos
1274 3010 1351 3064 sic
1380 3010 1826 3080 prmdestinavit,
1880 3015 1940 3065 ut
1985 3026 2081 3064 eo-

387 3114 538 3165 rum,
569 3099 669 3170 qui
684 3099 803 3170 jam
828 3100 888 3153 in
917 3098 996 3152 eis
1016 3104 1258 3153 utuntur
1281 3099 1460 3153 libero
1483 3098 1743 3163 arbitrio,
1766 3098 1888 3169 ipse
1910 3098 2083 3153 etiam

384 3192 669 3258 praeparet
696 3188 1033 3254 voluntates,
1070 3186 1208 3240 nihil
1232 3186 1295 3240 in
1323 3186 1411 3239 his
1440 3186 1599 3241 libris
1623 3185 1977 3256 disputatum
1998 3192 2085 3241 est

385 3281 621 3345 propter
648 3275 757 3329 hoc
797 3274 1095 3344 proposita
1123 3274 1440 3345 quaestione
1468 3272 1511 3328 ‘.
1548 3273 1653 3329 Ubi
1698 3278 1892 3329 autem
1939 3274 2080 3329 inci-

385 3363 470 3417 dit
497 3364 655 3417 locus
682 3367 747 3416 ut
764 3363 936 3431 hujus
965 3362 1163 3431 gratiae
1195 3361 1357 3416 ﬁeret
1384 3362 1876 3431 commemoratio,
1904 3368 2084 3418 trans-

388 3454 590 3505 eunter
618 3455 1064 3503 commemorata
1093 3453 1204 3503 est:
1247 3466 1387 3519 non,
1419 3450 1584 3521 quasi
1610 3450 1743 3506 inde
1791 3456 2079 3522 ageretur,

388 3554 628 3609 operosa
665 3537 1099 3592 ratiocinatione
1130 3538 1379 3593 defensa.
1413 3538 1583 3593 Aliud
1622 3544 1708 3593 est
1737 3540 1891 3594 enim
1921 3556 2079 3611 qum-

391 3641 536 3690 rere,
570 3626 718 3680 unde
741 3625 812 3680 sit
841 3627 1085 3693 malum;
1119 3631 1174 3680 et
1204 3626 1360 3682 aliud
1386 3633 1474 3682 est
1502 3644 1781 3699 quaerere,
1814 3628 1965 3683 unde
1990 3645 2083 3683 re-

388 3713 588 3768 deatur
608 3714 674 3769 ad
697 3714 1021 3785 pristinum,
1046 3716 1131 3769 vel
1153 3716 1220 3770 ad
1248 3717 1431 3786 majus
1451 3716 1820 3786 perveniatur
1840 3717 2079 3773 bonum.

459 3805 515 3856 3.
557 3802 915 3873 Quapropter
932 3803 1065 3857 novi
1084 3804 1338 3858 haeretici
1360 3803 1671 3875 Pelagiani,
1709 3803 1809 3875 qui
1834 3803 2082 3859 liberum

387 3889 467 3944 sic
498 3895 758 3945 asserunt
804 3892 1109 3946 voluntatis
1152 3892 1473 3958 arbitrium,
1507 3897 1571 3946 ut
1602 3892 1801 3963 gratiae
1830 3892 1933 3947 Dei
1962 3908 2081 3946 non

385 3978 716 4050 relinquant
744 3980 953 4047 locum,
973 3980 1444 4051 quandoquidem
1465 3996 1591 4034 eam
1614 3980 1929 4035 secundum
1958 3996 2079 4035 me-

383 4067 493 4121 rita
523 4072 721 4122 nostra
748 4068 871 4122 dari
904 4074 1183 4134 asserunt,
1218 4085 1333 4122 non
1362 4084 1420 4121 se
1450 4070 1743 4134 extollant,
1785 4069 1948 4139 quasi
1977 4085 2079 4124 eo-

383 4171 516 4209 rum
546 4155 763 4225 egerim
789 4171 1016 4209 causam
1037 4156 1065 4209 ?
1089 4156 1225 4226 quia
1249 4156 1428 4209 multa
1444 4155 1507 4209 in
1527 4156 1616 4210 his
1644 4156 1803 4210 libris
1834 4156 1953 4211 dixi
1975 4174 2079 4228 pro

385 4242 565 4296 libero
607 4242 840 4296 arbitrio
869 4258 997 4312 quae
1038 4243 1193 4296 illius
1221 4243 1627 4313 disputationis
1675 4260 1846 4297 causa
1877 4261 2079 4313 posce-

385 4330 502 4383 bat.
537 4328 662 4384 Dixi
684 4328 900 4399 quippe
928 4329 990 4382 in
1017 4330 1164 4384 libro
1184 4330 1392 4400 primo,
1426 4331 1722 4387 malefacta
1733 4332 1959 4402 justitia
1980 4334 2082 4389 Dei

386 4416 701 4478 vindicari;
748 4422 807 4472 et
833 4417 1053 4473 addidi:
1104 4421 1225 4475 Non
1267 4421 1409 4473 enim
1456 4420 1599 4490 juste
1644 4420 2078 4489 vindicarentur,

386 4507 497 4559 nisi
534 4508 721 4574 ﬁerent
763 4507 1037 4561 voluntate
1082 4506 1221 4577 (Lib.
1273 4511 1318 4573 1,
1359 4524 1405 4562 c.
1450 4512 1499 4574 1,
1538 4523 1593 4563 n.
1645 4511 1718 4579 1).
1770 4510 1911 4563 Item
1948 4525 2079 4565 cum

384 4591 571 4663 ipsum
598 4593 809 4648 bonam
850 4595 1205 4650 voluntatem
1241 4599 1359 4651 tam
1408 4612 1685 4668 magnum
1714 4597 1931 4651 bonum
1960 4614 2078 4652 esse

382 4685 785 4747 monstrarem,
818 4688 882 4738 ut
910 4684 1175 4739 omnibus
1202 4686 1492 4754 corporeis
1521 4691 1580 4740 et
1616 4686 1866 4740 externis
1914 4687 2078 4742 bonis

383 4766 589 4821 merito
612 4773 1073 4840 anteponeretur,
1097 4770 1244 4826 dixi:
1274 4772 1434 4827 Vides
1446 4775 1621 4842 igitur
1641 4775 1779 4845 jam,
1804 4778 1863 4829 ut
1891 4777 2078 4830 emisti-

384 4870 490 4923 mo,
530 4858 589 4909 in
632 4858 904 4912 voluntate
953 4864 1137 4914 nostra
1185 4875 1295 4915 esse
1341 4864 1708 4930 constitutum,
1757 4867 1818 4917 ut
1859 4863 1955 4918 hoc
1994 4865 2079 4919 vel

380 4946 639 5010 fruamur
680 4947 761 4999 vel
806 4962 1086 5003 careamus
1133 4954 1281 5005 tanto
1324 4956 1374 5004 et
1417 4956 1528 5005 tam
1569 4967 1691 5006 vero
1736 4952 1898 5007 bono:
1941 4953 2078 5023 quid

384 5035 525 5087 enim
556 5038 667 5089 tam
695 5036 753 5089 in
772 5037 1043 5091 voluntate
1073 5054 1237 5108 quam
1255 5042 1376 5108 ipsa
1390 5041 1638 5096 voluntas
1657 5042 1767 5096 sita
1799 5041 1918 5096 est?
1950 5041 2074 5112 (Id.,

380 5138 428 5177 c.
472 5124 559 5193 12,
589 5139 651 5177 n.
688 5124 809 5192 26.)
844 5125 915 5179 Et
943 5124 1052 5179 alio
1082 5127 1243 5181 loco:
1277 5128 1425 5194 Quid
1462 5144 1586 5197 ergo
1611 5128 1798 5199 (causa
1844 5136 1942 5196 est,
1991 5133 2076 5184 in-

383 5228 566 5281 quam,
593 5228 691 5267 cur
718 5213 1079 5269 dubitandum
1090 5221 1362 5287 putemus,
1382 5220 1542 5272 etiam
1571 5219 1621 5273 si
1637 5233 1928 5288 ,nunquam
1952 5224 2077 5275 ante

379 5302 647 5369 sapientes
701 5304 929 5369 fuimus,
977 5305 1249 5360 voluntate
1295 5320 1391 5361 nos
1451 5311 1627 5360 tamen
1669 5307 1997 5361 laudabilem
2025 5313 2077 5363 et

382 5383 592 5440 beatam
646 5389 837 5458 vitam,
867 5389 1135 5445 voluntate
1165 5394 1375 5460 turpem
1418 5394 1469 5444 et
1496 5392 1746 5445 miseram
1784 5394 1986 5448 mereri
2012 5408 2074 5449 ac

443 5533 839 5611 [ltisslaliquot
857 5551 978 5593 cum
995 5538 1107 5589 Am.
1140 5541 1193 5588 et
1219 5538 1324 5594 Er.,
1352 5541 1571 5608 propter
1598 5539 1739 5592 hanc
1754 5548 2073 5611 propositam

379 5597 751 5656 quaestionem“.

1506 325 2160 385 BE'I‘BAC'I‘ATIULVUM
2203 324 2257 378 S.
2309 321 2713 380 AUGUSTINI.

3780 323 3896 373 596

2180 448 2414 516 degere?
2470 446 2591 517 (Id.,
2642 460 2687 501 c.
2734 448 2819 512 13,
2868 460 2922 499 η.
2957 449 3067 513 28).
3125 447 3264 499 Item
3306 444 3417 498 alio
3456 444 3608 498 loco:
3656 445 3747 498 Ea:
3777 458 3897 514 quo

2178 524 2475 605 conficitur,
2528 537 2775 604 inquam,
2819 539 2880 589 ut
2920 535 3170 604 quisquis
3217 537 3357 587 recte
3402 533 3721 602 honesteque
3763 533 3896 585 vult

2176 628 2355 679 vivere
2378 626 2428 678 si
2454 624 2513 677 id
2529 639 2582 678 se
2609 624 2741 676 velle
2763 638 2881 692 pra:
2900 622 3191 690 fugacibus
3220 622 3379 676 rebus
3410 622 3572 688 velit;
3614 636 3892 690 assequa-

2179 718 2270 768 tur
2316 716 2524 766 tantam
2570 727 2681 766 rem
2732 715 2887 765 tanta
2931 711 3225 778 facilitate,
3291 713 3352 763 ut
3399 710 3541 764 nihil
3601 711 3671 775 ei,
3715 725 3897 779 quam

2178 805 2354 873 ipsum
2384 802 2534 868 velle,
2565 803 2638 855 sit
2668 801 2859 854 habere
2903 799 3047 867 quod
3074 799 3246 853 voluit
3278 797 3406 868 (Id.,
3457 814 3511 852 η.
3544 801 3663 869 29).
3699 799 3896 852 Item—

2178 906 2290 961 que
2333 888 2468 943 alibi
2507 887 2652 942 dixi:
2703 890 2812 942 Hoc
2860 890 2999 941 ιειὶιη
3051 890 3252 941 aeterna
3305 886 3390 939 lea:
3427 887 3545 952 illa,
3595 885 3670 939 ad
3723 887 3895 955 cujus

2179 977 2657 1033 considerationem
2684 975 2861 1030 redire
2892 976 3014 1045 jam
3055 979 3259 1044 tempus
3306 978 3403 1041 est,
3448 975 3897 1029 incommutabili

2180 1066 2479 1121 stabilitate
2496 1066 2754 1133 ﬁrmavit,
2785 1068 2846 1118 ut
2872 1066 2930 1117 in
2951 1064 3224 1117 voluntate
3255 1065 3502 1117 meritum
3523 1066 3597 1118 sit
3622 1083 3636 1129 ;
3675 1065 3734 1117 in
3758 1064 3895 1118 bea-

2183 1157 2338 1209 titate
2394 1158 2571 1207 autem
2631 1158 2682 1207 et
2723 1154 2943 1207 miseria
2998 1154 3281 1221 praemium
3333 1156 3498 1224 atque
3551 1154 3899 1221 supplicium

2158 1242 2314 1312 (Id.,
2367 1257 2414 1296 c.
2451 1245 2534 1308 14,
2566 1257 2620 1295 n.
2656 1243 2767 1311 30).
2802 1242 2867 1295 Et
2895 1240 3005 1294 alio
3043 1240 3204 1297 loco:
3247 1241 3409 1307 Quid,
3443 1243 3688 1309 inquam,
3722 1243 3894 1309 quis-

2184 1346 2285 1399 que
2303 1330 2613 1384 sectandum
2633 1336 2683 1384 et
2712 1328 3135 1398 amplectendum
3166 1330 3351 1397 eligat,
3380 1330 3439 1382 in
3466 1329 3745 1383 voluntate
3767 1344 3901 1400 esse

2177 1422 2415 1489 positum
2462 1420 2702 1473 constitit
2750 1418 2875 1488 (Id.,
2924 1434 2968 1472 c.
3011 1421 3092 1485 16,
3141 1434 3198 1472 η.
3240 1418 3345 1487 34).
3393 1419 3456 1472 Et
3495 1417 3555 1472 in
3595 1418 3747 1472 libro
3792 1434 3896 1471 se-

2183 1508 2396 1563 cundo:
2430 1509 2595 1562 Homo
2625 1510 2764 1561 enim
2796 1510 2930 1576 ipse,
2968 1508 3214 1575 inquam,
3237 1508 3296 1561 in
3313 1511 3575 1575 quantum
3607 1508 3763 1561 homo
3785 1512 3895 1573 est,

2185 1597 2410 1667 aliquod
2448 1597 2641 1650 bonum
2688 1601 2785 1663 est,
2815 1598 2946 1665 quia
2971 1601 3109 1649 recte
3151 1598 3329 1649 vivere
3377 1611 3497 1649 cum
3542 1596 3679 1663 vult,
3709 1601 3900 1666 potest

2189 1685 2326 1756 (Lib.
2353 1688 2407 1751 2,
2439 1701 2486 1750 c,
2526 1687 2573 1750 1,
2613 1700 2667 1737 n.
2698 1687 2781 1752 2).
2832 1685 2899 1737 Et
2932 1684 3044 1737 alio
3084 1684 3210 1739 loco
3243 1683 3387 1737 dixi:
3427 1686 3581 1739 Recte
3615 1688 3741 1753 ﬁeri
3782 1701 3896 1739 non

2181 1788 2361 1843 posse,
2392 1774 2503 1826 nisi
2544 1772 2722 1826 eodem
2751 1772 2914 1826 libero
2960 1773 3255 1827 voluntatis
3292 1773 3521 1827 arbitrio
3546 1773 3678 1843 (Id.,
3717 1789 3767 1828 c.
3804 1776 3893 1841 18,

2187 1877 2242 1915 n.
2275 1862 2384 1930 47).
2420 1862 2482 1914 Et
2507 1859 2568 1913 in
2597 1859 2743 1913 libro
2774 1860 2973 1914 tertio:
3007 1861 3155 1927 Quid
3176 1876 3307 1929 opus
3334 1865 3429 1923 est,
3445 1863 3689 1930 inquam,
3715 1865 3899 1932 quaeri

2188 1948 2329 2003 unde
2352 1952 2453 2003 iste
2476 1953 2647 2003 motus
2670 1950 2892 2015 cristat,
2925 1965 3028 2019 quo
3048 1950 3296 2005 voluntas
3314 1952 3579 2005 avertitur
3602 1951 3669 2005 ab
3691 1953 3902 2005 incom-

2187 2038 2442 2093 mutabili
2472 2037 2603 2091 bono
2628 2037 2702 2091 ad
2721 2038 3092 2092 commutabile
3117 2038 3308 2092 bonum
3330 2054 3482 2104 ;cum
3503 2054 3617 2093 eum
3650 2055 3758 2093 non
3779 2041 3903 2093 nisi

2189 2128 2380 2193 animi,
2404 2131 2454 2181 et
2485 2127 2867 2192 voluntarium,
2911 2131 2961 2180 et
2985 2127 3048 2180 ob
3078 2127 3173 2181 hoc
3202 2126 3521 2196 culpabilem
3559 2141 3669 2181 esse
3696 2129 3895 2193 fatea-

2188 2230 2340 2269 mur:
2371 2217 2646 2283 omnisque
2675 2214 2740 2268 de
2760 2215 2859 2269 hac
2887 2230 2945 2268 re
2975 2214 3269 2284 disciplina
3310 2216 3461 2269 utilis
3487 2215 3561 2269 ad
3592 2216 3650 2269 id
3678 2216 3887 2283 valeat,

2189 2309 2251 2359 ut
2278 2319 2334 2358 eo
2356 2308 2499 2357 motu
2520 2302 2819 2373 improbato
2840 2308 3001 2373 atque
3022 2304 3271 2369 cohibito,
3300 2305 3625 2358 voluntatem
3641 2309 3891 2359 nostram

2192 2393 2266 2446 ad
2286 2392 2682 2461 perfruendum
2722 2395 3039 2461 sempiterno
3063 2393 3213 2457 bono,
3246 2410 3281 2446 a
3311 2393 3469 2461 lapsu
3511 2395 3895 2463 temporalium

2191 2481 2596 2535 convertamus?
2634 2481 2773 2550 (Lib,
2804 2483 2915 2547 3,c.
2954 2484 3079 2549 1,n.
3118 2482 3192 2549 2.)
3226 2483 3289 2535 Et
3315 2482 3422 2535 alio
3463 2482 3614 2536 loco:
3652 2483 3893 2551 Optime,

2190 2569 2436 2637 inquam,
2477 2567 2618 2637 dede
2661 2569 2862 2621 veritas
2905 2568 3125 2636 clamat,
3155 2569 3270 2622 Non
3317 2570 3458 2622 enim
3502 2584 3680 2637 posses
3732 2569 3895 2623 aliud

2191 2657 2389 2710 sentire
2407 2669 2515 2709 esse
2538 2656 2595 2708 in
2619 2658 2884 2724 potestate
2908 2660 3112 2719 nostra,
3138 2657 3252 2709 nisi
3280 2656 3440 2724 quod,
3474 2671 3592 2711 cum
3620 2657 3894 2725 volumus,

2191 2745 2444 2810 facimus.
2472 2744 2813 2813 Quapropter
2839 2744 2980 2797 nihil
3000 2748 3110 2797 tam
3132 2745 3190 2797 in
3210 2748 3395 2797 nostra
3414 2749 3694 2814 potestate,
3718 2761 3889 2813 quam

2192 2834 2316 2901 ipsa
2344 2833 2616 2900 voluntas,
2637 2835 2732 2885 est.
2756 2834 2838 2886 Ea
2864 2834 3005 2886 enim
3021 2847 3245 2901 prorsus
3265 2834 3412 2887 nullo
3434 2834 3739 2900 intervallo,
3764 2850 3897 2888 mea:

2192 2925 2253 2973 ut
2281 2920 2545 2985 volumus,
2574 2923 2773 2989 prwsto
2804 2924 2881 2973 est
2908 2920 3031 2990 (Id.,
3064 2936 3109 2974 c.
3144 2922 3173 2974 3
3205 2936 3258 2973 η.
3289 2920 3365 2991 7).
3424 2921 3569 2975 Item
3595 2920 3708 2975 alio
3737 2922 3895 2977 loco:

2193 3007 2255 3063 Si
2272 3009 2411 3061 enim
2435 3012 2493 3061 tu
2514 3007 2783 3074 laudaris,
2802 3009 3045 3076 inquam,
3070 3008 3301 3063 videndo
3323 3008 3457 3077 quid
3472 3011 3654 3075 facere
3672 3008 3895 3077 debeas,

2193 3111 2313 3151 cum
2338 3095 2400 3150 id
2426 3112 2531 3151 non
2552 3096 2887 3165 videas,nisi
2912 3098 2968 3150 in
2996 3097 3088 3151 illo
3113 3098 3207 3164 qui
3229 3102 3307 3150 est
3328 3098 3789 3153 incommutabilis
3817 3115 3899 3153 ve-

2192 3187 2362 3251 ritas;
2403 3189 2605 3253 quanto
2644 3187 2821 3253 magis
2848 3185 2938 3238 ille
2978 3186 3075 3252 qui
3098 3189 3149 3237 et
3176 3186 3309 3238 velte
3340 3189 3619 3256 prmeepit,
3652 3193 3703 3241 et
3734 3203 3899 3256 posse

2188 3274 2443 3342 praebuit,
2474 3278 2524 3327 et
2546 3289 2650 3327 non
2670 3274 2885 3342 impune
2909 3274 3045 3327 nolle
3068 3274 3362 3341 permisit?
3384 3274 3599 3330 Deinde
3621 3276 3896 3346 subjunxi

2192 3362 2414 3416 dicens:
2449 3364 2514 3418 Si
2558 3364 2697 3415 enim
2728 3362 2823 3415 hoc
2852 3360 3003 3414 debet
3028 3363 3256 3430 quisque
3282 3356 3689 3434 quod‘accepit,
3717 3371 3769 3418 et
3816 3368 3896 3419 sic

2193 3452 2345 3506 homo
2382 3452 2563 3517 factus
2607 3454 2703 3514 est,
2737 3452 2798 3502 ut
2834 3447 3129 3502 necessario
3158 3453 3337 3518 peccet
3383 3451 3477 3504 hoc
3515 3450 3756 3522 debetut
3777 3460 3892 3523 pec-

2193 3543 2288 3592 cet°
2324 3539 2461 3591 Cum
2504 3552 2629 3605 ergo
2644 3540 2851 3605 peccat,
2885 3536 3048 3604 quod,
3071 3536 3222 3590 debet
3257 3538 3427 3603 facit:
3452 3540 3599 3607 quod
3631 3546 3682 3593 si
3721 3543 3897 3596 scelus

2192 3630 2268 3680 est
2312 3626 2516 3691 dicere;
2557 3627 2819 3679 neminem
2859 3629 3060 3679 natura
3096 3640 3197 3679 sua
3242 3627 3383 3693 cogit
3428 3632 3489 3681 ut
3526 3634 3707 3697 peccet
3764 3631 3897 3700 (Id.,

2192 3732 2238 3769 c.
2292 3717 2375 3779 16,
2416 3729 2471 3768 n.
2522 3715 2630 3784 46).
2674 3715 2739 3768 Et
2784 3712 3022 3769 iterum:
3066 3714 3191 3780 Quae
3237 3715 3454 3770 tandem
3500 3731 3610 3771 esse
3663 3723 3896 3788 poterit,

2192 3805 2435 3873 inquam,
2472 3808 2595 3857 ante
2620 3803 2943 3857 voluntatem
2976 3819 3142 3858 causa
3162 3805 3457 3859 voluntatis
3475 3807 3503 3859 ?
3529 3806 3644 3860 Aut
3671 3810 3820 3861 enim
3848 3814 3899 3862 et

2191 3895 2314 3961 ipsa
2333 3893 2580 3947 voluntas
2608 3897 2719 3957 est;
2750 3896 2800 3946 et
2824 3908 2858 3945 a
2887 3892 3072 3947 radice
3100 3895 3209 3947 ista
3234 3895 3525 3948 voluntatis
3556 3910 3660 3949 non
3690 3898 3899 3952 recedi-

2192 3985 2315 4036 tur:
2356 3985 2452 4035 aut
2490 3996 2594 4035 non
2626 3985 2704 4035 est
2731 3981 3013 4048 voluntas;
3052 3985 3101 4036 et
3143 3986 3418 4050 peccatum
3464 3983 3671 4036 nullum
3706 3983 3894 4040 habet.

2190 4072 2305 4125 Aut
2330 4072 2502 4137 igitur
2541 4071 2787 4124 voluntas
2829 4074 2907 4123 est
2924 4071 3105 4138 prima
3134 4085 3298 4124 causa
3320 4071 3610 4139 peccandi;
3635 4075 3732 4125 aut
3760 4074 3895 4127 nul-

2191 4160 2302 4213 lum
2345 4163 2621 4228 peccatum
2667 4162 2744 4211 est
2774 4158 2960 4226 prima
2999 4171 3164 4211 causa
3200 4158 3491 4227 peccandi:
3541 4174 3632 4213 nec
3678 4167 3758 4213 est
3808 4163 3900 4215 cui

2190 4252 2328 4301 recte
2376 4249 2671 4315 imputetur
2701 4249 2979 4315 peccatum
3022 4248 3131 4300 nisi
3173 4248 3442 4314 peccanti.
3486 4248 3605 4303 Non
3651 4261 3779 4315 ergo
3813 4253 3900 4303 est

2191 4336 2280 4389 cui
2321 4338 2461 4388 recte
2507 4337 2803 4404 imputetur
2842 4335 2953 4387 nisi
2997 4334 3237 4388 volenti1
3272 4334 3395 4401 (Id.,
3447 4351 3492 4390 c.
3548 4337 3634 4405 17,
3661 4351 3718 4389 n.
3759 4337 3885 4407 49).

2192 4423 2255 4476 Et
2279 4422 2450 4491 paulo
2487 4427 2646 4492 post:
2680 4423 2833 4488 Quis,
2864 4423 3110 4489 inquam,
3151 4428 3340 4493 peccat
3366 4425 3425 4477 in
3453 4439 3509 4477 eo
3557 4424 3703 4493 quod
3739 4426 3892 4480 nullo

2188 4510 2343 4564 modo
2373 4512 2553 4563 caveri
2583 4509 2802 4579 potest?
2829 4511 3084 4565 Peccatur
3109 4515 3287 4566 autem
3312 4528 3325 4566 :
3359 4514 3540 4566 caveri
3565 4514 3737 4581 igitur
3767 4519 3894 4583 pot-

2188 4602 2267 4653 est
2286 4598 2393 4667 (ld.
2430 4614 2475 4653 c.
2522 4601 2606 4666 18,
2638 4614 2696 4652 n.
2730 4599 2837 4666 50).
2866 4600 2988 4664 Quo
3014 4599 3340 4655 testimwio
3367 4617 3497 4655 meo
3529 4601 3588 4656 in
3634 4601 3892 4672 quodam

2187 4686 2336 4742 libro
2370 4703 2471 4741 suo
2499 4687 2762 4759 Pelagius
2777 4704 2927 4742 usus
2954 4693 3056 4744 est.
3088 4688 3189 4743 Cui
3218 4688 3365 4745 libro
3405 4706 3535 4745 cum
3563 4690 3890 4761 respondis-

2188 4792 2329 4843 sem,
2359 4776 2589 4831 titulum
2620 4776 2751 4832 libri
2777 4776 2891 4831 mei
2915 4793 3035 4831 esse
3066 4778 3240 4847 volui,
3270 4778 3340 4832 de
3362 4779 3574 4834 Natura
3603 4783 3658 4834 et
3674 4780 3887 4835 Gratia.

2257 4867 2311 4918 4.
2344 4864 2407 4917 In
2429 4862 2518 4917 his
2548 4868 2717 4935 atque
2747 4864 2845 4934 huj
2857 4862 3081 4918 usmodi
3111 4864 3294 4919 verbis
3335 4865 3499 4931 meis,
3533 4864 3670 4935 quia
3702 4865 3891 4934 gratia

2189 4950 2291 5005 Dei
2320 4956 2766 5006 commemorata
2809 4966 2925 5005 non
2955 4954 3056 5017 est,
3105 4951 3175 5005 de
3206 4965 3321 5024 qua
3351 4957 3489 5008 tunc
3533 4969 3646 5007 non
3677 4953 3889 5023 ageba-

2185 5044 2296 5105 tur,
2330 5045 2535 5110 putant
2571 5038 2881 5110 Pelagiani,
2906 5039 2995 5093 vel
3044 5043 3243 5110 putare
3287 5046 3550 5112 possunt,
3582 5057 3744 5095 suam
3786 5058 3892 5095 nos

2187 5129 2437 5183 tenuisse
2461 5128 2819 5184 sententiam.
2859 5127 2969 5183 Sed
2990 5128 3201 5183 frustra
3230 5130 3337 5184 hoc
3351 5135 3574 5201 putant.
3614 5131 3892 5186 Voluntas

2186 5218 2400 5289 quippe
2448 5221 2533 5272 est
2576 5232 2690 5287 qua
2724 5220 2781 5270 et
2829 5223 3121 5287 peccatur,
3151 5221 3209 5272 et
3249 5222 3401 5273 recte
3448 5219 3696 5274 vivitur:
3730 5221 3891 5291 quod

2185 5306 2274 5362 his
2303 5304 2489 5361 verbis
2518 5305 2761 5375 egimus.
2798 5306 3066 5361 Voluntas
3104 5323 3240 5379 ergo
3271 5308 3394 5379 ipsa
3433 5308 3544 5363 nisi
3574 5308 3674 5363 Dei
3703 5309 3893 5379 gratia

2248 5483 2264 5516 ι
2280 5481 2403 5529 Lov.
2417 5482 2468 5529 et
2479 5478 2645 5528 codex
2661 5479 2836 5541 Corb.,
2857 5482 2965 5531 nisi
2977 5482 3267 5534 voluntati.
3284 5481 3382 5532 Sed
3398 5482 3573 5531 verius
3584 5481 3699 5531 Am.
3714 5482 3865 5532 etEr.
3878 5519 3892 5540 .

2191 5556 2309 5606 cum
2331 5542 2458 5606 Mss:
2480 5541 2595 5606 aliis
2619 5542 2898 5606 plerisque,
2930 5546 3033 5593 nisi
3065 5544 3299 5595 volenti:
3324 5558 3445 5594 nam
3480 5544 3555 5593 sic
3574 5544 3731 5593 etiam
3759 5546 3889 5596 Lov.

2183 5604 2274 5654 lib.
2293 5606 2320 5653 3
2350 5604 2414 5652 de
2441 5604 2867 5656 Libero’Arbitrio
2883 5634 2940 5641 —
2956 5606 3037 5656 Er.
3053 5605 3206 5667 Guill,
3230 5606 3440 5668 volenti,
3463 5606 3519 5657 in
3539 5606 3798 5669 margine.
3815 5607 3889 5657 Μ.
