4062 6350
126 312 225 363 597

121 431 405 486 liberetur
432 449 466 486 a
494 432 786 499 servitute,
835 447 950 503 qua
999 433 1142 484 facta
1184 436 1270 484 est
1298 446 1459 485 serva
1495 430 1728 502 peccati,
1774 435 1830 484 et

119 523 187 574 ut
214 520 356 574 vitia
386 525 635 591 superet,
666 520 999 590 adjuvetur;
1042 524 1191 573 recte
1229 519 1437 590 pieque
1466 519 1581 574 vivi
1609 537 1642 574 a
1668 536 1827 575 mor-

119 608 335 662 talibus
369 626 485 663 non
522 613 728 679 potest.
784 610 847 662 Et
876 608 983 662 hoc
1017 606 1278 661 divinum
1324 608 1666 663 beneﬁcium
1716 625 1828 679 quo

118 696 423 762 liberatur,
452 696 566 750 nisi
597 713 719 750 eam
751 695 1107 768 praeveniret,
1156 697 1275 767 jam
1307 695 1526 750 meritis
1572 697 1693 767 ejus
1723 697 1823 750 da-

119 788 302 849 retur,
347 789 404 838 ct
426 801 543 839 non
588 789 736 838 esset
771 785 973 855 gratia,
1006 800 1136 854 quae
1177 784 1377 856 utique
1420 785 1597 856 gratis
1635 785 1823 840 datur.

120 873 290 937 Quod
315 872 378 926 in
409 872 532 926 aliis
562 873 849 943 opusculis
875 873 1086 926 nostris
1116 872 1252 926 satis
1282 872 1523 941 egimus,
1557 872 1695 927 istos
1725 872 1828 926 ini-

119 962 303 1014 micos
316 962 491 1031 hujus
512 961 710 1031 gratiae
722 977 901 1015 novos
929 961 1224 1015 bazreticos
1246 961 1564 1015 refellentes
1586 978 1600 1027 ;
1624 978 1829 1032 quam-

122 1050 278 1102 viset
308 1049 369 1102 in
399 1049 488 1102 his
511 1048 688 1115 libris,
717 1048 816 1120 qui
834 1064 950 1102 non
979 1049 1312 1103 contraillos
1342 1048 1596 1117 omnino,
1614 1050 1826 1121 quippe

122 1138 207 1192 illi
263 1138 521 1191 nondum
562 1141 743 1203 erant,
774 1137 873 1191 sed
922 1143 1115 1191 contra
1154 1136 1493 1192 Manichaeos
1523 1138 1827 1205 conscripti

119 1229 272 1289 sunt,
309 1225 381 1279 de
417 1225 615 1279 Libero
645 1224 935 1292 Arbitrio;
971 1242 1086 1279 non
1124 1225 1455 1280 omnimodo
1486 1226 1554 1280 de
1583 1226 1690 1280 ista
1730 1226 1826 1280 Dei

118 1312 307 1382 gratia
339 1312 691 1378 reticuimus,
725 1329 898 1384 quam
949 1313 1195 1367 nefanda
1223 1313 1519 1384 impietate
1550 1317 1827 1367 conantur

117 1400 365 1455 auferre.
405 1400 660 1455 Diximus
690 1400 904 1472 quippe
932 1400 994 1455 in
1020 1402 1267 1455 secundo
1297 1402 1466 1471 libro,
1497 1418 1611 1455 non
1643 1403 1825 1456 solum

117 1504 353 1559 magna,
402 1488 499 1542 sed
530 1488 702 1542 etiam
740 1487 984 1542 minima
1012 1489 1160 1542 bona
1188 1504 1305 1543 non
1337 1505 1459 1543 esse
1489 1505 1672 1559 posse,
1717 1490 1828 1543 nisi

117 1576 188 1630 ab
228 1576 328 1631 illo
358 1592 393 1629 a
424 1592 537 1647 quo
568 1581 701 1631 sunt
727 1577 920 1631 omnia
934 1577 1105 1645 bona,
1136 1577 1246 1631 hoc
1266 1582 1368 1644 est,
1404 1580 1538 1633 Deo.
1566 1581 1631 1633 Et
1652 1580 1825 1649 paulo

116 1667 285 1734 post:
340 1667 604 1731 Virtutes,
652 1668 897 1735 inquam,
941 1667 1135 1734 quibus
1175 1672 1312 1719 recte
1355 1668 1581 1734 vivitur,
1624 1683 1826 1735 magna

116 1754 255 1807 bona
284 1758 443 1818 sunt;
502 1755 700 1823 species
746 1759 923 1807 autem
970 1754 1329 1824 quorumlibet
1368 1771 1671 1824 corporum,
1704 1757 1819 1808 sine

120 1842 319 1910 quibus
348 1847 487 1896 recte
511 1844 626 1896 vivi
644 1846 838 1911 potest,
854 1843 1079 1896 minima
1095 1842 1231 1896 bona
1246 1847 1372 1897 sunt
1396 1846 1677 1911 :potentiw
1704 1859 1826 1897 vero

120 1930 317 1996 animi,
358 1932 473 1982 sine
513 1931 707 1998 quibus
746 1934 884 1984 recte
926 1932 1041 1983 vivi
1087 1946 1193 1984 non
1228 1935 1423 1999 potest,
1463 1932 1641 1985 media
1690 1931 1827 1985 bona

118 2019 270 2071 sunt.
322 2018 627 2071 Virtutibus
647 2033 796 2072 nemo
812 2019 950 2071 male
977 2020 1152 2071 utitur
1176 2035 1189 2071 :
1223 2022 1427 2073 caeteris
1453 2024 1631 2073 autem
1653 2019 1823 2085 bonis,

121 2106 179 2158 id
200 2109 283 2159 est
311 2106 506 2161 mediis
536 2111 586 2160 et
614 2108 872 2171 minimis,
903 2122 1008 2161 non
1032 2108 1204 2161 solum
1233 2108 1376 2173 bene,
1397 2107 1490 2162 sed
1507 2110 1670 2161 etiam
1688 2108 1827 2161 male

120 2196 353 2263 quisque
382 2196 466 2247 uti
488 2198 679 2263 potest.
714 2197 785 2249 Et
838 2194 956 2249 ideo
993 2197 1193 2248 virtute
1221 2212 1369 2249 nemo
1426 2197 1565 2249 male
1613 2198 1821 2249 utitur:

120 2285 252 2350 quia
281 2298 418 2351 opus
448 2285 669 2337 virtutis
698 2288 775 2337 est
805 2283 969 2337 bonus
1000 2298 1133 2339 usus
1164 2286 1409 2349 istorum,
1442 2284 1637 2352 quibus
1663 2284 1826 2339 etiam

118 2387 225 2425 non
257 2371 389 2424 bene
419 2374 501 2426 uti
523 2386 807 2439 possumus
832 2387 845 2425 :
874 2388 1024 2426 nemo
1060 2377 1239 2426 autem
1269 2372 1395 2425 bene
1424 2373 1638 2438 utendo,
1686 2374 1826 2427 male

120 2462 313 2513 utitur.
345 2446 526 2524 Quare
546 2459 886 2513 abundantia
901 2464 949 2512 et
960 2459 1278 2528 magnitudo
1296 2460 1548 2514 bonitatis
1575 2463 1693 2530 Dei,
1718 2477 1824 2515 non

118 2550 292 2602 solum
337 2563 559 2615 magna,
611 2548 705 2602 sed
750 2550 914 2602 etiam
960 2549 1137 2602 media
1178 2552 1228 2601 et
1271 2550 1498 2602 minima
1538 2549 1675 2603 bona
1715 2565 1825 2604 esse

119 2639 402 2706 praestitit.
436 2638 615 2703 Magis
656 2636 938 2690 laudanda
970 2641 1049 2691 est
1091 2637 1302 2691 bonitas
1331 2638 1448 2705 ejus
1478 2639 1537 2691 in
1583 2641 1819 2705 magnis,

119 2741 284 2794 quam
310 2727 371 2779 in
392 2725 583 2779 mediis
608 2741 621 2791 ;
650 2729 699 2777 et
735 2727 909 2791 magis
936 2727 996 2779 in
1022 2724 1233 2790 mediis,
1262 2740 1425 2793 quam
1472 2727 1531 2779 in
1584 2728 1822 2782 minimis

121 2814 271 2868 bonis
298 2830 310 2866 :
343 2814 440 2868 sed
487 2815 661 2880 magis
691 2814 748 2867 in
772 2813 1036 2879 omnibus,
1065 2829 1230 2883 quam
1256 2815 1306 2867 si
1332 2828 1439 2867 non
1485 2814 1665 2867 omnia
1722 2814 1820 2866 tri-

121 2902 322 2957 buisset
354 2902 491 2971 (Lib.
524 2905 578 2967 2,
608 2918 653 2956 c.
692 2905 775 2968 19,
806 2918 861 2956 n.
895 2904 1000 2970 50).
1051 2903 1116 2956 Et
1142 2901 1253 2956 alio
1287 2902 1447 2956 loco:
1484 2904 1562 2955 Tu
1588 2905 1819 2967 tantum,

121 2992 369 3059 inquam,
396 2993 653 3059 pietatem
683 2992 1051 3045 inconcussam
1083 2994 1195 3044 tene
1226 2992 1265 3057 ί,
1295 2995 1357 3044 ut
1386 2991 1594 3044 nullum
1621 2990 1721 3043 tibi
1738 2990 1820 3043 bo-

118 3095 269 3146 num,
309 3080 392 3133 vel
416 3080 686 3143 sentienti,
718 3079 801 3132 vel
830 3079 1172 3146 intelligenti,
1203 3079 1286 3133 vel
1313 3093 1524 3146 quoquo
1552 3077 1706 3131 modo
1735 3092 1815 3130 co-

117 3171 321 3234 gitanti
348 3173 615 3234 occurrat,
647 3168 793 3237 quod
808 3184 909 3222 non
934 3170 1007 3222 sit
1029 3183 1096 3221 ea:
1115 3170 1238 3222 Deo.
1268 3169 1526 3238 Itemque
1550 3166 1662 3220 alio
1690 3166 1817 3220 loco

119 3256 277 3311 dixi:
310 3258 417 3313 Sed
444 3259 699 3326 quoniam
726 3271 833 3311 non
879 3258 1019 3312 sicut
1061 3260 1249 3325 sponte
1290 3257 1442 3310 homo
1478 3255 1688 3322 cecidit,
1738 3257 1817 3309 ita

118 3346 281 3400 etiam
320 3350 507 3415 sponte
545 3359 763 3412 surgere
801 3348 1008 3414 potest;
1046 3348 1351 3414 porrectam
1394 3345 1547 3399 nobis
1590 3344 1818 3412 desuper

118 3434 401 3488 dexteram
429 3436 541 3501 Dei,
572 3434 632 3488 id
649 3439 727 3488 est
746 3436 1029 3489 Dominum
1044 3438 1285 3488 nostrum
1299 3434 1492 3489 Jesum
1521 3433 1812 3504 Christum,

116 3525 277 3589 ﬁrma
296 3524 404 3591 ﬁde
437 3528 704 3577 teneamus
736 3522 858 3591 αα..
884 3538 929 3576 c.
963 3524 1052 3589 20,
1076 3538 1130 3576 η.
1156 3520 1269 3592 54).

189 3614 239 3664 5.
272 3612 340 3665 Et
385 3609 446 3664 in
499 3610 643 3665 libro
700 3610 891 3677 tertio,
951 3625 1081 3663 cum
1112 3609 1375 3664 dixissem
1419 3608 1581 3675 illud,
1615 3624 1730 3680 quo
1762 3613 1818 3663 et

118 3699 412 3769 Pelagium
442 3700 509 3754 de
556 3698 698 3754 meis
728 3700 1013 3770 opusculis
1061 3714 1228 3752 usum
1257 3698 1429 3753 fuisse
1467 3713 1816 3752 commemo-

116 3787 257 3856 ravi,
290 3788 420 3853 Quis
450 3790 609 3853 enim,
645 3790 889 3856 inquam,
916 3790 1101 3856 peccat
1138 3789 1198 3840 in
1226 3802 1282 3840 eo
1321 3786 1467 3855 quod
1506 3785 1656 3841 nullo
1697 3802 1814 3841 mo-

116 3875 183 3929 do
214 3878 398 3929 caveri
421 3876 633 3945 potest?
661 3877 916 3930 Peccatur
950 3879 1125 3929 autem
1150 3893 1167 3928 :
1197 3878 1377 3929 caveri
1405 3877 1580 3943 igitur
1604 3880 1777 3945 potest
1800 3891 1813 3941 ;

117 3963 394 4017 continuo
425 3967 651 4017 secutus
694 3962 927 4031 adjunxi
957 3979 969 4016 :
1002 3966 1072 4017 Et
1103 3968 1278 4017 tamen
1306 3965 1468 4017 etiam
1502 3978 1599 4031 per
1655 3965 1815 4031 igno-

112 4053 360 4105 rantiam
376 4052 529 4117 facta
552 4050 799 4120 quaedam
821 4051 1217 4119 improbantur,
1249 4055 1297 4105 et
1314 4050 1640 4120 corrigenda
1654 4050 1817 4119 judi-

114 4146 352 4203 cantur;
385 4141 523 4194 sicut
552 4141 614 4193 in
639 4139 842 4193 divinis
865 4139 1233 4193 auctoritabus
1262 4140 1504 4206 legimus.
1535 4140 1635 4194 Ait
1675 4141 1817 4193 enim

116 4228 434 4296 Apostolus,
471 4248 493 4275 ι
519 4227 948 4281 Misericordiam
987 4232 1293 4281 consecutus
1321 4242 1458 4290 sum,
1503 4229 1633 4296 quia
1664 4229 1816 4295 igno-

118 4331 248 4370 rans
297 4317 406 4382 feci
442 4336 461 4362 ι
500 4318 516 4385 (
545 4317 565 4368 Ι
602 4317 738 4369 Tim.
774 4332 811 4377 ι,
867 4316 988 4384 t3);
1017 4317 1098 4369 ait
1141 4320 1190 4368 et
1218 4316 1520 4385 propheta:
1556 4337 1584 4364 «
1615 4317 1817 4370 Delicta

108 4406 416 4473 juventutis
444 4419 571 4458 meae
598 4409 649 4458 et
676 4405 998 4473 ignorantiae
1025 4420 1150 4458 mea:
1177 4419 1242 4458 ne
1268 4405 1571 4459 memineris
1590 4424 1617 4454 »
1653 4405 1812 4473 (Psal.

121 4510 270 4560 xxxv,
314 4497 387 4546 7).
440 4493 577 4548 Sunt
614 4495 773 4547 etiam
805 4495 1115 4548 necessitate
1139 4494 1293 4560 facta
1315 4493 1694 4562 improbanda,
1725 4493 1821 4547 ubi

122 4582 239 4635 vult
264 4582 418 4636 homo
460 4586 599 4635 recte
627 4584 807 4648 facere
852 4586 902 4635 et
951 4597 1056 4636 non
1101 4588 1289 4651 potest.
1338 4584 1477 4640 Nam
1522 4582 1664 4636 unde
1693 4586 1818 4636 sunt

124 4670 230 4724 illa:
261 4685 450 4724 voces:
510 4690 531 4717 ι
559 4672 677 4726 Non
703 4673 841 4725 enim
871 4670 1015 4739 quod
1068 4672 1201 4736 volo,
1255 4673 1400 4738 facio
1457 4671 1685 4737 bonum;
1725 4670 1820 4725 sed

125 4758 268 4825 quod
296 4759 388 4812 odi
414 4758 632 4823 malum,
686 4759 781 4812 hoc
811 4774 922 4825 ego.
959 4781 986 4807 κ
1018 4761 1087 4813 Et
1123 4759 1299 4837 illud:
1355 4780 1377 4809 ι
1419 4760 1562 4814 Velle
1605 4760 1819 4829 adjacet

125 4849 292 4913 mihi;
323 4850 577 4916 perﬁcere
621 4852 799 4901 autem
828 4848 1040 4914 bonum,
1071 4863 1177 4901 non
1198 4866 1225 4897 ι)
1257 4845 1433 4917 (Rom.
1465 4863 1559 4914 vu,
1590 4849 1674 4912 15,
1711 4846 1814 4915 18).

126 4939 192 4991 Et
222 4938 393 4992 illud:
439 4956 467 4987 ‹‹
492 4938 627 4993 Caro
672 4939 997 5005 concupiscit
1034 4937 1291 4991 adversus
1326 4937 1603 5006 spiritum,
1649 4936 1817 5004 spiri-

129 5030 211 5080 tus
240 5031 420 5081 autem
459 5026 717 5080 adversus
764 5041 999 5079 carnem.
1038 5026 1160 5079 Haec
1204 5027 1343 5078 enim
1383 5025 1604 5078 invicem
1631 5023 1819 5077 adver-

129 5118 338 5181 santur,
363 5118 421 5169 ut
440 5130 545 5168 non
573 5130 636 5168 ea
656 5129 775 5184 qua
798 5115 985 5181 vultis,
1016 5115 1242 5181 faciatis
1265 5112 1292 5168 ἱ)
1318 5133 1345 5165 n
1379 5113 1584 5183 (Galat.
1615 5128 1669 5180 v,
1715 5112 1815 5180 17.)

128 5203 231 5257 Sed
268 5204 375 5258 hac
404 5205 585 5258 omnia
615 5203 889 5256 hominum
914 5206 1042 5257 sunt
1069 5218 1136 5256 ea:
1164 5202 1263 5256 illa
1290 5204 1478 5256 mortis
1512 5201 1819 5255 damnatio-

127 5307 194 5344 τηε
221 5294 561 5347 venientium.
595 5293 735 5347 Nam
759 5292 809 5345 si
852 5305 959 5345 non
987 5294 1065 5345 est
1102 5292 1211 5345 ista
1250 5307 1407 5360 paena
1444 5292 1696 5356 hominis,
1768 5306 1822 5344 se

135 5384 369 5448 natura;
401 5382 556 5435 nulla
580 5382 689 5434 ista
710 5384 931 5449 peccata
960 5384 1104 5433 sunt.
1139 5380 1201 5435 Si
1239 5381 1382 5434 enim
1422 5395 1527 5434 non
1556 5376 1824 5433 reccditur

196 5593 206 5624 ι
240 5591 360 5643 Mss.
396 5595 638 5655 quatuor,
662 5594 872 5658 pietate
899 5593 1224 5642 inconcussa
1254 5592 1389 5645 tene.

1611 307 1824 364 LIBER
1873 306 2157 365 PRIMUS.

3530 314 3632 367 598

1937 434 2006 487 ab
2032 448 2089 488 eo
2120 434 2274 488 modo
2304 448 2407 502 quo
2435 434 2763 488 naturaliter
2790 437 2972 502 factus
2992 440 3090 502 est,
3121 439 3201 491 ita
3229 442 3288 491 ut
3308 439 3500 493 melius
3523 454 3633 494 esse

1938 538 2042 576 non
2056 524 2229 590 possit
2253 542 2268 588 ;
2297 537 2360 575 ea
2385 538 2504 591 quae
2528 522 2699 589 debet,
2730 525 2886 589 facit,
2908 540 3027 578 cum
3040 525 3148 580 hac
3172 527 3331 592 facit.
3365 529 3426 583 Si
3452 533 3633 583 autem

1939 611 2105 665 bonus
2136 612 2288 665 homo
2318 615 2472 677 esset,
2499 612 2669 666 aliter
2697 619 2830 667 esset
2854 628 3022 679 ;nunc
3050 618 3228 668 autem
3259 618 3390 684 quia
3420 618 3501 671 ita
3532 622 3630 683 est,

1936 714 2044 753 non
2065 704 2145 753 est
2182 700 2366 765 bonus,
2400 715 2491 753 nec
2530 701 2687 754 habet
2718 704 2776 755 in
2812 706 3075 770 potestate
3112 708 3173 756 ut
3203 704 3367 759 bonus
3396 708 3489 771 sit,
3523 707 3635 760 sive

1936 805 2039 843 non
2068 788 2298 843 videndo
2328 790 2508 858 qualis
2536 804 2646 843 esse
2671 790 2880 859 debeat,
2919 793 3034 846 sive
3061 792 3290 847 videndo
3330 796 3381 847 et
3416 809 3521 847 non
3543 810 3635 848 va-

1938 878 2089 931 lendo
2118 893 2228 932 esse
2272 879 2483 946 qualem
2525 894 2580 933 se
2625 878 2811 933 debere
2862 894 2971 933 esse
3014 880 3178 933 videt.
3229 882 3444 934 Pamam
3473 883 3635 935 istam

1935 981 2045 1021 esse
2073 969 2196 1035 quis
2238 966 2486 1021 dubitet?
2512 968 2694 1023 Omnis
2726 971 2902 1022 autem
2921 983 3104 1037 poena,
3136 970 3187 1023 si
3207 969 3364 1037 justa
3387 972 3484 1031 est,
3508 985 3632 1038 pec-

1935 1058 2047 1110 cati
2087 1072 2250 1125 pama
2276 1059 2374 1125 est,
2404 1060 2455 1109 et
2485 1057 2814 1126 supplicium
2842 1059 3182 1112 nominatur.
3229 1057 3293 1113 Si
3335 1062 3512 1113 autem
3542 1061 3635 1113 in-

1924 1145 2081 1211 justa
2128 1158 2290 1212 paena
2333 1148 2428 1209 est,
2489 1146 2744 1211 quoniam
2781 1159 2997 1212 paanam
3042 1158 3152 1198 esse
3188 1159 3338 1199 nemo
3376 1145 3629 1213 ambigit;

1937 1232 2139 1299 injusto
2182 1232 2367 1301 aliquo
2416 1231 2727 1286 dominante
2769 1233 2974 1285 homini
3018 1234 3275 1301 imposita
3316 1238 3411 1287 est.
3466 1236 3634 1289 Porro

1933 1321 2065 1387 quia
2090 1318 2155 1371 de
2205 1320 2592 1386 omnipotentia
2632 1320 2726 1371 Dei
2748 1323 2799 1371 et
2833 1319 3059 1386 justitia
3086 1319 3339 1374 dubitare
3369 1320 3630 1376 dementis

1934 1413 2031 1472 est,
2047 1406 2203 1475 justa
2232 1408 2341 1461 hzec
2367 1422 2525 1475 paena
2552 1410 2650 1472 est,
2686 1410 2738 1460 et
2762 1421 2864 1475 pro
2889 1412 3102 1475 peccato
3133 1410 3318 1476 aliquo
3351 1409 3629 1477 penditur.

1934 1497 2052 1549 Non
2082 1497 2222 1549 enim
2252 1489 2541 1565 quisqu'am
2576 1496 2814 1564 injustas
2871 1495 3199 1562 dominator,
3232 1500 3329 1549 aut
3356 1496 3635 1566 subripere

1936 1585 2199 1637 hominem
2223 1586 2405 1653 potuit
2429 1585 2574 1638 velut
2596 1586 2878 1652 ignoranti
2929 1586 3045 1646 Deo,
3078 1589 3174 1638 aut
3203 1589 3516 1654 extorquere
3545 1588 3630 1641 in-

1932 1673 2060 1731 vito,
2098 1676 2358 1741 tanquam
2375 1672 2718 1738 invalidiori,
2750 1674 2833 1725 vel
2851 1672 3097 1726 terrendo
3126 1673 3209 1726 vel
3237 1674 3562 1740 conﬂigendo
3592 1676 3630 1740 ¹,

1932 1764 1994 1812 ut
2021 1759 2284 1813 hominem
2311 1760 2521 1827 injusta
2542 1775 2701 1828 pazna
2729 1762 3012 1814 cruciaret.
3048 1760 3395 1828 Relinquitur
3422 1776 3544 1826 ergo
3574 1766 3635 1814 ut

1935 1848 2044 1901 haec
2072 1862 2228 1915 poena
2255 1849 2410 1916 justa
2449 1847 2516 1901 de
2542 1848 2888 1902 damnatione
2925 1849 3155 1902 heminis
3183 1850 3366 1901 veniat
3400 1849 3542 1915 (Lib.
3577 1851 3629 1913 3,

1934 1950 1979 1989 c.
2019 1935 2103 1998 18,
2137 1949 2227 1986 nn.
2262 1934 2351 1998 50,
2391 1934 2499 2002 51).
2535 1933 2599 1986 Et
2626 1932 2738 1987 alio
2765 1934 2891 1987 loco
2925 1949 2938 1986 :
2991 1933 3332 2001 Approbare,
3384 1936 3628 2001 inquam,

1932 2021 2081 2087 falsa
2099 2036 2199 2090 pro
2224 2024 2365 2075 veris
2388 2024 2450 2073 ut
2475 2025 2613 2074 erret
2646 2022 2871 2084 invitus,
2913 2025 2964 2074 et
2991 2022 3269 2074 resistente
3319 2026 3482 2091 atque
3521 2028 3631 2075 tor-

1936 2114 2126 2178 quente
2152 2109 2333 2163 dolore
2356 2112 2378 2145 ²
2423 2110 2662 2163 comatis
2690 2110 2913 2175 vinculi,
2945 2124 3050 2163 non
3074 2124 3231 2178 posse
3258 2125 3294 2163 a
3324 2110 3631 2166 libidinosis

1934 2198 2185 2268 operibus
2216 2203 2529 2267 imperare,
2548 2214 2654 2253 non
2672 2203 2751 2253 est
2778 2204 2979 2253 natura
3000 2200 3243 2253 instituti
3267 2199 3519 2264 hominis,
3535 2197 3632 2250 sed

1933 2303 2089 2356 plena
2118 2288 2383 2342 damnati.
2418 2289 2559 2341 Cum
2590 2291 2766 2341 autem
2804 2287 2870 2341 de
2924 2288 3094 2342 libera
3121 2284 3145 2320 ⁸
3176 2288 3448 2341 voluntate
3492 2289 3631 2339 recte

1931 2377 2175 2442 faciendi
2198 2378 2488 2446 loquimur,
2522 2376 2587 2431 de
2614 2377 2710 2431 illa
2736 2378 2939 2431 scilicet
2992 2378 3050 2430 in
3078 2392 3190 2445 qua
3246 2376 3397 2430 homo
3445 2376 3628 2441 factus

1932 2470 2030 2531 est,
2065 2466 2336 2535 loquimur
2363 2465 2542 2536 (lbid.,
2572 2480 2627 2518 n.
2666 2466 2772 2534 52).

2004 2555 2054 2607 6.
2090 2554 2225 2607 Ecce
2262 2557 2379 2607 tam
2404 2553 2573 2623 longe
2601 2559 2911 2623 antequam
2942 2551 3248 2622 Pelagiana
3276 2551 3511 2605 haeresis
3537 2567 3629 2605 ex-

1931 2640 2187 2704 stitisset,
2220 2640 2299 2695 sic
2324 2640 2763 2711 disputavimus,
2803 2640 2956 2694 velut
2977 2640 3101 2710 jam
3130 2643 3327 2694 contra
3355 2639 3481 2693 illos
3506 2639 3629 2693 dis-

1930 2733 2282 2800 putaremus.
2317 2729 2458 2783 Cum
2488 2728 2847 2783 enimomnia
2872 2728 3022 2782 bona
3043 2728 3367 2783 dicerentur
3393 2744 3459 2783 ex
3487 2729 3624 2794 Deo,

1930 2816 1988 2871 id
2020 2822 2104 2871 est
2134 2822 2191 2871 et
2220 2832 2447 2886 magna,
2479 2821 2535 2871 et
2563 2815 2773 2883 media,
2808 2820 2864 2870 et
2891 2815 3165 2869 minima:
3196 2816 3256 2869 in
3274 2816 3477 2870 mediis
3504 2815 3628 2886 qui-

1930 2905 2058 2960 dem
2110 2905 2275 2959 bonis
2319 2904 2606 2959 invenitur
2659 2903 2907 2958 liberum
2958 2903 3265 2958 voluntatis
3303 2903 3623 2968 arbitrium,

1930 2993 2067 3063 quia
2098 2997 2156 3048 et
2182 2993 2330 3047 male
2380 2992 2478 3047 illo
2531 2992 2617 3046 uti
2648 3006 2946 3062 possumus
2972 3007 2985 3057 ;
3019 2991 3116 3045 sed
3144 2996 3339 3046 tamen
3373 2991 3486 3045 tale
3517 2994 3623 3059 est,

1927 3086 1992 3135 ut
2020 3082 2139 3136 sine
2170 3082 2268 3137 illo
2317 3084 2466 3136 recte
2514 3080 2700 3135 vivere
2757 3095 3128 3151 nequeamus.
3189 3080 3377 3134 Bonus
3431 3082 3623 3133 autem

1928 3186 2064 3225 usus
2091 3171 2211 3241 ejus
2221 3170 2342 3241 jam
2353 3170 2531 3224 virtus
2543 3173 2649 3235 est,
2665 3184 2792 3241 quae
2812 3168 2871 3223 in
2890 3167 3114 3239 magnis
3137 3167 3419 3238 reperitur
3431 3166 3620 3236 bonis,

1926 3258 2136 3329 quibus
2162 3260 2310 3313 male
2345 3258 2426 3312 uti
2473 3258 2668 3312 nullus
2696 3260 2899 3328 potest.
2954 3258 3020 3311 Et
3047 3256 3181 3327 quia
3212 3255 3405 3310 omnia
3446 3255 3618 3322 bona,

1926 3346 2070 3402 sicut
2124 3346 2339 3402 dictum
2369 3351 2473 3414 est,
2505 3350 2561 3401 et
2593 3362 2816 3417 magna,
2857 3349 2913 3400 et
2942 3344 3154 3413 media,
3186 3349 3242 3399 et
3271 3343 3511 3398 minima
3547 3359 3618 3398 ex

1926 3437 2042 3491 Deo
2081 3441 2247 3501 sunt;
2280 3437 2559 3507 sequitur,
2590 3439 2653 3490 ut
2680 3452 2748 3490 ex
2780 3437 2894 3489 Deo
2933 3434 3008 3489 sit
3052 3434 3223 3489 etiam
3264 3435 3449 3489 bonus
3480 3449 3617 3487 usus

1923 3524 2119 3579 libera:
2147 3524 2475 3592 volunta‘is,
2510 3540 2639 3594 quas
2668 3523 2847 3577 virtus
2873 3527 2975 3588 est,
3008 3528 3065 3577 et
3094 3523 3155 3576 in
3175 3522 3398 3591 magnis
3426 3537 3619 3576 nume-

1923 3617 2084 3667 ratur
2114 3612 2302 3667 bonis.
2335 3612 2550 3667 Deinde
2577 3612 2793 3666 dictum
2822 3616 2928 3677 est,
2964 3627 3033 3664 ex
3062 3627 3174 3681 qua
3203 3610 3434 3664 miseria
3485 3626 3617 3680 pec-

1924 3701 2185 3756 cantibus
2228 3700 2542 3771 justissime
2598 3699 2834 3765 inﬂicta,
2882 3699 3087 3753 liberet
3124 3698 3225 3752 Dei
3255 3698 3451 3768 gratia,
3483 3698 3619 3768 quia

1924 3792 2128 3861 sponte
2187 3790 2381 3854 homo,
2429 3787 2487 3842 id
2529 3792 2614 3842 est
2648 3788 2830 3842 libero
2873 3785 3130 3852 arbitrio,
3179 3787 3378 3841 cadere
3408 3785 3615 3855 potuit,

1924 3894 2040 3932 non
2070 3877 2244 3932 etiam
2270 3892 2501 3946 surgere
2525 3891 2539 3929 :
2569 3876 2638 3930 ad
2671 3891 2840 3946 quam
2869 3874 3159 3928 miseriam
3185 3876 3353 3945 justas
3379 3873 3617 3928 damna-

1922 3966 2098 4019 tionis
2125 3965 2377 4036 pertinet
2404 3963 2729 4035 ignorantia
2756 3967 2812 4018 et
2839 3962 3164 4025 difﬁcultas,
3199 3977 3370 4033 quam
3402 3961 3620 4032 patitur

1925 4052 2112 4107 omnis
2140 4053 2313 4107 homo
2342 4052 2413 4106 ab
2460 4051 2693 4106 exordio
2742 4050 3050 4105 nativitatis
3080 4066 3235 4116 suas;
3266 4066 3370 4104 nec
3397 4050 3468 4104 ab
3512 4048 3618 4104 isto

1924 4142 2098 4206 malo,
2132 4140 2241 4194 nisi
2257 4139 2357 4194 Dei
2375 4139 2578 4209 gratia,
2597 4139 3196 4210 quisquamliberatur
3213 4139 3416 4207 (Lib.2,
3450 4140 3614 4203 0.20;

1924 4235 1974 4286 et
2005 4231 2101 4285 lib.
2131 4234 2181 4298 3,
2213 4246 2258 4284 c.
2295 4231 2409 4299 l8);
2446 4245 2619 4300 quam
2663 4228 2954 4283 miseriam
2982 4227 3272 4298 Pelagiani
3301 4229 3507 4281 nolunt
3554 4243 3620 4281 ex

1918 4318 2073 4389 justa
2104 4316 2472 4373 damnatione
2500 4317 2861 4383 descendere,
2892 4320 3167 4387 negantes
3197 4315 3475 4385 originale
3496 4330 3621 4385 pec-

1924 4409 2148 4460 catum:
2183 4404 2442 4476 quamvis
2469 4403 2792 4474 ignorantia
2822 4406 2878 4457 et
2919 4402 3245 4467 difﬁcultas,
3277 4400 3498 4455 etiamsi
3539 4416 3620 4454 es—

1925 4498 2051 4547 sent
2079 4491 2327 4547 bominis
2354 4491 2670 4563 primordia
2695 4491 3014 4557 naturalia;
3041 4506 3146 4544 nec
3175 4489 3253 4543 sic
3281 4487 3618 4559 culpandus,

1926 4580 2024 4634 sed
2057 4580 2374 4635 laudandus
2403 4583 2552 4634 esset
2582 4581 2748 4644 Deus,
2782 4579 2927 4633 sicut
2962 4578 3021 4632 in
3052 4578 3250 4632 eodem
3279 4577 3445 4632 tertio
3475 4577 3621 4631 libro

1925 4668 2336 4739 disputavimus
2386 4667 2553 4737 (Lib._
2587 4671 2639 4723 3.
2691 4683 2764 4723 cc.
2799 4669 2888 4733 20,
2945 4666 3060 4735 21).
3119 4666 3254 4731 Quae
3311 4664 3620 4736 disputatio

1925 4761 2125 4811 contra
2151 4756 2763 4811 Manichmoshabenda
2791 4759 2894 4818 est,
2928 4755 3027 4826 qui
3044 4770 3159 4808 non
3186 4753 3624 4824 accipiuntScri—
3659 4816 3665 4820 ,

1924 4845 2122 4911 pturas
2163 4845 2385 4894 sanctas
2414 4839 2629 4894 Veteris
2671 4837 3062 4907 Instrumenti,
3094 4838 3153 4893 in
3199 4838 3409 4911 quibus
3440 4838 3623 4909 origi-

1926 4931 2053 4984 nale
2084 4932 2377 5000 peccatum
2408 4932 2676 4983 narratur
2700 4944 2714 4995 ;
2743 4932 2800 4983 et
2830 4927 3113 4999 quidquid
3142 4927 3277 4982 inde
3306 4927 3366 4981 in
3396 4925 3623 4982 Litteris

1926 5017 2248 5088 apostolicis
2276 5016 2486 5088 legitur
2516 5016 2836 5072 detestabili
2890 5016 3247 5087 impudentia
3296 5014 3616 5070 immissum

1926 5107 2098 5162 fuisse
2125 5106 2476 5161 contendunt
2504 5123 2538 5161 a
2566 5104 2994 5176 corruptoribus
3021 5104 3467 5175 Scripturarum,
3492 5105 3620 5156 tan-

1990 5215 2006 5247 ι
2044 5211 2232 5274 Scripti
2261 5211 2440 5274 plures
2464 5224 2525 5261 ac
2554 5210 2803 5274 potiores,
2835 5209 3224 5274 conturbando.

1990 5226 2006 5247 ι
2044 5226 2155 5261 acri
2194 5226 2232 5261 ιι
2298 5226 2440 5260 iures
2464 5226 2525 5261 ac
2554 5226 2803 5274 pouores,
2835 5226 3224 5260 conmroanaa.

1988 5275 2010 5308 ³
2043 5275 2099 5323 in
2122 5227 2227 5322 Apes
2255 5226 2484 5332 guobus,
2514 5286 2722 5336 necnon
2752 5273 2807 5321 in
2823 5282 3001 5336 marg.
3023 5271 3324 5327 Am.etEr.,
3346 5266 3548 5319 calore.
3566 5294 3621 5303 -—

1927 5336 2013 5402 Er;
2045 5335 2200 5402 (juill.
2223 5336 2278 5384 in
2308 5335 2781 5402 margine,_dolore_.
2958 5335 3003 5402 ί-
3090 5396 3100 5402 _
3153 5396 3163 5402 ι
3242 5392 3284 5402 η
3366 5394 3375 5402 _
3537 5393 3546 5402 .

1996 5400 2017 5433 3
2051 5398 2175 5447 Lov.
2198 5411 2318 5447 cum
2346 5389 2710 5460 aliquot_'Mss.,
2731 5395 3211 5460 dejtlavoluntate.
3227 5389 3626 5460 Abestverojlla

1932 5460 2170 5532 a_t:orb.,_
2187 5473 2282 5532 pro
2301 5473 2406 5532 quo
2423 5452 2561 5532 apud
2580 5452 2771 5532 ᾼωίθῐ
2781 5459 2888 5520 Er.,
2910 5457 3099 5531 libera.
3126 5452 3546 5532 Sicporpolibﬁ
3559 5452 3624 5532 de

1932 5526 2115 5576 Libero
2146 5513 2391 5582 Arbitrio,
2422 5513 2563 5571 unde
2591 5513 3138 5575 hucrevocavimus—
3167 5513 3288 5565 Ldv.
3321 5514 3459 5576 Palu,
3479 5513 3544 5567 de
3563 5514 3627 5568 li-

1936 5588 2067 5638 bera
2105 5584 2396 5643 voluntate,
2431 5583 2544 5633 sine
2571 5582 2685 5633 illa.
2722 5582 2787 5630 M.
