4062 6352
384 282 487 332 599

384 416 557 472 quam
586 415 707 455 non
734 399 908 455 fuerit
927 398 998 455 ab
1026 399 1315 470 Apostolis
1343 399 1577 457 dictum.
1601 401 1806 456 Contra
1836 401 2084 472 Pelagia-

382 505 489 543 nos
522 494 717 545 autem
745 489 855 544 hoc
885 488 1309 543 defendendum
1338 494 1440 557 est,
1475 490 1632 561 quod
1659 494 1900 562 utraque
1938 490 2085 547 Scri-

382 583 556 649 ptura
584 577 966 644 commendat,
999 592 1173 648 quam
1204 593 1262 632 se
1286 577 1541 649 accipere
1578 579 1935 650 proﬁtentur.
1971 582 2088 635 Hoc

385 682 530 737 opus
570 666 647 721 sic
676 666 913 738 incipit:
947 667 1052 721 Dic
1081 668 1239 735 mihi,
1272 683 1449 736 quaso
1481 673 1549 735 te,
1580 673 1763 723 utrum
1806 672 1951 724 Deus
1982 685 2089 724 non

385 758 460 812 sit
489 760 675 811 auctor
695 757 846 810 mali.

1083 834 1310 889 CAPUT
1339 836 1401 889 X.

601 924 675 975 De
700 921 890 977 Genesi
917 920 1177 975 adversus
1206 922 1554 991 Manichzos,
1589 922 1721 976 libri
1748 922 1874 978 duo.

466 1013 516 1063 1.
545 1010 671 1067 lam
711 1024 846 1062 vero
883 1008 945 1062 in
985 1008 1174 1062 Africa
1216 1009 1575 1075 constitutus,
1624 1009 1820 1079 scripsi
1852 1009 1995 1064 duos
2022 1009 2091 1063 1i-

390 1098 523 1152 bros
553 1098 623 1152 de
676 1096 875 1152 Genesi
904 1102 1101 1151 contra
1129 1096 1492 1152 Manichaeos.
1533 1098 1801 1162 Quamvis
1848 1098 2005 1152 enim
2033 1097 2093 1151 in

394 1184 788 1257 superioribus
817 1185 978 1240 libris
1005 1185 1284 1257 quidquid
1315 1186 1617 1257 disputavi,
1650 1186 1800 1241 unde
1832 1186 2094 1241 ostende-

394 1289 516 1329 rem
544 1277 725 1329 Deum
755 1290 977 1329 summe
1003 1275 1222 1329 bonum
1250 1278 1307 1328 et
1333 1273 1754 1329 immutabilem
1783 1279 2096 1329 creatorem

392 1379 515 1419 esse
545 1362 806 1418 omnium
835 1363 1199 1417 mutabilium
1230 1366 1586 1430 naturarum,
1618 1378 1724 1417 nec
1752 1363 1930 1416 ullam
1972 1378 2096 1417 esse

399 1456 665 1506 naturam
705 1452 916 1505 malam
947 1448 966 1482 ί
996 1451 1110 1505 sive
1140 1450 1510 1505 substantiam
1549 1493 1561 1516 ,
1592 1451 1653 1505 in
1682 1456 1965 1523 quantum
2003 1467 2100 1505 na-

398 1544 528 1594 tura
556 1544 641 1594 est
664 1543 833 1610 atque
863 1539 1198 1607 substantia,
1248 1539 1515 1594 adversus
1541 1539 1879 1595 Manichaaos
1906 1544 2101 1599 nostra

401 1628 726 1698 invigilaret
753 1627 1027 1694 intentio;
1078 1626 1170 1681 isti
1200 1630 1396 1681 tamen
1426 1628 1539 1681 duo
1582 1627 1716 1681 libri
1745 1628 2100 1697 apertissime

402 1716 669 1770 adversus
699 1732 793 1768 eos
832 1714 971 1769 editi
1003 1720 1133 1769 sunt
1159 1715 1219 1769 in
1249 1715 1641 1770 defensionem
1688 1716 1895 1769 veteris
1932 1716 2099 1786 legis,

403 1818 576 1875 qnam
598 1801 925 1856 vehementi
953 1801 1139 1855 studio
1162 1802 1357 1855 vesani
1395 1802 1605 1857 erroris
1639 1807 2002 1874 oppugnant.
2038 1804 2104 1857 In

402 1890 609 1962 primo,
646 1890 717 1944 ab
755 1906 821 1943 eo
862 1889 1018 1960 quod
1065 1889 1342 1960 scriptum
1395 1895 1498 1959 est,
1548 1894 1610 1947 In
1656 1894 1928 1962 principio
1973 1894 2106 1959 fecit

404 1984 540 2035 Deus
580 1979 765 2032 caelum
793 1982 843 2032 et
874 1984 1074 2033 terram
1115 1980 1261 2049 (Gen.
1311 1997 1351 2043 ι,
1388 1982 1458 2050 1),
1497 1980 1679 2035 donec
1724 1986 1941 2052 septem
1970 1996 2104 2052 per-

406 2072 649 2139 agantur
679 2067 821 2136 dies,
862 2067 961 2121 ubi
995 2067 1357 2138 legiturDeus
1393 2069 1743 2139 requievisse
1783 2069 1845 2124 in
1888 2069 1980 2125 die
2018 2086 2107 2124 se-

404 2158 610 2230 ptimo.
646 2158 710 2211 In
739 2158 987 2212 secundo
1027 2163 1242 2226 autem,
1282 2159 1352 2213 ab
1382 2175 1448 2213 eo
1478 2159 1635 2230 quod
1681 2159 1954 2231 scriptum
2002 2164 2105 2231 est,

408 2250 509 2302 Hic
540 2247 674 2300 libzr
701 2250 960 2300 creatura:
995 2247 1112 2300 cazli
1138 2251 1188 2300 et
1218 2251 1373 2301 terrae
1403 2247 1503 2317 (Id.
1536 2264 1590 2310 ιι,
1618 2248 1692 2315 4),
1725 2248 1904 2302 donec
1926 2247 2109 2302 Adam

411 2340 469 2389 et
495 2334 705 2389 mulier
745 2334 869 2405 ejus
914 2334 1134 2389 dimissi
1175 2341 1306 2389 sunt
1353 2336 1422 2390 de
1459 2336 1743 2407 paradiso,
1772 2341 1826 2391 et
1854 2336 2112 2390 custodia

409 2424 594 2496 posita
623 2429 707 2476 est
737 2424 891 2494 ligno
934 2423 1086 2477 vitae.
1122 2423 1338 2477 Deinde
1367 2423 1427 2477 in
1456 2424 1569 2477 fine
1602 2423 1753 2490 libri,
1787 2423 2109 2487 erroriMa-

410 2511 760 2565 nichaeorum
794 2511 967 2565 ﬁdem
1013 2511 1301 2566 catholica:
1340 2512 1593 2566 veritatis
1641 2511 1920 2583 opposui;
1967 2511 2107 2582 quid

413 2599 500 2653 illi
529 2599 737 2666 dicant,
785 2604 841 2653 et
882 2616 987 2653 nos
1031 2599 1171 2671 quid
1217 2599 1494 2668 dicamus,
1524 2599 1774 2655 breviter
1802 2604 2112 2672 aperteque

421 2688 824 2759 complectens.

491 2780 544 2829 2.
577 2776 737 2840 Quod
765 2792 897 2830 vero
935 2776 1071 2843 dixi,
1102 2776 1248 2831 Illud
1278 2780 1458 2831 autem
1507 2792 1615 2831 non
1651 2776 2116 2831 irrationabilium

420 2868 605 2920 avium
639 2863 663 2897 ³
686 2866 861 2919 oculos
885 2868 1084 2935 pascit,
1133 2865 1228 2920 sed
1271 2881 1415 2935 pura
1458 2865 1622 2919 corda
1664 2880 1843 2920 eorum
1882 2867 1979 2933 qui
2013 2867 2117 2919 Deo

423 2954 664 3017 credunt,
693 2960 743 3009 et
770 2954 837 3007 ab
856 2969 1033 3008 amore
1056 2955 1356 3009 visibilium
1370 2969 1551 3008 rerum
1577 2960 1626 3008 et
1649 2956 2039 3024 temporalium,
2064 2969 2120 3008 se

418 3042 493 3095 ad
519 3043 631 3111 ejus
658 3048 927 3113 praecepta
956 3043 1231 3111 implenda
1260 3048 1573 3097 convertunt
1603 3058 1616 3108 ;
1650 3044 1795 3112 quod
1815 3058 1990 3097 omnes
2021 3043 2115 3097 Ιιο-

422 3132 591 3184 mines
616 3135 865 3198 possunt,
888 3132 938 3184 si
964 3132 1128 3185 velint
1152 3131 1322 3199 (Lib.,
1360 3135 1408 3198 1,
1432 3146 1476 3185 c.
1507 3133 1559 3191 3,
1592 3147 1644 3186 n.
1679 3132 1752 3200 6),
1780 3146 1897 3185 non
1927 3130 2120 3185 existi-

424 3222 585 3272 ment
629 3218 765 3271 novi
800 3217 1053 3271 haeretici
1082 3218 1375 3289 Pelagiani
1419 3218 1730 3272 secundum
1761 3235 1857 3272 eos
1887 3235 2006 3272 esse
2037 3219 2121 3273 di-

424 3311 603 3361 ctum.
635 3307 845 3359 Verum
875 3309 959 3359 est
1013 3304 1168 3359 enim
1198 3303 1452 3370 omnino,
1486 3322 1682 3360 omnes
1710 3306 1971 3361 homines
2015 3308 2125 3361 hoc

425 3410 613 3465 posse,
646 3391 694 3446 si
723 3393 932 3459 velint;
966 3393 1059 3447 sed
1105 3400 1462 3464 praeparatur
1490 3395 1751 3449 voluntas
1782 3412 1817 3449 a
1859 3396 2120 3463 Domino,

430 3487 487 3535 et
525 3485 750 3535 tantum
805 3485 1046 3551 augetur
1103 3498 1341 3537 munere
1393 3482 1705 3552 charitatis,
1754 3488 1820 3539 ut
1856 3484 2123 3555 possint:

431 3571 586 3643 quod
614 3570 706 3625 hic
735 3570 863 3625 ideo
891 3571 1103 3626 dictum
1134 3588 1253 3626 non
1283 3577 1389 3643 est,
1418 3574 1691 3645 quoniam
1719 3577 1992 3646 praesenti
2019 3594 2124 3631 ne-

427 3659 734 3714 cessarium
772 3676 891 3714 non
920 3666 1041 3715 erat
1068 3662 1388 3732 quaestioni.
1421 3662 1581 3727 Quod
1609 3679 1743 3718 vero
1774 3664 1857 3720 ibi
1884 3664 2123 3737 legitur,

428 3748 884 3803 benedictionem
914 3749 1017 3804 Dei
1047 3767 1159 3820 qua
1190 3750 1405 3805 dictum
1434 3756 1539 3820 est,
1575 3753 1816 3808 Crescite
1842 3759 1892 3808 et
1937 3756 2125 3808 multi-

427 3837 718 3907 plicamini
748 3838 898 3909 (Gen.
941 3856 977 3907 ι,
1020 3842 1135 3910 28),
1166 3839 1226 3893 in
1251 3841 1537 3895 carnalem
1569 3841 1975 3897 fecunditatem
2002 3848 2132 3913 post

431 3933 727 3997 peccatum
758 3944 1089 3982 conversam
1130 3945 1250 3982 esse
1297 3930 1642 3985 credendam
1672 3932 1815 4001 (Lib.
1866 3935 1917 4001 I,
1957 3948 2000 3986 c.
2042 3935 2126 3997 l9,

432 4034 486 4072 n.
523 4017 646 4088 30);
679 4016 728 4070 si
754 4032 872 4070 non
900 4021 1089 4088 potest
1106 4018 1220 4072 alio
1252 4018 1423 4072 modo
1455 4019 1670 4073 dictum
1697 4020 1896 4083 videri,
1933 4020 2043 4075 nisi
2068 4024 2133 4075 ut

434 4109 709 4175 putentur
737 4104 819 4158 illi
849 4104 1114 4159 homines
1140 4121 1258 4159 non
1285 4106 1539 4160 habituri
1564 4106 1736 4161 fuisse
1766 4108 1913 4162 ﬁlios
1943 4108 2131 4163 homi-

436 4209 536 4247 nes
568 4192 679 4247 nisi
706 4197 1056 4261 peccassent,
1082 4192 1319 4245 omnino
1342 4209 1459 4247 non
1487 4195 1762 4263 approbo.
1796 4196 1941 4249 Illud
1962 4196 2134 4250 etiam

432 4296 552 4335 non
582 4284 665 4334 est
685 4294 1062 4349 consequens,
1096 4284 1159 4333 ut
1188 4278 1316 4333 ideo
1371 4280 1726 4350 intelligatur
1763 4281 1824 4335 in
1857 4282 2137 4352 allegoria

438 4366 842 4422 tantummodo
874 4382 995 4420 esse
1036 4366 1453 4437 accipiendum,
1493 4368 1649 4439 quod
1677 4369 1870 4424 herbae
1907 4369 2134 4438 virides,

441 4461 500 4511 et
525 4456 684 4527 ligna
710 4453 994 4508 fructifera
1024 4455 1181 4509 omni
1206 4456 1404 4525 generi
1430 4456 1765 4527 bestiarum,
1796 4462 1852 4512 et
1872 4458 2140 4514 omnibus

442 4544 661 4606 avibus,
692 4547 747 4597 et
776 4541 1041 4597 omnibus
1066 4543 1427 4614 serpentibus
1446 4543 1506 4599 in
1531 4543 1678 4600 libro
1700 4546 1979 4601 Geneseos
2005 4546 2140 4602 dan-

443 4639 540 4689 tur
572 4634 644 4688 ad
699 4632 913 4703 cibum,
970 4632 1106 4704 quia
1155 4636 1289 4687 sunt
1335 4633 1730 4704 quadrupedia
1783 4640 1841 4690 et
1890 4637 2141 4692 volatilia

444 4739 576 4794 quae
605 4722 741 4776 solis
771 4721 1035 4776 carnibus
1063 4720 1251 4776 vivere
1280 4721 1581 4776 videantur
1610 4723 1735 4789 (Id.,
1757 4739 1801 4778 c.
1826 4726 1913 4790 20,
1943 4741 2000 4781 n.
2031 4726 2137 4793 31).

448 4810 763 4867 Fierienim
782 4816 976 4881 posset
1005 4815 1066 4865 ut
1092 4812 1384 4865 alerentur
1411 4810 1481 4865 ab
1505 4811 1835 4867 hominibus
1867 4812 2040 4868 etiam
2071 4813 2143 4869 de

448 4900 723 4956 fructibus
749 4904 937 4969 terrae,
979 4899 1027 4954 si
1065 4905 1297 4971 propter
1324 4899 1708 4956 obedientiam
1738 4918 1853 4973 qua
1881 4902 1989 4974 ipsi
2029 4902 2142 4958 ho-

450 4988 635 5044 mines
666 4990 778 5041 Deo
809 4989 928 5042 sine
973 4989 1089 5041 ulla
1118 4988 1419 5059 iniquitate
1461 4989 1757 5057 servirent,
1787 4995 2146 5046 mererentur

452 5092 652 5132 omnes
682 5077 889 5131 bestias
918 5080 975 5130 et
1016 5092 1144 5131 aves
1172 5076 1332 5131 omni
1370 5078 1541 5132 modo
1570 5078 1782 5134 habere
1813 5080 2144 5136 servientes.

452 5167 595 5220 Item
651 5180 881 5219 movere
938 5168 1127 5236 potest
1178 5165 1467 5235 quomodo
1522 5165 1764 5220 dixerim
1818 5167 1888 5221 de
1933 5168 2147 5239 populo

454 5255 648 5320 Israel,
678 5253 876 5309 Adhuc
904 5254 1175 5323 corporali
1202 5255 1600 5309 circumcisione
1618 5259 1669 5307 et
1686 5257 1990 5325 sacriﬁciis,
2023 5261 2151 5311 tan-

456 5359 619 5412 quam
639 5344 697 5397 in
721 5345 864 5397 mari
891 5344 1129 5409 gentium
1161 5343 1396 5412 populus
1441 5343 1532 5398 ille
1576 5344 1683 5412 legi
1720 5344 1984 5400 serviebat
2011 5345 2146 5417 (Id.,

520 5450 538 5512 1
562 5450 686 5512 Mss.
717 5451 960 5512 quatuor.
984 5448 1212 5512 malum.

517 5508 542 5542 ³
566 5512 645 5559 Ita
675 5508 797 5560 Mss.
825 5511 1262 5569 constanter,,hic
1286 5515 1338 5560 et
1368 5511 1457 5560 lib.
1482 5514 1502 5558 1
1538 5510 1604 5560 de
1629 5512 1755 5560 Gen.
1787 5512 2146 5561 contraMani-

457 5572 652 5632 chteos,
679 5573 769 5621 ubi
801 5572 933 5622 Edd.
966 5572 1182 5632 habent,
1213 5572 1554 5624 animalium.

1540 277 2197 353 BETBACTATIONUM
2239 279 2297 336 S.
2341 279 2756 337 AUGUSTINI.

3809 281 3931 332 600

2196 420 2241 459 ο.
2268 406 2357 471 23,
2384 419 2441 458 n.
2471 403 2558 473 40)
2585 418 2599 469 ;
2632 401 3101 474 quandoquidem
3131 401 3282 472 apud
3334 404 3533 472 gentes
3577 399 3931 455 sacriﬁcare

2196 509 2314 547 non
2344 496 2627 563 poterant,
2659 490 2805 545 sicut
2835 507 2934 545 eos
2961 495 3019 545 et
3046 506 3198 545 nunc
3238 489 3499 549 videmus
3527 488 3651 544 sine
3682 489 3928 543 sacriﬁ-

2197 580 2299 635 ciis
2327 579 2701 647 remansisse;
2734 578 2848 634 nisi
2867 579 3012 633 forte
3042 578 3193 650 quod
3223 593 3328 649 per
3353 578 3566 632 Pascha
3589 578 3928 633 immolant

2198 685 2384 736 ovem,
2416 670 2524 723 hoc
2551 668 2614 723 in
2644 667 2917 723 sacriﬁcio
2949 668 3257 739 deputetur
3287 666 3381 737 (a).

2270 761 2321 812 3.
2354 758 2421 811 In
2448 756 2695 811 secundo
2726 756 2899 809 etiam
2920 756 3065 809 libro
3086 755 3226 809 illud
3256 754 3409 825 quod
3438 755 3629 825 posui,
3663 753 3926 808 nomine

2198 844 2395 917 pabuli
2424 844 2735 916 signiﬁcari
2764 862 2924 915 posse
2951 843 3123 897 vitam
3155 842 3297 913 (Lib.
3318 847 3373 910 2,
3405 858 3452 896 c.
3486 845 3540 906 3,
3572 858 3629 896 η.
3660 844 3740 912 4),
3772 858 3927 897 cum

2200 932 2455 988 melioris
2492 930 2977 1003 interpretationis
3000 930 3219 986 codices
3249 946 3370 984 non
3409 930 3680 998 habeant,
3721 932 3925 1001 pabu-

2201 1024 2310 1077 lum
2335 1039 2349 1089 ;
2384 1021 2503 1088 sed,
2530 1023 2745 1088 fenum;
2777 1037 2897 1075 non
2925 1018 3058 1074 satis
3086 1024 3217 1091 apto
3248 1019 3466 1074 dictum
3498 1020 3745 1074 videtur.
3784 1022 3927 1074 Non

2203 1110 2359 1165 enim
2378 1108 2641 1180 congruit
2651 1108 2768 1163 feni
2784 1124 2997 1163 nomen
3016 1105 3420 1179 signiﬁcationi
3433 1107 3585 1174 vitae,
3608 1108 3923 1179 quomodo

2202 1198 2420 1270 pabuli.
2453 1198 2593 1252 Item
2618 1196 2812 1252 videor
2842 1198 2965 1268 (Id.,
3006 1213 3053 1251 c.
3092 1201 3146 1262 5,
3184 1211 3242 1251 n.
3283 1196 3335 1267 6)
3367 1212 3484 1251 non
3510 1200 3662 1251 recte
3703 1198 3928 1268 appel-

2203 1290 2343 1342 lasse
2373 1286 2542 1341 verba
2570 1286 2902 1358 prophetica
2933 1284 3141 1357 quibus
3172 1284 3449 1356 scriptum
3488 1289 3591 1349 est,
3636 1286 3787 1352 Quid
3821 1302 3927 1340 su-

2202 1377 2382 1447 perbit
2406 1381 2553 1431 terra
2577 1382 2626 1430 et
2649 1378 2785 1430 cinis
2812 1376 3003 1444 (Eccli.
3037 1392 3094 1442 x,
3119 1376 3175 1445 9)
3199 1373 3224 1426 ‘2
3249 1373 3387 1445 quia
3400 1374 3598 1428 nonin
3611 1376 3738 1446 ejus
3763 1374 3926 1430 libro

2206 1464 2434 1535 legitur,
2467 1480 2640 1536 quem
2669 1464 2809 1519 certi
2840 1464 3017 1518 simus
3061 1464 3466 1535 appellandum
3500 1480 3622 1518 esse
3651 1464 3927 1535 prophe-

2208 1560 2347 1610 tam.
2380 1556 2492 1609 Nec
2520 1553 2661 1608 illud
2688 1553 2969 1624 Apostoli,
3002 1553 3099 1607 ubi
3132 1552 3368 1607 adhibet
3399 1552 3803 1608 testimonium
3851 1553 3930 1608 de

2210 1643 2430 1709 Genesi,
2473 1643 2685 1709 dicens,
2730 1645 2922 1696 Factus
2951 1646 3030 1696 est
3053 1644 3267 1711 primus
3293 1642 3445 1696 homo
3484 1641 3668 1695 Adam
3696 1644 3759 1696 in
3790 1644 3929 1695 ani-

2210 1748 2354 1786 mam
2401 1734 2662 1786 viventem
2706 1733 2746 1801 (Ι
2782 1733 2900 1787 Cor.
2945 1747 3038 1797 xv,
3075 1734 3202 1798 45);
3253 1731 3397 1785 sicut
3431 1731 3527 1785 ille
3572 1732 3776 1797 voluit,
3832 1732 3932 1786 in-

2211 1820 2425 1887 tellexi,
2455 1836 2586 1874 cum
2616 1835 2961 1891 exponerem
2986 1820 3141 1890 quod
3171 1819 3448 1890 scriptum
3465 1823 3567 1886 est,
3589 1821 3931 1887 lusu/ﬂavit

2212 1912 2350 1965 Deus
2370 1912 2429 1962 in
2472 1911 2672 1975 faciem
2711 1910 2827 1979 ejus
2851 1912 3042 1977 ﬂatum
3068 1911 3213 1975 vitae,
3247 1913 3300 1963 et
3326 1909 3516 1974 factus
3549 1912 3629 1962 est
3677 1910 3840 1963 homo
3871 1912 3934 1962 in

2213 2001 2460 2052 animum
2487 2000 2687 2057 vivam.
2719 1998 2828 2064 vel,
2876 2002 2934 2051 in
2989 2000 3231 2051 animam
3258 2000 3522 2051 viventem
3570 1997 3728 2068 (Gen.
3754 2014 3819 2064 ιι,
3850 1999 3931 2060 ‘7}.

2214 2084 2517 2154 Apostolus
2541 2083 2698 2137 enim
2714 2083 2780 2137 ad
2804 2082 2909 2137 hoc
2944 2082 3208 2137 adhibuit
3248 2081 3393 2136 illud
3414 2080 3843 2151 testimonium,
3871 2087 3937 2136 ut

2216 2173 2487 2243 probaret
2516 2188 2637 2227 esse
2665 2188 2872 2243 corpus
2901 2172 3152 2226 animale
3175 2187 3188 2225 :
3209 2187 3315 2242 ego
3343 2175 3534 2225 autem
3564 2172 3698 2226 hinc
3724 2171 3935 2243 putavi

2217 2278 2340 2316 esse
2368 2261 2825 2329 monstrandum,
2859 2259 3165 2315 animalem
3196 2260 3405 2315 factum
3419 2260 3576 2330 prius
3600 2260 3933 2326 hominem,

2220 2366 2335 2404 non
2363 2366 2567 2420 corpus
2595 2348 2847 2404 hominis
2877 2349 3068 2403 solum
3095 2348 3237 2419 (Lib.
3265 2352 3319 2415 2,
3356 2364 3401 2403 c.
3430 2352 3484 2415 8,
3513 2364 3570 2403 n.
3610 2351 3723 2417 10).
3757 2348 3934 2413 Quod

2220 2442 2412 2493 autem
2438 2438 2572 2505 dixi,
2605 2440 2745 2493 nulli
2783 2444 2993 2492 natura:
3036 2453 3219 2491 nocere
3241 2442 3463 2507 peccata
3493 2439 3606 2492 nisi
3642 2452 3748 2492 sua
3795 2438 3932 2506 (Id.,

2221 2542 2266 2581 c.
2299 2529 2389 2593 29,
2416 2542 2473 2580 η.
2498 2526 2618 2596 43),
2646 2525 2776 2581 ideo
2805 2525 2943 2593 dixi,
2979 2526 3255 2597 quoniam
3277 2527 3433 2596 justo
3462 2526 3562 2597 qui
3587 2530 3778 2593 nocet,
3813 2542 3937 2580 non

2223 2613 2277 2668 ei
2301 2630 2432 2668 vere
2463 2618 2646 2681 nocet,
2697 2614 3164 2686 quandoquidem
3221 2614 3391 2669 etiam
3426 2615 3750 2670 mercedem
3807 2615 3938 2685 ejus

2224 2706 2395 2774 auget
2421 2703 2483 2756 in
2511 2702 2665 2757 caelis
2696 2720 2709 2758 :
2742 2702 2849 2757 sibi
2877 2708 3071 2758 autem
3091 2704 3376 2775 peccando
3398 2720 3530 2758 vere
3556 2708 3761 2771 nocet;
3798 2703 3944 2775 quia

2224 2796 2463 2862 propter
2489 2792 2673 2863 ipsam
2701 2793 3057 2847 voluntatem
3084 2793 3329 2847 nocendi
3374 2792 3610 2864 recipiet
3652 2792 3735 2859 id,
3780 2792 3942 2864 quod

2226 2881 2442 2936 nocuit.
2485 2882 2728 2936 Possunt
2755 2898 2888 2936 sane
2920 2881 3215 2951 Pelagiani
3266 2881 3336 2936 ad
3386 2897 3556 2936 suum
3582 2881 3798 2951 dogma
3828 2886 3944 2935 tra-

2226 2970 2363 3025 here
2393 2970 2561 3024 istam
2584 2970 2946 3037 sententiam,
2979 2976 3038 3025 et
3066 2970 3195 3024 ideo
3225 2970 3431 3034 dicere,
3466 2970 3721 3041 parvulis
3745 2970 3947 3024 aliena

2230 3075 2347 3114 non
2400 3058 2660 3113 nocuisse
2697 3063 2949 3130 peccata,
2994 3058 3130 3130 quia
3170 3058 3304 3125 dixi,
3346 3060 3488 3113 nulli
3508 3063 3723 3113 natura
3750 3075 3946 3114 nocere

2224 3154 2449 3219 peccata
2475 3150 2588 3204 nisi
2616 3164 2748 3214 sua;
2783 3164 2902 3203 non
2931 3147 3222 3202 intuentes
3234 3147 3362 3202 ideo
3380 3148 3670 3218 parvulus,
3702 3148 3810 3219 qui
3836 3148 3948 3202 uti-

2232 3254 2344 3309 que
2364 3237 2654 3308 pertinent
2669 3237 2741 3291 ad
2761 3237 3073 3291 humanam
3097 3239 3385 3302 naturam,
3409 3237 3638 3291 trahere
3658 3236 3946 3307 originale

2232 3331 2550 3398 peccatum,
2585 3326 2721 3397 quia
2748 3326 2807 3379 in
2837 3324 3040 3395 primis
3069 3324 3403 3378 hominibus
3432 3330 3644 3379 natura
3682 3326 3944 3381 humana

2232 3415 2504 3487 peccavit,
2557 3430 2622 3469 ac
2650 3429 2755 3485 per
2792 3414 2900 3467 hoc
2929 3416 3146 3466 natura:
3175 3411 3450 3466 humanas
3481 3414 3644 3468 nulla
3691 3430 3945 3469 nocuere

2232 3507 2480 3575 peccata,
2513 3501 2624 3556 nisi
2654 3518 2773 3555 sua.
2799 3503 2906 3555 Per
2932 3516 3113 3554 unum
3142 3501 3358 3572 quippe
3382 3501 3701 3567 hominem,
3734 3503 3796 3557 in
3826 3519 3944 3574 quo

2237 3607 2439 3647 omnes
2495 3593 2891 3662 peccaverunt,
2935 3594 3233 3660 peccatum
3291 3588 3526 3645 intravit
3564 3591 3625 3645 in
3655 3591 3942 3647 mundum

2238 3684 2405 3749 (Rom.
2437 3696 2491 3745 v,
2525 3680 2641 3750 l2):
2692 3694 2810 3733 non
2840 3677 2994 3732 enim
3034 3678 3178 3733 nulli
3215 3678 3463 3746 homini,
3513 3679 3611 3733 sed
3645 3680 3793 3735 nulli
3839 3697 3944 3735 na-

2237 3774 2381 3823 turae
2411 3767 2527 3823 dixi
2556 3770 2785 3839 peccata
2825 3782 3052 3833 nocere,
3100 3766 3211 3821 nisi
3243 3782 3367 3821 sua.
3400 3767 3542 3822 Item
3584 3766 3645 3821 in
3689 3784 3759 3822 eo
3789 3770 3945 3840 quod

2236 3858 2408 3928 paulo
2436 3862 2567 3928 post
2611 3841 2727 3911 dixi
2756 3857 2981 3913 Nullum
3032 3870 3142 3910 esse
3189 3856 3395 3909 malum
3430 3856 3683 3910 naturale
3712 3858 3855 3926 (Lib.
3890 3861 3945 3925 2,

2238 3962 2285 4001 c.
2317 3949 2385 4001 29
2423 3962 2479 4001 n.
2513 3946 2623 4014 43),
2664 3949 2902 4016 possunt
2929 3959 3180 4015 quaerere
3224 3943 3472 3998 similem
3502 3943 3803 4011 latebram,
3833 3944 3949 3999 nisi

2239 4036 2349 4091 hoc
2378 4036 2592 4090 dictum
2622 4035 2694 4089 ad
2723 4038 2988 4089 naturam
3025 4034 3198 4087 talem
3242 4033 3544 4099 referatur,
3594 4032 3783 4103 qualis
3822 4032 3949 4087 sine

2238 4124 2377 4180 vitio
2404 4123 2671 4194 primitus
2700 4122 2930 4177 condita
2955 4126 3078 4176 est:
3112 4122 3238 4192 ipsa
3267 4122 3422 4176 enim
3448 4136 3581 4175 vere
3611 4136 3676 4174 ac
3713 4122 3948 4193 proprie

2242 4215 2449 4265 natura
2472 4210 2723 4265 hominis
2746 4210 2972 4265 dicitur.
3026 4211 3319 4265 Translato
3368 4212 3561 4264 autem
3603 4209 3779 4263 verbo
3824 4211 3949 4263 uti-

2242 4314 2394 4364 mur,
2410 4303 2473 4352 ut
2486 4302 2747 4353 naturam
2761 4298 3016 4354 dicamus
3029 4298 3222 4364 etiam,
3256 4298 3442 4370 qualis
3472 4297 3720 4352 nascitur
3746 4297 3949 4368 homo,

2245 4387 2559 4441 secundum
2589 4403 2764 4458 quam
2795 4386 3144 4441 locutionem
3174 4387 3318 4442 dixit
3354 4386 3695 4458 Apostolus:
3723 4387 3951 4441 Fuimus

2244 4475 2386 4528 enim
2407 4479 2458 4529 et
2499 4489 2594 4528 nos
2620 4474 2919 4542 aliquando
2957 4479 3161 4529 natura
3202 4476 3310 4544 ﬁlii
3352 4477 3469 4539 ire,
3516 4475 3656 4528 sicut
3685 4477 3737 4527 et
3769 4477 3953 4529 ceteri

2249 4564 2463 4633 (Ephes.
2498 4579 2555 4628 ιι,
2582 4564 2783 4631 3).Hoc
2829 4579 2972 4634 opus
3018 4562 3100 4618 sic
3149 4563 3385 4635 incipit:
3425 4565 3489 4620 Si
3525 4564 3779 4630 eligerent
3828 4565 3949 4617 Ma~

2246 4652 2443 4706 nichsei
2468 4666 2599 4721 quos
2629 4651 2948 4722 deciperent.

2924 4732 3149 4787 CAPUT
3178 4732 3269 4787 XI.

2788 4806 2861 4858 De
2887 4804 3096 4858 Musica
3126 4804 3255 4857 libri
3278 4816 3396 4857 sea).

2329 4886 2375 4938 Ι.
2406 4882 2644 4949 Deinde,
2676 4886 2741 4937 ut
2768 4898 2939 4952 supra
2969 4881 3411 4937 commemoravi
3444 4882 3586 4954 (Lib.
3628 4885 3646 4937 1
3684 4884 3947 4948 Retract.,

2252 4987 2297 5025 c.
2332 4971 2404 5042 6).
2439 4987 2535 5027 sex
2568 4970 2742 5025 libros
2771 4971 2840 5025 de
2865 4970 3073 5026 Musica
3104 4972 3303 5042 scripsi
3334 4982 3628 5044 ;quorum
3655 4970 3776 5043 ipse
3823 4988 3948 5026 sex-

2252 5063 2344 5114 tus
2372 5059 2618 5114 maxime
2640 5057 2907 5126 innotuit,
2940 5058 3215 5129 quoniam
3243 5076 3335 5115 res
3363 5059 3425 5115 in
3460 5076 3527 5115 eo
3555 5059 3729 5131 digna
3758 5061 3952 5132 cogni-

2253 5148 2408 5203 tione
2436 5152 2712 5215 versatur,
2740 5148 3029 5219 quomodo
3073 5165 3105 5203 a
3150 5148 3540 5220 corporalibus
3584 5152 3639 5203 et
3683 5148 3950 5219 spiritua-

2256 5237 2425 5301 libus,
2477 5237 2572 5291 sed
2620 5235 2990 5291 mutabilibus
3030 5237 3308 5305 numeris,
3328 5236 3696 5309 perveniatur
3740 5238 3809 5292 ad
3850 5238 3955 5293 im-

2320 5327 2389 5394 (α)
2413 5325 2690 5394 Sancitum
2702 5328 2785 5394 est
2794 5325 2961 5394 _Deut.
2988 5339 3097 5394 xw,
3122 5328 3170 5394 (ξ,
3192 5339 3259 5394 ne
3284 5326 3490 5394 Pascha
3522 5324 3695 5394 ubivis
3715 5324 3952 5394 locorum

2256 5386 2486 5451 mactare
2520 5386 2716 5451 liceret.
2744 5386 2877 5451 Hinc
2910 5400 3036 5449 ergo
3065 5386 3097 5436 a'
3126 5388 3324 5438 Judaais
3362 5387 3672 5451 periorbem
3699 5386 3954 5451 dispersis

2259 5448 2559 5559 paschalem
2588 5448 2940 5521 celebritatem
2976 5448 3127 5521 aiunt
3154 5448 3438 5522 quotannis
3466 5450 3540 5497 ita
3569 5448 3755 5520 recoli,
3792 5448 3957 5523 ut__ni-

2301 5511 2549 5559 ilominus
2573 5511 2637 5559 ab
2662 5524 2775 5559 oms
2800 5512 3159 5559 immolatione
3184 5512 3425 5559 religiose
3470 5512 3794 5559 abstineant.
3827 5512 3856 5559 \
3875 5514 3957 5559 ide

2301 5510 2563 5575 ilominus_
2573 5511 2637 5575 ab
2662 5512 2775 5559 ovis
2800 5512 3159 5575 immolatione
3171 5510 3425 5575 religiose
3470 5510 3794 5560 abstineant.
3827 5512 3958 5562 Vide

2264 5574 2496 5631 Hieron.,
2526 5572 2686 5637 Epist.
2715 5576 2763 5633 2,
2806 5574 2873 5623 ad
2902 5575 3269 5637 Nepotianum.
