4062 6358
221 316 320 368 601

220 437 527 493 mutabiles
555 453 848 505 numeros,
879 437 979 509 qui
997 437 1120 508 jam
1164 441 1297 492 sunt
1326 437 1387 491 in
1425 436 1549 508 ipsa
1578 436 1925 492 immutabili

219 524 483 593 veritate,
514 530 571 580 et
598 525 678 580 sic
706 524 1020 579 invisibilia
1051 524 1172 590 Dei,
1212 541 1315 594 per
1344 540 1412 578 ea
1439 540 1569 595 qua:
1598 525 1743 580 facta
1771 528 1923 591 sunt,

218 614 513 670 intellecta
533 613 972 685 conspiciantur.
1003 612 1166 678 Quod
1191 612 1292 685 qui
1320 629 1438 667 non
1466 617 1728 684 possunt,
1758 617 1815 667 et
1844 617 1928 668 ta-

223 718 360 757 men
401 719 470 758 ex
508 702 620 757 ﬁde
652 702 863 757 Christi
887 702 1101 769 vivunt,
1130 702 1196 756 ad
1236 702 1335 756 illa
1364 702 1572 756 certius
1604 706 1774 773 atque
1805 701 1929 756 feli-

221 792 348 846 cius
377 791 777 862 conspicienda
797 795 926 861 post
949 790 1097 844 hanc
1121 790 1296 844 vitam
1318 789 1575 845 veniunt.
1596 789 1706 853 Qui
1738 793 1931 843 autem

220 884 486 951 possunt,
520 879 569 933 si
599 879 748 933 desit
775 880 858 933 eis
894 879 1036 933 ﬁdes
1063 878 1294 949 Christi,
1323 879 1425 950 qui
1470 895 1619 933 unus
1641 877 1930 933 mediator

223 973 315 1022 est
344 967 444 1022 Dei
472 971 531 1021 et
558 966 880 1035 hominum,
914 984 1049 1031 cum
1076 971 1196 1022 tota
1224 966 1506 1038 sapientia
1531 982 1633 1022 sua
1662 969 1928 1037 pereunt.

300 1069 351 1119 2.
394 1066 460 1119 In
488 1065 595 1118 hoc
625 1064 772 1119 libro
800 1064 945 1120 illud
984 1066 1141 1136 quod
1170 1064 1305 1129 dixi,
1336 1066 1585 1135 Corpora
1609 1066 1750 1118 enim
1779 1067 1933 1117 tanto

221 1155 449 1208 meliora
497 1158 699 1222 quanto
753 1156 1121 1209 numerosiora
1172 1154 1373 1208 talibus
1426 1155 1711 1207 numeris:
1747 1152 1934 1205 anima

222 1258 357 1296 vera
380 1244 503 1297 istis
551 1258 669 1311 qua
716 1258 819 1313 per
856 1258 1048 1312 corpus
1078 1245 1299 1312 accipit,
1350 1242 1580 1296 carendo
1620 1244 1683 1310 fit
1721 1240 1931 1305 melior,

223 1346 348 1385 cum
377 1344 487 1385 sese
514 1332 713 1385 avertit
741 1347 777 1384 a
804 1331 1116 1385 carnalibus
1137 1331 1403 1400 sensibus,
1428 1335 1478 1384 et
1497 1330 1702 1384 divinis
1722 1330 1934 1398 sapien-

223 1421 320 1473 tiae
351 1421 587 1473 numeris
622 1421 958 1485 reformatur
1007 1420 1152 1487 (Lib.
1200 1422 1253 1485 6,
1286 1435 1334 1473 c.
1366 1421 1421 1486 4,
1472 1435 1529 1473 n.
1582 1420 1661 1487 '7),
1706 1433 1824 1472 non
1854 1417 1934 1470 sic

224 1506 627 1578 accipiendum
657 1512 760 1573 est,
804 1507 967 1579 quasi
998 1523 1120 1562 non
1150 1507 1267 1562 sint
1288 1507 1466 1562 futuri
1489 1506 1718 1562 numeri
1737 1522 1937 1577 corpo-

222 1597 378 1651 rales
403 1596 464 1649 in
504 1596 838 1666 corporibus
868 1595 1398 1667 incorruptibilibus
1426 1601 1484 1649 et
1520 1594 1930 1665 spiritualibus;

225 1700 362 1738 cum
389 1684 571 1738 multo
611 1682 961 1753 speciosiora
983 1688 1041 1737 et
1072 1682 1399 1737 decentiora
1426 1682 1617 1737 futura
1648 1682 1761 1735 sint
1792 1698 1804 1736 :
1836 1686 1934 1736 aut

224 1772 423 1827 anima
452 1787 550 1827 eos
588 1788 823 1826 sensura
852 1788 969 1826 non
981 1771 1075 1839 sit,
1095 1772 1325 1843 quando
1349 1771 1455 1826 erit
1478 1771 1717 1842 optima,
1739 1786 1935 1843 quem-
1979 1804 1987 1811 -

221 1861 542 1917 admodum
580 1862 670 1916 his
699 1862 781 1916 eis
820 1862 1067 1916 carendo
1113 1861 1179 1915 ﬁt
1221 1860 1442 1914 melior.
1478 1860 1578 1914 Hic
1607 1859 1762 1914 enim
1790 1874 1934 1929 opus

224 1951 406 2006 habet
432 1955 687 2005 avertere
738 1966 796 2004 se
818 1966 852 2003 a
880 1950 1214 2004 carnalibus
1263 1949 1520 2003 sensibus
1562 1948 1631 2003 ad
1658 1946 1931 2017 intelligi-

221 2038 365 2094 bilia
418 2039 714 2109 capienda,
775 2038 913 2110 quia
961 2038 1193 2093 inﬁrma
1238 2042 1342 2105 est,
1383 2041 1441 2092 et
1488 2036 1680 2091 minus
1724 2036 1935 2090 idonea

224 2127 491 2199 utrisque
521 2127 693 2182 simul
726 2127 1000 2181 adhibere
1026 2126 1405 2208 intentionem
1443 2141 1604 2179 suam
1633 2140 1646 2179 :
1677 2129 1734 2179 et
1765 2124 1826 2178 in
1846 2124 1935 2178 his

225 2216 625 2288 corporalibus
679 2232 832 2270 nunc
878 2215 1143 2270 illecebra
1190 2214 1440 2269 cavenda
1494 2218 1600 2281 est,
1658 2212 1935 2284 quamdiu

230 2305 430 2360 anima
481 2304 620 2360 illici
665 2304 730 2359 ad
789 2303 1223 2358 delectationem
1262 2307 1492 2373 turpem
1530 2304 1733 2373 potest.
1779 2302 1936 2355 Tunc

228 2398 428 2448 autem
456 2399 575 2448 tam
595 2392 762 2447 ﬁrma
783 2393 891 2447 erit
931 2396 1100 2464 atque
1125 2392 1398 2463 perfecta,
1433 2395 1492 2445 ut
1524 2389 1781 2445 numeris
1809 2405 1933 2444 cor-

228 2482 530 2553 poralibus
569 2498 690 2536 non
720 2486 1008 2536 avertatur
1036 2498 1068 2535 a
1098 2479 1577 2551 contemplatione
1618 2478 1932 2549 sapientiae,

230 2576 294 2626 et
319 2571 399 2626 ita
430 2570 639 2626 sentiat
663 2586 759 2625 eos
786 2575 850 2625 ut
876 2586 994 2625 non
1036 2569 1309 2625 illiciatur
1346 2570 1417 2624 ab
1454 2569 1553 2635 eis,
1586 2584 1694 2623 nec
1731 2568 1813 2622 eis
1841 2584 1935 2622 ca-

227 2660 416 2715 rendo
442 2659 545 2715 ﬁat
572 2659 817 2726 melior;
865 2659 965 2714 sed
1010 2659 1092 2714 ita
1121 2659 1194 2714 sit
1239 2659 1391 2715 bona
1430 2662 1485 2713 et
1526 2661 1700 2727 recta,
1731 2661 1796 2711 ut
1832 2672 1938 2712 nec

230 2751 413 2805 latere
450 2748 670 2821 possint
697 2764 823 2804 eam
852 2764 958 2803 nec
987 2764 1283 2820 occupare.

311 2851 361 2902 3.
387 2848 526 2902 Item
550 2846 703 2918 quod
720 2845 858 2914 dixi,
882 2848 1006 2900 Haec
1027 2851 1205 2899 autem
1236 2847 1448 2899 sanitas
1479 2848 1605 2898 tunc
1623 2840 1939 2913 ﬁrmissima

233 2938 341 2991 erit
366 2941 529 3004 atque
567 2937 887 2998 certissima,
920 2950 1039 2989 cum
1074 2936 1327 3003 pristinae
1350 2934 1644 2987 stabilitati
1674 2937 1814 2987 certo
1843 2948 1938 2987 suo

236 3030 472 3094 tempore
493 3028 654 3091 atque
681 3023 871 3077 ordine
899 3024 995 3077 hoc
1017 3037 1210 3092 corpus
1251 3024 1421 3089 fuerit
1458 3024 1770 3076 restitutum
1808 3020 1933 3091 (Id.,

236 3127 288 3165 ο.
339 3113 389 3178 5,
422 3125 481 3178 n,
535 3111 641 3180 13),
668 3126 786 3164 non
815 3110 895 3165 ita
949 3108 1165 3164 dictum
1209 3114 1460 3181 putetur,
1491 3109 1656 3181 quasi
1685 3125 1802 3164 non
1828 3108 1941 3163 sint

239 3200 438 3254 futura
487 3202 617 3269 post
660 3198 1136 3252 resurrectionem
1181 3213 1419 3269 corpora
1457 3198 1713 3264 meliora,
1765 3212 1938 3269 quam

239 3287 564 3358 primorum
593 3286 888 3341 hominum
915 3286 976 3341 in
998 3287 1262 3357 paradiso
1293 3287 1540 3351 fuerunt,
1562 3286 1802 3340 camilla
1818 3286 1940 3357 jam

242 3391 365 3430 non
410 3376 526 3430 sint
571 3377 775 3431 alenda
811 3376 1199 3448 corporalibus
1251 3375 1557 3443 alimentis,
1596 3375 1804 3447 quibus
1832 3376 1941 3429 ale-

240 3465 456 3519 bantur
481 3464 590 3518 ista
620 3481 635 3519 :
663 3464 762 3519 sed
783 3465 1027 3535 pristina
1064 3464 1337 3520 stabilitas
1357 3465 1629 3519 hactenus
1658 3464 1939 3536 accipien-

241 3553 316 3607 da
345 3558 450 3621 est,
472 3557 761 3625 quatenus
783 3553 1187 3625 aegritudinem
1223 3553 1304 3608 ita
1332 3554 1551 3609 nullam
1577 3569 1817 3625 corpora
1845 3553 1943 3607 illa

240 3640 554 3713 patientur,
587 3643 733 3697 sicut
759 3659 864 3697 nec
892 3642 1001 3697 ista
1037 3643 1155 3714 pati
1185 3648 1417 3714 possent
1441 3648 1574 3698 ante
1619 3647 1938 3714 peccatum.

314 3741 369 3795 4.
408 3739 536 3795 Alio
566 3741 725 3795 loco:
772 3740 1118 3795 Laboriosior
1147 3745 1246 3807 est,
1278 3742 1527 3810 inquam,
1559 3741 1722 3810 hujus
1751 3738 1944 3794 mundi

239 3844 419 3884 amor.
477 3829 634 3895 Quod
675 3831 816 3883 enim
862 3831 922 3882 in
968 3830 1062 3883 illo
1107 3832 1295 3883 anima
1324 3831 1540 3898 quaerit,
1586 3830 1943 3884 constantiam

239 3919 447 3973 scilicet
468 3918 961 3987 fwternitatemque,
1006 3932 1111 3972 non
1154 3919 1362 3971 invenit
1403 3934 1416 3971 :
1464 3920 1718 3987 quoniam
1762 3932 1944 3971 rerum

245 4008 485 4060 transitu
512 4005 806 4074 completur
856 4008 1076 4074 inﬁrma
1103 4006 1472 4074 pulchritudo,
1500 4010 1551 4060 et
1580 4006 1724 4074 quod
1758 4008 1818 4060 in
1845 4007 1945 4060 illa

244 4096 498 4149 imitatur
528 4095 907 4160 constantiam,
940 4109 974 4146 a
1006 4108 1210 4147 summo
1240 4096 1343 4148 Deo
1367 4110 1467 4163 per
1494 4096 1735 4148 animam
1774 4094 1940 4163 traji-

244 4186 426 4239 citur:
456 4185 712 4253 quoniam
758 4185 914 4252 prior
948 4189 1028 4238 est
1067 4185 1267 4253 species
1308 4183 1676 4238 tantummodo
1713 4187 1945 4253 tempore

244 4271 656 4335 commutabilis,
686 4287 849 4340 quam
877 4276 955 4325 est
983 4287 1066 4338 ea,
1098 4286 1217 4341 quae
1244 4276 1295 4325 et
1327 4276 1561 4341 tempore
1581 4276 1631 4326 et
1656 4273 1782 4326 locis
1808 4273 1941 4341 μά..

243 4378 297 4417 c.
342 4362 425 4429 14,
472 4375 529 4415 n.
561 4359 670 4431 43).
715 4361 843 4415 Haec
871 4360 1043 4415 verba
1070 4360 1119 4415 si
1167 4375 1234 4415 eo
1266 4361 1434 4415 modo
1466 4360 1644 4432 accipi
1675 4365 1939 4431 possunt,

245 4453 313 4505 ut
339 4465 456 4504 non
484 4448 842 4521 intelligatur
868 4448 1068 4504 inﬁma
1100 4448 1487 4520 pulchritudo,
1530 4449 1642 4504 nisi
1659 4450 1721 4504 in
1749 4466 1945 4521 corpo-

247 4538 407 4593 ribus
462 4538 785 4605 hominum,
843 4537 1219 4609 omniumque
1267 4537 1623 4605 animalium,
1656 4554 1785 4610 quae
1814 4553 1944 4593 cum

245 4642 419 4682 sensu
464 4626 720 4698 corporis
748 4626 962 4693 vivunt,
1004 4626 1148 4680 ratio
1196 4626 1498 4681 manifesta
1529 4627 1798 4682 defendit.
1831 4629 1946 4681 Hoc

245 4716 462 4788 quippe
490 4716 550 4770 in
563 4711 1063 4786 eapulchritudine
1091 4714 1350 4769 imitatur
1368 4715 1766 4779 constantiam,
1793 4715 1945 4787 quod

244 4807 308 4861 in
346 4820 621 4877 compage
652 4820 755 4858 sua
778 4793 1014 4858 manent
1041 4802 1242 4858 eadem
1270 4818 1531 4874 corpora,
1571 4804 1633 4858 in
1662 4810 1941 4876 quantum

242 4898 481 4949 manent
504 4909 517 4947 :
541 4892 595 4947 id
618 4895 811 4946 autem
840 4908 870 4946 a
892 4907 1117 4948 summo
1143 4892 1254 4946 Deo
1277 4890 1338 4945 in
1367 4907 1433 4946 ea
1452 4907 1555 4962 per
1569 4893 1821 4947 animam
1834 4898 1943 4948 tra-

235 4981 452 5054 jicitur.
476 4979 683 5035 Anima
711 4979 925 5051 quippe
960 4964 1145 5052 ipsam
1171 4996 1507 5051 compagem
1520 4984 1695 5049 tenet,
1725 4997 1797 5035 ne
1828 4981 1942 5036 dis-

242 5066 513 5137 sblvatur,
544 5072 599 5123 et
627 5069 882 5137 diffluat;
908 5069 1063 5141 quod
1082 5069 1343 5124 videmus
1372 5069 1432 5123 in
1458 5069 1791 5141 corporibus
1819 5070 1941 5126 ani-

244 5156 484 5213 malium
501 5156 694 5211 anima
711 5156 1039 5212 discedente
1062 5158 1411 5230 contingere.
1445 5157 1502 5213 Si
1524 5162 1718 5213 autem
1744 5157 1945 5213 inﬁma

244 5243 611 5317 pulchritudo
641 5242 702 5298 in
732 5243 999 5299 omnibus
1027 5244 1365 5315 corporibus
1392 5244 1765 5317 intelligatur,
1797 5246 1947 5317 cogit

245 5334 354 5387 ista
370 5331 652 5389 sententia
671 5331 843 5387 etiam
863 5331 1053 5403 ipsum
1073 5333 1356 5389 mundum
1382 5334 1596 5399 animal
1611 5334 1860 5403 credere,
1882 5338 1946 5389 ut

247 5418 423 5475 etiam
451 5419 514 5474 in
541 5419 732 5491 ipsum
750 5418 971 5491 ‘,~quod
989 5419 1052 5474 in
1089 5420 1189 5475 illo
1208 5419 1470 5476 imitatur
1496 5421 1892 5490 constantiam,
1910 5437 1945 5476 a

312 5607 327 5639 ¹
361 5606 505 5667 Lov.,
534 5605 791 5671 idipsum.
825 5606 929 5657 Alii
956 5605 1087 5657 Edd.
1113 5608 1173 5657 in
1200 5608 1395 5669 ipsum.

1705 313 1918 371 LIBER
1958 314 2254 386 (PRIMUS.

3633 314 3735 366 602

2035 452 2259 492 summo
2287 437 2401 491 Deo
2415 451 2518 506 per
2528 434 2779 489 animam
2799 433 3113 505 trajiciatur
3131 436 3227 504 (a).
3248 434 3356 489 Sed
3376 433 3587 487 animal
3612 448 3734 487 esse

2035 525 2211 580 istum
2234 525 2533 592 mundum,
2570 523 2713 578 sicut
2743 524 2903 578 Plato
2935 522 3129 588 sensit,
3163 519 3376 594 aliique
3404 521 3737 592 philosophi

2037 612 2469 687 quamplurimi,
2484 628 2588 667 nec
2611 611 2834 666 ratione
2845 616 3000 665 certa
3025 609 3301 682 indagare
3322 609 3506 680 potui,
3537 625 3641 663 nec
3653 608 3738 663 di-

2036 702 2301 756 vinarum
2351 701 2774 772 Scripturarum
2822 699 3159 754 auctoritate
3203 697 3530 770 persuaderi
3572 713 3737 767 posse

2039 789 2296 861 cognovi.
2342 789 2500 844 Unde
2527 789 2641 843 tale
2661 787 2877 859 aliquid
2909 805 2940 841 a
2968 803 3060 841 me
3089 786 3304 842 dictum
3335 802 3448 857 quo
3472 784 3531 839 id
3560 784 3737 856 accipi

2037 878 2237 950 possit,
2266 878 2438 934 etiam
2466 878 2528 933 in
2554 879 2702 933 libro
2732 878 2801 932 de
2830 876 3263 932 Immortalitate
3282 874 3503 930 Animas
3523 878 3737 928 temere

2040 966 2254 1022 dictum
2292 966 2485 1021 notavi
2523 965 2663 1037 (Lib.
2700 969 2721 1020 1
2758 968 3023 1033 Ilctract.,
3052 980 3097 1019 c.
3131 968 3185 1029 5,
3225 980 3281 1018 η.
3325 964 3417 1034 3);
3453 978 3571 1015 non
3600 960 3737 1032 quia

2042 1056 2148 1110 hoc
2176 1054 2383 1108 falsum
2421 1070 2541 1109 esse
2573 1053 2874 1118 conﬁrmo,
2915 1053 3015 1108 sed
3060 1051 3196 1123 quia
3239 1067 3344 1105 nec
3386 1065 3584 1104 verum
3614 1065 3736 1104 esse

2040 1142 2484 1213 comprehendo,
2515 1144 2665 1213 quod
2702 1143 2776 1197 sit
2796 1142 3009 1197 animal
3036 1141 3305 1196 mundus.
3340 1141 3457 1194 Hoc
3500 1154 3635 1193 sane
3653 1136 3740 1191 in-

2041 1246 2309 1286 concusse
2366 1230 2730 1285 retinendum
2762 1246 2884 1285 esse
2922 1246 3039 1285 non
3085 1228 3305 1295 dubito,
3348 1229 3528 1283 Deum
3573 1225 3740 1281 nobis

2042 1336 2155 1375 non
2194 1335 2316 1374 esse
2346 1318 2520 1374 istum
2561 1320 2864 1389 mundum,
2913 1319 3030 1374 sive
3061 1318 3253 1373 anima
3298 1319 3420 1390 ejus
3449 1317 3586 1383 ulla,
3620 1315 3737 1370 sive

2041 1408 2201 1462 nulla
2226 1406 2319 1462 sit.
2352 1405 2495 1471 Quia
2522 1406 2569 1460 si
2597 1407 2726 1461 ulla,
2745 1412 2850 1474 est,
2880 1406 2975 1461 ille
3004 1406 3103 1478 qui
3134 1422 3260 1461 eam
3289 1405 3443 1471 fecit,
3476 1408 3563 1459 est
3590 1405 3738 1458 Deus

2041 1501 2237 1551 noster
2262 1512 2275 1550 :
2309 1496 2357 1550 si
2385 1501 2578 1550 autem
2608 1496 2765 1550 nulla
2787 1500 2890 1563 est,
2921 1496 3214 1550 nullorum
3238 1496 3385 1549 Dcus
3410 1497 3595 1565 potest
3617 1508 3739 1546 esse

2041 1585 2186 1652 iste;
2221 1589 2435 1657 quanto
2466 1584 2655 1639 minus
2685 1587 2919 1640 noster?
2970 1585 3099 1638 Esse
3140 1589 3332 1638 tamen
3377 1581 3738 1653 spiritualem

2041 1673 2387 1745 vitalemque
2415 1673 2705 1740 virtutem,
2731 1673 2903 1727 etiam
2925 1673 3108 1726 sinon
3141 1672 3213 1727 sit
3234 1671 3444 1726 animal
3466 1669 3735 1733 mundus;

2042 1778 2170 1833 quin
2200 1761 2377 1816 virtus
2407 1761 2467 1815 in
2496 1761 2729 1832 Angelis
2776 1761 2986 1816 sanctis
3016 1761 3088 1815 ad
3131 1759 3522 1814 decorandum
3567 1762 3739 1827 atque

2042 1848 2556 1905 administrandum
2576 1848 2861 1902 mundum
2892 1849 3006 1902 Deo
3032 1847 3223 1915 servit,
3255 1850 3310 1900 et
3340 1862 3372 1899 a
3394 1845 3601 1917 quibus
3622 1860 3739 1898 non

2042 1937 2419 2008 intelligitur;
2477 1936 2791 1990 rectissime
2836 1934 3111 1990 creditur.
3168 1934 3520 2005 Angelorum
3547 1935 3742 1987 autem

2042 2031 2370 2081 sanctorum
2398 2025 2652 2091 nomine,
2681 2040 2911 2080 omnem
2949 2028 3202 2078 sanctam
3231 2026 3547 2077 creaturam
3570 2020 3739 2092 spiri-

2042 2116 2275 2181 tualem,
2315 2114 2377 2169 in
2411 2113 2512 2170 Dei
2556 2117 2770 2169 secreto
2791 2118 2960 2184 atque
2981 2113 3201 2168 occulto
3247 2109 3561 2165 ministerio
3605 2124 3740 2163 con-

2043 2204 2301 2259 stitutam
2352 2219 2505 2257 nunc
2533 2201 2984 2274 appellaverim;
3026 2201 3124 2255 sed
3174 2200 3405 2272 spiritus
3451 2198 3740 2270 augelicos
3780 2232 3785 2261 ε

2043 2296 2236 2347 sancta
2272 2292 2563 2363 Scriptura
2614 2291 2849 2345 nomine
2901 2290 3227 2345 animarum
3268 2288 3588 2359 signiﬁcare
3617 2304 3735 2351 non
3788 2276 3791 2301 1

2042 2382 2206 2436 solet.
2241 2380 2484 2435 Proinde
2514 2380 2573 2434 in
2594 2396 2661 2435 eo
2687 2380 2837 2451 quod
2867 2379 3015 2434 circa
3036 2379 3212 2434 ﬁnem
3242 2377 3374 2433 libri
3401 2377 3574 2448 hujus
3602 2375 3740 2443 dixi,

2042 2471 2351 2525 Rationales
2381 2473 2431 2523 et
2462 2470 2843 2524 intellectualcs
2872 2470 3085 2523 numeri
3126 2468 3404 2522 beatarum
3433 2469 3744 2520 animarum

2042 2561 2205 2625 atque
2229 2561 2558 2634 sanctarum.
2574 2559 2739 2626 legem
2768 2559 2948 2626 ipsam
2997 2558 3114 2624 Dei,
3154 2558 3269 2610 sine
3313 2570 3423 2624 qua
3452 2556 3647 2621 folium
3676 2553 3741 2607 de

2043 2646 2235 2700 arbore
2264 2661 2368 2700 non
2398 2646 2568 2714 cadit,
2612 2651 2662 2700 et
2706 2647 2793 2699 cui
2838 2647 3013 2700 nostri
3061 2645 3250 2714 capilli
3283 2645 3555 2698 numerati
3596 2647 3742 2706 sunt,

2039 2735 2191 2788 nulla
2212 2736 2533 2803 interposita
2555 2736 3113 2802 naturaewcipientes,
3147 2748 3319 2801 usque
3350 2732 3424 2786 ad
3448 2736 3659 2786 terrena
3687 2734 3737 2785 et

2045 2823 2264 2889 inferna
2294 2821 2431 2891 jura
2460 2824 2840 2876 transmittunt
2864 2822 2997 2890 (Lib.
3032 2823 3086 2890 6,
3127 2837 3172 2875 c.
3220 2824 3306 2886 17,
3339 2836 3402 2875 n.
3463 2820 3568 2889 58),
3630 2835 3744 2873 non

2042 2910 2205 2966 video
2223 2910 2711 2982 quemadmodum
2731 2909 3071 2963 vocabulum
3092 2908 3413 2962 animarum
3431 2907 3744 2961 secundum

2045 2999 2363 3070 Scripturas
2405 3002 2623 3054 sanctas
2668 2998 2921 3070 positum
2949 2996 3130 3068 possit
3173 2995 3441 3062 ostendi;
3494 2995 3746 3066 quando-

2047 3088 2280 3161 quidem
2305 3088 2397 3143 hic
2426 3104 2541 3142 non
2572 3086 2682 3142 nisi
2728 3087 2978 3158 Angelos
3015 3089 3238 3140 sanctos
3281 3083 3529 3155 intelligi
3564 3084 3742 3150 volui,

2047 3196 2192 3252 quos
2241 3178 2454 3233 habere
2493 3177 2714 3232 animas
2752 3191 3038 3248 nusquam
3089 3190 3182 3229 me
3210 3173 3416 3245 legisse
3444 3173 3505 3228 in
3535 3171 3740 3227 divinis

2047 3267 2292 3340 eloquiis
2321 3266 2609 3322 canonicis
2648 3266 2834 3321 recolo
2869 3266 2908 3321 ¹.
2944 3266 3060 3319 Hoc
3084 3263 3230 3318 liber
3258 3262 3337 3318 sic
3365 3260 3568 3334 incipit
3598 3277 3611 3316 :
3640 3263 3742 3318 Sa-

2052 3360 2121 3414 tis
2143 3357 2243 3413 diu
2267 3372 2400 3427 pene
2429 3354 2471 3411 ³.

2713 3442 2941 3498 CAPUT
2972 3442 3086 3497 XII.

2533 3545 2607 3598 De
2633 3543 2919 3610 Magistro,
2939 3540 3075 3594 liber
3098 3554 3258 3594 unus.

2123 3642 2228 3696 Per
2254 3639 2409 3695 idem
2436 3643 2665 3709 tempus
2703 3637 2905 3709 scripsi
2949 3637 3162 3692 librum
3211 3636 3373 3707 cujus
3399 3638 3485 3690 est
3514 3634 3737 3699 titulus,

2050 3730 2120 3784 de
2146 3728 2409 3799 Magistro
2443 3743 2456 3781 :
2489 3726 2551 3781 in
2579 3743 2693 3798 quo
2723 3726 3047 3797 disputatur
3078 3729 3135 3780 et
3163 3723 3463 3795 quaeritur,
3495 3728 3552 3778 et
3587 3722 3744 3777 inve-

2048 3818 2230 3886 nitur,
2261 3817 2600 3887 magistrum
2620 3832 2737 3869 non
2764 3831 2902 3881 esse,
2936 3814 3036 3885 qui
3062 3814 3228 3868 docet
3245 3812 3539 3867 hominem
3568 3810 3748 3866 scien-

2049 3907 2210 3974 tiam,
2241 3905 2355 3961 nisi
2385 3906 2586 3971 Deum,
2609 3903 2922 3959 secundum
2951 3902 3094 3957 illud
3114 3902 3285 3956 etiam
3315 3900 3469 3972 quod
3490 3899 3551 3954 in
3576 3900 3748 3953 Evan-

2050 3994 2202 4067 gelio
2234 3993 2510 4064 scriptum
2550 3995 2635 4046 est
2665 4007 2678 4045 :
2719 3993 2863 4046 Unus
2890 3994 2969 4045 est
3010 3992 3275 4058 Magister
3296 3991 3471 4067 vester
3499 3987 3745 4043 Christus

2052 4064 2264 4152 (Matth.
2297 4098 2450 4148 mu,
2484 4083 2591 4149 10).
2625 4079 2724 4134 Hic
2753 4079 2897 4134 liber
2928 4078 3009 4132 sic
3048 4076 3252 4148 incipit
3284 4091 3298 4132 :
3343 4064 3491 4142 Quid
3534 4074 3636 4128 tibi
3654 4075 3745 4128 vi-

2050 4172 2239 4226 demur
2274 4173 2482 4241 efﬁcere
2505 4170 2637 4224 velle
2664 4184 2784 4223 cum
2813 4169 3127 4236 loquimur?

2705 4275 2929 4330 CAPUT
2959 4274 3097 4331 XIII.

2439 4377 2514 4429 De
2551 4375 2693 4429 Vera
2719 4375 3014 4443 Religione,
3039 4373 3174 4429 liber
3194 4387 3355 4427 unus.

2125 4478 2174 4529 1.
2204 4475 2361 4529 Tunc
2390 4472 2563 4529 etiam
2602 4472 2671 4526 de
2717 4472 2862 4525 Vera
2914 4469 3213 4542 Religione
3264 4469 3472 4525 librum
3501 4468 3743 4540 scripsi;

2050 4561 2111 4617 in
2141 4578 2254 4634 quo
2274 4560 2663 4633 multipliciter
2690 4564 2747 4615 et
2775 4558 3165 4630 copiosissime
3190 4557 3533 4631 disputatur,
3566 4572 3747 4612 unum

2048 4667 2250 4707 verum
2282 4652 2483 4717 Deum,
2514 4649 2574 4704 id
2604 4652 2691 4705 est
2720 4647 3082 4718 Trinitatem,
3106 4649 3334 4702 Patrem
3363 4652 3421 4701 et
3452 4646 3652 4701 Filium
3694 4649 3749 4700 et

2050 4740 2326 4812 Spiritum
2355 4743 2612 4793 sanctum
2626 4736 2905 4809 religione
2934 4752 3067 4792 vera
3091 4736 3393 4792 colendum
3419 4740 3507 4791 :et
3537 4740 3751 4808 quanta

2050 4828 2441 4883 misericordia
2487 4827 2631 4898 ejus,
2685 4842 2790 4897 per
2834 4826 3211 4895 temporalem
3267 4825 3747 4897 dispensationem

2050 4933 2315 4972 concessa
2359 4915 2432 4970 sit
2478 4914 2807 4979 hominibus
2861 4913 3169 4969 christiana
3215 4914 3439 4987 religio,
3466 4929 3748 4986 quaevera

2050 5005 2251 5076 religio
2276 5009 2378 5072 est,
2411 5009 2468 5060 et
2496 5004 2565 5059 ad
2598 5003 2865 5059 eumdem
2885 5004 3102 5059 cultum
3132 5003 3234 5059 Dei
3259 5001 3745 5075 quemadmodum

2050 5095 2122 5151 sit
2156 5095 2329 5150 homo
2375 5094 2621 5166 quadam
2675 5092 2792 5148 vita
2845 5110 2950 5149 sua
3000 5092 3350 5165 coaptandus
3404 5095 3446 5147 ³.
3506 5089 3742 5145 Maxime

2115 5212 2129 5246 ι
2161 5210 2315 5273 ιογέ,
2336 5209 2924 5273 ςαηοηισίεᾳιιεχθσριρ.
2948 5208 3289 5273 Aliicodices
3313 5207 3514 5273 carent,
3537 5216 3661 5273 que-

2110 5274 2132 5308 2
2156 5273 2217 5321 In
2246 5266 2377 5322 Edd.
2409 5266 2634 5322 habetur
2663 5286 2676 5320 :
2707 5271 2805 5323 Hic
2822 5272 2959 5322 liber
2978 5271 3193 5335 primus
3215 5268 3529 5335 deinciplt}
3549 5266 3746 5335 Modus

2051 5337 2166 5401 quis
2184 5347 2275 5397 pes
2289 5338 2379 5401 est;
2412 5337 2615 5401 Sextus.
2630 5338 2841 5401 autem):
2854 5328 3002 5386 Satis
3019 5334 3115 5401 diu
3126 5343 3297 5401 pene.
3312 5328 3429 5379 Non
3454 5328 3742 5401 admodum

2050 5393 2280 5446 éohairet
2296 5397 2478 5446 isthmc
2503 5395 2654 5445 lectio
2673 5412 2686 5456 ;
2707 5400 2942 5445 nostram
2956 5410 2987 5444 a
3002 5393 3206 5458 scriptis
3226 5393 3576 5454 integerrimis
3598 5404 3747 5441 usur-

2050 5462 2424 5571 parililnsgfhon
2454 5520 2675 5585 pejores,
2700 5519 2924 5584 quadam
2949 5519 3215 5569 suavitate
3244 5513 3605 5580 coaptandus.

2115 5598 2193 5662 (a)
2224 5600 2340 5650 Vid.
2368 5600 2456 5650 lib.
2487 5603 2515 5650 7
2542 5600 2606 5649 de
2636 5600 2787 5648 Civit.
2818 5597 2932 5657 Dei,
2957 5611 3001 5647 c.
3030 5598 3106 5647 23.
