4062 6364
314 308 418 358 603

315 429 512 478 tamen
541 426 739 477 contra
769 422 910 476 duas
951 425 1183 476 naturas
1238 419 1681 474 Manichaeorum
1734 420 1883 474 liber
1928 419 2021 474 hic

316 512 591 584 loquitur.

386 616 441 666 2.
473 611 541 664 In
566 610 677 663 hoc
715 608 862 663 libro
895 608 1144 680 quodam
1163 607 1322 662 loco:
1359 609 1461 673 Sit,
1496 610 1741 677 inquam,
1773 610 1877 662 tibi
1904 624 2019 662 ma-

316 703 576 769 nifestum
606 704 769 768 atque
791 703 1122 766 perceptum,
1162 698 1370 752 nullum
1400 712 1631 752 errorem
1659 699 1718 751 in
1766 699 2025 763 religione

320 803 430 845 esse
454 789 718 858 potuisse,
760 790 811 841 si
840 789 1028 841 anima
1045 801 1149 856 pro
1180 787 1285 840 Deo
1313 800 1408 841 suo
1424 802 1531 841 non
1545 788 1732 840 coleret
1759 787 2019 851 animam,

319 881 416 933 aut
442 891 657 947 corpus,
679 880 776 929 aut
796 876 1194 945 phantasmata
1219 890 1340 929 sua.
1366 874 1464 929 Hic
1484 874 1735 928 animam
1767 890 1870 946 pro
1900 873 2024 928 uni-

322 980 486 1020 verso
513 968 776 1019 creatura
820 961 1167 1033 incorporali
1212 962 1383 1034 posui
1422 978 1541 1017 non
1578 963 1814 1034 loquens
1866 978 2023 1016 more

320 1052 767 1124 Scripturarum,
817 1067 947 1122 quae
1006 1050 1257 1105 animam
1313 1050 1542 1121 quando
1593 1066 1710 1103 non
1748 1050 2022 1103 translato

319 1143 492 1197 verbo
520 1145 785 1207 utuntur,
816 1139 1009 1194 nescio
1041 1143 1233 1193 utrum
1263 1138 1441 1193 velint
1470 1137 1713 1209 intelligi
1759 1136 1871 1191 nisi
1897 1154 2023 1191 eam

322 1246 437 1301 qua
465 1228 667 1283 vivunt
693 1227 966 1282 animalia
996 1226 1281 1291 mortalia,
1315 1226 1376 1281 in
1406 1225 1614 1297 quibus
1655 1229 1712 1279 et
1761 1225 2024 1279 homines

322 1322 477 1386 sunt,
508 1316 781 1388 quamdiu
814 1317 1083 1370 mortales
1113 1321 1263 1371 sunt.
1298 1316 1473 1370 Paulo
1494 1318 1625 1386 post
1651 1317 1841 1369 autem
1863 1330 2023 1368 eum-

325 1408 456 1462 dem
488 1422 719 1461 sensum
751 1405 956 1459 melius
998 1420 1123 1459 sum
1164 1403 1508 1475 breviusque
1547 1404 1893 1474 complexus,
1926 1402 2024 1457 ubi

322 1495 441 1552 dixi
468 1512 481 1549 :
515 1497 635 1552 Non
659 1509 786 1561 ergo
823 1498 1084 1549 creatura
1125 1496 1310 1563 potius
1341 1509 1505 1563 quam
1534 1494 1779 1550 Creatori
1815 1495 2023 1547 servia-

324 1599 461 1651 mus,
484 1599 578 1637 nec
604 1598 981 1638 evanescamus
1010 1584 1070 1635 in
1099 1581 1517 1649 cogitationibus
1554 1583 1774 1647 nostris,
1815 1585 1864 1635 et
1898 1596 2023 1651 per-

320 1675 466 1739 fecta
488 1673 678 1740 religio
705 1676 801 1726 est.
832 1672 1162 1738 Creaturam
1184 1671 1397 1742 quippe
1427 1686 1538 1723 uno
1557 1669 1789 1724 nomine
1807 1674 2022 1724 utram-

323 1776 454 1831 que,
505 1760 564 1814 id
611 1763 695 1813 est
752 1758 1109 1829 spiritualem
1165 1760 1634 1830 corporalemque
1686 1757 2018 1830 signiﬁcavi.

324 1850 518 1903 Restat
573 1847 728 1919 quod
758 1847 838 1901 ibi
894 1846 1030 1914 dixi,
1088 1851 1183 1901 aut
1240 1848 1637 1917 phantasmata
1681 1862 1781 1902 sua
1824 1862 1837 1901 :
1888 1863 2023 1917 pro-

322 1942 449 2008 pter
477 1936 629 2007 quod
658 1936 750 1991 hic
781 1936 919 2003 dixi,
970 1951 1064 1990 nec
1099 1950 1476 1991 evanescamus
1523 1938 1579 1989 in
1609 1936 2023 2003 cogitationibus

322 2027 542 2081 nostris.

395 2127 445 2179 3.
475 2125 619 2178 Item
646 2122 801 2194 quod
832 2121 967 2190 dixi,
1015 2124 1097 2177 Ea
1142 2127 1221 2178 est
1264 2125 1462 2178 nostris
1510 2121 1832 2191 temporibus
1871 2123 2019 2177 chri-

322 2215 508 2269 stiana
532 2214 743 2281 religio,
777 2227 941 2281 quam
971 2226 1278 2280 cognoscere
1324 2227 1386 2267 ac
1414 2214 1569 2280 sequi
1604 2212 1946 2266 securissima
1973 2216 2022 2265 ct

323 2303 625 2357 certissima
652 2301 799 2354 salus
819 2303 916 2364 est,
945 2299 1255 2353 secundum
1285 2299 1393 2354 hoc
1420 2313 1634 2353 nomen
1671 2298 1884 2353 dictum
1916 2305 2020 2366 est,

325 2403 445 2442 non
467 2387 781 2442 secundum
812 2386 995 2457 ipsam
1024 2402 1170 2454 rem,
1201 2387 1362 2458 cujus
1388 2387 1495 2441 hoc
1522 2402 1732 2441 nomen
1754 2390 1857 2440 est.
1881 2388 2022 2441 Nam

324 2492 415 2529 res
446 2475 571 2546 ipsa
599 2492 729 2545 qum
748 2491 901 2529 nunc
921 2474 1229 2529 christiana
1260 2474 1461 2547 religio
1491 2476 1877 2544 nuncupatur,
1904 2478 2024 2529 erat

326 2563 478 2635 apud
527 2563 811 2634 antiquos,
846 2579 949 2617 nec
978 2563 1158 2618 defuit
1196 2563 1266 2618 ab
1297 2562 1462 2618 initio
1506 2562 1733 2633 generis
1759 2562 2020 2629 humani,

326 2666 627 2723 quousque
660 2651 779 2721 ipse
818 2651 1070 2706 Christus
1099 2651 1318 2706 veniret
1366 2652 1426 2706 in
1472 2667 1662 2718 carne,
1702 2651 1855 2706 unde
1890 2668 2024 2705 vera

327 2739 533 2811 religio
560 2758 688 2813 quae
712 2741 834 2812 jam
853 2745 994 2806 erat,
1029 2740 1199 2812 cmpit
1228 2740 1503 2812 appellari
1522 2739 1846 2795 christiana.
1881 2740 2020 2794 Cum

326 2828 483 2883 enim
533 2846 666 2884 eum
711 2833 840 2901 post
893 2829 1372 2884 resurrectionem
1418 2828 1924 2900 ascensionemque
1963 2827 2024 2883 in

330 2918 535 2973 coelum
566 2918 867 2990 ccepissent
895 2919 1154 2989 Apostoli
1183 2918 1512 2990 prmdicare,
1543 2921 1599 2972 et
1626 2917 1863 2988 plurimi
1901 2933 2019 2971 cre-

323 3005 541 3072 derent,
568 3005 821 3076 primum
849 3006 1001 3078 apud
1030 3006 1415 3072 Antiochiam,
1448 3005 1592 3061 sicut
1621 3004 1895 3077 scriptum
1908 3008 2019 3068 est,

322 3094 593 3165 appellati
624 3098 756 3149 sunt
783 3094 1047 3166 discipuli
1093 3094 1399 3150 Christiani
1430 3094 1572 3165 (Act.
1625 3110 1704 3163 χι,
1742 3094 1850 3163 26).
1885 3095 2025 3148 Prov

322 3186 520 3252 pterea
547 3182 684 3245 dixi,
711 3185 833 3238 Haec
860 3188 937 3238 est
964 3185 1165 3238 nostris
1196 3184 1522 3253 temporibus
1552 3184 1858 3237 christiana
1890 3183 2019 3236 reli—

322 3275 449 3338 gio;
499 3287 617 3325 non
665 3271 802 3341 quia
848 3271 1138 3341 prioribus
1191 3271 1548 3342 temporibus
1593 3287 1713 3326 non
1753 3270 1879 3337 fuit,
1925 3270 2022 3325 sed

324 3359 462 3430 quia
490 3359 905 3429 posterioribus
928 3360 1036 3415 hoc
1064 3376 1279 3415 nomen
1308 3360 1540 3431 accepit.

395 3460 446 3512 4.
491 3456 615 3511 Alio
647 3458 770 3511 loco
804 3473 816 3511 :
848 3458 1069 3513 Intende
1113 3460 1303 3527 igitur.
1346 3460 1591 3527 inquam,
1635 3460 1694 3512 in
1745 3460 1853 3512 haec
1907 3473 2025 3525 quae

323 3550 640 3615 sequuntur,
665 3545 951 3613 diligenter
982 3550 1033 3600 et
1063 3548 1175 3616 pie,
1210 3551 1473 3615 quantum
1497 3550 1652 3616 potes
1677 3565 1693 3613 ;
1721 3547 1855 3600 tales
1884 3548 2024 3599 enim

324 3633 559 3702 adjuvat
593 3636 726 3689 Deus
759 3633 920 3704 (Cap.
985 3637 1071 3701 10,
1103 3650 1158 3689 η.
1215 3635 1417 3703 18-20).
1466 3635 1625 3699 Quod
1654 3650 1768 3689 non
1809 3634 1886 3688 ita
1933 3633 2023 3688 in-

324 3720 699 3793 telligendum
756 3726 863 3789 est,
916 3722 1081 3794 quasi
1131 3723 1533 3778 tantummodo
1584 3723 1726 3777 tales
1776 3723 2021 3793 adjuvet,

325 3826 454 3864 cum
509 3810 740 3882 adjuvet
793 3810 966 3865 etiam
1013 3827 1133 3866 non
1174 3812 1315 3867 tales
1354 3815 1417 3865 ut
1469 3811 1581 3866 sint
1626 3812 1786 3878 tales,
1819 3810 1875 3866 id
1920 3815 2022 3876 est,

325 3902 389 3953 ut
443 3898 749 3969 diligenter
800 3903 856 3954 et
891 3900 983 3970 pie
1022 3905 1284 3971 quaerant
1318 3916 1332 3954 :
1364 3901 1505 3954 tales
1551 3904 1744 3954 autem
1794 3900 2027 3970 adjuvat

324 3990 388 4041 ut
450 3986 764 4043 inveniant.
822 3989 1082 4059 Itemque
1137 3988 1310 4043 alibi:
1346 3989 1563 4055 Deinde,
1620 3991 1863 4057 inquam,
1904 3989 2026 4057 jam

323 4078 426 4129 erit
454 4091 775 4145 consequens
816 4081 877 4129 ut
913 4081 1040 4145 post
1083 4081 1306 4130 mortem
1348 4077 1677 4145 corporalem
1722 4092 1886 4145 quam
1933 4076 2024 4129 de-

326 4164 505 4218 bemus
540 4167 719 4233 primo
772 4168 1009 4232 peccato,
1071 4168 1304 4232 tempore
1353 4178 1447 4217 suo
1494 4169 1655 4233 atque
1701 4164 1890 4218 ordine
1931 4178 2026 4217 suo

326 4252 420 4306 hoc
467 4267 659 4320 corpus
711 4254 1036 4305 restituatur
1069 4251 1627 4319 pristinaeistabilitati
1666 4254 1815 4321 (Cap.
1852 4255 1936 4319 12,
1968 4267 2022 4305 n.

328 4340 436 4408 25).
469 4338 631 4401 Quod
687 4338 765 4392 sic
819 4337 1214 4407 accipiendum
1268 4342 1371 4405 est,
1424 4339 1558 4409 quia
1586 4338 1759 4393 etiam
1787 4338 2028 4408 pristina

326 4425 606 4480 stabilitas
631 4424 885 4495 corporis
909 4440 1082 4496 quam
1102 4425 1393 4495 peccando
1442 4425 1759 4492 amisimus,
1783 4426 2030 4481 habebat

328 4517 547 4568 tantam
577 4513 924 4579 felicitatem,
969 4518 1033 4568 ut
1075 4513 1134 4568 in
1163 4513 1443 4569 defectum
1497 4530 1613 4568 non
1642 4520 1902 4585 vergeret
1941 4529 2026 4567 se-

327 4603 591 4658 nectutis.
625 4602 765 4658 Huic
794 4618 930 4675 ergo
958 4602 1212 4675 pristinae
1244 4602 1535 4657 stabilitati
1563 4602 1895 4657 restituetur
1924 4602 2029 4656 hoc

328 4706 532 4761 corpus
561 4690 622 4745 in
652 4692 1066 4747 resurrectione
1098 4696 1481 4747 mortuorum.
1512 4692 1620 4747 Sed
1651 4690 1884 4746 habebit
1905 4707 2027 4746 am-

328 4780 500 4850 plius,
533 4783 598 4834 ut
623 4796 726 4834 nec
754 4780 1040 4835 alimentis
1068 4781 1460 4853 corporalibus
1500 4784 1883 4849 sustentetur;
1934 4781 2029 4835 sed

329 4868 399 4923 ad
429 4867 830 4923 sufﬁcientiam
886 4869 1201 4924 viviﬁcetur
1241 4870 1361 4924 solo
1405 4869 1633 4940 spiritu,
1672 4884 1804 4923 cum
1839 4884 2024 4924 resur-

329 4957 538 5012 rexerit
568 4956 629 5012 in
659 4957 923 5027 spiritum
952 4958 1355 5026 viviﬁcantem,
1387 4975 1499 5031 qua
1529 4974 1699 5014 causa
1726 4958 1897 5012 etiam
1922 4957 2030 5028 spi-

328 5046 533 5101 rituale
562 5045 694 5101 erit.
730 5045 874 5100 Illud
905 5051 1095 5100 autem
1125 5047 1277 5118 quod
1317 5047 1571 5118 primum
1592 5047 1721 5113 fuit,
1771 5045 2031 5118 quamvis

330 5150 448 5188 non
478 5133 847 5201 moriturum,
873 5130 983 5188 nisi
1010 5134 1183 5189 homo
1213 5140 1518 5206 peccasset,
1562 5139 1759 5190 tamen
1787 5135 2031 5189 animale

327 5224 541 5278 factum
572 5227 658 5278 est
687 5222 749 5276 in
781 5221 1034 5277 animam
1061 5221 1368 5279 viventem.

402 5324 453 5376 5.
487 5321 552 5375 Et
580 5319 718 5375 alibi
751 5335 765 5375 :
801 5322 977 5391 Usque
1023 5319 1156 5374 adeo
1192 5322 1439 5390 inquam,
1461 5326 1741 5391 peccatum
1786 5323 2031 5376 volunta-

330 5411 473 5463 rium
501 5411 703 5465 malum
745 5413 838 5474 est,
894 5413 956 5463 ut
974 5408 1124 5463 nullo
1166 5408 1323 5464 modo
1343 5412 1416 5463 sit
1434 5413 1735 5479 peccatum,
1763 5411 1815 5464 si
1829 5425 1934 5465 non
1960 5412 2034 5464 sit

329 5497 700 5552 voluntarium
729 5500 879 5567 (Cap.
917 5499 1003 5564 14,
1052 5513 1105 5552 n.
1133 5496 1245 5568 27).
1276 5498 1468 5552 Potest
1514 5497 1695 5552 videri
1739 5498 1879 5552 falsa
1907 5498 2031 5553 haec

327 5582 584 5638 deﬁnitio
610 5601 625 5649 ς
651 5585 746 5639 sed
779 5584 827 5639 si
846 5584 1150 5656 diligenter
1178 5584 1535 5651 discutiatur,
1558 5584 1882 5640 invenietur
1910 5601 2031 5640 esse

1488 297 2145 355 RETHACTATIONUM
2187 298 2238 351 ὃ.
2282 296 2689 353 AUGUSTINI.

3736 298 3857 351 604

2128 418 2439 474 verissima.
2492 420 2791 473 Peccatum
2846 420 3060 490 quippe
3108 420 3250 475 illud
3306 420 3679 491 cogitandum
3735 425 3855 487 est,

2130 506 2286 578 quod
2312 505 2711 561 tantummodo
2743 511 3037 576 peccatum
3067 510 3172 572 est,
3212 521 3328 561 non
3358 507 3511 578 quod
3543 513 3632 562 est
3660 508 3859 563 etiam

2128 610 2299 666 poena
2326 593 2560 665 peccati,
2595 593 2739 649 sicut
2780 594 3043 664 superius
3095 594 3338 660 ostendi,
3387 611 3516 650 cum
3565 596 3856 668 quedam

2130 697 2639 737 commemorarem
2678 698 2743 736 ex
2797 681 2946 736 libro
2993 682 3161 737 tertio
3219 682 3288 759 de
3340 682 3543 737 Libero
3594 683 3857 738 arbitrio

2133 772 2271 837 (Lib.
2300 776 2319 825 1
2354 774 2613 837 Retract.,
2646 788 2691 825 c.
2734 774 2788 839 9,
2833 786 2889 825 n.
2933 772 3011 842 5).
3053 770 3321 836 Quamvis
3343 775 3398 825 et
3427 772 3523 826 illa
3551 789 3684 844 quae
3718 789 3855 827 non

2131 860 2418 915 immerito
2449 876 2562 914 non
2595 859 2913 914 voluntaria
2942 863 3173 930 peccata
3196 858 3482 927 dicuntur,
3515 860 3655 931 quia
3681 861 3783 915 vel
3815 878 3857 914 ει

2133 950 2518 1004 nescientibus
2552 949 2640 1003 vel
2679 965 2713 1002 a
2766 947 2971 1002 coactis
3021 952 3434 1018 perpetrantur,
3492 965 3612 1003 non
3641 949 3853 1003 omni-

2132 1037 2306 1093 modo
2338 1042 2578 1109 possunt
2607 1036 2728 1091 sine
2787 1037 3075 1090 voluntate
3104 1036 3387 1090 committi
3418 1053 3432 1091 :
3467 1037 3755 1107 quoniam
3790 1044 3855 1092 et

2132 1127 2228 1181 ille
2259 1127 2358 1197 qui
2383 1129 2579 1197 peccat
2597 1125 2889 1197 ignorans,
2912 1126 3203 1179 voluntate
3233 1124 3431 1195 utique
3449 1125 3582 1179 facit
3608 1123 3649 1188 ‘,
3675 1128 3849 1198 quod

2133 1231 2265 1270 cum
2294 1215 2615 1269 faciendam
2648 1230 2764 1269 non
2794 1213 2884 1280 sit,
2915 1217 3080 1285 putat
3108 1230 3227 1267 esse
3259 1212 3596 1268 faciendum.
3631 1216 3698 1269 Et
3740 1216 3851 1270 ille

2133 1303 2234 1375 qui
2262 1303 2689 1374 concupiscente
2737 1302 3005 1356 adversus
3052 1301 3316 1372 spiritum
3359 1318 3547 1369 carne,
3602 1320 3721 1358 non
3776 1322 3852 1359 ea

2132 1410 2264 1466 quas
2316 1394 2438 1448 vult
2490 1392 2643 1458 facit,
2675 1390 3026 1462 concupiscit
3071 1390 3304 1462 quidem
3336 1392 3554 1459 nolens,
3588 1396 3646 1446 et
3674 1392 3736 1447 in
3772 1409 3849 1448 eo

2133 1498 2251 1537 non
2276 1480 2410 1537 facit
2438 1480 2593 1552 quod
2646 1481 2766 1535 vult
2801 1496 2813 1533 :
2847 1479 2947 1534 sed
2977 1479 3023 1533 si
3052 1479 3316 1546 vincitur,
3358 1481 3853 1550 concupiscentia;

2133 1570 2416 1627 consentit
2435 1571 2650 1636 volens,
2678 1574 2733 1623 et
2758 1568 2818 1623 in
2849 1585 2917 1622 eo
2948 1584 3066 1623 non
3093 1567 3229 1623 facit
3257 1568 3368 1622 nisi
3392 1569 3545 1639 quod
3573 1570 3717 1638 vult,
3764 1571 3847 1625 li-

2132 1661 2235 1715 ber
2264 1659 2474 1714 scilicet
2497 1658 2754 1728 justitiae,
2786 1673 3094 1729 servusque
3126 1656 3363 1728 peccati.
3405 1659 3473 1713 Et
3501 1657 3643 1713 illud
3676 1660 3847 1729 quod

2132 1750 2193 1805 iu
2221 1748 2473 1821 parvulis
2505 1747 2714 1802 dicitur
2761 1745 3040 1817 originale
3097 1751 3415 1817 peccatum,
3463 1763 3595 1802 cum
3648 1748 3849 1802 adhuc

2131 1854 2247 1893 non
2277 1835 2779 1914 utautygbitrio
2809 1835 3135 1901 voluntatis,
3181 1851 3298 1889 non
3329 1835 3569 1890 absurde
3600 1839 3851 1890 vocatur

2134 1912 2739 1987 et'iauhi'v‘oluntarium,
2782 1924 2919 1995 quia
2957 1940 3025 1978 ex
3051 1923 3240 1996 prima
3278 1923 3526 1978 hominis
3554 1924 3709 1979 mala
3737 1940 3848 1979 vo-

2131 2016 2349 2069 luntate
2386 2016 2762 2079 contractum,
2790 2012 3003 2066 factum
3028 2016 3111 2065 est
3135 2011 3562 2083 quodammodo
3592 2011 3851 2066 bmredi-

2131 2102 2361 2157 tarium.
2399 2104 2526 2157 Non
2554 2101 2748 2172 itaque
2774 2101 2980 2155 falsum
3037 2104 3122 2154 est
3146 2099 3297 2171 quod
3329 2098 3461 2165 dixi,
3495 2102 3671 2169 Usque
3701 2101 3848 2154 adeo

2130 2195 2406 2262 peccatum
2452 2191 2820 2245 voluntarium
2869 2190 3074 2243 malum
3128 2193 3224 2257 est,
3265 2192 3327 2242 ut
3376 2190 3524 2243 nullo
3555 2189 3712 2243 modo
3764 2190 3847 2242 sit

2126 2284 2425 2350 peccatum,
2455 2281 2505 2333 si
2532 2294 2639 2333 non
2664 2280 2738 2332 sit
2764 2278 3150 2332 voluntarium.
3180 2276 3315 2331 Ideo
3347 2276 3531 2348 gratia
3578 2276 3680 2330 Dei
3717 2293 3844 2332 non

2130 2370 2317 2423 solum
2345 2371 2537 2422 reatus
2566 2367 2827 2420 omnium
2849 2364 3272 2435 praeteritorum
3301 2365 3538 2419 solvitur
3556 2364 3619 2419 in
3647 2365 3845 2419 omni-

2129 2458 2235 2511 bus
2261 2456 2361 2528 qui
2390 2455 2753 2526 baptizantur
2780 2455 2840 2508 in
2872 2453 3110 2521 Christo,
3140 2454 3289 2524 quod
3329 2454 3395 2508 tit
3418 2453 3636 2523 Spiritu
3661 2466 3838 2523 rege-

2131 2544 2479 2611 nerationis;
2512 2559 2712 2598 verum
2742 2542 2915 2597 etiam
2953 2542 3012 2596 in
3043 2541 3356 2613 grandibus
3409 2542 3673 2596 voluntas
3702 2541 3840 2612 ipsa

2132 2637 2385 2696 sanatur,
2415 2637 2470 2686 et
2490 2636 2846 2703 praeparatur
2869 2648 2903 2685 a
2933 2630 3364 2703 Domino,quod
3381 2629 3445 2685 ﬁt
3463 2629 3670 2701 spiritu
3694 2629 3842 2686 ﬁdei

2132 2725 2190 2775 et
2216 2719 2528 2775 charitatis.

2202 2811 2254 2864 6.
2287 2808 2411 2864 Alio
2439 2808 2563 2863 loco
2592 2807 2652 2862 in
2675 2824 2741 2863 eo
2764 2807 2921 2879 quod
2943 2806 3057 2861 dixi
3080 2806 3149 2861 de
3170 2805 3410 2861 Domino
3425 2807 3451 2860 ,Ι
3458 2821 3558 2859 esu
3580 2804 3841 2872 Christo,

2131 2898 2286 2955 Nihil
2304 2899 2415 2965 egit
2439 2898 2516 2965 vi,
2547 2896 2641 2951 sed
2670 2897 2851 2951 omnia
2879 2895 3155 2950 suadendo
3184 2899 3235 2948 et
3262 2894 3519 2949 monendo
3550 2894 3704 2963 (Cap.
3750 2897 3842 2959 16,

2129 3003 2194 3042 n.
2229 2986 2338 3053 3t),
2368 3001 2485 3040 non
2516 2985 2657 3039 mihi
2688 2987 3011 3038 occurrerat
3038 2983 3191 3055 quod
3223 2982 3529 3036 vendentes
3558 2985 3615 3035 et
3634 2998 3844 3036 emen-

2131 3079 2215 3131 tes
2270 3074 2613 3145 ﬂagellando
2665 3073 2833 3143 ejecit
2870 3072 2940 3126 de
2969 3072 3210 3142 templo.
3259 3071 3363 3126 Sed
3398 3069 3534 3141 quid
3568 3070 3697 3134 hoc,
3740 3073 3848 3124 aut

2134 3167 2412 3236 quantum
2425 3166 2509 3216 est
2527 3164 2556 3216 ?
2579 3160 2844 3226 Quamvis
2872 3164 2929 3213 et
2957 3160 3249 3214 daemones
3269 3160 3527 3213 nolentes
3549 3159 3620 3212 ab
3647 3156 3845 3211 homi-

2132 3252 2324 3322 nibus,
2354 3267 2472 3306 non
2503 3264 2766 3304 sermone
2810 3246 3112 3316 suasionis,
3162 3247 3258 3300 sed
3308 3246 3363 3299 vi
3390 3245 3693 3317 potestatis
3720 3245 3846 3316 eje-

2132 3340 2289 3396 cerit.
2322 3342 2464 3395 Item
2482 3339 2595 3393 alio
2625 3339 2749 3393 loco
2771 3339 2982 3402 :Prius,
3014 3338 3260 3405 inquam,
3283 3336 3379 3388 isti
3402 3334 3667 3403 sequendi
3686 3340 3840 3399 sunt,
3922 3360 3937 3373 -

2134 3433 2231 3499 qui
2256 3444 2421 3483 unum
2449 3430 2613 3483 Deum
2639 3440 2925 3491 summum,
2955 3425 3125 3479 solum
3167 3438 3353 3476 rerum
3381 3425 3548 3476 Deum
3579 3428 3630 3478 et
3664 3424 3844 3477 solum

2133 3517 2408 3573 colendum
2437 3531 2547 3570 esse
2576 3514 2765 3568 dicunt
2792 3528 2806 3566 :
2840 3514 2891 3567 si
2911 3511 3063 3580 apud
3092 3513 3184 3565 hos
3212 3514 3415 3565 veritas
3444 3526 3551 3565 non
3580 3512 3842 3581 elumerit,

2135 3613 2248 3662 tum
2289 3606 2501 3659 demum
2527 3601 2879 3671 migrandum
2919 3605 3016 3655 est.
3069 3599 3231 3664 Quod
3284 3599 3365 3653 ita
3419 3604 3608 3670 potest
3651 3600 3843 3654 videri

2133 3696 2366 3760 dictum,
2390 3692 2551 3764 quasi
2571 3692 2640 3746 de
2664 3690 2837 3762 hujus
2859 3687 3154 3759 religionis
3174 3688 3408 3742 veritate
3433 3688 3840 3746 dubitaverim.

2134 3784 2260 3840 Dixi
2289 3786 2477 3838 autem
2509 3780 2654 3835 sicut
2686 3780 2737 3834 ei
2767 3779 3121 3849 congruebat
3168 3777 3238 3832 ad
3277 3793 3450 3848 quem
3488 3777 3838 3833 scribebam.

2134 3874 2222 3930 Sic
2248 3871 2404 3926 enim
2437 3869 2577 3937 dixi,
2603 3872 2653 3924 si
2677 3869 2829 3939 apud
2884 3868 2975 3922 hos
3002 3869 3206 3922 veritas
3257 3882 3365 3920 non
3402 3867 3657 3932 elumerit,
3691 3866 3837 3921 nihil

2133 3962 2398 4018 dubitans
2425 3959 2582 4032 quod
2609 3958 2763 4029 apud
2802 3972 2900 4012 eos
2945 3956 3318 4021 elucesseret;
3351 3953 3841 4029 quemadmodum

2133 4051 2213 4107 ait
2238 4051 2564 4123 Apostolus,
2597 4049 2658 4105 Si
2679 4049 2923 4105 Christus
2936 4062 3041 4101 non
3056 4047 3357 4101 resurrexit
3386 4045 3432 4114 (Ι
3456 4044 3576 4101 Cor.
3599 4060 3688 4109 xv,
3724 4046 3837 4115 14),

2134 4156 2252 4195 non
2282 4138 2481 4211 utique
2504 4127 2770 4193 dubitans
2795 4135 2944 4208 quod
2973 4133 3364 4189 resurrexerit.

2203 4233 2256 4281 7.
2289 4229 2431 4281 Item
2463 4227 2618 4298 quod
2648 4224 2780 4290 dixi,
2814 4227 2919 4281 Nec
2946 4224 3213 4299 miracula
3243 4224 3341 4277 illa
3379 4223 3438 4274 in
3465 4225 3655 4276 nostra
3705 4225 3839 4275 tem-

2132 4332 2270 4386 pora
2297 4315 2497 4369 durare
2521 4316 2786 4383 permissa
2813 4316 2959 4377 sunt,
3005 4328 3070 4367 ne
3111 4314 3298 4365 anima
3341 4324 3547 4378 semper
3591 4310 3839 4365 visibilia

2136 4406 2416 4473 quaereret,
2448 4406 2499 4454 et
2527 4417 2706 4455 eorum
2741 4400 3123 4455 consuetudine
3167 4401 3477 4466 frigesceret
3523 4413 3690 4467 genus
3730 4400 3839 4452 hu-

2137 4506 2376 4556 manum,
2398 4504 2627 4559 quorum
2654 4486 2893 4542 novitate
2911 4490 3170 4557 ﬂagravit
3200 4488 3353 4556 (Cap.
3374 4489 3463 4551 25,
3486 4501 3579 4539 nn.
3603 4486 3694 4546 46.
3719 4486 3836 4554 47),

2136 4594 2336 4634 verum
2366 4582 2449 4632 est
2475 4576 2745 4649 quidem:
2766 4592 2883 4631 non
2915 4576 3066 4631 enim
3099 4592 3253 4629 nunc
3271 4590 3454 4644 usque
3473 4590 3604 4628 cum
3634 4590 3841 4629 manus

2135 4667 2454 4740 imponitur
2481 4665 2799 4738 baptizatis,
2833 4664 2911 4719 sic
2941 4664 3229 4735 accipiunt
3255 4663 3529 4735 Spiritum
3556 4667 3839 4731 sanctum,

2135 4762 2203 4813 ut
2257 4757 2565 4828 loquantur
2623 4755 2837 4826 linguis
2891 4753 3155 4809 omnium
3205 4752 3511 4823 gentium;
3562 4755 3659 4806 aut
3687 4767 3843 4807 nunc

2136 4862 2318 4918 usque
2330 4845 2399 4901 ad
2415 4845 2681 4900 umbram
2712 4842 3132 4898 transeuntium
3153 4841 3600 4913 praedicatorum
3633 4840 3842 4896 Christi

2138 4938 2413 4990 sanantur
2442 4933 2690 4999 infirmi;
2723 4936 2778 4985 et
2805 4931 2853 4985 si
2882 4946 2997 5001 qua
3021 4930 3158 4984 talia
3183 4934 3322 4984 tunc
3349 4929 3497 4984 facta
3526 4932 3677 4995 sunt,
3712 4944 3841 5000 quae

2136 5028 2334 5094 postea
2359 5039 2602 5078 cessasse
2635 5019 3000 5074 manifestum
3030 5022 3130 5072 est.
3167 5019 3277 5073 Sed
3299 5034 3414 5072 non
3447 5016 3527 5071 sic
3553 5015 3839 5087 accipien-

2137 5115 2276 5169 dum
2308 5117 2392 5167 est
2421 5112 2577 5184 quod
2605 5109 2743 5173 dixi,
2790 5112 2855 5162 ut
2902 5123 3055 5161 nunc
3095 5106 3156 5161 in
3188 5105 3397 5162 Christi
3436 5104 3668 5160 nomine
3717 5105 3841 5160 ﬁeri

2138 5202 2414 5258 miracula
2432 5200 2591 5255 nulla
2610 5197 2930 5252 credantur.
2954 5197 3097 5251 Nam
3119 5212 3226 5267 ego
3257 5196 3377 5266 ipse
3410 5193 3638 5264 quando
3663 5193 3841 5250 istum

2139 5292 2327 5362 ipsum
2380 5290 2588 5343 librum
2622 5285 2841 5356 scripsi,
2899 5285 2971 5339 ad
3045 5283 3554 5340 Mediolanensium
3600 5296 3844 5353 corpora

2138 5383 2457 5449 martyrum
2490 5376 2563 5447 (a)
2592 5376 2653 5430 in
2684 5374 2885 5430 eadem
2913 5373 3137 5429 civitate
3183 5388 3398 5428 caecum
3448 5371 3845 5429 illuminatum

2205 5471 2220 5503 ί
2242 5466 2393 5531 Apud
2415 5466 2536 5531 Am.
2551 5467 2604 5513 et
2620 5463 2728 5522 Er.,
2748 5462 3238 5531 voluntarieutique
3260 5464 3456 5524 peccat.
3482 5462 3541 5509 In
3560 5460 3709 5508 miss.
3734 5475 3843 5521 sex,

2140 5527 2421 5581 voluntate
2448 5527 2641 5589 utique
2665 5530 2867 5588 peccat.

2202 5592 2276 5655 (a)
2306 5589 2523 5641 Protasii
2547 5584 2601 5639 et
2630 5584 2859 5639 Gervasii
2884 5603 2895 5637 :
2917 5587 3010 5637 lib.
3039 5588 3068 5635 9
3097 5584 3267 5645 Conf.,
3298 5599 3344 5635 c.
3371 5587 3418 5644 7,
3452 5598 3505 5643 n,
3540 5585 3617 5632 16.
