4062 6352
166 336 271 387 605

165 454 342 509 fuisse
391 456 509 527 jam
561 472 855 522 noveram,
918 460 973 510 et
1028 455 1138 510 alia
1188 457 1480 523 nonnulla,
1515 458 1710 529 qualia
1752 464 1871 515 tam

165 543 353 598 multa
400 543 575 600 etiam
624 544 747 599 istis
793 544 1148 615 temporibus
1193 544 1359 607 ﬁunt,
1410 548 1475 599 ut
1521 562 1625 600 nec
1673 548 1871 602 omnia

167 647 530 702 cognoscere,
598 647 702 687 nec
748 648 813 686 ea
868 647 996 703 quae
1058 631 1474 703 cognoscimus,
1532 649 1869 691 enumerare

167 720 477 790 possimus.

240 811 293 863 8.
331 809 396 861 Et
425 807 537 861 alio
567 808 690 861 loco
720 806 858 862 illud
889 806 1044 879 quod
1075 807 1210 875 dixi,
1243 810 1394 864 Sicut
1423 812 1504 864 ait
1552 812 1868 883 Apostolus,

172 916 199 948 ι(
225 897 410 952 Omnis
447 896 576 950 ordo
606 912 639 949 a
673 898 774 950 Deo
798 900 895 965 cst,
927 914 955 948 ››
988 912 1105 950 non
1136 896 1349 951 eisdem
1382 897 1566 953 verbis
1594 898 1699 954 hoc
1729 900 1871 957 dixit

168 985 497 1056 Apostolus,
530 984 788 1054 quamvis
830 984 1027 1038 eadem
1084 984 1338 1039 videatur
1393 1002 1527 1040 esse.
1561 990 1862 1047 sententia.

167 1074 264 1128 Ait
290 1072 502 1144 quippe
525 1073 619 1127 ille
650 1088 663 1127 :
698 1073 823 1139 Qua:
850 1077 1028 1127 autem
1057 1078 1203 1142 sunt,
1229 1090 1262 1127 a
1283 1077 1385 1129 Deo
1414 1076 1678 1131 ordinatae
1702 1080 1865 1132 sunt1

169 1165 338 1229 (Rom.
372 1178 487 1227 xm,
525 1162 600 1232 1).
637 1162 700 1215 Et
748 1161 929 1216 alibi:
986 1164 1230 1229 Prorsus,
1285 1165 1530 1233 inquam,
1579 1181 1729 1220 nemo
1770 1182 1866 1221 nos

164 1252 333 1317 fallat
367 1266 379 1304 :
412 1250 682 1319 quidquid
708 1254 848 1304 recte
878 1252 1231 1333 vituperetur,
1280 1254 1339 1306 in
1384 1253 1621 1307 melioris
1651 1269 1864 1325 compa-

164 1341 377 1393 ratione
404 1339 684 1408 respuitur
714 1339 863 1408 (Cap.
894 1340 983 1406 41,
1036 1355 1130 1393 nn.
1177 1343 1267 1406 77,
1311 1342 1422 1409 ‘78).
1470 1342 1585 1395 Hoc
1634 1342 1704 1397 de
1735 1343 1865 1397 sub-

165 1425 389 1480 stantiis
417 1430 590 1497 atque
615 1426 833 1479 naturis
864 1425 1079 1481 dictum
1111 1430 1193 1481 est
1224 1445 1237 1495 ;
1269 1427 1401 1482 inde
1432 1428 1586 1483 enim
1614 1429 1866 1501 disputa-

163 1516 356 1584 batur,
374 1531 493 1569 non
518 1514 588 1568 de
609 1514 774 1569 bonis
800 1516 1119 1569 actionibus
1136 1519 1305 1587 atque
1322 1518 1585 1587 peccatis.
1613 1520 1866 1591 Itemque

164 1602 303 1658 alibi
336 1620 349 1657 :
381 1604 487 1658 Sed
513 1619 605 1657 nec
648 1606 725 1657 sic
771 1604 1007 1672 quidem,
1053 1607 1299 1673 inquam,
1343 1605 1411 1659 ab
1451 1606 1661 1661 homine
1716 1609 1868 1665 homo

165 1692 481 1759 diligendus
500 1696 599 1761 est,
630 1696 688 1747 ut
707 1692 1016 1761 diliguntur
1050 1694 1293 1748 carnales
1341 1695 1567 1762 fratres,
1611 1697 1696 1751 vel
1737 1696 1866 1768 ﬁlii,

163 1782 250 1835 vel
278 1781 549 1849 conjuges,
579 1781 663 1833 vel
690 1782 889 1848 quique
912 1783 1129 1847 cognati
1154 1796 1167 1834 :
1199 1785 1296 1835 aut
1332 1782 1550 1852 afﬁnes,
1583 1788 1678 1838 aut
1707 1788 1863 1850 cives,

163 1885 296 1923 nam
314 1874 365 1923 et
388 1871 496 1923 ista
525 1869 740 1923 dilectio
762 1870 1075 1939 temporalis
1102 1873 1200 1924 est.
1246 1871 1365 1926 Non
1394 1872 1536 1924 enim
1566 1872 1706 1926 ullas
1737 1874 1869 1927 tales

158 1956 581 2014 necessitudines
629 1956 961 2025 haberemus,
1016 1973 1134 2026 quae
1180 1958 1444 2011 nascendo
1498 1964 1550 2013 et
1595 1962 1870 2015 moriendo

162 2049 506 2115 contingunt,
527 2048 577 2100 si
604 2049 804 2099 natura
831 2049 1018 2099 nostra
1043 2048 1101 2099 in
1125 2048 1411 2116 praeceptis
1439 2052 1489 2100 et
1514 2046 1757 2115 imagine
1774 2052 1872 2103 Dei

163 2151 410 2203 manens,
438 2136 498 2188 in
526 2137 688 2189 istam
699 2136 1092 2203 corruptionem
1116 2150 1221 2189 non
1249 2135 1580 2201 relegaretur
1598 2138 1753 2206 (Cap.
1777 2139 1867 2201 46,

164 2241 222 2279 n.
250 2224 354 2291 88).
402 2225 561 2277 Hunc
590 2238 822 2276 sensum
869 2238 1106 2293 prorsus
1146 2222 1430 2293 improbo,
1466 2238 1638 2294 quem
1662 2225 1785 2295 jam
1817 2229 1873 2279 et

166 2310 436 2382 superius
465 2310 783 2382 improbavi
838 2309 899 2363 in
953 2309 1143 2380 primo
1175 2309 1321 2364 libro
1348 2310 1417 2365 de
1448 2311 1651 2365 Genesi
1677 2318 1873 2368 contra

167 2399 518 2456 Manichieos
551 2400 686 2465 (Lib.
722 2401 741 2452 l
777 2401 1038 2465 Retract,
1067 2414 1114 2454 c.
1154 2400 1238 2465 lO,
1267 2414 1323 2453 n.
1352 2398 1425 2467 2).
1457 2399 1541 2454 Ad
1571 2401 1678 2454 hoc
1717 2401 1872 2456 enim

167 2488 349 2558 ducit,
381 2492 442 2542 ut
470 2487 774 2542 credantur
798 2484 1170 2557 illi'conjuges
1193 2485 1368 2558 primi
1399 2503 1511 2541 non
1542 2490 1872 2559 generaturi

168 2579 431 2645 posteros
459 2572 744 2642 homines,
776 2572 886 2626 nisi
933 2576 1595 2644 peccassent;tanquam
1645 2589 1873 2630 necesse

167 2662 349 2717 fuerit
378 2666 445 2716 ut
474 2660 736 2715 morituri
766 2659 1167 2733 gignerentur,
1204 2660 1251 2714 si
1277 2660 1346 2715 de
1373 2661 1677 2716 concubitu
1701 2662 1873 2717 maris

164 2756 227 2806 et
257 2750 483 2805 feminas
513 2750 903 2821 gignerentur.
956 2748 1221 2803 Nondum
1265 2749 1419 2803 enim
1451 2750 1705 2805 videram
1746 2750 1873 2806 ﬁeri

163 2838 419 2911 potuisse
448 2843 507 2893 ut
524 2854 639 2892 non
660 2837 923 2891 morituri
942 2837 1011 2890 de
1031 2853 1147 2890 non
1162 2828 1459 2889 morituris
1480 2843 1868 2904 nascerentur,

164 2929 215 2984 si
241 2931 474 2999 peccato
504 2928 599 2981 illo
630 2942 841 2996 magno
872 2941 992 2979 non
1021 2929 1341 2979 mutaretur
1376 2924 1436 2979 in
1466 2925 1716 2980 deterius
1756 2927 1870 2981 hu-

163 3033 337 3073 mana
370 3020 607 3070 natura:
642 3032 706 3070 ac
733 3031 836 3086 per
882 3014 1010 3081 hoc,
1062 3014 1109 3067 si
1132 3017 1191 3068 et
1235 3013 1297 3067 in
1339 3015 1678 3084 parentibus
1727 3016 1870 3070 etin

163 3105 301 3160 ﬁliis
330 3103 645 3159 fecunditas
673 3102 1028 3174 felicitasque
1073 3101 1394 3168 mansisset,
1424 3118 1608 3173 usque
1650 3104 1718 3158 ad
1748 3120 1868 3158 cer-

165 3200 293 3250 tum
323 3196 647 3247 sanctorum
676 3206 1007 3259 numerum,
1038 3206 1212 3261 quem
1242 3190 1670 3260 praedestinavit
1699 3194 1867 3260 Deus,

164 3285 537 3339 nascerentur
564 3280 832 3335 homines
861 3296 976 3333 non
1024 3278 1361 3350 parentibus
1407 3280 1720 3334 successuri
1749 3297 1871 3335 mo-

167 3370 471 3436 rientibus,
503 3370 599 3423 sed
630 3384 759 3423 cum
787 3367 1106 3421 viventibus
1136 3366 1445 3437 regnaturi.
1496 3368 1702 3420 Essent
1733 3382 1869 3438 ergo

166 3460 341 3515 etiam
372 3459 492 3513 ista:
522 3456 892 3528 cognationes
921 3460 1093 3527 atque
1123 3456 1448 3519 afﬁnitates,
1484 3454 1529 3507 si
1555 3455 1753 3508 nullus
1786 3455 1872 3509 de.

166 3548 477 3618 linqueret,
512 3546 820 3617 nullusque
850 3548 1193 3598 moreretur.

244 3638 296 3689 9.
328 3636 468 3689 Item
482 3633 593 3687 alio
615 3634 738 3687 loco
762 3649 774 3686 :
800 3632 895 3688 Ad
918 3648 1085 3687 unum
1113 3635 1280 3687 Deum
1302 3632 1593 3698 tendentes,
1622 3632 1868 3701 inquam,

166 3728 218 3779 et
250 3726 301 3777 ei
327 3724 424 3777 uni
446 3723 734 3791 religantes
784 3723 995 3775 animas
1042 3725 1278 3783 nostras,
1311 3720 1454 3774 unde
1498 3722 1691 3787 religio
1723 3720 1872 3775 dicta

168 3812 429 3879 creditur,
457 3812 602 3865 omni
620 3812 998 3880 superstitione
1025 3823 1303 3864 careamus
1334 3809 1491 3879 (Cap.
1514 3812 1602 3875 55,
1633 3824 1689 3862 n.
1725 3810 1869 3867 Hi).

168 3904 239 3956 In
267 3901 357 3954 his
399 3898 583 3953 verbis
632 3898 774 3952 meis
824 3896 966 3952 ratio
1017 3912 1148 3967 quas
1204 3897 1426 3951 reddita
1472 3901 1576 3963 est,
1616 3897 1771 3951 unde
1802 3898 1873 3951 sit

168 3989 322 4045 dicta
349 3985 574 4056 religio,
630 3986 758 4056 plus
797 3984 937 4038 mihi
989 3984 1229 4054 placuit.
1287 3985 1430 4039 Nam
1464 4000 1578 4039 non
1607 4001 1699 4039 me
1728 3986 1873 4055 fugit

165 4076 342 4131 aliam
369 4072 618 4127 nominis
663 4072 836 4142 hujus
881 4071 1165 4141 originem
1207 4072 1536 4142 exposuisse
1558 4073 1724 4127 latini
1753 4090 1873 4128 ser-

165 4164 355 4221 monis
384 4166 660 4229 auctores,
692 4160 845 4232 quod
876 4160 1009 4214 inde
1039 4159 1112 4214 sit
1140 4160 1428 4231 appellata
1454 4160 1683 4232 religio,
1714 4162 1868 4233 quod
1900 4215 1904 4219 .

167 4252 435 4323 religitur
466 4269 480 4306 :
511 4251 664 4323 quod
715 4249 954 4304 verbum
983 4250 1365 4320 compositum
1412 4253 1495 4303 est
1523 4266 1557 4304 a
1601 4251 1869 4321 legendo,

166 4342 225 4398 id
257 4346 343 4396 est
371 4340 655 4413 eligendo,
706 4342 773 4394 ut
802 4339 883 4393 ita
912 4337 1157 4400 latinum
1207 4337 1468 4392 videatur
1520 4339 1698 4410 religo
1729 4339 1870 4394 sicut

165 4432 340 4502 eligo.
374 4429 473 4485 Hic
502 4429 647 4484 liber
689 4428 765 4483 sic
806 4427 1048 4499 incipit:
1098 4428 1229 4484 Cum
1270 4429 1441 4482 omnis
1470 4428 1595 4483 vita
1634 4428 1780 4483 bona
1808 4443 1871 4483 ac

166 4521 339 4574 beata
365 4520 486 4574 via.

826 4620 1048 4677 CAPUT
1078 4620 1216 4674 XIV.

274 4734 348 4788 De
380 4731 622 4787 Utilitate
649 4728 923 4797 credendi,
954 4727 1028 4781 ad
1056 4727 1391 4782 Honoratum
1432 4727 1567 4781 liber
1602 4741 1758 4782 unus.

244 4851 293 4903 l.
343 4848 467 4903 lam
522 4861 655 4900 vero
712 4842 864 4913 apud
925 4840 1516 4913 Hipponem-regium
1571 4840 1871 4913 presbyter

165 4935 368 5008 scripsi
389 4936 602 4990 librum
616 4934 685 4988 de
703 4931 951 4987 Utilitate
980 4929 1268 4995 credendi,
1302 4929 1373 4985 ad
1394 4929 1643 4985 amicum
1673 4945 1868 4985 meum

165 5040 342 5097 quem
370 5023 673 5092 deceptum
718 5036 751 5075 a
781 5016 1120 5083 Manichaeis,
1176 5016 1362 5072 adhuc
1409 5033 1476 5071 eo
1524 5032 1717 5072 errore
1770 5033 1868 5072 no-

165 5127 362 5169 veram
374 5110 654 5178 detineri,
680 5114 738 5164 et
760 5107 997 5164 irridere
1012 5107 1075 5163 in
1088 5106 1382 5162 catholica
1396 5105 1530 5161 ﬁdei
1541 5105 1863 5179 disciplina,

165 5200 319 5273 quod
358 5199 701 5270 juberentur
755 5196 1017 5251 homines
1061 5196 1311 5263 credere,
1360 5210 1479 5249 non
1508 5199 1697 5250 autem
1729 5195 1863 5267 quid

163 5293 316 5344 esset
359 5302 558 5342 verum
606 5283 923 5341 certissima
976 5284 1198 5340 ratione
1251 5284 1611 5349 docerentur,
1665 5284 1729 5338 In
1755 5284 1866 5338 hoc

168 5377 314 5432 libro
345 5376 460 5432 dixi
490 5377 640 5448 (Cap.
674 5379 724 5440 3,
748 5390 805 5428 η.
849 5376 901 5445 9)
950 5389 964 5427 :
1006 5376 1070 5429 In
1108 5373 1306 5444 quibus
1354 5376 1532 5428 tamen
1561 5375 1694 5440 legis
1718 5388 1862 5442 pra:-

172 5611 183 5622 .
234 5553 450 5622 ‘LOVJA
470 5553 579 5622 Deo
596 5547 1365 5622 ordinatasunt.Reposuimus
1375 5560 1441 5598 ex
1452 5547 1857 5605 Mss.ordinata:,

163 5614 320 5675 juxta
346 5626 501 5677 graec.
541 5614 851 5674 tetagmenai
873 5614 1017 5661 eisin.

1654 337 1867 395 LIBER
1906 337 2188 395 PRIMUS.

3574 341 3675 393 606

1979 467 2146 534 captis
2175 470 2338 536 atque
2376 466 2672 533 mandatis,
2713 467 2907 536 quibus
2952 481 3092 520 nunc
3130 468 3427 520 christiano
3464 467 3548 520 uti
3582 468 3675 533 fas

1977 559 2212 621 nonest;
2245 557 2402 625 quale
2452 558 2535 610 vel
2586 556 2870 610 sabbatum
2916 561 3013 622 est,
3061 556 3145 610 vel
3191 557 3546 622 circumcisio,
3592 556 3675 609 vel

1979 647 2271 714 sacriﬁcia,
2302 649 2352 699 et
2379 647 2430 699 si
2458 645 2595 714 quid
2614 644 2929 712 hujusmodi
2947 649 3056 715 est;
3088 647 3243 698 tanta
3261 646 3522 712 mysteria
3548 659 3673 699 con-

1980 736 2241 802 tinentur,
2261 738 2323 788 ut
2347 735 2516 788 omnis
2536 736 2660 803 pius
2680 734 2975 801 intelligat,
2997 734 3141 787 nihil
3160 748 3271 788 esse
3287 734 3667 801 perniciosius,

1979 837 2142 890 quam
2167 821 2438 891 quidquid
2457 822 2535 875 ibi
2561 826 2658 881 est,
2686 824 2860 891 accipi
2887 821 2962 874 ad
2988 823 3246 890 litteram,
3277 821 3337 874 id
3365 825 3442 875 est
3463 821 3537 874 ad
3560 837 3675 875 ver-

1979 910 2134 965 bum:
2165 911 2306 965 nihil
2332 914 2509 964 autem
2530 911 2824 977 salubrius,
2855 925 3019 979 quam
3044 911 3248 977 spiritu
3263 910 3509 963 revelari.
3543 909 3675 963 Inde

1977 1003 2072 1064 est,
2103 1020 2129 1046 ~<
2163 1000 2367 1053 Littera
2397 998 2623 1065 occidit;
2654 1000 2884 1067 spiritus
2915 1002 3093 1051 autem
3124 998 3363 1065 viviﬁcat
3398 1016 3424 1047 »
3453 997 3518 1062 (ΙΙ
3551 996 3669 1053 Cor.

1977 1104 2057 1153 ιιι,
2091 1087 2167 1155 6).
2205 1086 2312 1141 Sed
2345 1085 2510 1141 aliter
2538 1087 2776 1156 exposui
2806 1085 2979 1140 verba
3008 1086 3116 1139 ista
3144 1084 3387 1155 apostoli
3413 1083 3597 1153 Pauli,
3620 1089 3678 1138 et

1976 1179 2256 1246 quantum
2286 1173 2429 1228 mihi
2453 1174 2691 1240 videtur,
2723 1174 2810 1228 vel
2840 1173 3031 1244 potius
3059 1173 3197 1245 ipsis
3221 1173 3390 1227 rebus
3416 1176 3671 1242 apparet,

1976 1264 2159 1317 multo
2207 1260 2635 1316 convenientius
2685 1260 2745 1314 in
2794 1277 2859 1315 eo
2892 1260 3037 1315 libro
3087 1260 3188 1331 qui
3237 1258 3567 1313 inscribitur
3604 1258 3674 1312 de

1976 1350 2193 1423 Spiritu
2249 1354 2307 1404 et
2362 1349 2615 1427 Littera:
2650 1348 2909 1419 quamvis
2950 1363 3069 1403 non
3123 1348 3195 1403 sit
3244 1352 3301 1403 et
3332 1347 3438 1401 iste
3474 1362 3674 1401 sensus

1977 1440 2351 1510 respuendus.

2048 1534 2100 1585 2.
2136 1530 2278 1583 Item
2322 1528 2456 1589 dixi,
2510 1530 2641 1583 Duae
2667 1533 2793 1584 sunt
2843 1529 2985 1583 enim
3031 1542 3276 1597 personae
3328 1529 3387 1581 in
3417 1527 3676 1595 religione

1978 1618 2298 1673 laudabiles.
2334 1620 2451 1673 Una
2470 1633 2651 1672 eorum
2680 1619 2777 1685 qui
2797 1617 2916 1686 jam
2962 1619 3316 1679 invenerunt;
3357 1630 3489 1684 quos
3514 1616 3677 1668 etiam

1980 1707 2311 1761 beatissimos
2333 1706 2582 1775 judicari
2606 1719 2812 1759 necesse
2834 1708 2912 1758 est
2941 1722 2956 1757 :
2991 1704 3106 1757 alia
3134 1717 3314 1756 eorum
3345 1702 3443 1770 qui
3468 1699 3676 1753 studio-

1978 1797 2189 1850 sissime
2217 1799 2265 1848 et
2290 1796 2581 1848 rectissime
2609 1794 2922 1859 inquirunt.
2955 1788 3130 1845 Primi
3159 1804 3284 1856 ergo
3305 1792 3432 1842 sunt
3464 1787 3589 1856 jam
3620 1790 3679 1840 in

1978 1884 2103 1953 ipsa
2144 1884 2508 1951 possessione;
2554 1881 2715 1934 alteri
2746 1880 2805 1932 in
2845 1880 2957 1943 via,
3018 1892 3129 1946 qua
3171 1880 3348 1930 tamen
3388 1876 3679 1929 certissime

1973 1973 2307 2040 pervenitur.
2331 1971 2396 2023 In
2423 1968 2511 2022 his
2537 1966 2724 2022 verbis
2753 1965 2916 2031 meis,
2950 1964 2996 2018 si
3025 1964 3111 2018 illi
3160 1963 3259 2035 qui
3283 1964 3406 2034 jam
3435 1962 3677 2017 invene-
3708 2024 3729 2031 _

1980 2066 2136 2125 runt,
2170 2073 2313 2129 quos
2342 2057 2403 2111 in
2432 2056 2557 2127 ipsa
2597 2054 2955 2126 possessione
2986 2069 3107 2107 esse
3148 2052 3268 2123 jam
3300 2050 3567 2116 diximus,
3600 2049 3680 2103 sic

1981 2147 2336 2218 accipiantur
2360 2143 2697 2210 beatissimi,
2731 2146 2794 2196 ut
2818 2158 2933 2197 non
2962 2141 3023 2195 in
3061 2142 3167 2195 hac
3195 2141 3328 2206 vita,
3375 2139 3475 2193 sed
3523 2138 3583 2192 in
3614 2154 3681 2191 ea

1982 2251 2156 2306 quam
2187 2248 2482 2304 speramus
2509 2237 2565 2287 et
2590 2235 2659 2287 ad
2690 2247 2863 2303 quam
2891 2247 2995 2301 per
3024 2229 3157 2284 ﬁdei
3186 2228 3335 2283 viam
3364 2227 3679 2293 tendimus,

1982 2322 2096 2377 sint
2123 2339 2137 2389 ;
2170 2339 2286 2377 non
2315 2322 2491 2377 habet
2514 2321 2621 2375 iste
2651 2336 2847 2375 sensus
2878 2334 3130 2374 errorem
3160 2334 3173 2372 :
3205 2316 3314 2388 ipsi
3344 2315 3497 2371 enim
3522 2315 3680 2386 judi-

1982 2411 2148 2467 candi
2176 2416 2310 2465 sunt
2349 2411 2505 2482 quod
2549 2410 2924 2481 quaerendum
2969 2411 3055 2461 est
3098 2406 3404 2472 invenisse,
3436 2405 3535 2476 qui
3557 2405 3679 2475 jam

1982 2500 2064 2555 ibi
2093 2504 2227 2554 sunt
2250 2514 2365 2571 quo
2392 2514 2497 2553 nos
2526 2497 2857 2569 quaerendo,
2908 2499 2964 2550 et
2992 2494 3296 2561 credendo,
3336 2493 3395 2548 id
3421 2497 3507 2547 est
3528 2492 3680 2546 viam

1982 2587 2118 2642 ﬁdei
2135 2587 2404 2653 tenendo,
2427 2586 2686 2657 cupimus
2704 2583 3018 2656 pervenire.
3049 2582 3104 2638 Si
3134 2587 3325 2637 autem
3356 2581 3416 2636 in
3440 2582 3547 2636 hac
3568 2580 3683 2635 vita

1981 2679 2257 2746 putantur
2284 2674 2378 2728 isti
2410 2690 2530 2729 esse
2551 2674 2641 2728 vel
2668 2673 2863 2741 fuisse,
2893 2672 2952 2725 id
2999 2686 3194 2725 verum
3229 2686 3348 2725 esse
3394 2686 3508 2724 non
3539 2669 3681 2724 mihi

1981 2764 2206 2818 videtur
2239 2779 2399 2817 :non
2424 2762 2557 2833 quia
2604 2762 2667 2815 in
2708 2762 2813 2815 hac
2840 2758 2956 2814 vita
2994 2758 3136 2813 nihil
3176 2758 3294 2812 veri
3322 2758 3558 2812 omnino
3599 2757 3682 2812 in-

1981 2851 2162 2906 veniri
2190 2855 2376 2920 potest
2404 2849 2559 2921 quod
2587 2854 2777 2903 mente
2799 2852 3085 2914 cernatur,
3102 2861 3217 2900 non
3247 2845 3359 2900 ﬁde
3385 2846 3679 2911 credatur;

1981 2940 2078 2995 sed
2107 2940 2241 3011 quia
2262 2941 2486 2993 tantum
2507 2942 2591 2992 est
2619 2936 2900 3009 quidquid
2922 2940 3026 3003 est,
3058 2940 3118 2988 ut
3142 2950 3257 2988 non
3288 2932 3456 2987 faciat
3478 2933 3683 2987 beatis-

1982 3028 2157 3083 simos
2189 3026 2230 3083 ‘.
2266 3029 2458 3098 Neque
2508 3025 2664 3080 enim
2720 3020 2877 3096 quod
2915 3024 2993 3078 ait
3042 3021 3372 3093 Apostolus,
3426 3020 3681 3077 Videmus

1980 3130 2121 3170 nunc
2145 3131 2244 3185 per
2262 3116 2535 3185 speculum
2555 3116 2613 3168 in
2637 3113 2940 3181 aenigmate,
2970 3116 3045 3176 et,
3071 3113 3225 3167 Nunc
3239 3112 3349 3164 scio
3368 3125 3436 3163 ea:
3457 3114 3615 3179 parte
3636 3108 3680 3178 ⁸,

1979 3218 2095 3257 non
2124 3203 2594 3258 cerniturmente
2628 3218 2641 3256 :
2674 3200 2929 3256 cernitur
2973 3200 3162 3271 plane,
3197 3197 3294 3252 sed
3325 3196 3682 3252 beatissimos

1980 3291 2237 3346 nondum
2267 3291 2417 3346 facit.
2453 3290 2594 3345 Illud
2626 3289 2780 3345 enim
2812 3287 3173 3343 beatissimos
3200 3286 3335 3342 facit
3364 3285 3521 3357 quod
3550 3285 3631 3340 ait
3665 3303 3678 3340 :

1984 3381 2129 3435 Tunc
2158 3385 2337 3436 autem
2362 3380 2507 3447 facie
2533 3379 2607 3433 ad
2633 3381 2868 3446 faciem;
2910 3381 2984 3445 et,
3020 3379 3166 3431 Tunc
3196 3389 3507 3442 cognoscam
3543 3375 3683 3428 sicut

1980 3474 2030 3523 et
2058 3471 2299 3537 cognitas
2319 3484 2437 3524 sum
2466 3469 2505 3538 (I
2536 3470 2656 3525 Cor.
2700 3460 2832 3536 xui,
2888 3467 2987 3535 l2).
3024 3465 3132 3530 Qui
3168 3465 3278 3519 hoc
3309 3462 3680 3531 invenerunt,

1980 3556 2090 3628 ipsi
2107 3557 2334 3612 dicendi
2349 3556 2555 3611 suntin
2580 3553 2951 3610 beatitudinis
2977 3552 3336 3624 possessione
3348 3550 3680 3617 consistere,

1981 3644 2051 3699 ad
2081 3661 2253 3716 quam
2285 3644 2440 3700 ducit
2484 3644 2573 3697 via
2619 3643 2753 3698 ﬁdei
2800 3657 2974 3713 quam
3003 3646 3288 3707 tenemus,
3319 3644 3375 3693 et
3404 3655 3520 3710 quo
3561 3653 3682 3692 cre-

1982 3734 2166 3788 dendo
2196 3734 2456 3804 cupimus
2486 3730 2801 3802 pervenire.
2834 3729 2945 3785 Sed
2965 3728 3200 3800 quinam
3231 3727 3347 3782 sint
3365 3726 3449 3781 illi
3477 3725 3680 3781 beatis-

1983 3821 2133 3889 simi,
2167 3821 2266 3894 qui
2287 3821 2409 3891 jam
2439 3823 2573 3873 sunt
2598 3818 2659 3873 in
2688 3835 2754 3873 ea
2806 3817 3161 3889 possessione
3211 3831 3326 3887 quo
3354 3814 3510 3869 ducit
3555 3814 3681 3868 haec

1980 3911 2091 3978 via,
2121 3926 2331 3981 magna
2355 3907 2596 3980 quaestio
2620 3910 2722 3962 est.
2749 3908 2814 3961 Et
2840 3904 3045 3976 Angcli
3071 3903 3305 3976 quidem
3326 3902 3505 3957 sancti
3525 3900 3680 3973 quod

1981 4000 2060 4055 ibi
2091 3999 2226 4068 sint,
2254 3998 2411 4052 nulla
2434 3996 2680 4068 quaestio
2713 3998 2817 4050 est.
2862 3993 2971 4049 Sed
3002 3993 3072 4048 de
3112 3991 3319 4047 sanctis
3348 3989 3680 4045 hominibus

1974 4087 2098 4158 jam
2125 4085 2423 4152 defunctis,
2457 4090 2647 4139 utrum
2678 4082 2789 4155 ipsi
2816 4083 3017 4137 saltem
3055 4080 3282 4137 dicendi
3314 4078 3427 4133 sint
3463 4079 3585 4149 jam
3616 4075 3679 4131 in

1980 4176 2077 4230 illa
2099 4174 2453 4246 possessione
2474 4172 2780 4227 consistere
2812 4172 3016 4225 merito
3040 4169 3335 4241 quaeritur.
3368 4168 3492 4223 lam
3523 4165 3679 4220 enim

1981 4280 2213 4335 corpore
2262 4262 2497 4335 quidem
2545 4260 2924 4332 corruptibili,
2952 4275 3067 4330 quo
3099 4257 3291 4312 anima
3313 4262 3674 4328 aggravetur,

1982 4352 2137 4408 exuti
2165 4356 2298 4407 sunt
2325 4372 2341 4421 ;
2371 4351 2466 4406 sed
2517 4350 2701 4405 adhuc
2737 4351 3062 4419 exspectant
3114 4346 3285 4400 etiam
3312 4344 3421 4416 ipsi
3449 4344 3676 4399 redem-

1978 4439 2233 4511 ptionem
2263 4438 2516 4511 corporis
2533 4438 2640 4505 sui,
2667 4441 2722 4492 et
2746 4453 2875 4492 caro
2901 4450 3100 4490 eorum
3130 4432 3437 4506 requiescit
3464 4433 3525 4487 in
3556 4449 3677 4504 spe,

1981 4528 2237 4583 nondum
2267 4527 2327 4582 in
2356 4527 2548 4582 futura
2576 4524 3002 4596 incorruptione
3030 4523 3305 4579 clarescit.
3342 4522 3450 4578 Sed
3481 4526 3678 4576 utrum

1982 4616 2052 4670 ad
2104 4613 2605 4686 contemplandam
2669 4612 2857 4666 cordis
2919 4610 3096 4665 oculis
3152 4610 3469 4675 veritatem,
3534 4609 3679 4664 sicut

1982 4704 2196 4759 dictum
2211 4709 2313 4769 est,
2330 4705 2472 4769 facie
2495 4703 2569 4756 ad
2586 4699 2957 4769 faciem,nihil
2978 4714 3044 4753 ex
3065 4699 3181 4755 hoc
3196 4697 3385 4751 minus
3407 4697 3674 4761 habeant,

1980 4809 2095 4847 non
2143 4792 2236 4847 hic
2283 4793 2438 4847 locus
2469 4797 2554 4846 est
2583 4790 2925 4862 disputando
2974 4786 3285 4859 inquirere.
3337 4788 3480 4841 Item
3525 4787 3675 4857 quod

1979 4881 2115 4948 dixi,
2147 4883 2287 4938 Nam
2316 4882 2453 4935 scire
2478 4895 2681 4948 magna
2708 4884 2759 4933 et
2778 4878 2998 4932 honesta
3022 4877 3105 4930 vel
3130 4878 3294 4930 etiam
3323 4875 3533 4941 divina,
3556 4874 3675 4928 bea-

1980 4972 2245 5025 tissimum
2276 4973 2372 5036 est,
2408 4968 2481 5023 ad
2509 4967 2769 5022 eamdem
2796 4965 3207 5021 beatitudinem
3246 4964 3459 5019 referre
3502 4963 3675 5017 debe-

1978 5073 2125 5113 mus.
2184 5059 2248 5112 In
2302 5056 2407 5112 hac
2464 5056 2618 5112 enim
2654 5056 2769 5111 vita
2797 5058 3326 5126 quantumcumque
3354 5052 3411 5107 id
3441 5050 3671 5117 sciatur,

1973 5145 2232 5201 nondum
2259 5150 2345 5200 est
2370 5144 2802 5211 beatissimum;
2837 5143 3109 5217 quoniam
3141 5138 3670 5212 incomparabiliter

1974 5235 2144 5306 longe
2174 5238 2259 5290 est
2283 5233 2529 5306 amplius
2557 5233 2713 5305 quod
2746 5233 2878 5288 inde
2904 5233 3171 5287 nescitur.

2046 5325 2093 5377 3.
2137 5323 2202 5376 Et
2254 5322 2406 5394 quod
2452 5320 2589 5389 dixi,
2615 5322 2866 5386 .Multum
2920 5322 3176 5375 interesse
3219 5319 3401 5370 utrum
3457 5312 3676 5382 aliquid

2038 5428 2053 5461 ι
2083 5426 2167 5492 Er.
2185 5426 2347 5492 Lugd.
2362 5426 2512 5492 ven;
2529 5426 2772 5492 Sedqula
2784 5428 2994 5477 tantum
3015 5436 3119 5475 non
3142 5425 3215 5472 est
3227 5419 3475 5485 quidquid
3496 5423 3588 5477 est,
3609 5422 3673 5470 ut

1971 5500 2069 5538 nos
2088 5488 2544 5546 faciat’bcatissim
2552 5502 2629 5540 os.
2642 5488 2733 5538 'M.

2035 5552 2057 5586 ³
2079 5542 2146 5599 Et
2159 5564 2300 5601 nunc
2311 5554 2415 5601 scio
2440 5563 2508 5602 ea:
2526 5555 2699 5613 parte,
2721 5549 3051 5613 reposuimus
3063 5558 3127 5595 ex
3148 5544 3290 5603 Msa;
3311 5556 3434 5592 nam
3452 5542 3506 5591 in
3524 5542 3671 5607 prius

1972 5613 2180 5664 excusis
2205 5614 2471 5671 mendose,
2506 5612 2557 5663 et
2576 5625 2714 5663 nunc
2735 5612 2980 5661 cernitur.
