4062 6350
345 306 445 357 607

343 426 538 480 mentis
585 428 731 479 certa
777 425 987 478 ratione
1023 428 1286 491 teneatur,
1319 424 1465 494 quod
1494 427 1633 479 scire
1668 425 1936 493 dicimus;
1975 440 2049 479 an

344 515 510 579 fam
538 513 623 566 uel
654 512 847 567 litteris
868 512 1190 567 credendum
1213 515 1445 582 posteris
1482 514 1694 567 utiliter
1721 513 2047 568 commende-

349 606 477 665 tur;
502 606 558 656 et
579 601 752 671 paulo
772 604 920 673 post,
937 601 1090 667 Quod
1116 604 1312 657 scimus
1333 604 1528 671 igitur,
1545 602 1792 657 debemus
1804 603 2008 656 rationi
2032 618 2045 655 :

352 690 497 760 quod
549 690 836 757 credimus,
895 692 1212 745 auctoritati
1262 691 1420 761 (Cap.
1462 694 1546 758 11,
1584 706 1641 745 n.
1673 691 1784 762 25),
1826 706 1944 744 non
1973 690 2051 745 sic

348 778 746 850 accipiendum
775 782 876 845 est,
908 781 974 833 ut
1019 778 1082 832 in
1111 794 1375 833 sermone
1410 778 1701 833 usitatiore
1746 794 2046 834 vereamur

353 884 463 923 nos
493 868 680 922 dicere
712 867 852 922 scire
876 867 1031 938 quod
1055 866 1275 922 idoneis
1304 866 1542 922 testibus
1565 866 1874 922 credimus.
1914 869 2051 921 Pro-

351 955 477 1028 prie
507 955 721 1027 quippe
768 972 895 1011 cum
941 954 1251 1027 loquimur,
1284 955 1343 1010 id
1388 957 1571 1011 solum
1621 956 1761 1010 scire
1789 955 2049 1020 dicimus,

355 1045 509 1116 quod
552 1044 759 1099 mentis
808 1044 976 1098 ﬁrma
1031 1043 1251 1098 ratione
1302 1044 1855 1115 comprehendimus.
1910 1045 2052 1098 Cum

355 1148 490 1187 vero
519 1133 812 1204 loquimur
851 1130 1036 1186 verbis
1079 1131 1476 1186 consuetudini
1525 1131 1862 1202 aptioribus,
1910 1132 2054 1185 sicut

353 1219 608 1292 loquitur
635 1219 808 1275 etiam
850 1219 1043 1274 divina
1091 1219 1398 1290 Scriptura,
1441 1236 1559 1274 non
1606 1219 1931 1274 dubitemus
1971 1218 2055 1273 di-

358 1326 486 1364 cere
534 1309 676 1363 scire
721 1325 847 1378 nos,
897 1312 952 1362 et
991 1308 1140 1379 quod
1186 1306 1535 1379 percipimus
1579 1306 1759 1362 nostri
1803 1307 2054 1378 corporis

359 1396 642 1456 sensibus.
675 1401 731 1450 et
759 1396 909 1466 quod
937 1395 1049 1451 ﬁde
1078 1396 1265 1467 dignis
1294 1395 1577 1450 credimus
1604 1396 1843 1449 testibus
1867 1412 1881 1462 ;
1914 1394 2053 1449 dum

356 1490 553 1541 tamen
577 1484 728 1540 inter
757 1485 879 1541 haec
905 1488 963 1539 et
988 1484 1133 1539 illud
1161 1483 1301 1555 quid
1330 1484 1499 1539 distet
1522 1483 1926 1555 intelligamus.

427 1576 483 1628 4.
514 1574 657 1627 Item
687 1573 838 1643 quod
888 1572 1028 1639 dixi,
1076 1575 1295 1629 Nemini
1323 1573 1547 1627 dubium
1590 1577 1690 1641 est,
1729 1587 1906 1626 omnes
1960 1572 2054 1626 ho-

356 1663 527 1716 mines
561 1664 657 1713 aut
685 1660 879 1714 stultos
907 1675 1016 1715 esse
1048 1664 1144 1714 aut
1189 1661 1455 1729 sapientes
1501 1659 1659 1730 (Cap.
1710 1662 1793 1727 l2,
1840 1675 1896 1713 n.
1934 1659 2053 1730 27),

358 1752 545 1820 potest
569 1747 751 1802 videri
779 1764 899 1802 esse
927 1748 1279 1803 contrarium
1303 1748 1385 1802 illi
1414 1749 1567 1820 quod
1596 1747 1804 1818 legitur
1830 1748 1891 1803 in
1911 1748 2055 1803 libro

354 1836 521 1892 tertio
550 1835 620 1891 de
656 1836 861 1891 Libero
888 1836 1165 1905 Arbitrio,
1220 1837 1391 1902 Quasi
1435 1852 1558 1891 vero
1586 1842 1790 1891 natura
1820 1838 2058 1891 humana

352 1928 555 1996 prater
581 1927 877 1980 stultitiam
906 1930 956 1980 et
983 1928 1311 1995 sapientiam
1336 1926 1542 1980 nullam
1569 1926 1803 1980 mediam
1831 1928 2059 1995 recipiat

354 2014 689 2083 affectionem
726 2013 886 2084 (Cap.
910 2015 1000 2081 24,
1041 2030 1097 2068 n.
1121 2013 1241 2084 71).
1278 2014 1388 2069 Sed
1417 2013 1558 2068 illud
1597 2013 1680 2067 ibi
1707 2014 1922 2069 dictum
1953 2017 2056 2079 est,

357 2101 459 2157 ubi
480 2101 550 2156 de
577 2100 769 2172 primo
800 2101 1039 2156 homine
1068 2102 1430 2173 quaerebatur
1456 2106 1652 2157 utrum
1681 2103 1907 2173 sapiens
1936 2103 2058 2157 fue-

356 2191 437 2246 rit
463 2191 665 2252 factus,
721 2206 793 2245 an
843 2190 1072 2257 stultus,
1114 2206 1187 2245 an
1228 2195 1534 2245 neutrum:
1582 2190 1856 2262 quoniam
1904 2190 2059 2245 nullo

360 2278 531 2335 modo
561 2278 802 2334 stultum
836 2278 1025 2334 dicere
1054 2283 1383 2349 poteramus
1410 2279 1510 2350 qui
1557 2278 1678 2334 sine
1710 2279 1844 2333 vitio
1884 2279 2062 2333 factus

362 2372 464 2436 est,
497 2385 627 2423 cum
685 2368 759 2422 sit
810 2367 1052 2422 stultitia
1081 2383 1357 2438 magnum
1390 2367 1629 2423 vitium!
1663 2374 1719 2421 et
1747 2366 2064 2437 sapientem

362 2456 651 2529 quomodo
682 2455 1003 2511 diceremus
1032 2456 1133 2528 qui
1161 2456 1352 2527 potuit
1397 2456 1607 2522 seduci,
1650 2472 1767 2509 non
1798 2455 1933 2510 satis
1962 2471 2063 2526 ap-

361 2545 616 2617 parebat.
650 2545 901 2616 Ideoque
929 2544 1000 2600 ad
1032 2543 1434 2615 compendium
1474 2543 1658 2598 dicere
1686 2543 1863 2612 volui,
1903 2543 2067 2614 quasi

361 2648 497 2687 vero
519 2634 723 2686 natura
759 2632 1015 2687 humana
1044 2636 1253 2702 praeter
1280 2629 1577 2685 stultitiam
1626 2634 1683 2685 et
1728 2630 2067 2702 sapientiam

362 2721 583 2777 nullam
612 2720 865 2777 mediam
885 2720 1127 2791 recipiat
1152 2718 1530 2775 affectionem.
1554 2719 1825 2774 Intuebar
1848 2719 2064 2790 quippe

364 2810 541 2866 etiam
570 2811 842 2881 parvulos
863 2806 906 2877 ‘,
939 2825 1083 2880 quos
1111 2807 1244 2863 licet
1272 2807 1647 2862 conﬁteamur
1686 2809 1914 2863 trahere
1952 2808 2067 2863 ori-

367 2900 555 2972 ginale
585 2903 905 2970 peccatum,
934 2902 1128 2952 tamen
1157 2896 1555 2969 necsapientes
1581 2913 1683 2951 nec
1708 2898 1910 2951 stultos
1938 2912 2069 2967 pos-

370 3005 571 3045 sumus
599 2986 832 3059 proprie
844 2985 1052 3053 dicere,
1076 2986 1338 3041 nondum
1361 2989 1586 3040 utentes
1611 2986 1789 3040 libero
1811 2984 2066 3053 arbitrio,

369 3095 469 3134 seu
498 3078 647 3132 bene
693 3074 1009 3130 seu.male.
1061 3075 1223 3130 Nunc
1270 3077 1463 3130 autem
1505 3079 1602 3129 aut
1647 3074 1929 3146 sapientes
1973 3078 2072 3128 aut

369 3166 571 3222 stultos
598 3180 720 3220 esse
753 3179 954 3218 omnes
983 3162 1242 3217 homines
1271 3163 1409 3229 dixi,
1458 3179 1556 3217 eos
1602 3163 1797 3241 volens
1825 3162 2072 3233 intelligi

368 3255 469 3328 qui
494 3255 615 3326 jam
641 3252 862 3309 ratione
900 3256 1163 3320 utuntur,
1216 3269 1330 3324 qua
1368 3252 1743 3308 dicernuntur
1771 3270 1803 3307 a
1845 3252 2072 3323 pecori-

370 3344 500 3411 bus,
567 3345 635 3397 ut
700 3339 962 3395 homines
1036 3341 1170 3401 sint.
1227 3338 1372 3397 sicut
1421 3341 1661 3396 dicimus
1720 3341 1914 3396 beatos
1951 3358 2071 3396 esse

373 3445 576 3485 omnes
603 3428 870 3484 homines
899 3428 1044 3484 velle
1071 3430 1362 3501 Numquid
1393 3429 1546 3485 enim
1569 3430 1630 3485 in
1657 3430 1762 3485 hac
1790 3431 2075 3485 sententia

372 3524 491 3574 tam
521 3533 655 3572 vera
680 3521 855 3588 atque
892 3518 1195 3573 manifesta
1241 3519 1553 3574 metuimus
1580 3535 1652 3574 ne
1679 3518 2077 3590 intelligantur

372 3611 430 3661 et
455 3606 695 3677 parvuli,
732 3605 833 3677 qui
855 3606 962 3661 hoc
990 3606 1172 3663 adhuc
1211 3608 1351 3663 velle
1382 3624 1499 3662 non
1528 3613 1762 3678 possunt
1781 3610 1811 3654 φ

446 3698 496 3749 5.
529 3693 656 3749 Alio
691 3696 816 3750 loco
867 3710 995 3749 cum
1035 3712 1600 3766 commemorassem,
1643 3713 1773 3768 qua:
1802 3696 2076 3752 Dominus

375 3786 535 3840 Jesus
559 3784 691 3839 fecit
737 3800 869 3839 cum
914 3784 1008 3840 hic
1038 3789 1185 3840 esset
1230 3784 1293 3839 in
1322 3802 1512 3852 carne,
1545 3786 1802 3857 adjunxi,
1836 3785 2030 3840 dicens
2059 3801 2074 3839 :

379 3875 516 3941 Cur,
562 3876 767 3944 inquis,
832 3876 943 3929 ista
1005 3876 1159 3930 modo
1196 3891 1303 3929 non
1329 3876 1505 3945 ﬁunt?
1534 3876 1719 3947 Atque
1756 3875 2028 3945 respondi
2061 3889 2075 3928 :

380 3963 522 4028 Quia
549 3979 657 4018 non
675 3968 943 4019 moverent
968 3965 1081 4019 nisi
1105 3966 1248 4019 mira
1274 3969 1448 4019 essent
1473 3980 1485 4030 ;
1511 3966 1563 4018 si
1590 3968 1770 4018 autem
1809 3966 1971 4018 solita
1997 3978 2078 4017 es-

379 4057 519 4118 sent,
566 4054 712 4106 mira
746 4068 854 4107 non
901 4056 1074 4107 essent
1136 4054 1288 4123 (Cap.
1325 4055 1409 4118 16,
1441 4069 1496 4106 n.
1558 4054 1664 4121 34).
1722 4053 1835 4106 Hoc
1886 4056 2080 4105 autem

381 4139 517 4206 dixi,
553 4139 689 4211 quia
715 4156 829 4193 non
854 4144 1014 4194 tanta
1042 4156 1147 4194 nec
1176 4139 1368 4194 omnia
1398 4139 1589 4209 modo,
1620 4155 1737 4193 non
1767 4138 1904 4210 quia
1927 4139 2082 4193 nulla

384 4228 534 4282 ﬁunt
559 4226 731 4281 etiam
760 4227 952 4282 modo.
1471 4222 1478 4229 ”

450 4317 502 4369 6.
536 4315 602 4369 In
638 4312 752 4368 ﬁne
782 4318 974 4369 autem
1011 4313 1145 4371 libri
1176 4330 1188 4368 :
1222 4314 1330 4370 Sed
1358 4317 1614 4383 quoniam
1642 4330 1813 4369 sermo
1843 4318 1945 4370 iste
1986 4330 2084 4369 no—

381 4408 509 4470 ster,
541 4405 785 4471 inquam,
835 4403 1002 4456 multo
1047 4405 1306 4472 processit
1356 4404 1568 4471 longius
1610 4418 1773 4471 quam
1798 4404 2081 4473 putabam,

388 4493 477 4546 hic
505 4494 663 4561 ﬁnem
692 4490 831 4545 libro
862 4489 1155 4557 faciamus,
1202 4494 1261 4545 in
1292 4507 1397 4561 quo
1437 4493 1740 4546 memineris
1786 4493 1922 4558 volo,
1954 4508 2086 4546 non-

389 4580 519 4633 dum
572 4580 898 4635 Manichaeos
941 4595 1024 4635 me
1071 4582 1287 4650 ctepisse
1340 4579 1607 4647 refellere,
1656 4585 1708 4635 et
1754 4582 1881 4636 illas
1909 4596 2084 4658 nugas

386 4667 624 4723 nondum
653 4670 940 4735 invasisse,
965 4685 1134 4739 neque
1160 4670 1224 4724 de
1253 4672 1376 4740 ipsa
1405 4670 1681 4727 Catholica
1704 4685 1959 4737 magnum
1988 4672 2087 4724 ali-

386 4744 545 4826 quid.
567 4759 843 4827 aperuisse
875 4774 890 4813 :
920 4758 1014 4813 sed
1048 4759 1277 4814 voluisse
1321 4758 1688 4815 tantummodo
1736 4773 1918 4813 eruere
1964 4761 2085 4825 tibi,

388 4847 439 4900 si
459 4860 687 4915 possem,
722 4846 927 4911 falsam
955 4847 1259 4915 opinionem
1300 4847 1366 4901 de
1392 4849 1538 4903 neris
1566 4847 1892 4904 Christianis
1922 4849 2087 4902 mali-

388 4934 518 4987 tiose
538 4937 633 4986 aut
661 4933 908 5001 imperite
934 4932 1085 4988 nobis
1119 4936 1456 4989 insinuatam
1476 4932 1519 4998 ²,
1550 4939 1600 4990 et
1628 4937 1833 5004 erigere
1861 4936 1935 4989 ad
1971 4952 2086 4990 ma-

385 5036 495 5089 gna
515 5020 763 5089 quaedam
785 5025 835 5076 et
863 5021 1055 5076 divina
1085 5022 1363 5079 discenda.
1397 5024 1573 5089 Quare
1603 5024 1697 5078 hoc
1722 5025 1967 5079 volumen
2008 5026 2089 5078 ita

387 5123 498 5166 sese
522 5109 752 5188 habeat:
780 5110 1082 5179 placatiore
1104 5116 1282 5166 autem
1311 5114 1491 5167 animo
1519 5116 1610 5167 tuo
1638 5115 1803 5181 facto,
1835 5127 1922 5167 ero
1964 5113 2088 5179 for-

459 5277 475 5310 ι
507 5274 859 5324 Lovanienses
887 5273 1319 5338 coniunctionem
1344 5276 1520 5335 etiam,
1543 5288 1660 5338 quae
1680 5274 1765 5338 hic.
1781 5275 1996 5338 perinde
2014 5289 2091 5323 so-

393 5340 559 5401 patac
570 5340 831 5399 praeterea
848 5337 1021 5401 omitti
1039 5350 1177 5400 passi
1191 5340 1333 5401 sunt.
1352 5338 1456 5386 Nos
1476 5338 1532 5386 in
1549 5337 1794 5387 Omnibus
1809 5342 2088 5401 repertam.

393 5398 525 5447 Edd.
546 5398 652 5449 huc
675 5399 1027 5448 revocandam
1041 5398 1163 5448 esse
1190 5399 1454 5448 duximus.

454 5462 475 5495 ²
488 5461 611 5509 Lov.
630 5465 682 5510 et
696 5460 799 5520 Er.,
830 5460 974 5512 vobis
1001 5460 1356 5511 insinuatam.
1376 5462 1496 5510 Mss.
1524 5464 1576 5511 et
1595 5459 1733 5520 Δια,
1750 5460 1910 5511 nobis.
1924 5461 2094 5520 Signi-

395 5520 516 5588 ﬁcat
535 5522 859 5588 Augustinus
880 5537 935 5572 se
965 5537 1086 5588 cum
1117 5523 1383 5573 Honorato
1409 5537 1565 5588 quem
1598 5522 1902 5587 alloquitur,
1936 5520 2096 5572 aMa-

396 5582 755 5634 uichaais'olim
781 5584 941 5635 fuisse
965 5585 1227 5636 delusum.

1492 301 2150 359 RETRACTATIONUM
2191 300 2253 357 S.
2301 296 2708 356 AUGUSTINI.

3772 288 3897 341 608

2159 424 2322 478 tassis
2367 424 2426 477 in
2456 420 2659 475 exteris
2691 418 2997 487 promptior
3031 415 3178 484 (Cap.
3217 417 3303 478 18,
3334 430 3386 467 n.
3428 411 3543 483 36).
3583 413 3723 467 Haec
3755 426 3895 465 non

2158 512 2235 567 ita
2267 510 2403 579 dixi,
2435 507 2598 580 quasi
2627 506 2773 561 nihil
2803 506 3069 560 adversus
3116 502 3456 558 Manichznos
3501 500 3693 584 adhuc
3726 498 3894 554 scri—

2158 600 2417 671 psissem,
2447 597 2534 650 vel
2575 595 2719 650 nihil
2773 594 2842 648 de
2890 592 3148 647 doctrina
3192 590 3468 645 catholica
3499 589 3892 643 mandassem

2159 687 2381 754 litteris,
2413 701 2543 740 cum
2585 688 2669 738 tot
2692 682 2955 754 superius
2997 680 3144 735 edita
3174 679 3467 754 volumina
3511 678 3581 732 de
3618 682 3893 747 utraque

2160 794 2223 833 re
2250 793 2367 832 non
2391 791 2484 830 me
2513 774 2755 828 tacuisse
2797 774 3078 825 testentur
3110 785 3122 823 :
3157 768 3254 822 sed
3281 767 3342 820 in
3372 767 3479 821 hoc
3508 765 3658 820 libro
3699 764 3781 818 ad
3812 764 3889 817 il-

2158 868 2279 922 lum
2309 865 2515 935 scripto
2558 862 2812 917 nondum
2868 858 3206 915 Manichaeos
3256 856 3511 910 refellere
3540 870 3879 925 cnsperam,

2163 959 2220 1010 et
2247 955 2373 1009 illas
2397 968 2578 1021 nugas
2609 950 2868 1005 nondum
2898 947 3238 1012 invaseram,
3269 960 3458 1013 neque
3507 943 3579 997 de
3609 942 3738 1013 ipsa
3774 943 3889 996 Ca-

2160 1043 2371 1097 tholica
2397 1055 2670 1111 magnum
2704 1036 2919 1107 aliquid
2951 1050 3287 1105 aperueram
3319 1049 3332 1099 ;
3362 1032 3630 1103 quoniam
3672 1046 3888 1102 spera-

2162 1133 2315 1196 bam,
2346 1131 2453 1184 hoc
2481 1127 2646 1182 initio
2677 1126 2847 1192 facto,
2879 1124 2950 1178 ad
2981 1139 3113 1177 eum
3161 1122 3350 1193 ipsum
3395 1137 3486 1175 me
3516 1119 3889 1189 scripturum

2164 1219 2338 1274 fuisse
2368 1234 2497 1288 quae
2526 1216 2618 1270 hic
2641 1215 2901 1270 nondum
2940 1212 3296 1282 scripseram.
3347 1210 3448 1264 Hic
3494 1210 3639 1263 liber
3669 1209 3751 1262 sic
3781 1207 3887 1261 in-

2165 1308 2345 1379 cipit:
2381 1309 2442 1363 Si
2470 1306 2626 1368 mihi,
2678 1305 2971 1367 Honorate,
3017 1316 3183 1355 unum
3213 1304 3375 1368 atque
3412 1299 3553 1353 idem
3588 1297 3891 1352 videretur

2164 1412 2294 1453 €888.

2827 1506 3053 1562 CAPUT
3096 1505 3203 1559 XV.

2166 1639 2367 1693 Contra
2411 1634 2754 1699 Manichzeos,
2795 1631 2860 1684 de
2902 1631 3121 1685 Duabus
3170 1626 3479 1683 Animabus
3528 1627 3664 1680 liber
3712 1641 3886 1680 unus.

2241 1762 2290 1813 1.
2323 1760 2455 1813 Post
2480 1757 2634 1811 hunc
2657 1754 2870 1809 librum
2899 1750 3098 1822 scripsi
3128 1749 3315 1804 adhuc
3341 1749 3639 1820 presbyter
3674 1752 3893 1827 cpntra

2170 1845 2506 1902 Manichazos
2559 1844 2631 1898 de
2686 1842 2915 1897 Duabus
2970 1839 3303 1904 Animabus,
3374 1852 3619 1908 quarum
3677 1836 3895 1890 dicunt

2168 1949 2344 1989 unam
2373 1937 2597 2003 partem
2624 1931 2722 1985 Dei
2753 1946 2894 1994 esse,
2922 1929 3158 1983 alteram
3184 1927 3254 1981 de
3288 1930 3461 1997 gente
3481 1925 3890 1991 tenebrarum,

2170 2038 2345 2094 quam
2375 2037 2488 2075 non
2520 2018 2835 2077 condiderit
2863 2020 3033 2082 Deus,
3064 2020 3120 2070 et
3149 2032 3280 2087 qua:
3313 2014 3388 2068 sit
3410 2015 3524 2069 Deo
3550 2017 3888 2080 coaeterna;

2172 2116 2228 2166 et
2254 2112 2358 2166 has
2387 2110 2583 2164 ambas
2610 2108 2852 2173 animas,
2884 2121 3058 2160 unam
3086 2105 3328 2172 bonam,
3372 2103 3609 2157 alteram
3639 2102 3891 2169 malam,

2173 2200 2235 2255 in
2263 2215 2377 2253 uno
2405 2197 2638 2252 homine
2678 2211 2800 2251 esse
2839 2195 3085 2250 delirant
3114 2209 3129 2247 :
3162 2192 3333 2246 istam
3382 2191 3595 2245 scilicet
3639 2192 3887 2255 malam,

2174 2288 2465 2360 propriam
2495 2285 2680 2340 carnis
2710 2300 2831 2339 esse
2882 2283 3153 2351 dicentes,
3206 2296 3383 2351 quam
3428 2295 3660 2334 carnem
3699 2280 3887 2334 etiam

2175 2375 2373 2429 dicunt
2401 2373 2589 2443 gentis
2619 2388 2739 2426 esse
2769 2372 3171 2426 tenebrarum:
3205 2368 3364 2422 illam
3392 2383 3526 2421 vero
3556 2367 3799 2433 bonam,
3816 2382 3889 2420 ex

2177 2462 2486 2517 adventitia
2508 2461 2611 2516 Dei
2634 2464 2815 2532 parte,
2851 2475 2979 2530 qua:
2998 2474 3129 2512 cum
3162 2457 3530 2512 tenebrarum
3555 2459 3730 2527 gente
3750 2471 3895 2509 con-

2177 2549 2407 2618 ﬂixerit,
2437 2554 2607 2619 atque
2639 2553 2937 2619 utramque
2962 2546 3261 2601 miscuerit
3292 2562 3304 2600 :
3332 2550 3389 2600 et
3416 2544 3611 2605 omnia
3640 2544 3893 2615 quidem

2175 2640 2328 2694 bona
2357 2637 2606 2693 hominis
2637 2637 2720 2691 illi
2748 2637 2913 2691 bona:
2943 2635 3151 2689 animus
3175 2655 3190 2702 ;
3222 2634 3419 2688 omnia
3444 2649 3578 2687 vero
3615 2633 3776 2687 mala
3805 2633 3895 2688 illi

2177 2729 2346 2783 mala:
2376 2726 2585 2780 animae
2614 2725 2892 2780 tribuunt.
2927 2725 2992 2778 In
3020 2724 3129 2778 hoc
3157 2724 3305 2778 libro
3348 2721 3491 2776 illud
3537 2720 3695 2792 quod
3745 2720 3891 2785 dixi,

2177 2818 2399 2875 Nullam
2426 2830 2536 2870 esse
2565 2815 3003 2883 qualemcumque
3030 2815 3224 2878 vitam,
3248 2826 3368 2880 qum
3387 2826 3495 2863 non
3530 2825 3588 2863 eo
3626 2811 3750 2878 ipso
3785 2824 3894 2877 quo

2178 2909 2294 2961 vita
2318 2910 2418 2972 est,
2448 2908 2498 2958 et
2540 2905 2597 2956 in
2632 2906 2896 2971 quantum
2937 2902 3149 2955 omnino
3194 2901 3314 2953 vita
3360 2903 3457 2964 est,
3501 2897 3577 2952 ad
3615 2912 3895 2952 summum

2177 2998 2305 3050 vita
2332 2997 2534 3061 fontem
2557 2991 2998 3062 principiumque
3037 2989 3307 3057 pertineat
3339 2986 3494 3056 (Cap.
3530 2988 3580 3050 1,
3610 3001 3670 3038 n.
3702 2983 3777 3052 1),
3811 2983 3894 3037 ita

2180 3083 2315 3148 dixi,
2349 3087 2413 3137 ut
2441 3086 2716 3152 tanquam
2746 3083 3004 3132 creatura
3035 3077 3105 3131 ad
3136 3076 3460 3130 Creatorem
3490 3072 3785 3145 pertinere
3805 3072 3895 3126 in-

2180 3172 2494 3243 telligatur,
2524 3185 2640 3224 non
2671 3172 2862 3223 autem
2896 3167 2964 3221 de
2993 3166 3093 3221 illo
3123 3181 3245 3220 esse
3272 3168 3549 3236 tanquam
3596 3178 3735 3233 pars
3764 3162 3894 3232 ejus

2182 3260 2557 3315 existimetur.

2253 3350 2307 3403 2.
2340 3348 2486 3401 Item
2512 3343 2665 3416 quod
2694 3341 2834 3411 dixi,
2880 3355 3151 3410 nusquam
3194 3337 3427 3405 scilicet,
3474 3338 3589 3392 nisi
3610 3339 3672 3392 in
3698 3337 3893 3392 volun-

2186 3442 2296 3492 tate
2320 3451 2430 3491 esse
2463 3437 2764 3506 peccatum,
2815 3434 3058 3502 possunt
3082 3425 3377 3497 Pelagiani
3427 3442 3531 3497 pro
3582 3442 3643 3480 se
3673 3425 3897 3480 dictum

2184 3529 2409 3596 putare,
2442 3526 2680 3595 propter
2707 3519 2996 3591 parvulos,
3041 3531 3186 3587 quos
3223 3514 3353 3570 ideo
3404 3518 3621 3584 negant
3674 3513 3897 3568 habere

2185 3617 2480 3686 peccatum
2501 3610 2657 3682 quod
2680 3610 2761 3663 eis
2781 3608 2841 3662 in
2863 3606 3208 3677 Baptismate
3222 3602 3569 3669 remittatur,
3597 3602 3735 3673 quia
3757 3618 3898 3656 non-

2188 3703 2326 3758 dum
2358 3698 2592 3755 arbitrio
2614 3695 2921 3752 voluntatis
2950 3698 3212 3748 utuntur.
3244 3690 3419 3756 Quasi
3444 3706 3578 3745 vero
3594 3695 3897 3760 peccatum

2188 3792 2341 3864 quod
2371 3806 2466 3844 eos
2495 3804 2563 3842 ex
2594 3786 2775 3841 Adam
2799 3782 3042 3839 dicimus
3076 3779 3431 3851 originaliter
3445 3779 3694 3844 trahere,
3725 3778 3784 3833 id
3815 3784 3901 3833 est

2188 3883 2351 3933 reatu
2383 3878 2504 3950 ejus
2541 3875 2878 3947 implicatos,
2913 3877 2968 3927 et
2997 3872 3070 3927 ob
3099 3872 3208 3926 hoc
3233 3884 3422 3940 pamee
3474 3867 3755 3922 obnoxios
3795 3866 3900 3922 de-

2191 3967 2382 4036 tineri,
2414 3980 2658 4037 usquam
2680 3979 2801 4018 esse
2828 3961 3022 4032 potuit
3051 3958 3162 4014 nisi
3183 3958 3242 4013 in
3261 3957 3554 4012 voluntate
3584 3957 3626 4022 ί,
3660 3972 3779 4027 qua
3801 3972 3898 4009 vo-

2190 4058 2411 4112 luntate
2436 4053 2806 4110 commissum
2851 4054 2957 4119 est,
2998 4047 3229 4120 quando
3262 4045 3440 4103 divini
3485 4044 3761 4117 praacepti
3812 4049 3902 4098 est

2191 4146 2341 4201 facta
2361 4141 2756 4215 transgressio.
2789 4142 2979 4195 Potest
3009 4138 3180 4192 etiam
3209 4135 3403 4207 putari
3430 4134 3573 4189 falsa
3617 4149 3740 4187 esse
3792 4133 3901 4187 ista

2192 4232 2476 4289 sententia
2505 4248 2619 4303 qua
2646 4230 2915 4297 diximus,
2947 4230 3232 4297 Nusquam
3261 4225 3373 4279 nisi
3402 4225 3464 4277 in
3488 4223 3765 4277 voluntate
3790 4238 3904 4278 esse

2190 4325 2488 4393 peccatum,
2530 4318 2668 4390 quia
2717 4317 2859 4373 dixit
2910 4314 3214 4387 Apostolus
3243 4328 3256 4367 :
3288 4313 3352 4368 Si
3379 4315 3560 4365 autem
3585 4310 3732 4380 quod
3755 4311 3899 4379 nolo,

2196 4412 2291 4465 hoc
2329 4411 2497 4477 facio,
2517 4409 2642 4478 jam
2680 4423 2790 4462 non
2840 4420 2934 4475 ego
2972 4418 3161 4474 operor
3189 4401 3353 4463 illud,
3393 4399 3489 4455 sed
3514 4399 3661 4468 quod
3690 4398 3905 4453 habitat

2195 4501 2254 4553 in
2282 4513 2365 4552 me
2386 4501 2682 4567 peccatum.
2715 4496 2829 4549 Hoc
2860 4492 3015 4547 enim
3052 4492 3347 4562 peccatum
3402 4502 3583 4558 usque
3613 4484 3756 4539 adeo
3785 4500 3905 4538 non

2197 4591 2282 4641 est
2309 4587 2370 4641 in
2396 4586 2709 4651 voluntate,
2750 4589 2817 4638 ut
2844 4582 2992 4638 dicat
3023 4598 3038 4635 :
3070 4578 3220 4646 Quod
3258 4578 3401 4645 nolo,
3431 4577 3527 4631 hoc
3556 4576 3721 4642 facio.
3751 4574 3905 4638 Quo-

2198 4674 2371 4729 modo
2402 4689 2538 4744 ergo
2564 4688 2847 4744 nusquam
2888 4674 2974 4725 est
3001 4668 3113 4723 nisi
3138 4668 3200 4721 in
3227 4666 3524 4720 voluntate
3556 4664 3854 4735 peccatum
3877 4662 3905 4716 ἱ)

2198 4764 2309 4820 Sed
2329 4764 2438 4818 hoc
2466 4766 2763 4834 peccatum
2803 4760 2873 4815 de
2912 4774 3027 4830 quo
3076 4757 3155 4810 sic
3185 4760 3270 4809 est
3298 4754 3523 4808 locutus
3573 4751 3902 4821 Apostolus,

2199 4853 2327 4908 ideo
2366 4857 2664 4924 peccatum
2692 4853 2942 4916 vocatur,
2988 4845 3124 4917 quia
3175 4847 3409 4915 peccato
3465 4841 3680 4896 factum
3710 4844 3816 4907 est,
3847 4846 3905 4894 et

2198 4958 2368 5013 poena
2395 4939 2612 5011 peccati
2631 4944 2747 5006 est;
2778 4933 3246 5008 quandoquidem
3266 4932 3374 4986 hoc
3404 4930 3476 4985 de
3506 4927 3903 4998 concupiscen-

2198 5029 2279 5083 tia
2308 5029 2493 5084 carnis
2523 5028 2750 5094 dicitur,
2781 5024 2935 5095 quod
2962 5022 3148 5093 aperit
3191 5020 3253 5074 in
3282 5016 3768 5090 consequentibus
3817 5016 3900 5071 di-

2200 5134 2334 5173 cens
2362 5135 2375 5173 :
2409 5119 2528 5174 Scio
2558 5117 2691 5185 quia
2717 5128 2823 5168 non
2844 5111 3056 5166 habitat
3086 5112 3143 5164 in
3161 5124 3261 5176 me,
3293 5109 3388 5163 hoc
3415 5111 3495 5162 est
3513 5108 3571 5160 in
3599 5119 3763 5160 carne
3788 5121 3905 5159 mea

2203 5211 2434 5265 bonum:
2464 5206 2598 5261 velle
2639 5204 2778 5257 enim
2824 5201 3041 5271 adjacet
3088 5199 3246 5264 mihi,
3293 5195 3550 5267 perﬁcere
3595 5198 3778 5248 autem
3821 5194 3904 5248 bo-

2200 5313 2350 5363 num,
2407 5310 2513 5349 non
2556 5293 2726 5363 (Rom.
2773 5307 2870 5357 vn,
2934 5288 3137 5359 16-18).
3196 5282 3475 5341 Perfectio
3514 5281 3730 5353 quippe
3774 5281 3906 5337 boni

2268 5465 2283 5498 ι
2314 5461 2428 5510 Αω.
2446 5459 2589 5508 Er.et
2608 5455 2795 5505 Pratel.
2820 5454 2957 5510 cod.,
2979 5464 3249 5515 nusquam
3268 5462 3380 5501 esse
3405 5451 3656 5515 peluerit.
3680 5447 3906 5515 Sorbon.

2203 5527 2255 5574 et
2278 5519 2736 5582 Regio-molensis,
2767 5529 3028 5582 nusquam
3046 5511 3154 5582 esse
3178 5511 3641 5582 constetlupxque
3672 5511 3830 5582 Corb.
3849 5517 3911 5582 _et

2207 5586 2296 5635 alii
2325 5574 2497 5634 e‘Mss.
2524 5595 2633 5631 non
2663 5574 2937 5631 deterioris
2965 5581 3106 5627 nota:
3134 5575 3347 5633 habent,
3372 5574 3476 5623 nisi
3508 5585 3578 5624 ea:
3611 5574 3907 5626 voluntate.

4031 1589 4036 1685 Ι

4034 1748 4035 1835 ι

4033 4146 4036 4261 ι

4033 4298 4035 4433 Ι
