4062 6354
203 302 306 350 δυεν

1688 294 1897 349 LIBER
1940 294 2221 350 PRIMUS.

3603 312 3708 363 610

202 426 308 481 est,
342 420 405 470 ut
431 431 537 470 nec
564 414 688 485 ipsa
715 412 1171 484 concupiscentia
1199 412 1416 483 peccati
1444 413 1518 467 sit
1545 413 1607 469 in
1636 414 1894 482 homine,
1922 402 1942 495 β
2006 431 2135 486 quae
2174 432 2287 469 non
2333 420 2435 482 est,
2476 418 2621 474 sicut
2653 419 2946 475 Manichaei
2994 421 3305 495 desipiunt,
3357 426 3557 481 alienae
3597 444 3699 483 na-

201 506 296 559 cui
318 504 554 577 quidem
581 503 808 574 quando
829 502 973 556 bene
995 501 1224 565 vivitur,
1261 518 1379 556 non
1399 503 1681 557 consentit
1700 498 1921 558 volun-5

200 599 321 649 tas:
354 596 748 647 verumtamen
776 606 892 644 non
919 589 1144 661 perﬁcit
1166 590 1407 656 bonum,
1431 590 1586 661 ,quia
1621 591 1769 645 inest
1798 592 1897 647 ad-

199 685 316 737 huc
347 679 800 752 concupiscentia
828 678 919 733 cui
940 684 1225 749 repugnat
1246 680 1541 745 voluntas;
1574 681 1734 750 cujus
1763 696 1897 735 con-

199 769 567 842 cupiscentiae
611 773 800 822 reatus
848 767 909 821 in
939 768 1286 836 Baptismate
1317 768 1574 832 solvitur,
1606 769 1703 823 sed
1732 768 1898 822 inﬁr-

199 860 372 913 mitas
431 861 644 923 manet,
683 855 774 911 cui
818 856 999 909 donec
1039 861 1292 923 sanetur,
1340 856 1527 911 omnis
1577 856 1761 911 ﬁdelis
1799 856 1899 928 qui

202 948 350 1011 bene
377 945 624 1018 proﬁcit,
667 944 1077 999 studiosissime
1108 946 1436 999 reluctatur.
1468 947 1768 999 Peccatum
1798 962 1899 999 au-

199 1042 322 1091 tem
351 1036 507 1107 quod
534 1049 835 1105 qnusquam
865 1039 950 1087 est
987 1033 1098 1087 nisi
1126 1033 1186 1088 in
1215 1035 1527 1100 voluntate,
1556 1034 1697 1089 illud
1744 1050 1900 1105 pra:-

199 1125 369 1196 cipue
417 1122 854 1192 intelligendum
884 1127 991 1192 est,
1040 1124 1195 1193 quod
1234 1123 1387 1193 justa
1415 1123 1665 1196 damaﬂo
1708 1139 1900 1177 conse-

200 1217 334 1267 cuta
374 1217 477 1265 est.
512 1212 625 1265 Hoc
654 1210 808 1264 enim
847 1226 950 1281 per
996 1226 1178 1264 unum
1214 1210 1811 1265 hominemwintroivit
1840 1211 1900 1266 in

199 1300 513 1355 mundum:
535 1315 867 1370 quanquam
898 1304 953 1353 et
970 1298 1075 1353 hoc
1092 1305 1391 1369 peccatum
1412 1316 1527 1370 quo
1549 1300 1902 1355 consentitur

200 1387 421 1459 peccati
452 1387 929 1457 concupiscentiae
958 1375 998 1455 Ῐ,
1029 1403 1144 1441 non
1169 1385 1281 1440 nisi
1325 1387 1615 1442 voluntate
1645 1389 1902 1443 commit-

198 1475 356 1529 titur.
385 1476 625 1544 Propter
644 1476 751 1528 hoc
780 1479 838 1528 et
866 1474 977 1528 alio
1008 1475 1129 1529 loco
1150 1475 1294 1529 dixi:
1328 1477 1447 1533 Non
1477 1478 1649 1544 igitur
1676 1479 1789 1532 nisi
1814 1493 1905 1532 vo-

203 1564 413 1617 luntate
432 1569 689 1632 peccatur
720 1563 879 1633 (Cap.
906 1567 958 1630 9,
990 1579 1051 1619 η.
1086 1568 1192 1629 12).

277 1654 328 1706 3.
368 1652 624 1721 Itemque
655 1651 766 1704 alio
798 1651 918 1704 loco
948 1651 1134 1721 ipsam
1162 1651 1515 1705 voluntatem
1554 1648 1786 1705 deﬁnivi
1821 1647 1903 1702 di-

200 1755 382 1794 cens:
437 1742 698 1795 Voluntas
763 1744 841 1794 est
884 1742 1057 1793 animi
1103 1744 1298 1806 motus,
1350 1744 1562 1805 cogente
1612 1740 1780 1805 nullo,
1830 1739 1904 1792 ad

200 1828 422 1896 aliquid
457 1830 542 1882 vel
579 1844 683 1882 non
712 1828 1069 1881 amittendum
1106 1829 1189 1882 vel
1218 1829 1629 1897 adipiscendum
1671 1828 1796 1897 (1ίίυ
1843 1843 1897 1882 n.

209 1918 315 1979 14).
353 1917 513 1980 Quod
560 1921 866 1987 propterea
905 1917 1119 1970 dictum
1162 1921 1266 1979 est,
1311 1922 1375 1971 ut
1415 1917 1521 1970 hac
1569 1916 1904 1970 deﬁnitione

202 2007 402 2058 volens
430 2022 464 2059 a
491 2007 718 2059 nolente
748 2005 1186 2074 discerneretur,
1219 2010 1270 2059 et
1295 2005 1374 2059 sic
1399 2005 1469 2059 ad
1497 2004 1625 2059 illos
1663 2005 1903 2059 referre-

200 2099 302 2146 tur
328 2092 591 2161 intentio,
637 2093 737 2165 qui
774 2093 949 2165 primi
991 2094 1051 2147 in
1078 2093 1341 2164 paradiso
1370 2094 1605 2147 fuerunt
1650 2093 1903 2147 humano

200 2183 403 2253 generi
428 2183 590 2253 origo
621 2183 758 2236 mali
786 2187 829 2253 ²,
860 2183 1019 2237 nullo
1050 2188 1288 2253 cogente
1331 2182 1636 2253 peccando,
1668 2182 1777 2236 hoc
1823 2186 1907 2236 est

202 2271 386 2323 libera
406 2271 697 2325 voluntate
714 2272 1024 2341 peccando,
1051 2272 1187 2342 quia
1204 2276 1261 2325 et
1277 2272 1517 2325 scientes
1533 2274 1730 2324 contra
1758 2286 1905 2341 pras-

201 2365 437 2431 ceptum
474 2361 750 2428 fecerunt,
782 2366 840 2415 et
869 2361 963 2414 ille
994 2364 1243 2415 tentator
1272 2360 1450 2414 suasit
1479 2365 1542 2415 ut
1570 2360 1675 2413 hoc
1720 2360 1905 2429 ﬁeret,

200 2465 327 2503 non
354 2450 558 2520 coegit.
587 2450 728 2503 Nam
753 2454 811 2503 et
838 2450 940 2519 qui
963 2450 1219 2504 nesciens
1253 2447 1524 2519 peccavit,
1556 2463 1672 2502 non
1703 2448 1905 2502 incon-

200 2542 483 2609 gruenter
512 2538 711 2592 nolens
739 2554 998 2609 peccasse
1022 2538 1135 2593 dici
1160 2542 1372 2608 potest,
1404 2538 1664 2609 quamvis
1704 2542 1761 2591 et
1784 2536 1907 2607 ipse

200 2627 362 2697 quod
392 2627 647 2682 nesciens
689 2628 841 2694 fecit,
877 2628 1071 2681 volens
1120 2630 1314 2681 tamen
1366 2625 1529 2693 fecit;
1585 2626 1662 2680 ita
1688 2642 1791 2681 nec
1821 2627 1907 2698 ip-

199 2714 323 2767 sius
352 2730 472 2768 esse
501 2715 688 2785 potuit
717 2715 838 2769 sine
871 2715 1159 2769 voluntate
1188 2718 1504 2785 peccatum.
1541 2713 1677 2778 Quae
1709 2714 1907 2768 volun-

197 2805 292 2855 tas
325 2803 522 2874 utique
564 2803 711 2857 sicut
740 2803 975 2857 detinita
1005 2806 1110 2870 est,
1139 2803 1317 2857 animi
1348 2808 1542 2857 motus
1571 2803 1701 2869 fuit,
1746 2803 1907 2857 nullo

194 2898 458 2960 cogente,
508 2891 581 2945 ad
611 2891 831 2962 aliquid
875 2892 965 2945 vel
996 2907 1112 2945 non
1150 2891 1555 2960 amittendum,
1603 2891 1692 2945 vel
1722 2891 1908 2961 adipi-

196 2979 499 3033 scendum.
546 2978 709 3042 Quod
755 2978 910 3033 enim
940 2979 988 3033 si
1017 2979 1307 3046 noluisset,
1348 2995 1467 3034 non
1513 2979 1759 3046 fecisset,
1793 2995 1911 3033 non

198 3072 433 3121 coactus
463 3071 547 3121 est
573 3068 784 3122 facere.
819 3067 963 3132 Quia
988 3068 1169 3122 voluit
1199 3084 1336 3138 ergo
1365 3067 1517 3133 fecit,
1551 3068 1911 3123 etiamsinon

200 3156 344 3228 quia
390 3156 571 3210 voluit
624 3158 898 3227 peccavit,
956 3157 1214 3211 nesciens
1260 3162 1555 3228 peccatum
1586 3173 1705 3211 esse
1756 3156 1912 3228 quod

201 3244 367 3298 fecit:
398 3243 477 3298 ita
500 3260 603 3298 nec
632 3246 742 3299 tale
764 3250 1059 3316 peccatum
1083 3245 1205 3299 sine
1227 3246 1517 3299 voluntate
1549 3262 1669 3299 esse
1698 3245 1909 3316 potuit,

202 3331 307 3385 sed
357 3333 649 3386 voluntate
680 3332 833 3398 facti,
877 3349 989 3386 non
1017 3333 1308 3386 voluntate
1358 3331 1594 3403 peccati,
1639 3333 1795 3404 quod
1824 3338 1908 3387 ta-

200 3436 343 3475 men
364 3420 573 3475 factum
603 3428 899 3491 peccatum
921 3420 1060 3488 fuit;
1088 3420 1196 3475 hoc
1222 3420 1375 3475 enim
1405 3422 1620 3475 factum
1643 3426 1731 3475 est
1753 3422 1911 3493 quod

204 3508 335 3562 ﬁeri
373 3525 490 3563 non
547 3510 769 3564 debuit.
800 3509 1070 3581 Quisquis
1119 3516 1312 3565 autem
1359 3511 1539 3564 sciens
1587 3517 1804 3581 peccat,
1863 3512 1910 3565 si

201 3602 395 3668 potest
442 3598 670 3669 cogenti
710 3598 778 3652 ad
824 3604 1122 3668 peccatum
1174 3599 1294 3653 sine
1336 3604 1565 3670 peccato
1624 3600 1908 3660 resistere,

204 3702 313 3739 nec
344 3690 534 3739 tamen
578 3686 730 3753 facit,
759 3687 957 3757 utique
994 3687 1188 3741 volens
1218 3692 1440 3758 peccat;
1491 3688 1764 3758 quoniam
1811 3690 1912 3759 qui

203 3779 398 3845 potest
416 3776 698 3842 resistere,
722 3790 840 3829 non
861 3775 1084 3845 cogitur
1105 3776 1324 3831 cedere.
1352 3776 1459 3839 Qui
1478 3793 1612 3831 vero
1652 3779 1877 3847 cogenti
1892 3776 1915 3811 ⁸

206 3863 507 3932 cupiditati
538 3864 687 3917 bona
714 3865 1001 3917 voluntate
1030 3864 1288 3919 resistere
1316 3882 1431 3919 non
1461 3869 1667 3936 potest,
1696 3872 1758 3920 et
1786 3866 1912 3921 ideo

206 3953 344 4006 facit
374 3957 575 4007 contra
616 3958 906 4022 praecepta
935 3952 1198 4022 justitiie,
1222 3954 1343 4023 jam
1376 3954 1483 4007 hoc
1513 3955 1590 4008 ita
1617 3961 1912 4025 peccatum

207 4042 315 4104 est,
349 4044 411 4091 ut
438 4037 510 4090 sit
541 4038 713 4093 ctiam
746 4056 916 4109 poena
951 4042 1186 4111 peccati.
1223 4042 1580 4112 Quapropter
1616 4049 1912 4113 peccatum

207 4127 333 4180 sinc
357 4127 644 4181 voluntate
674 4144 794 4181 esse
824 4144 943 4182 non
971 4144 1138 4198 posse
1168 4130 1530 4185 verissimum
1560 4136 1664 4184 est.

282 4216 337 4270 4.
368 4216 625 4288 Itemque
658 4217 914 4272 deﬁnitio
943 4219 1158 4289 peccati
1185 4235 1297 4289 qua
1328 4220 1594 4287 diximus,
1632 4224 1914 4277 Peccatum

208 4309 289 4360 est
317 4307 564 4360 voluntas
594 4306 862 4360 retinendi
890 4308 972 4360 vel
1000 4307 1358 4376 consequendi
1386 4308 1531 4377 quod
1565 4310 1790 4378 justitia
1822 4328 1913 4365 ve—

208 4400 313 4462 tat,
344 4400 393 4449 et
439 4395 579 4449 unde
626 4396 853 4450 liberum
894 4401 972 4450 est
1023 4398 1292 4450 abstinere
1335 4394 1500 4467 (Cap.
1546 4401 1630 4463 ll,
1682 4415 1737 4453 η.
1795 4399 1909 4470 15),

204 4489 515 4556 propterea
554 4500 688 4538 .vera
717 4490 821 4551 est,
872 4484 1008 4554 quia
1045 4485 1101 4539 id
1131 4485 1434 4539 deﬁnitum
1480 4490 1565 4540 est
1590 4487 1743 4556 quod
1787 4491 1910 4541 tan-

208 4572 511 4627 tummodo
541 4578 840 4642 peccatum
870 4577 972 4634 est,
1006 4587 1123 4626 non
1155 4573 1310 4644 quod
1357 4573 1530 4627 etiam
1560 4590 1731 4645 pcena
1776 4591 1909 4645 pec-

208 4660 339 4715 cati.
384 4661 525 4714 Nam
570 4661 799 4731 quando
842 4660 954 4714 tale
997 4665 1083 4713 est
1124 4666 1190 4713 ut
1232 4659 1290 4713 id
1348 4659 1419 4714 sit
1478 4664 1534 4714 et
1581 4677 1748 4731 poena
1785 4677 1913 4731 pec-

208 4749 343 4815 cati,
368 4754 650 4820 quantum
674 4753 758 4803 est
782 4748 934 4818 quod
963 4748 1112 4802 valet
1142 4748 1404 4801 voluntas
1436 4748 1540 4803 sub
1576 4748 1909 4803 dominante

207 4837 547 4908 cupiditate,
592 4837 702 4891 nisi
732 4838 900 4904 forte,
950 4836 996 4890 si
1026 4838 1121 4907 pia
1165 4841 1271 4904 est,
1301 4839 1366 4891 ut
1412 4841 1539 4890 oret
1586 4837 1912 4891 auxilium?

205 4928 275 4981 In
313 4930 537 4980 tantum
566 4926 722 4980 enim
750 4926 932 4980 libera
960 4931 1062 4992 est,
1094 4926 1155 4980 in
1184 4925 1733 4997 quantumjliberata
1761 4930 1846 4980 est
1868 4930 1911 4996 ‘,

206 5014 358 5071 etin
396 5019 619 5069 tantum
659 5016 979 5085 appellatur
1023 5016 1298 5069 voluntas.
1350 5015 1621 5086 Alioquin
1650 5019 1769 5069 tota
1808 5030 1912 5069 cu-

207 5104 443 5177 piditas,
473 5101 516 5170 5,
563 5119 737 5174 quam
785 5106 1046 5158 voluntas
1088 5102 1319 5174 proprie
1368 5104 1753 5175 nuncupanda
1798 5109 1908 5158 est:

278 5272 294 5306 ¹
323 5271 427 5320 Mss
457 5264 700 5334 quatuor.
721 5273 1062 5321 consentitur
1079 5275 1287 5333 peccato
1311 5270 1765 5334 concupiscentia.

274 5337 297 5370 ²
323 5335 383 5382 1n
406 5333 611 5397 scriptis
622 5347 730 5392 sex,
746 5334 996 5397 fecerunt
1018 5334 1265 5385 humano
1286 5333 1735 5397 gencrmriginem
1756 5333 1909 5387 mali.

279 5401 297 5427 ⁸
328 5396 443 5444 Am.
474 5395 527 5444 et
557 5395 662 5450 Er..
692 5395 910 5445 volenti.

280 5455 297 5482 ‘
310 5458 472 5521 ,Edd.,
485 5459 681 5521 quiain
695 5463 913 5509 tantum
927 5457 1151 5509 liberata
1166 5460 1264 5509 est.
1286 5458 1382 5508 Sed
1397 5458 1745 5521 elegantiores
1764 5460 1906 5515 Mss.,

213 5520 410 5584 omisso
438 5524 578 5584 quia.
597 5520 794 5579 ferunt,
818 5526 875 5570 in
902 5524 1158 5584 quantum
1189 5521 1415 5584 liberata
1446 5520 1534 5570 est.

278 5585 298 5616 δ
309 5582 452 5642 Lov.,
466 5582 708 5645 alioquin
720 5584 891 5634 tutius
906 5582 1187 5645 cupiditas.
1206 5583 1542 5634 Praetulimus
1554 5584 1668 5634 Am.
1682 5584 1828 5636 etEr.
1842 5583 1911 5634 le-

2006 510 2151 558 turas
2189 504 2664 574 additamentum,
2704 509 2800 563 sed
2844 514 3071 565 nostrai.
3102 512 3306 568 vitium
3349 531 3381 568 a
3435 531 3550 586 quo
3581 533 3700 572 non

2006 595 2238 646 sanatur
2276 592 2390 646 nisi
2420 594 2604 663 gratia
2629 595 2950 667 Salvatoris.
2990 598 3151 663 Quod
3198 601 3247 654 si
3276 602 3581 673 quisquam
3610 605 3701 659 di-

2005 679 2101 747 cit,
2147 680 2318 735 etiam
2353 681 2537 752 ipsam
2567 684 2936 755 cupiditatem
2982 687 3127 742 nihil
3175 689 3332 744 aliud
3361 706 3480 745 esse
3520 708 3697 762 quam

2007 768 2369 830 voluntatem.
2403 771 2501 824 sed
2530 770 2793 826 vitiosam
2814 780 3155 846 peccatoque
3182 778 3555 846 servientem;
3583 797 3699 835 non

2006 856 2389 911 resistendum
2444 863 2551 926 est,
2601 875 2706 913 nec
2749 860 2819 914 de
2863 862 3068 928 verbis,
3133 878 3265 918 cum
3314 881 3403 919 res
3458 872 3699 937 constet,

2006 944 2389 998 controversia
2414 945 2695 1003 facienda.
2734 948 2919 1003 Etiam
2945 950 3024 1004 sic
3051 950 3207 1005 enim
3227 953 3549 1008 ostenditur
3577 954 3699 1010 sine

2003 1032 2289 1086 voluntate
2319 1035 2539 1089 nullum
2570 1051 2691 1089 esse
2709 1041 3014 1107 peccatum
3045 1039 3161 1093 sive
3187 1040 3247 1093 in
3278 1057 3469 1112 opere,
3502 1043 3616 1097 sive
3639 1043 3699 1098 in

2008 1118 2252 1190 origine.

2079 1212 2130 1262 5.
2164 1209 2379 1264 Rursus
2419 1210 2479 1265 in
2526 1228 2593 1267 eo
2636 1228 2751 1283 quo
2778 1212 2917 1281 dixi,
2960 1217 3083 1270 Jam
3149 1232 3386 1285 querere
3426 1233 3700 1288 creperum,

2007 1289 2189 1351 utrum
2213 1298 2353 1352 illud
2372 1301 2573 1355 malum
2592 1316 2757 1369 genus
2781 1305 3110 1368 animarum,
3133 1311 3425 1374 antequam
3448 1308 3579 1363 bono
3599 1312 3703 1363 mi-

2008 1390 2260 1452 sceretur,
2292 1387 2563 1442 habuisset
2582 1390 2827 1457 aliquam
2854 1389 3200 1448 voluntatem.
3233 1394 3296 1448 Si
3321 1397 3462 1449 enim
3482 1395 3704 1451 nonlia-

2011 1473 2187 1543 bebat,
2230 1476 2345 1528 sine
2380 1482 2597 1544 peccato
2642 1483 2804 1547 atque
2830 1481 3079 1535 innocens
3128 1486 3263 1549 erat,
3301 1488 3352 1537 et
3389 1484 3508 1539 ideo
3553 1486 3703 1539 nullo

2008 1562 2164 1615 modo
2200 1564 2403 1617 malum
2432 1564 2592 1635 (Cap.
2642 1569 2725 1621 16.
2765 1582 2822 1623 n.
2861 1568 2965 1639 l7).
3025 1569 3139 1623 Cur
3174 1570 3369 1640 igitur,
3410 1572 3704 1642 inquiunt,

2008 1654 2307 1719 peccatum
2365 1652 2551 1707 dicitis
2593 1655 2984 1724 parvulorum,
3038 1672 3289 1727 quorum
3352 1660 3707 1714 voluntatem

2012 1753 2129 1791 non
2152 1739 2355 1793 tenetis
2383 1756 2540 1795 ream
2558 1744 2587 1795 ?
2617 1742 3035 1812 Respondetur,
3078 1760 3199 1798 non
3232 1762 3327 1799 eos
3354 1747 3711 1816 proprietate

2011 1826 2336 1894 voluntatis,
2360 1828 2458 1882 sed
2479 1828 2701 1899 origine
2721 1845 2849 1884 reos
2888 1831 3093 1885 teneri.
3118 1831 3315 1886 Omnis
3335 1833 3490 1887 enim
3532 1834 3709 1889 homo

2011 1918 2272 1969 terrenus
2316 1915 2455 1986 quid
2504 1921 2588 1971 est
2616 1916 2858 1988 origine,
2892 1917 3000 1971 nisi
3046 1919 3269 1975 Adam?
3313 1922 3486 1975 Porro
3518 1927 3710 1977 autem

2011 2003 2194 2057 Adam
2226 2004 2470 2059 habebat
2496 2006 2695 2077 utique
2724 2007 3099 2075 voluntatem,
3125 2024 3238 2080 qua
3268 2009 3561 2065 voluntate
3579 2028 3710 2066 cum

2011 2097 2317 2161 peccasset,
2349 2099 2641 2164 peccatum
2670 2110 2775 2165 per
2802 2111 2935 2149 eum
2962 2095 3197 2150 intravit
3224 2097 3284 2151 in
3312 2100 3613 2154 mundum.
3714 2154 3717 2157 ,

2085 2183 2136 2234 6.
2171 2182 2427 2253 Itemque
2457 2181 2517 2236 in
2541 2199 2608 2237 eo
2639 2183 2792 2255 quod
2822 2182 2956 2251 dixi,
3001 2186 3217 2241 Natura
3245 2202 3355 2241 esse
3384 2189 3540 2243 malae
3585 2192 3710 2242 ani-

2013 2283 2113 2322 mz
2141 2263 2291 2323 nullo
2328 2270 2481 2325 modo
2520 2276 2739 2340 queunt,
2771 2272 2818 2325 si
2846 2272 3123 2343 quaeritur
3151 2276 3441 2345 quomodo
3473 2277 3713 2347 accipia-

2015 2373 2143 2411 mus
2163 2359 2318 2429 quod
2338 2358 2419 2412 ait
2438 2360 2772 2429 Apostolus:
2795 2362 3015 2416 Fuimus
3040 2366 3090 2415 et
3116 2378 3211 2417 nos
3240 2369 3443 2419 natura
3467 2367 3574 2434 ﬁlii
3592 2369 3710 2433 irze,

2014 2447 2153 2500 sicut
2183 2452 2233 2500 et
2266 2451 2444 2501 caeteri
2475 2449 2695 2517 (Ephes.
2729 2465 2787 2515 ιι,
2841 2452 2927 2517 3);
2974 2451 3408 2522 respondemus,
3448 2459 3713 2511 naturam

2020 2536 2080 2590 in
2109 2535 2198 2589 his
2228 2535 2412 2590 verbis
2430 2537 2571 2590 meis
2588 2553 2682 2591 me
2698 2537 2943 2605 intelligi
2969 2539 3212 2595 voluisse
3227 2541 3401 2608 illam,
3428 2559 3556 2614 quin
3577 2560 3715 2615 pro-

2016 2623 2139 2695 prie
2161 2629 2361 2679 natura
2384 2624 2610 2693 dicitur,
2633 2624 2695 2679 in
2709 2641 2823 2697 qua
2842 2625 2965 2681 sine
2981 2627 3118 2682 vitio
3137 2630 3310 2684 creati
3332 2647 3548 2688 sumus.
3570 2633 3712 2687 Nam

2017 2713 2126 2766 ista
2143 2716 2376 2783 propter
2391 2712 2675 2783 originem
2693 2718 2899 2769 natura
2919 2716 3267 2786 appellatur:
3288 2734 3417 2789 quas
3430 2719 3589 2791 origo
3610 2721 3717 2775 uti-

2018 2815 2130 2871 que
2177 2800 2345 2855 habet
2389 2801 2613 2868 vitium,
2656 2802 2811 2873 quod
2839 2807 2924 2857 est
2953 2809 3151 2858 contra
3191 2810 3472 2862 naturam.
3518 2809 3579 2862 Et
3608 2809 3712 2863 ite-

2016 2903 2148 2942 rum
2178 2887 2238 2941 in
2268 2904 2335 2942 eo
2365 2889 2517 2961 quod
2546 2891 2763 2945 dictum
2802 2896 2903 2958 est,
2927 2894 3135 2947 Pcccati
3160 2910 3310 2948 reum
3340 2898 3508 2950 teneri
3527 2913 3716 2964 quem-

2019 2992 2205 3046 quam,
2242 2978 2374 3045 quia
2410 2993 2516 3031 non
2556 2980 2690 3045 fecit
2721 2980 2865 3047 quod
2905 2982 3085 3046 facere
3126 2997 3232 3036 non
3268 2986 3468 3051 potuit,
3498 3000 3717 3042 summa

2017 3067 2328 3133 iniquitatis
2370 3070 2421 3118 et
2456 3067 2686 3120 insania:
2714 3072 2811 3133 est,
2847 3068 2960 3121 Cur
2984 3083 3142 3138 ergo,
3173 3068 3461 3140 inquiunt,
3490 3075 3713 3141 parvuli

2018 3157 2286 3207 tenentur
2314 3152 2435 3207 rei?
2480 3153 2901 3224 Respondetur,
2930 3154 3066 3227 quia
3102 3173 3169 3211 ex
3201 3158 3324 3229 ejus
3372 3159 3594 3230 origine
3640 3166 3719 3217 te-

2018 3246 2249 3309 nentur,
2283 3241 2383 3313 qui
2404 3258 2519 3296 non
2550 3243 2682 3297 fecit
2711 3243 2863 3314 quod
2892 3244 3075 3299 facere
3105 3247 3313 3316 potuit,
3335 3248 3593 3303 divinum
3615 3250 3717 3304 sci-

2019 3328 2154 3383 licet
2194 3345 2417 3383 servare
2451 3330 2803 3385 mandatum.
2851 3330 3014 3395 Quod
3058 3337 3249 3387 autem
3278 3334 3415 3398 dixi,
3457 3337 3575 3391 Illae
3600 3352 3719 3392 ani-

2018 3432 2117 3471 ma:
2146 3418 2419 3486 quidquid
2445 3420 2680 3485 faciunt,
2712 3421 2763 3472 si
2797 3425 2998 3474 natura
3028 3437 3133 3475 non
3157 3424 3432 3479 voluntate
3478 3427 3715 3492 faciunt,

2020 3506 2081 3559 id
2110 3511 2208 3572 est,
2253 3509 2303 3560 si
2348 3507 2511 3560 libero
2540 3512 2591 3561 et
2614 3507 2689 3561 ad
2715 3508 3027 3573 faciendum
3057 3515 3107 3564 et
3146 3511 3220 3564 ad
3255 3527 3362 3567 non
3402 3514 3717 3583 faciendum

2020 3600 2167 3649 motu
2195 3597 2368 3649 animi
2401 3600 2605 3660 carent,
2653 3598 2703 3650 si
2746 3596 2976 3665 denique
3005 3598 3090 3652 his
3130 3598 3439 3655 abstinendi
3459 3602 3528 3655 ab
3562 3617 3718 3671 opere

2021 3698 2115 3737 suo
2140 3689 2378 3752 potestas
2419 3686 2573 3738 nulla
2609 3685 2936 3751 conceditur,
2971 3693 3251 3754 peccatum
3276 3703 3462 3742 earum
3492 3695 3666 3744 tenere

2020 3787 2125 3824 non
2153 3786 2437 3840 possumus
2469 3772 2630 3841 (Cap.
2659 3774 2743 3837 12,
2774 3788 2828 3825 η.
2866 3776 2923 3826 l7
2955 3773 3004 3841 ):
3028 3778 3333 3843 propterea
3360 3791 3475 3829 non
3496 3781 3719 3845 pertur-

2021 3862 2119 3916 bat
2145 3861 2213 3915 de
2243 3860 2492 3931 parvulis
2522 3860 2783 3930 quaestio,
2807 3862 2943 3931 quia
2967 3878 3033 3915 ex
3064 3860 3218 3915 illius
3246 3862 3465 3933 origine
3511 3865 3595 3918 rei
3632 3870 3715 3920 te-

2020 3955 2251 4014 nentur,
2286 3949 2385 4021 qui
2414 3950 2705 4003 voluntate
2737 3950 3007 4020 peccavit,
3053 3951 3280 4020 quando
3312 3952 3489 4006 libero
3536 3959 3594 4008 et
3640 3957 3712 4010 ad

2021 4039 2343 4096 faciendum
2373 4042 2430 4092 et
2451 4038 2521 4092 ad
2552 4053 2666 4091 non
2695 4038 3020 4091 faciendum
3043 4043 3203 4093 motu
3225 4039 3403 4095 animi
3425 4057 3542 4095 non
3571 4057 3718 4097 care-

2019 4128 2139 4195 bat,
2171 4127 2337 4199 eique
2368 4127 2440 4181 ab
2480 4142 2650 4198 opere
2672 4126 2823 4181 malo
2854 4126 3181 4181 abstinendi
3211 4144 3436 4183 summa
3463 4135 3715 4199 potestas

2022 4220 2159 4272 erat.
2185 4216 2348 4281 Quod
2365 4214 2659 4271 Manichazi
2682 4215 2750 4269 de
2770 4215 3137 4269 tenebrarum
3156 4221 3326 4287 gente
3349 4234 3464 4272 non
3499 4219 3718 4289 dicunt,

2021 4321 2193 4377 quam
2226 4304 2641 4359 fabulosissime
2671 4304 2970 4371 inducunt,
3006 4320 3247 4376 eamque
3277 4312 3544 4361 naturam
3573 4325 3721 4364 sem-

2019 4410 2126 4465 per
2152 4393 2386 4461 malam,
2418 4408 2714 4464 nunquam
2744 4392 2956 4447 bonam
2986 4393 3158 4447 fuisse
3187 4394 3567 4451 contendunt.

2090 4488 2146 4538 ’7.
2199 4482 2345 4536 lllud
2400 4488 2593 4536 autem
2639 4481 2818 4553 quaeri
2873 4485 3060 4553 potest
3111 4483 3401 4553 quomodo
3445 4484 3714 4554 dixerim,

2020 4573 2204 4624 Etiam
2227 4573 2277 4623 si
2304 4574 2430 4624 sunt
2459 4572 2653 4623 animae
2678 4570 2822 4637 quod
2849 4572 3069 4625 interim
3093 4572 3357 4626 incertum
3385 4578 3484 4641 est,
3524 4590 3711 4647 corpo-

2017 4662 2125 4712 reis
2158 4660 2365 4725 o/ficiis,
2415 4674 2520 4712 non
2559 4663 2798 4727 peccato,
2842 4659 2937 4713 sed
2983 4664 3185 4713 natura
3224 4661 3443 4732 deditae,
3489 4680 3718 4733 nosque,

2019 4762 2334 4815 quanquam
2352 4749 2463 4800 sint
2490 4749 2796 4813 inferiores,
2824 4749 3016 4816 aliqua
3044 4753 3219 4803 tamen
3240 4752 3497 4807 interiore
3520 4757 3719 4825 vicini-

2020 4839 2129 4888 tate
2170 4837 2513 4901 contingunt;
2558 4850 2664 4887 non
2710 4835 2837 4889 illas
2866 4836 2984 4889 ideo
3013 4838 3186 4891 malas
3217 4838 3408 4894 haberi
3451 4848 3716 4911 oportere,

2020 4926 2152 4992 quia
2178 4938 2271 4977 nos
2302 4939 2421 4977 cum
2448 4938 2537 4977 eas
2562 4926 2840 4992 sequimur
2867 4929 2915 4978 et
2946 4940 3198 4994 corporea
3228 4926 3534 4998 diligimus,
3580 4935 3716 4987 mali

2018 5011 2717 5083 sumus;quandoquidem
2748 5011 2818 5067 de
2846 5011 2957 5068 illis
2986 5013 3094 5067 hoc
3123 5014 3259 5085 dixi,
3291 5017 3360 5071 de
3386 5018 3597 5087 quibus
3627 5035 3717 5074 su-

2018 5145 2267 5205 ctionem,
2284 5158 2442 5214 quam
2464 5147 2681 5214 tuentur
2694 5145 2816 5214 Mss.
2839 5150 3057 5214 excepto
3080 5162 3187 5214 uno
3209 5149 3313 5214 fere
3343 5152 3515 5214 Germ.
3537 5151 3592 5199 in
3605 5165 3711 5214 quo

2018 5221 2290 5275 perperam
2316 5207 2524 5275 legitur,
2548 5212 2664 5275 tam
2695 5207 2993 5275 cupiditas}
3017 5214 3072 5275 et
3100 5212 3262 5275 altero
3280 5213 3476 5275 Pratel.
3504 5214 3560 5260 in
3585 5207 3712 5275 quo.

2019 5283 2141 5335 cum
2162 5270 2327 5335 tribus
2342 5270 2707 5335 Angl.,_tutius
2727 5275 2845 5321 tota
2864 5272 3149 5332 cupiditas.
3177 5274 3341 5321 Probe
3361 5275 3571 5335 quidem
3588 5270 3714 5332 {sed

2018 5331 2208 5396 melius
2228 5336 2285 5380 ut
2286 5331 2348 5396 in
2363 5331 2565 5396 caeteris
2576 5336 2752 5381 amoto
2784 5331 3158 5396 comparativo,
3173 5336 3312 5396 quod
3345 5331 3559 5384 reticere
3575 5342 3719 5385 amat

2020 5392 2071 5441 S.
2112 5394 2244 5458 Aug.
2264 5393 2364 5458 _Sic
2412 5395 2441 5441 2
2497 5392 2973 5458 Retract.,icap.'67:
3017 5392 3308 5458 Quaaqi'nihi
3344 5396 3494 5458 quasi
3540 5397 3717 5448 decla-

2021 5473 2048 5500 α
2075 5456 2236 5503 matio
2263 5455 2411 5511 levis,
2437 5468 2595 5517 quam
2627 5457 2799 5517 gravis
2824 5455 3082 5504 confessio
3111 5456 3335 5505 videtur.
3359 5455 3396 5502 3i

2084 5520 2097 5551 ¹
2131 5517 2265 5576 Λω.,
2296 5518 2380 5565 Er.
2403 5521 2455 5565 et
2476 5518 2746 5566 Bcccensis
2776 5518 2961 5574 codex,
2987 5521 3205 5579 peccato
3230 5530 3405 5570 eorum
3419 5520 3605 5573 teneri.
3633 5521 3717 5572 Sic

2022 5579 2179 5629 etiam
2210 5579 2343 5628 Lov.
2382 5580 2434 5627 in
2465 5578 2599 5628 libro
2625 5580 2688 5627 de
2719 5579 2932 5628 Duabus
2957 5578 3261 5630 Knimabiis.

2881 5792 2937 5858 ο
