4062 6374
382 288 474 338 cu
1528 263 2181 326 RETRAGTATIONUM
2222 262 2275 319 s.
2336 232 2744 319 A'UGUSTINI.

381 405 575 480 perius
603 401 761 473 loqui
799 413 1081 470 casperam
1112 396 1333 451 dicens:
1369 395 1695 462 Quanquam
1722 391 1939 445 etianwi
1979 390 2080 443 eis-

382 478 502 551 dem
525 490 848 547 concedatur
873 488 1131 553 inferiore
1160 486 1267 538 alio
1294 497 1479 551 genere
1507 483 1817 535 animarum
1852 493 1948 533 nos
1974 478 2081 531 illi—

383 587 434 638 ci
448 583 522 638 ad
551 580 775 649 turpia;
797 592 903 631 non
931 575 1059 630 inde
1076 574 1363 641 conﬁciunt
1388 575 1485 625 aut
1512 571 1639 625 illas
1668 576 1872 625 natura
1905 567 2080 621 malas

384 687 515 740 esse,
545 673 642 725 aut
670 670 804 722 istas
833 678 1099 719 summum
1128 652 1321 716 bonum
1352 660 1500 729 (Cap.
1538 662 1623 725 l3,
1654 675 1711 713 η.
1742 658 1850 725 20).
1892 657 1967 710 De
1993 655 2081 707 his

385 760 542 815 enim
573 754 1020 828 disputationem
1069 766 1249 820 usque
1298 749 1368 804 ad
1398 748 1550 802 hunc
1594 747 1785 801 locum
1822 742 2078 816 perduxi,

386 847 486 902 ubi
505 843 650 903 dixi:
683 843 917 897 Etiamsi
962 842 1089 894 sunt
1130 840 1346 906 animae,
1387 836 1531 906 quod
1562 837 1779 889 interim
1820 836 2084 888 incertum

385 938 483 1002 est,
508 933 776 1003 corporeis
798 929 1000 997 oﬂiciis,
1028 942 1135 982 non
1150 930 1388 996 peccato,
1411 924 1504 979 sed
1518 928 1719 979 natura
1739 922 1955 989 deditae,
1975 924 2079 975 etc.

389 1021 578 1088 Quaeri
608 1035 743 1090 ergo
772 1020 980 1089 potest,
1001 1032 1121 1083 cur,
1148 1014 1385 1069 dixerim
1415 1013 1558 1082 quod
1587 1014 1802 1066 interim
1824 1012 2085 1064 incertum

389 1118 484 1178 est,
520 1125 648 1165 cum
693 1122 929 1178 prorsus
970 1103 1230 1159 dubitare
1276 1118 1395 1156 non
1445 1098 1763 1166 debuerim,
1811 1113 1923 1151 non
1965 1111 2085 1150 esse

390 1201 532 1257 tales
561 1198 800 1253 animas.
852 1194 958 1249 Sed
988 1186 1095 1248 hoc
1143 1192 1270 1247 ideo
1299 1189 1435 1254 dixi,
1470 1188 1607 1260 quia
1643 1190 1913 1258 expertus
1959 1200 2086 1239 sum

391 1289 491 1362 qui
537 1287 793 1343 dicerent
822 1282 1113 1338 diabolum
1153 1283 1207 1333 et
1232 1278 1468 1349 angelos
1497 1276 1620 1347 ejus
1647 1276 1829 1330 bonos
1855 1289 1976 1327 esse
2026 1272 2087 1326 in

388 1360 597 1451 genere
628 1391 753 1438 suo,
777 1376 833 1426 et
878 1371 938 1425 in
967 1386 1034 1424 ea
1062 1372 1270 1423 natura
1299 1366 1360 1421 in
1397 1380 1511 1437 qua
1554 1380 1653 1419 eos
1690 1360 1902 1417 creavit
1939 1363 2088 1416 Deus

389 1448 589 1520 ordine
617 1459 848 1532 proprio
886 1457 1025 1511 tales
1068 1454 1265 1527 quales
1294 1456 1458 1507 sunt:
1515 1451 1610 1504 sed
1664 1448 1828 1503 nobis
1868 1449 2088 1503 malum

390 1568 533 1618 esse,
564 1549 611 1603 si
649 1546 955 1602 illiciamur
984 1548 1041 1597 et
1083 1542 1422 1596 seducamur
1446 1539 1518 1593 ab
1549 1538 1656 1599 eis;
1690 1538 1737 1591 si
1767 1541 1957 1591 autem
1996 1551 2088 1589 ca-

389 1656 624 1695 veamus
652 1653 751 1690 eos
792 1639 962 1705 atque
1001 1632 1316 1696 vincamus,
1351 1628 1621 1683 decorum
1671 1630 1841 1695 atque
1868 1624 2086 1696 glorio-

370 1744 542 1789 sum.
592 1727 655 1780 Et
686 1724 791 1778 hoc
813 1722 912 1793 qui
933 1720 1149 1784 dicunt,
1183 1719 1447 1772 videntur
1475 1714 1583 1769 sibi
1614 1718 1680 1768 ut
1718 1714 1772 1767 id
1820 1713 2085 1785 probent,

390 1817 460 1870 de
497 1810 804 1882 Scripturis
848 1808 1117 1863 adhibere
1158 1805 1365 1860 idonea
1414 1800 1778 1869 testimonia;
1812 1802 1896 1855 vel
1946 1799 2090 1853 illud

388 1903 544 1975 quod
585 1899 860 1969 scriptum
904 1899 988 1950 est
1031 1893 1087 1947 in
1130 1893 1276 1947 libro
1311 1891 1413 1947 Job
1467 1892 1576 1958 (xL,
1631 1889 1735 1959 14),
1786 1906 1917 1943 cum
1967 1887 2087 1941 dia-

386 1994 551 2048 bolus
596 1986 1030 2059 describeretur,
1080 1984 1188 2036 Hoc
1218 1986 1296 2035 est
1346 1983 1564 2035 initium
1592 1981 1835 2048 ﬁgmenti
1881 1979 2092 2033 Domini

390 2081 533 2151 quod
578 2080 709 2145 fecit
756 2076 829 2129 ad
874 2071 1209 2128 illudendum
1239 2070 1307 2123 ab
1341 2069 1568 2137 Angelis
1599 2070 1743 2134 suis;
1788 2065 1877 2119 vel
1920 2065 2087 2133 illud,

388 2175 561 2226 Draco
622 2169 708 2221 hic
773 2179 935 2234 quem
995 2159 1215 2231 tina-isti
1274 2157 1349 2211 ad
1415 2156 1752 2211 illudendum
1806 2157 1856 2208 ei
1918 2154 2086 2220 (Psal.

391 2276 507 2327 cm,
562 2257 672 2325 26).
731 2253 913 2318 Quam
979 2246 1386 2313 Quaastionem,
1447 2261 1577 2316 qua:
1631 2260 1747 2299 non
1821 2242 2090 2297 adversus

392 2346 730 2403 Manichaeos
799 2340 900 2412 qui
955 2339 1064 2392 hoc
1124 2351 1243 2406 non
1300 2334 1573 2399 sentiunt,
1652 2332 1749 2388 sed
1823 2332 2089 2411 adversus

388 2437 527 2491 alios
603 2432 702 2505 qui
779 2430 885 2484 hoc
951 2426 1202 2481 sentiunt
1272 2422 1632 2495 suscipienda
1703 2425 1850 2476 esset
1913 2424 2087 2490 atque

390 2522 676 2586 solvenda,
750 2520 1092 2590 pertractare
1168 2516 1339 2583 atque
1404 2510 1651 2565 enodare
1706 2512 1841 2563 tunc
1908 2505 2084 2569 nolui,

390 2628 464 2666 ne
491 2610 706 2665 librum
742 2606 925 2660 multo
967 2618 1138 2675 quam
1179 2601 1382 2654 vellem
1432 2599 1676 2652 facerem
1723 2596 2084 2667 longiorem:

392 2715 522 2753 cum
569 2697 821 2751 viderem
852 2692 1023 2747 etiam
1052 2689 1099 2743 si
1136 2690 1244 2743 hoc
1272 2687 1699 2753 concederetur,
1746 2689 1942 2739 tamen
1990 2684 2089 2738 de-

391 2789 528 2843 bere
554 2784 895 2841 Manichaaos
927 2797 989 2834 ac
1012 2780 1134 2851 jam
1163 2792 1325 2849 posse
1357 2773 1633 2841 convinci,
1665 2774 2089 2828 introducentes

394 2873 761 2930 insanissimo
797 2885 1010 2931 errore,
1044 2871 1311 2920 naturam
1348 2862 1484 2918 mali
1515 2866 1729 2917 aeterno
1759 2861 1911 2916 bono
1942 2877 2090 2915 coae-

392 2970 639 3019 ternam.
674 2961 804 3016 Ideo
830 2974 966 3029 ergo
995 2955 1131 3023 dixi,
1164 2953 1308 3023 quod
1326 2954 1544 3006 interim
1568 2954 1831 3005 incertum
1865 2954 1943 3004 est
1972 2964 2091 3003 non

392 3052 545 3124 quod
575 3066 680 3121 ego
711 3048 843 3102 inde
873 3045 1216 3108 dubitarem,
1249 3042 1345 3096 sed
1366 3040 1512 3112 quod
1545 3040 1697 3094 inter
1726 3055 1817 3093 me
1848 3042 1904 3092 et
1940 3037 2086 3102 illos,

392 3157 536 3213 quos
559 3139 641 3192 ita
666 3152 864 3208 sapere
894 3134 1242 3193 inveneram,
1262 3129 1519 3184 nondum
1543 3131 1687 3181 esset
1713 3126 1822 3180 ista
1850 3125 2087 3195 quaestio

395 3227 704 3291 dissoluta;
736 3238 911 3295 quam
951 3226 1142 3275 tamen
1194 3218 1252 3272 in
1291 3217 1417 3271 aliis
1466 3218 1633 3283 longe
1683 3213 2088 3286 posterioribus

400 3314 565 3371 libris
594 3313 738 3367 meis
767 3311 837 3366 de
868 3308 1071 3365 Genesi
1093 3308 1165 3362 ad
1183 3306 1455 3372 litteram,
1488 3303 1798 3358 secundum
1838 3302 2088 3373 Scriptu-

393 3419 486 3456 ras
516 3404 737 3456 sanctas
767 3400 982 3468 quanta
1012 3393 1175 3465 potui
1204 3391 1661 3447 manifestatione
1694 3389 1944 3445 dissolvi.

461 3493 520 3544 8.
549 3487 675 3541 Alio
703 3487 846 3551 loco,
875 3486 1182 3552 Propterea,
1221 3483 1467 3549 inquam,
1510 3494 1767 3548 corporea
1811 3476 2087 3545 diligendo

388 3590 691 3648 peccamus,
738 3577 870 3643 quia
905 3571 1223 3642 spiritualia
1240 3568 1467 3635 diligere
1483 3572 1532 3622 et
1550 3569 1776 3636 justitia
1810 3566 2088 3637 jubemur,

393 3672 445 3722 et
477 3669 681 3721 natura
711 3676 1020 3734 possumus,
1054 3664 1105 3715 et
1125 3664 1254 3715 tunc
1292 3660 1351 3713 in
1381 3661 1562 3713 nostro
1596 3672 1785 3725 genere
1829 3658 2024 3725 optimi
2042 3659 2093 3709 et

396 3755 694 3811 beatissimi
743 3768 926 3807 sumus
969 3752 1118 3821 (Cap.
1166 3752 1251 3815 l3,
1282 3764 1337 3802 n.
1370 3745 1479 3817 20).
1533 3745 1638 3801 Ubi
1684 3744 1865 3816 quazri
1906 3747 2093 3815 potest

395 3861 515 3908 cur,
543 3848 763 3912 natura,
796 3846 852 3896 et
880 3857 1017 3910 non,
1057 3838 1249 3895 Gratia
1277 3836 1634 3909 possumus‘,
1676 3834 1934 3890 dixerim.
1985 3832 2089 3887 Sed

395 3938 593 3990 contra
624 3931 959 3989 Manicheeos
1006 3931 1075 3985 de
1103 3933 1309 3983 natura
1337 3926 1580 3999 quaastio
1630 3924 1988 3979 versabatur.
2029 3924 2095 3977 Et

394 4023 594 4095 utique
648 4022 704 4076 id
733 4021 852 4093 agit
896 4019 1100 4091 gratia,
1132 4022 1195 4072 ut
1234 4020 1429 4071 sanata
1460 4018 1666 4069 natura
1697 4013 1854 4084 quod
1890 4011 2091 4067 vitiata

396 4129 513 4167 non
540 4114 747 4182 potest,
773 4108 971 4180 possit,
998 4122 1104 4178 per
1129 4121 1262 4160 eum
1294 4102 1395 4174 qui
1421 4103 1579 4156 venit
1604 4116 1862 4172 quaerere
1889 4104 1945 4153 et
1974 4100 2089 4152 sal-

396 4216 532 4255 vum
559 4199 744 4253 facere
766 4196 920 4267 quod
940 4194 1209 4266 perierat.
1245 4192 1428 4257 Quam
1449 4193 1640 4244 tamen
1660 4188 1903 4259 gratiam
1923 4187 2095 4242 etiam

396 4294 531 4344 tunc
559 4286 812 4342 recolens
836 4283 993 4339 oravi
1028 4298 1136 4353 pro
1167 4277 1628 4335 familiarissimis
1659 4277 1802 4332 meis
1829 4276 1928 4348 qui
1950 4293 2095 4331 mor-

397 4376 563 4431 tifero
610 4375 710 4429 illo
759 4373 945 4429 adhuc
1003 4369 1348 4425 tenebantur
1389 4382 1602 4433 errore,
1652 4368 1708 4419 et
1750 4364 1904 4419 dixi:
1955 4369 2094 4420 Deus

396 4480 608 4532 magne,
641 4466 780 4518 Deus
801 4462 1153 4530 omnipotens,
1188 4460 1326 4513 Deus
1356 4470 1576 4510 summae
1623 4453 1900 4519 bonitatis,
1940 4469 2095 4522 quem

402 4552 768 4608 inviolabilem
811 4554 862 4605 et
904 4545 1366 4616 incorruptibilem
1408 4541 1434 4575 ²
1471 4543 1620 4598 credi
1659 4547 1820 4612 atque
1860 4543 2097 4608 intelligi

399 4644 489 4710 fas
530 4646 629 4707 est,
684 4641 859 4695 Trina
915 4639 1127 4703 Unitas,
1175 4649 1338 4699 quam
1375 4631 1637 4687 catholica
1676 4632 1914 4686 Ecclesia
1948 4632 2093 4697 colit,

400 4731 632 4801 supplex
675 4743 787 4794 oro,
834 4730 1092 4798 expertus
1125 4726 1182 4778 in
1222 4722 1314 4795 :me
1354 4720 1781 4777 misericordiam
1816 4723 1984 4780 tuam.
2031 4735 2098 4773 ne

403 4820 637 4874 homines
668 4833 787 4872 cum
826 4804 1020 4885 quibus
1052 4814 1191 4867 mihi
1214 4828 1249 4865 a
1271 4811 1517 4882 pueritia
1544 4810 1603 4863 in
1630 4810 1776 4864 omni
1803 4809 2045 4862 conuictu
2073 4804 2097 4840 ³

400 4910 515 4975 fuit
537 4922 747 4961 summa
774 4906 1066 4971 consensio,
1092 4904 1149 4955 in
1191 4905 1279 4955 tuo
1319 4900 1466 4954 cultu
1494 4913 1529 4952 a
1553 4913 1635 4952 me
1662 4892 1948 4951 dissentire
1975 4910 2098 4964 per-

403 4997 587 5050 mittas
626 4993 786 5066 (Cap.
824 4996 908 5058 15,
938 5007 995 5045 n.
1028 4989 1135 5059 24).
1161 4989 1251 5044 Sic
1270 4988 1470 5059 utique
1496 5002 1684 5049 orans,
1707 4984 1831 5055 jam
1868 4983 1977 5037 ﬁde
2007 4998 2096 5036 re-

401 5083 678 5150 tinebam,
727 5097 846 5136 non
889 5079 1072 5133 solum
1117 5093 1415 5132 conversos
1444 5075 1515 5130 ad
1549 5075 1729 5128 Deum
1758 5070 1943 5142 gratia
1974 5071 2097 5140 ejus

404 5170 678 5243 adjuvari,
710 5172 774 5224 ut
796 5167 1099 5241 proﬁciant
1122 5183 1185 5221 ac
1212 5164 1607 5236 perﬁciantur,
1634 5159 1737 5215 ubi
1775 5159 1958 5214 adhuc
1988 5159 2098 5214 dici

403 5262 608 5331 potest,
658 5274 764 5329 pro
813 5256 1020 5311 merito
1067 5251 1458 5310 conversionis
1503 5249 1733 5302 illorum
1774 5247 1941 5303 istam
1975 5248 2098 5303 dari

466 5372 661 5437 {Apud
688 5372 803 5421 Am.
832 5375 885 5421 et
911 5371 1114 5437 aliquot
1132 5383 1165 5437 e_
1194 5369 1337 5437 Mss_.,
1368 5361 1746 5437 gratia‘pqtius
1773 5362 2025 5437 dixerim;

464 5424 619 5484 alitis.
635 5438 861 5498 quatuor
872 5424 1091 5498 addunt,
1107 5424 1785 5494 atqueincbmmutabilem.
1799 5425 1915 5474 Am.
1928 5428 1977 5473 et
1989 5425 2097 5485 Er.,

404 5498 578 5559 atque,
591 5494 1005 5559 immutabilem.

468 5548 495 5590 εἴ
509 5557 664 5617 Editi,
687 5557 750 5607 in
769 5555 1041 5607 hominum
1062 5556 1206 5605 uictu
1234 5548 1341 5616 fuit
1351 5550 1417 5600 At
1426 5550 1570 5609 Msa,
1595 5548 1653 5601 in
1672 5550 1813 5600 omni
1832 5548 2096 5600 convictu.

1166 5796 1222 5859 δ

3800 262 3923 312 Gl?

2185 383 2455 457 gratiam;
2489 396 2687 435 verum
2716 379 2889 435 etiam
2917 383 2981 434 ut
3028 383 3434 435 convertantur
3461 378 3532 434 ad
3563 380 3778 442 Deum,
3840 379 3921 431 ad

2186 475 2370 546 ipsam
2393 471 2491 527 Dei
2521 470 2766 542 gratiam
2796 469 3111 540 pertinere:
3145 467 3619 540 quandoquidem
3657 484 3776 539 pro
3827 467 3925 520 eis

2187 563 2342 617 oravi
2363 560 2462 633 qui
2488 563 2651 614 erant
2685 559 2758 613 ab
2794 559 2892 613 illo
2921 558 3093 613 nimis
3125 558 3325 624 aversi,
3347 561 3518 629 atque
3556 560 3622 612 ut
3639 556 3711 610 ad
3740 556 3923 610 illam

2188 653 2623 706 conveterentur
2687 646 2864 703 oravi.
2924 646 3023 702 Hic
3078 646 3224 701 liber
3270 645 3349 701 sic
3408 644 3654 717 incipit:
3704 645 3924 715 Opiter-

2191 742 2334 795 lante
2350 741 2458 794 ~Dei
2479 736 2876 793 misericordia.

2851 851 3074 907 CAPUT
3111 850 3246 904 XVI.
3284 850 3293 857 ’

2263 961 2406 1013 Acta
2451 962 2639 1013 contra
2665 961 3021 1013 Fortunatam
3050 955 3428 1022 Manicheum,
3458 954 3620 1010 leiber
3650 970 3827 1010 unus.

2268 1069 2315 1120 1.
2352 1065 2557 1119 Eodem
2598 1068 2859 1135 tempore
2906 1061 3249 1134 presbyterii
3293 1060 3430 1129 mei,
3462 1064 3663 1114 contra
3695 1061 3919 1114 Fortu-

2192 1158 2391 1210 natum
2424 1153 2733 1224 quemdam
2764 1152 3210 1208 Manichaeorum
3253 1150 3655 1221 presbyterum
3704 1147 3924 1219 dispu-

2194 1241 2326 1304 tavi,
2354 1240 2453 1311 qui
2475 1240 2788 1312 plurimum
2807 1238 3082 1311 temporis
3104 1238 3259 1310 apud
3297 1237 3621 1309 Hipponem
3654 1235 3918 1301 vixerat,

2196 1330 2609 1400 seduxeratque
2658 1332 2775 1383 tam
2824 1328 3056 1395 multos,
3090 1331 3154 1381 ut
3182 1331 3420 1397 propter
3472 1325 3602 1380 illos
3636 1324 3721 1379 ibi
3768 1341 3919 1379 eum

2195 1418 2497 1472 delectaret
2527 1416 2801 1470 habitare.
2837 1416 2973 1480 Quae
3013 1414 3324 1486 disputatio
3371 1413 3535 1469 nobis
3566 1413 3915 1467 altercanti-

2194 1506 2303 1561 bus
2327 1509 2558 1575 excepta
2583 1509 2669 1559 est
2697 1522 2727 1559 a
2757 1504 3018 1570 notariis,
3051 1503 3227 1558 veluti
3254 1504 3420 1558 Gesta
3447 1502 3912 1567 conﬁcerentur;

2196 1611 2331 1649 nam
2361 1599 2416 1649 et
2443 1594 2592 1649 diem
2616 1594 2808 1660 habet,
2841 1597 2898 1648 et
2926 1593 3233 1647 consulem.
3264 1592 3417 1646 Hanc
3448 1591 3507 1645 in
3538 1591 3752 1645 librum
3779 1607 3916 1645 me-

2199 1681 2396 1737 moriee
2422 1681 2805 1736 mandandam
2835 1680 3090 1735 conferre
3138 1679 3477 1734 curavimus.
3518 1680 3797 1733 Versatur
3828 1678 3917 1732 ibi

2198 1770 2437 1841 quaestio
2467 1771 2618 1824 unde
2648 1770 2722 1824 sit
2741 1771 2986 1824 malum:
3014 1785 3105 1823 me
3131 1773 3416 1823 asserente
3436 1773 3703 1822 exortum
3725 1767 3915 1821 fuisse

2198 1858 2446 1914 hominis
2474 1859 2691 1913 malum
2720 1874 2786 1912 ex
2808 1858 2991 1912 libero
3017 1856 3326 1911 voluntatis
3354 1855 3621 1922 arbitrio;
3648 1856 3749 1909 illo
3801 1872 3911 1909 au-

2198 1952 2313 2002 tem
2371 1951 2635 2002 naturam
2684 1947 2821 2000 mali
2865 1949 2979 2001 Deo
3010 1951 3353 2000 coaeternam
3400 1944 3747 2016 persuadere
3778 1960 3912 1998 mo-

2197 2035 2391 2090 liente.
2443 2035 2549 2090 Sed
2615 2034 2986 2105 consequenti
3041 2034 3133 2089 die
3177 2034 3409 2088 tandem
3456 2033 3750 2087 confessus
3796 2039 3909 2100 est,

2199 2122 2336 2176 nihil
2367 2138 2425 2176 se
2457 2122 2726 2177 adversus
2754 2139 2857 2177 nos
2887 2122 3143 2176 invenire
3168 2123 3324 2193 quod
3354 2121 3588 2177 diceret.
3624 2122 3737 2176 Nec
3766 2139 3912 2176 sane

2198 2210 2511 2264 catholicus
2538 2210 2718 2265 factus
2762 2215 2865 2274 est,
2899 2211 2991 2264 sed
3025 2215 3214 2265 tamen
3237 2210 3306 2264 ab
3341 2209 3601 2280 Hippone
3622 2209 3909 2265 discessit.

2268 2302 2321 2351 2.
2354 2299 2418 2352 In
2461 2298 2568 2352 hoc
2612 2298 2756 2353 libro
2791 2298 2935 2353 illud
2962 2298 3118 2370 quod
3167 2297 3302 2363 dixi,
3344 2300 3603 2353 Animam
3637 2298 3762 2353 dico
3796 2314 3915 2354 esse

2196 2389 2403 2454 factam
2433 2403 2467 2441 a
2501 2390 2624 2453 Deo,
2652 2391 2713 2441 ut
2737 2392 2929 2442 caetera
2963 2389 3145 2442 omnia
3176 2402 3295 2456 quae
3336 2403 3370 2440 a
3399 2388 3501 2440 Deo
3543 2387 3701 2452 facta
3745 2390 3909 2453 sunt;

2197 2481 2246 2528 et
2278 2478 2417 2528 inter
2445 2476 2543 2529 illa
2574 2491 2692 2544 quae
2722 2478 2861 2529 Deus
2892 2477 3222 2544 omnipotens
3258 2477 3407 2541 fecit,
3435 2476 3802 2543 principalem
3834 2476 3910 2529 lo-

2197 2577 2316 2616 cum
2341 2562 2531 2616 datum
2570 2577 2681 2617 esse
2726 2565 2922 2617 anima:
2950 2564 3183 2633 (Disput.
3218 2565 3266 2627 l,
3312 2577 3369 2616 n.
3409 2560 3518 2632 l3),
3560 2560 3641 2615 ita
3665 2561 3806 2629 dixi,
3842 2567 3914 2617 ut

2196 2652 2303 2706 hoc
2332 2650 2676 2720 generaliter
2720 2652 2788 2705 de
2838 2650 3102 2706 universa
3136 2654 3399 2705 creatura
3425 2649 3693 2705 rationali
3724 2651 3912 2720 accipi

2196 2740 2422 2807 vellem,
2474 2739 2732 2810 quamvis
2762 2740 2823 2794 in
2862 2739 3168 2810 Scripturis
3197 2738 3405 2793 sanctis
3455 2737 3678 2792 animas
3726 2737 3914 2791 dictas

2199 2844 2318 2881 esse
2347 2829 2715 2899 Angelorum,
2772 2832 2873 2882 aut
2902 2843 3020 2882 non
3049 2827 3306 2895 omnino,
3336 2830 3435 2881 aut
3464 2843 3579 2882 non
3611 2825 3795 2897 possit
3820 2826 3910 2880 fa-

2196 2916 2299 2971 cile
2329 2915 2588 2987 reperiri,
2617 2915 2759 2970 sicut
2783 2931 2957 2986 supra
2978 2916 3102 2986 jam
3125 2915 3395 2970 diximus.
3432 2916 3573 2969 Item
3599 2914 3710 2969 alio
3735 2913 3868 2968 loco
3893 2930 3907 2969 :

2197 3007 2311 3072 Ego
2361 3004 2498 3071 dico,
2552 3008 2797 3074 inquam,
2824 3008 3106 3074 peccatum
3150 3019 3259 3058 non
3283 3019 3412 3070 esse,
3449 3006 3499 3057 si
3525 3018 3632 3057 non
3672 3005 3915 3072 propria

2196 3095 2471 3147 voluntate
2514 3096 2761 3160 peccetur
2811 3094 3045 3162 (Disput.
3098 3095 3153 3157 2,
3204 3107 3261 3145 n.
3301 3090 3421 3163 2t).
3459 3090 3564 3145 Ubi
3609 3095 3915 3160 peccatum

2197 3179 2338 3234 illud
2368 3180 2612 3250 intelligi
2641 3179 2817 3247 volui,
2847 3180 2996 3251 quod
3018 3196 3132 3234 non
3163 3183 3247 3233 est
3263 3178 3437 3232 etiam
3460 3194 3635 3248 poena
3656 3178 3909 3249 peccati:

2199 3284 2333 3324 nam
2363 3267 2432 3322 de
2481 3269 2583 3322 tali
2612 3285 2782 3340 pmna
2826 3268 2943 3322 dixi
2974 3267 3108 3322 alibi
3150 3267 3209 3320 in
3242 3267 3443 3321 eadem
3492 3266 3910 3338 disputatione,

2199 3362 2352 3434 quod
2397 3358 2701 3416 dicendum
2732 3355 2842 3411 fuit
2863 3358 3083 3426 (Disput
3117 3359 3167 3424 l,
3193 3371 3247 3408 n.
3296 3355 3413 3425 15).
3454 3355 3716 3424 Itemque
3752 3354 3910 3408 dixi:

2198 3456 2269 3508 Et
2295 3455 2484 3523 postea
2517 3448 2701 3527 eadem
2733 3448 2856 3516 ipsa
2882 3459 3028 3510 caro,
3063 3459 3182 3512 quae
3209 3459 3304 3497 nos
3336 3444 3513 3512 pinnis
3531 3445 3692 3497 torsit
3710 3444 3767 3496 in
3782 3458 3912 3512 pec-

2200 3544 2356 3608 catis,
2409 3542 2700 3600 manentes,
2759 3535 3086 3604 subjiciatur
3110 3532 3262 3586 nobis
3299 3533 3353 3586 in
3397 3533 3807 3607 resurrectione,
3856 3537 3910 3585 et

2198 3631 2352 3684 nulla
2381 3627 2710 3683 adversitate
2737 3638 2832 3677 nos
2864 3623 3102 3692 quatiat,
3135 3622 3420 3689 quominus
3437 3620 3605 3687 legem
3631 3623 3682 3673 et
3706 3633 3909 3688 prace-

2195 3723 2296 3788 pta
2327 3717 2516 3771 divina
2562 3725 2826 3769 servemus
2861 3710 3096 3780 (Disput.
3137 3711 3192 3776 2,
3222 3725 3279 3764 n.
3312 3708 3421 3777 22).
3456 3706 3617 3771 Quod
3670 3722 3793 3760 non
3830 3706 3911 3760 ita

2202 3809 2287 3860 est
2334 3802 2750 3875 accipiendum,
2796 3802 3072 3869 tanquam
3117 3800 3173 3851 et
3202 3796 3263 3850 in
3300 3795 3400 3850 illo
3444 3795 3545 3850 Dei
3577 3810 3777 3865 regno,
3810 3794 3907 3848 ubi

2199 3891 2631 3965 incorruptibile
2660 3894 2831 3960 atque
2858 3887 3182 3942 immortale
3214 3903 3423 3957 corpus
3439 3885 3805 3951 habebimus,
3837 3885 3907 3939 de

2201 3981 2511 4054 Scripturis
2543 3978 2748 4035 divinis
2776 3978 2865 4031 lex
2895 3982 2954 4031 et
2980 3979 3265 4048 praecepta
3304 3974 3583 4029 sumenda
3611 3973 3755 4028 sint:
3806 3974 3904 4029 sed

2199 4069 2335 4142 quia
2372 4066 2781 4141 perfectissime
2815 4064 2895 4119 ibi
2944 4064 3034 4118 lex
3063 4067 3277 4117 aeterna
3325 4062 3665 4127 servabitur,
3718 4066 3777 4115 et
3805 4061 3907 4115 illa

2202 4160 2316 4214 duo
2363 4160 2649 4229 praecepta
2680 4154 2750 4209 de
2793 4152 3085 4224 diligendo
3114 4153 3231 4206 Deo
3261 4154 3316 4205 et
3345 4150 3630 4222 proximo,
3679 4165 3797 4204 non
3847 4150 3908 4204 in

2200 4246 2465 4313 lectione,
2499 4244 2595 4299 sed
2627 4244 2686 4297 in
2711 4242 2836 4312 ipsa
2864 4237 3115 4312 perfecta
3136 4243 3193 4295 et
3224 4239 3572 4311 sempiterna
3600 4237 3908 4292 dilectione

2202 4333 2546 4391 tenebimus.
2614 4333 2728 4387 Hoc
2780 4347 2926 4402 Opus
2973 4329 3052 4384 sic
3096 4328 3324 4400 incipit:
3396 4329 3592 4399 Quinto
3652 4327 3908 4381 calendas

2201 4420 2516 4494 septembris
2547 4420 2792 4477 Arcadio
2815 4420 3063 4487 Augusto
3103 4418 3185 4472 bis
3215 4422 3267 4472 et
3290 4419 3481 4485 Ruﬁno
3503 4417 3641 4471 uiris
3669 4415 3908 4471 clarissi-

2202 4515 2301 4567 mis
2324 4511 2653 4567 consulibus.

2840 4615 3066 4670 CAPUT
3089 4614 3254 4670 xvn.
3328 4678 3335 4683 _

2569 4726 2645 4779 De
2672 4722 2803 4778 Fide
2833 4726 2883 4777 et
2911 4721 3178 4791 ngbolo,
3213 4718 3348 4774 liber
3373 4733 3534 4773 unus.

2274 4834 2382 4887 Per
2410 4831 2561 4887 idem
2598 4833 2825 4901 tempus
2854 4843 3048 4882 coram
3078 4824 3358 4896 episcopis
3405 4824 3514 4879 hoc
3541 4822 3685 4877 mihi
3709 4822 3907 4893 juben-

2204 4920 2375 4987 tibus,
2404 4920 2503 4992 qui
2519 4918 2842 4990 plenarium
2865 4915 3038 4971 totius
3059 4913 3263 4968 Africae
3283 4911 3589 4967 concilium
3621 4910 3905 4982 Hippone-

2203 5009 2363 5080 regio
2413 5007 2703 5063 habebant
2730 5006 2799 5060 de
2831 5002 2965 5059 Fide
3010 5006 3065 5056 et
3088 5002 3356 5073 Symbolo
3377 5000 3675 5072 presbyter
3705 5000 3903 5071 dispu-

2203 5097 2336 5152 tavi.
2377 5097 2558 5161 Quam
2589 5091 3053 5166 disputationem,
3086 5089 3381 5144 nonnullis
3420 5104 3621 5143 eorum
3649 5087 3751 5159 qui
3798 5104 3905 5143 nos

2205 5184 2544 5240 familiarius
2609 5181 2921 5252 diligebant
2969 5177 3379 5258 studiqsissime
3433 5176 3801 5242 instantibus,
3842 5177 3905 5232 in

2204 5274 2417 5329 librum
2464 5269 2713 5335 contuli;
2744 5268 2805 5323 in
2835 5283 2946 5339 quo
2988 5267 3057 5322 de
3096 5266 3268 5322 rebus
3297 5265 3435 5337 ipsis
3474 5265 3554 5319 ita
3584 5265 3903 5334 disseritur,

2207 5366 2269 5416 ut
2312 5364 2505 5415 tamen
2543 5374 2659 5413 non
2688 5355 2790 5412 ﬁat
2835 5356 3139 5411 verborum
3184 5355 3282 5409 illa
3306 5355 3612 5420 contextio,
3653 5370 3785 5424 quas
3814 5359 3903 5410 te-

2206 5449 2393 5505 nenda
2421 5445 2756 5503 memoriter
2791 5443 3250 5517 competentibus
3292 5441 3560 5496 traditur.
3590 5443 3662 5496 In
3700 5442 3811 5498 hoc
3837 5443 3905 5499 li-

2210 5539 2314 5595 bro
2352 5552 2483 5593 cum
2512 5536 2583 5593 de
2624 5533 3043 5593 resurrectione
3070 5532 3256 5588 carnis
3285 5534 3584 5600 ageretur:
3622 5532 3905 5603 Resurget,
