4062 6356
222 300 321 348 uti}

221 422 465 489 inquam,
496 434 686 489 corpus
706 420 1009 491 secundum
1024 420 1378 474 Christianam
1422 420 1600 489 fidem,
1655 437 1774 489 quo:
1802 421 1915 487 fal-

221 511 330 561 lere
358 517 500 562 ίηοη
536 512 726 577 potest.
766 508 917 574 Quod
962 510 1049 562 cui
1093 509 1311 561 videtur
1356 508 1690 573 incredibile,
1734 510 1915 578 qualis

218 598 292 650 sit
314 612 453 649 nunc
483 612 607 650 caro
636 596 887 660 attendit,
911 597 1092 665 qualis
1118 601 1297 649 autem
1315 598 1508 663 futura
1536 600 1609 651 sit
1628 613 1734 652 non
1747 599 1916 652 consi-

220 684 409 739 derat:
441 688 573 754 quia
600 686 691 738 illo
714 689 945 753 tempore
974 687 1368 739 immutationis
1398 687 1671 751 angelice,
1687 698 1790 740 non
1794 686 1916 755 jam

219 788 345 827 caro
370 778 472 827 erit
499 778 549 826 et
570 775 815 840 sanguis,
847 772 941 827 sed
971 778 1179 827 tantum
1201 788 1394 842 corpus
1426 776 1578 843 (Cap.
1609 775 1693 840 lO,
1715 791 1770 829 n.
1800 775 1910 845 23);

221 866 278 914 et
296 866 501 916 caetera
518 877 646 931 qum
678 861 756 915 ibi
780 862 849 916 de
877 877 1184 931 corporum
1213 863 1570 916 terrestrium
1590 862 1650 917 in
1676 878 1916 933 corpora

219 948 467 1005 ccelestla
497 949 811 1004 mutatione
833 950 1090 1015 disserui,
1115 950 1386 1021 quoniam
1418 951 1556 1005 dixit
1584 952 1911 1022 Apostolus,

220 1054 350 1091 cum
380 1036 513 1092 inde
550 1037 903 1108 loqueretur,
936 1040 1071 1094 Caro
1096 1043 1144 1092 et
1168 1040 1392 1106 sanguis
1418 1054 1643 1105 regnum
1671 1041 1768 1093 Dei
1810 1056 1911 1095 non

215 1124 591 1193 possidebunt.
626 1124 733 1179 Sed
764 1124 1019 1195 quisquis
1049 1141 1115 1178 ea
1145 1124 1222 1178 sic
1268 1125 1486 1196 accipit,
1522 1130 1585 1179 ut
1630 1126 1915 1180 existimet

221 1212 301 1266 ita
329 1228 534 1282 corpus
560 1217 873 1279 terrenum,
905 1214 1073 1283 quale
1102 1229 1254 1267 nunc
1282 1214 1588 1282 habemus,
1619 1214 1682 1268 in
1708 1230 1913 1284 corpus

220 1302 445 1356 caeleste
495 1302 905 1355 resurrectione
946 1301 1173 1367 mutari,
1225 1306 1286 1355 ut
1335 1318 1438 1356 nec
1484 1302 1742 1357 membra
1785 1303 1912 1371 ista,

221 1406 325 1444 nec
353 1390 537 1444 carnis
567 1389 640 1444 sit
669 1389 860 1444 futura
896 1390 1248 1456 substantia;
1290 1391 1488 1461 procul
1518 1390 1691 1446 dubio
1737 1391 1913 1445 corri-

218 1478 440 1549 gendus
470 1484 574 1544 est,
606 1478 986 1533 commonitus
1018 1478 1086 1532 de
1116 1494 1355 1548 corpore
1385 1478 1633 1545 Domini,
1660 1479 1759 1550 qui
1787 1483 1915 1549 post

220 1566 693 1620 resurrectionem
733 1566 794 1619 in
823 1566 1035 1620 eisdem
1064 1564 1339 1639 membris
1376 1582 1493 1619 non
1541 1566 1725 1620 solum
1778 1583 1912 1620 con-

218 1652 543 1723 spiciendus
584 1653 782 1721 oculis,
831 1670 1027 1707 verum
1073 1653 1247 1709 etiam
1290 1655 1552 1709 manibus
1594 1655 1915 1709 tractandus

218 1740 503 1811 apparuit,
526 1757 871 1811 carnemque
900 1758 959 1794 se
990 1742 1197 1796 habere
1229 1744 1401 1797 etiam
1430 1759 1693 1797 sermone
1721 1742 1915 1797 firma-

218 1830 319 1892 vit,
352 1830 579 1884 dicens:
611 1831 836 1899 Palpate
881 1834 932 1885 et
970 1831 1147 1884 videte
1189 1834 1321 1900 quia
1358 1835 1587 1901 spiritus
1625 1848 1839 1886 carnem
1867 1837 1916 1885 et

218 1932 344 1972 ossa
378 1934 484 1972 non
514 1918 692 1985 habet,
724 1921 861 1973 sicut
890 1935 969 1973 me
997 1919 1190 1973 videtis
1221 1921 1413 1975 habere
1442 1922 1590 1991 (Luc.
1625 1937 1775 1989 xxw,
1806 1922 1913 1987 39).

221 2005 381 2059 Unde
406 2010 628 2060 constat
654 2006 985 2076 Apostolnm
1032 2023 1147 2061 non
1177 2008 1359 2061 carnis
1388 2008 1770 2062 substantiam
1813 2024 1915 2061 ne-

220 2110 383 2164 gasse
412 2094 473 2148 in
502 2110 679 2165 regno
713 2094 810 2148 Dei
840 2095 1129 2161 futuram;
1158 2096 1252 2149 sed
1282 2101 1381 2150 aut
1408 2096 1670 2150 homines
1702 2096 1800 2166 qui
1830 2112 1918 2150 se-

218 2182 473 2237 cundum
499 2198 728 2237 carnem
777 2182 992 2250 vivunt,
1036 2183 1222 2237 carnis
1268 2189 1323 2237 et
1350 2183 1641 2253 sanguinis
1685 2183 1917 2238 nomine

221 2287 614 2341 nuncupasse,
667 2276 765 2325 aut
820 2272 1002 2341 ipsam
1056 2271 1241 2325 carnis
1278 2271 1731 2342 corruptionem,
1788 2288 1947 2342 quaa-

218 2364 359 2413 tunc
384 2359 581 2430 utique
611 2359 770 2414 nulla
797 2359 923 2414 erit.
958 2361 1100 2414 Nam
1120 2376 1251 2414 cum
1277 2359 1529 2426 dixisset,
1559 2361 1704 2415 Caro
1733 2366 1782 2413 et
1795 2376 1919 2415 san-

219 2450 345 2517 gnis
374 2463 598 2516 regnum
634 2450 730 2502 Dei
772 2463 878 2502 non
914 2448 1308 2518 possidebunt;
1358 2448 1501 2502 bene
1553 2448 1916 2519 intelligitur,

219 2543 500 2608 tanquam
512 2536 848 2609 exponendo
869 2537 1006 2608 quid
1031 2536 1546 2604 dixerit,continuo
1574 2537 1913 2592 subdidisse:

221 2628 406 2695 Neque
456 2629 727 2696 corruptio
757 2627 1155 2695 corruptionem
1200 2626 1499 2695 possidebit
1557 2626 1597 2694 (Ι
1656 2627 1775 2682 Cor.
1825 2643 1939 2693 xv,

223 2714 335 2784 £50).
370 2715 445 2768 De
476 2730 589 2785 qua
618 2730 675 2769 re
706 2714 778 2768 ad
822 2714 1279 2785 persuadendum
1326 2714 1653 2769 infidelibus
1678 2715 1915 2781 difﬁcili,

222 2802 533 2872 diligenter
585 2807 867 2874 quantum
915 2802 1080 2873 potui
1111 2818 1203 2857 me
1262 2802 1592 2857 disseruisse
1652 2803 1918 2873 reperiet,

223 2890 485 2961 quisquis
506 2891 575 2945 de
593 2891 830 2945 Civitate
861 2890 960 2945 Dei
976 2891 1185 2944 librum
1206 2890 1408 2961 legerit
1431 2890 1803 2946 novissimum
1828 2893 1915 2955 ta).

224 2978 325 3033 Hic
356 2979 498 3033 liber
526 2978 605 3033 sic
636 2978 867 3049 incipit:
900 2979 1163 3044 Quoniam
1192 2981 1453 3048 scriptum
1481 2984 1576 3035 est.

853 3092 1079 3147 CAPUT
1117 3092 1302 3147 XVIII.

368 3196 450 3251 De
480 3200 667 3253 Genesi
684 3198 757 3251 ad
782 3199 1019 3253 litteram
1056 3200 1424 3268 imperfectus,
1458 3200 1592 3253 liber
1616 3215 1773 3254 unus.

299 3304 440 3359 Cum
470 3304 539 3357 de
570 3304 737 3358 Gensi
784 3305 925 3359 duos
963 3304 1135 3359 libros
1179 3306 1377 3359 contra
1422 3305 1754 3360 Manichmos
1784 3322 1918 3360 con-

225 3392 536 3460 didissem;
587 3392 859 3464 quoniam
900 3394 1211 3449 secundum
1254 3393 1616 3465 allegorieam
1644 3394 1925 3465 signiﬁca-

223 3481 441 3535 tionem
470 3482 774 3552 Scripturaa
800 3482 971 3536 verba
1002 3487 1398 3551 tractaveram,
1428 3499 1543 3537 non
1572 3499 1741 3537 ausus
1764 3487 1924 3537 natu-

225 3569 437 3623 ralium
463 3586 657 3624 rerum
690 3575 848 3625 tanta
874 3576 1087 3625 secreta
1107 3571 1180 3626 ad
1204 3572 1447 3625 litteram
1479 3587 1785 3642 exponere,
1816 3571 1925 3625 hoc

227 3661 313 3711 est
343 3658 829 3729 quemadmodum
845 3664 1073 3730 possent
1101 3660 1416 3715 secundum
1443 3659 1770 3715 historicam
1801 3676 1925 3731 pro-

224 3746 532 3816 prietatem
561 3764 689 3819 quae
722 3748 799 3801 ibi
830 3748 978 3802 dicta
1006 3753 1141 3802 sunt
1168 3748 1380 3820 accipi:
1406 3749 1562 3803 volui
1590 3748 1836 3821 experiri
1863 3748 1926 3803 in

227 3836 337 3889 hoc
356 3852 585 3907 quoque
623 3836 1083 3906 negotiosissimo
1114 3853 1179 3891 ac
1208 3837 1545 3891 difficillimo
1575 3854 1747 3909 opere
1788 3836 1924 3909 quid

226 3925 523 3990 valerem;
576 3924 673 3977 scd
719 3924 778 3978 in
830 3924 1139 3995 Scripturis
1196 3925 1548 3995 exponendis
1596 3925 1926 3980 tirocinium

227 4028 425 4064 meum
454 4011 558 4064 sub
591 4016 749 4065 tanta
779 4013 1016 4066 sarcina:
1046 4012 1195 4066 mole
1228 4012 1543 4067 succubuit.
1575 4013 1639 4066 Et
1668 4013 1926 4066 nondum

227 4099 480 4170 perfecto
498 4116 609 4153 uno
638 4098 804 4163 libro,
831 4100 902 4154 ab
924 4116 990 4154 eo
1015 4116 1186 4171 quem
1212 4100 1491 4155 sustinere
1522 4116 1636 4155 non
1664 4105 1925 4171 poteram

226 4187 421 4241 labore
461 4187 780 4258 conquievi.
822 4187 931 4242 Sed
984 4187 1044 4242 in
1092 4189 1198 4242 hoc
1228 4205 1401 4259 opere
1448 4206 1578 4243 cum
1629 4205 1756 4243 mea
1784 4206 1925 4261 opu-

229 4275 387 4328 scula
439 4280 826 4343 retractarem,
859 4274 962 4329 iste
993 4275 1101 4346 ipsi
1132 4281 1195 4330 ut
1223 4281 1346 4330 erat
1373 4276 1739 4347 imperfectus
1774 4276 1929 4331 venit

229 4364 292 4417 in
325 4379 565 4433 manus;
596 4380 769 4435 quem
800 4380 986 4435 neque
1017 4364 1328 4431 edideram,
1372 4369 1428 4419 et
1471 4366 1698 4419 abolere
1741 4365 1929 4420 decre-

225 4467 442 4517 veram,
484 4452 758 4522 quoniam
788 4452 987 4523 scripsi
1014 4458 1213 4523 postea
1250 4453 1553 4508 duodecim
1581 4453 1757 4508 libros
1784 4470 1927 4525 quo-

228 4556 361 4593 rum
390 4540 589 4594 titulus
619 4546 725 4610 est,
765 4542 843 4595 De
900 4541 1103 4596 Genesi
1154 4541 1225 4595 ad
1282 4541 1549 4597 litteram.
1614 4544 1679 4596 In
1719 4542 1929 4613 quibus

228 4628 490 4698 quamvis
522 4630 703 4683 multa
732 4629 973 4700 quaesita
1004 4629 1194 4699 potius
1225 4646 1400 4701 quam
1428 4629 1659 4684 inventa
1698 4630 1929 4684 videan—

228 4722 345 4785 tur,
373 4720 564 4771 tamen
596 4716 677 4771 eis
707 4716 811 4771 iste
839 4716 999 4771 nullo
1026 4718 1197 4771 modo
1229 4722 1313 4771 est
1348 4718 1787 4788 comparandus.
1819 4719 1927 4771 Ve-

226 4822 361 4861 rum
390 4810 446 4860 et
473 4807 626 4861 hunc
652 4812 1020 4879 posteaquam
1051 4807 1372 4874 retractavi,
1407 4824 1638 4861 manere
1676 4808 1829 4862 volui
1866 4812 1932 4863 ut

227 4897 378 4949 esset
405 4893 595 4963 index,
625 4900 905 4964 quantum
935 4895 1215 4963 existimo,
1245 4911 1363 4949 non
1391 4895 1611 4950 inutilis
1633 4895 1929 4950 rudimen-

225 4986 422 5037 torum
449 4998 709 5037 meorum
740 4983 801 5038 in
832 4983 1198 5038 enucleandis
1229 4987 1400 5054 atque
1448 4983 1768 5039 scrutandis
1796 4983 1932 5038 divi-

228 5070 323 5125 nis
353 5070 616 5142 eloquiis,
648 5070 886 5143 ejusque
914 5071 1147 5126 titulum
1174 5088 1294 5125 esse
1326 5072 1499 5140 volui,
1529 5072 1598 5128 de
1628 5072 1828 5127 Genesi
1860 5072 1931 5126 ad

225 5158 482 5213 litteram
503 5158 889 5230 imperfectus.
914 5159 1338 5232 Inveniquippe
1356 5177 1486 5215 eum
1513 5177 1697 5232 usque
1718 5161 1789 5215 ad
1810 5161 1931 5215 haec

226 5248 406 5301 verba
451 5248 761 5302 dictatum:
812 5251 974 5303 Pater
1025 5253 1234 5304 tantum
1289 5252 1445 5305 Pater
1490 5256 1588 5318 est,
1620 5266 1712 5305 nec
1754 5251 1928 5305 Filius

227 5336 388 5392 aliud
416 5342 491 5391 est
521 5354 684 5407 quam
720 5339 891 5393 Filius
926 5358 942 5407 ;
980 5341 1111 5407 quia
1142 5343 1337 5394 etcum
1385 5340 1589 5396 dicitur
1633 5339 1931 5395 similitudo

298 5494 313 5527 ί
346 5491 594 5541 Nonnulli
626 5492 754 5541 Cdd.
783 5491 982 5543 habent
1012 5492 1155 5557 falli.

297 5581 371 5639 (α)
402 5579 520 5631 Vid.
553 5580 647 5632 lib.
687 5584 748 5632 22
778 5580 842 5633 de
865 5581 1016 5633 Civit.
1046 5581 1158 5642 Dei,
1190 5595 1266 5633 cc.
1287 5584 1333 5643 5,
1361 5583 1437 5632 2t.

1710 297 1917 352 LIBER
1960 264 2238 353 palmes.

3624 301 3726 353 (514

2030 423 2231 489 Patris,
2260 435 2572 489 quanquam
2596 419 2842 474 ostendat
2856 419 3063 473 nullam
3092 420 3414 473 intervenire
3445 419 3727 474 dissimili-

2027 509 2286 574 tudinem,
2314 524 2419 563 non
2459 513 2636 562 tamen
2664 509 2808 562 solus
2833 511 2913 561 est
2944 509 3125 576 Pater,
3154 510 3207 562 si
3246 508 3437 562 habet‘
3463 510 3721 562 similitu-

2025 598 2203 651 dinem
2230 598 2399 668 (Cap.
2433 599 2515 664 16,
2544 612 2600 651 n.
2634 596 2746 666 60).
2783 596 2912 649 Post
2939 594 3060 649 haec
3089 595 3327 666 repetivi
3360 596 3533 650 verba
3570 596 3724 649 Scri-

2023 690 2210 755 pturae
2236 701 2429 739 rursus
2467 683 2883 738 consideranda
2910 688 3082 753 atque
3116 683 3431 753 tractanda,
3462 686 3533 738 Et
3577 684 3725 737 dixit

2023 775 2194 827 Deus:
2226 775 2510 827 Faciamus
2553 773 2817 825 hominem
2860 771 2939 826 ad
2977 773 3267 837 imaginem
3308 776 3358 825 et
3403 771 3725 826 similitudi-

2022 876 2141 914 nem
2165 866 2406 915 nostram
2438 861 2584 930 (Gen.
2619 876 2656 927 ι,
2690 862 2804 929 26).
2841 860 2957 912 Huc
2985 875 3164 929 usque
3204 859 3477 913 dictatum
3512 860 3725 914 librum

2023 949 2419 1019 imperfectum
2454 948 2818 1019 reliqueram.
2869 948 3030 1011 Quod
3064 952 3254 1001 autem
3295 947 3404 1001 sibi
3440 948 3725 1019 sequitur,

2023 1037 2348 1091 addendum
2383 1036 2576 1107 putavi
2596 1052 2722 1090 cum
2756 1051 2885 1089 eum
2929 1040 3331 1090 retractarem:
3362 1052 3466 1089 nec
3508 1036 3586 1089 sic
3636 1040 3722 1090 ta-

2024 1141 2157 1179 men
2189 1125 2421 1196 perfeci,
2453 1125 2547 1180 sed
2579 1126 2686 1180 hoc
2714 1140 2940 1195 quoque
2971 1124 3165 1178 addito
3198 1124 3594 1194 imperfectum
3629 1140 3723 1178 re-

2023 1213 2186 1283 liqui.
2220 1213 2277 1267 Si
2307 1213 2464 1267 enim
2493 1212 2875 1283 perfecissem,
2907 1213 3105 1266 saltem
3136 1213 3205 1266 de
3244 1212 3509 1267 omnibus
3539 1212 3720 1283 operi-

2023 1302 2129 1356 bus
2160 1306 2214 1355 et
2245 1302 2429 1356 verbis
2480 1300 2600 1364 Dei,
2640 1317 2770 1372 qua:
2819 1302 2888 1355 ad
2938 1306 3162 1356 sextum
3208 1302 3361 1356 diem
3407 1303 3720 1372 pertinent,

2025 1390 2423 1460 disputassem.
2458 1391 2524 1444 In
2554 1389 2659 1444 hoc
2687 1390 2833 1443 libro
2873 1405 2938 1443 ea
2969 1394 3165 1444 notare
3190 1406 3320 1461 qua:
3352 1390 3493 1444 mihi
3522 1390 3719 1461 displi-

2024 1483 2168 1543 cent,
2204 1480 2293 1532 vel
2324 1478 2627 1532 defendere
2660 1494 2788 1549 quas
2817 1477 2943 1531 aliis
2981 1494 3096 1531 non
3127 1479 3268 1532 bene
3293 1479 3581 1533 intellecta
3607 1478 3719 1532 dis-

2024 1568 2233 1639 plicere
2262 1573 2521 1640 possunt,
2563 1569 2917 1639 superfluum
2959 1567 3104 1622 mihi
3140 1568 3319 1622 visum
3366 1574 3473 1623 est.
3533 1568 3719 1621 Brevi-

2025 1662 2112 1712 ter
2140 1657 2294 1711 enim
2324 1656 2514 1728 potius
2538 1657 2814 1711 admoneo
2844 1657 3009 1710 utilli
3034 1656 3334 1710 duodecim
3361 1656 3492 1710 libri
3529 1658 3721 1727 legan-

2025 1750 2138 1814 tur,
2166 1763 2306 1816 quos
2345 1746 2512 1814 longe
2550 1750 2751 1814 postea
2787 1743 3086 1814 episcopus
3124 1742 3248 1808 feci,
3284 1748 3340 1796 et
3363 1759 3431 1797 ex
3471 1743 3610 1813 ipsis
3648 1743 3719 1797 de

2026 1834 2135 1888 isto
2159 1833 2464 1903 judicetur.
2516 1833 2611 1886 Hic
2636 1848 2771 1901 ergo
2802 1832 2880 1883 sic
2908 1831 3140 1900 incipit:
3179 1834 3251 1884 De
3283 1831 3522 1885 obscuris
3560 1836 3719 1886 natu-

2027 1922 2227 1975 ralium
2266 1936 2466 1988 rerum,
2490 1936 2608 1987 quae
2643 1921 2998 1988 omnipotente
3034 1921 3137 1971 Deo
3172 1910 3560 1987 artiﬁce/acta
3588 1934 3719 1975 sen-

2030 2011 2210 2073 timus,
2240 2024 2342 2062 non
2368 2007 2707 2076 afﬁrmando,
2727 2007 2820 2061 sed
2849 2006 3132 2076 quaerendo
3159 2007 3502 2061 tractandum
3527 2013 3621 2063 est.

2670 2113 2896 2168 CAPUT
2933 2114 3069 2167 XIX.

2274 2207 2347 2257 De
2374 2204 2622 2257 Sermone
2645 2203 2859 2256 Domini
2888 2204 2945 2255 in
2965 2206 3159 2267 monte,
3190 2201 3320 2255 libri
3344 2201 3470 2256 duo.

2106 2304 2149 2355 ι.
2194 2302 2302 2355 Per
2322 2299 2475 2354 idem
2502 2304 2728 2369 tempus
2760 2300 2828 2354 de
2856 2299 3130 2353 Sermone
3166 2297 3392 2351 Domini
3410 2297 3470 2351 in
3501 2301 3717 2363 monte,

2029 2387 2344 2443 secundum
2372 2387 2721 2455 Matthmum,
2751 2387 2862 2441 duo
2900 2385 3192 2440 volumina
3227 2384 3446 2456 scripsi.
3478 2386 3539 2439 In
3573 2401 3720 2456 quo-

2030 2491 2156 2530 rum
2183 2476 2367 2546 primo
2399 2478 2634 2545 propter
2652 2474 2708 2528 id
2731 2474 2884 2545 quod
2904 2473 3180 2544 scriptum
3205 2478 3311 2541 est,
3348 2476 3543 2527 «Beati
3566 2475 3725 2543 paci-

2026 2565 2136 2631 ﬁci,
2164 2565 2416 2632 quoniam
2462 2564 2573 2630 ipsi
2616 2563 2720 2629 ﬁlii
2748 2564 2843 2616 Dei
2868 2562 3201 2615 vocabantur
3227 2582 3250 2609 ιι
3285 2561 3499 2632 (Matth.
3526 2577 3580 2629 v,
3622 2562 3719 2632 9);

2028 2652 2332 2719 Sapientia,
2355 2652 2600 2718 inquam,
2631 2652 2879 2715 congruit
2900 2651 3233 2718 paciﬁcis,in
3261 2650 3459 2717 quibus
3481 2650 3603 2717 jam
3628 2665 3722 2703 or-

2028 2739 2222 2793 dinata
2243 2744 2370 2793 sunt
2391 2740 2592 2803 omnia,
2631 2738 2916 2806 nullusque
2944 2742 3114 2792 motus
3162 2738 3421 2791 adversus
3459 2740 3723 2791 rationem

2028 2828 2238 2882 rebellis
2278 2831 2376 2893 est,
2419 2826 2512 2880 sed
2556 2830 2746 2880 cuncta
2784 2826 3150 2895 obtemperant
3196 2828 3423 2894 spiritui
3469 2828 3725 2893 hominis,

2029 2931 2147 2972 cum
2196 2920 2247 2969 et
2299 2918 2414 2984 ipse
2462 2915 2783 2983 obtemperet
2833 2917 2939 2968 Deo
2994 2914 3136 2984 (Lib.
3198 2918 3246 2981 l,
3294 2930 3341 2968 c.
3394 2915 3448 2979 4,
3491 2929 3548 2968 n.
3614 2914 3720 2983 ll).

2029 3004 2186 3069 Quod
2213 3002 2415 3057 merito
2447 3009 2637 3057 movet
2666 3003 2949 3073 quomodo
2977 3002 3239 3055 dixerim.
3275 3002 3399 3055 Non
3419 3001 3574 3054 enim
3603 3002 3726 3054 cui-

2030 3108 2201 3165 quam
2223 3092 2523 3163 provenire
2553 3092 2612 3145 in
2638 3091 2741 3145 hac
2778 3090 2888 3145 vita
2916 3094 3124 3160 potest,
3155 3094 3220 3143 ut
3257 3089 3349 3143 lex
3397 3104 3729 3159 repugnans

2032 3182 2145 3252 legi
2174 3181 2383 3236 mentis
2413 3180 2649 3235 omnino
2679 3196 2794 3234 non
2822 3179 2893 3233 sit
2916 3180 2976 3234 in
3005 3177 3297 3233 membris.
3329 3177 3564 3242 Quando
3595 3177 3724 3248 qui-

2031 3272 2162 3326 dem
2189 3271 2362 3325 etiam
2391 3270 2440 3324 si
2469 3269 2522 3323 ei
2546 3269 2625 3323 sic
2659 3269 2944 3323 resisteret
2980 3266 3216 3338 spiritus
3251 3266 3522 3332 hominis,
3564 3271 3628 3319 ut
3666 3265 3753 3318 in‘

2033 3360 2255 3414 nullum
2285 3360 2407 3429 ejus
2439 3358 2722 3412 laberetur
2750 3372 3075 3423 assensum;
3106 3371 3225 3410 non
3254 3355 3383 3409 ideo
3409 3360 3601 3408 tamen
3631 3352 3731 3407 illa

2031 3463 2148 3503 non
2176 3451 2540 3519 repugnaret.
2585 3448 2699 3501 Hoc
2728 3461 2864 3516 ergo
2904 3444 3056 3516 quod
3101 3444 3316 3499 dictum
3363 3447 3469 3511 est,
3508 3442 3726 3499 Nullum

2032 3552 2141 3592 esse
2180 3543 2381 3591 motum
2425 3536 2683 3590 adversus
2723 3537 2985 3588 rationem
3035 3533 3299 3599 rebellem,
3348 3537 3499 3585 recte
3540 3529 3720 3600 accipi

2032 3627 2220 3695 potest
2247 3623 2307 3677 id
2335 3639 2487 3677 nunc
2511 3621 2810 3692 agentibus
2839 3620 3108 3691 paciﬁcis,
3139 3620 3424 3674 domando
3450 3617 3724 3687 concupi-

2034 3712 2275 3767 scentias
2303 3711 2509 3775 carnis,
2540 3716 2607 3764 ut
2635 3710 2703 3764 ad
2726 3709 2893 3763 istam
2914 3724 3112 3778 pacem
3128 3706 3520 3778 plenissimam
3538 3721 3724 3777 quan-

2034 3801 2221 3871 doque
2250 3799 2529 3853 veniatur.

2105 3892 2156 3942 2.
2199 3887 2441 3943 Proinde
2489 3885 2642 3957 quod
2680 3885 2792 3939 alio
2837 3885 2981 3951 loco,
3026 3898 3153 3938 cum
3197 3882 3459 3937 eamdem
3501 3886 3730 3936 senten-

2034 3978 2175 4033 tiam
2212 3976 2595 4046 evangelicam
2645 3978 2905 4044 repetens
2946 3972 3234 4042 dixissem,
3282 3974 3438 4026 Beati
3482 3973 3726 4040 pacifici,

2036 4068 2292 4137 quoniam
2319 4067 2429 4133 ipsi
2454 4066 2559 4133 ﬁlii
2603 4065 2700 4117 Dei
2735 4053 3069 4116 vocabuntur
3112 4060 3328 4137 (Matth.
3383 4076 3438 4128 v,
3487 4062 3575 4129 9);
3627 4060 3725 4113 ad-

2029 4136 2196 4226 jiunxi
2226 4154 2437 4221 dicens,
2472 4155 2540 4207 Et
2567 4156 2677 4206 ista
2710 4150 2926 4219 quidem
2954 4152 3013 4203 in
3039 4150 3138 4203 hac
3166 4136 3280 4203 uita
3321 4149 3575 4217 compleri
3600 4163 3730 4217 pos-

2035 4249 2182 4313 sunt,
2208 4246 2348 4297 sicut
2387 4242 2645 4310 completa
2665 4254 2774 4294 esse
2802 4242 2862 4293 in
2892 4238 3166 4308 Apostolis
3187 4237 3453 4291 credimus
3496 4236 3633 4306 (Lib.
3677 4240 3727 4301 l,

2036 4349 2084 4387 c.
2111 4335 2163 4401 4,
2195 4349 2250 4388 n.
2288 4333 2403 4401 l2):
2432 4330 2510 4384 sic
2556 4328 2949 4400 accipiendum
2995 4332 3099 4393 est,
3147 4342 3267 4380 non
3300 4330 3363 4379 ut
3390 4325 3451 4378 in
3488 4327 3725 4396 Aposto-

2038 4420 2105 4474 lis
2134 4420 2227 4475 hic
2253 4419 2571 4474 viventibus
2618 4416 2838 4471 nullum
2883 4415 3070 4469 carnis
3117 4417 3340 4468 motum
3384 4412 3731 4467 arbitremur

2038 4505 2266 4576 spiritui
2293 4521 2673 4576 repugnasse;
2704 4503 2800 4558 sed
2832 4502 3103 4556 hactenus
3130 4501 3222 4555 hic
3250 4500 3360 4555 ista
3385 4516 3551 4570 posse
3576 4515 3735 4554 com-

2037 4594 2205 4665 pleri,
2235 4600 2517 4664 quatenus
2547 4593 2607 4647 in
2629 4591 2915 4663 Apostolis
2950 4590 3237 4645 credimus
3275 4605 3395 4644 esse
3433 4588 3737 4659 completa,

2040 4699 2107 4737 ea
2135 4697 2402 4736 mensura
2448 4680 2658 4735 scilicet
2699 4678 3064 4750 perfectionis
3090 4679 3381 4739 humana),
3422 4681 3636 4749 quanta
3680 4675 3742 4730 in

2039 4771 2145 4825 hac
2171 4771 2285 4825 vita
2312 4773 2501 4840 potest
2533 4786 2654 4823 esse
2684 4768 2982 4838 perfectio.
3036 4768 3162 4822 Non
3188 4767 3346 4821 enim
3394 4766 3608 4821 dictum
3634 4769 3739 4831 est,

2042 4860 2152 4913 Ista
2180 4858 2241 4912 in
2269 4859 2375 4913 hac
2406 4857 2519 4911 vita
2545 4857 2821 4927 compleri
2853 4860 3110 4927 possunt,
3143 4871 3278 4910 nam
3308 4855 3592 4926 completa
3621 4868 3741 4907 esse

2039 4947 2101 5001 in
2144 4946 2424 5018 Apostolis
2473 4946 2785 5014 credimus;
2840 4945 2937 4999 sed
2990 4945 3207 5000 dictum
3264 4949 3369 5012 est,
3415 4946 3555 4999 sicut
3601 4958 3742 4997 com-

2035 5037 2185 5107 pleta
2212 5050 2323 5090 esse
2351 5038 2408 5089 in
2433 5036 2711 5109 Apostolis
2734 5034 3022 5101 credimus,
3056 5038 3119 5088 ut
3151 5034 3230 5087 ita
3255 5033 3649 5103 compleantur
3673 5030 3744 5084 si-

2040 5129 2136 5180 cut
2164 5125 2226 5179 in
2252 5124 2367 5180 illis
2395 5126 2681 5196 completa
2707 5128 2861 5190 sunt,
2893 5123 2952 5178 id
2984 5127 3068 5177 est
3094 5123 3342 5194 quadam
3372 5118 3745 5192 perfectione,

2040 5215 2201 5287 cujus
2242 5231 2415 5287 capax
2446 5220 2531 5269 est
2574 5215 2683 5270 ista
2708 5214 2842 5281 vita,
2884 5229 2998 5268 non
3045 5207 3570 5287 sicut_complenda
3608 5212 3743 5262 sunt

2039 5284 2138 5359 illa
2163 5284 2337 5376 quam
2366 5319 2660 5375 speramus
2682 5318 2820 5375 pace
2851 5284 3211 5375 plenissima:
3225 5298 3454 5369 quando
3479 5296 3700 5350 dicetur
3725 5313 3739 5351 :

2045 5394 2147 5448 Ubi
2171 5399 2270 5464 est,
2298 5407 2459 5460 mors,
2495 5394 2760 5447 contentio
2782 5394 2922 5446 tua?
2949 5391 2995 5461 (Ι
3021 5392 3138 5446 Cor.
3170 5403 3262 5454 xv,
3293 5384 3408 5455 55.)

2053 5523 2120 5633 (ut
2144 5520 2204 5569 In
2227 5520 2357 5570 Edd.
2381 5519 2516 5580 Am.,
2537 5519 2621 5569 Er.
2640 5533 2701 5569 ac
2724 5516 3033 5581 Benignian.
3057 5515 3173 5573 Ms,
3194 5511 3283 5564 sed
3298 5510 3457 5564 habet
3476 5512 3734 5565 similitu-

2110 5593 2253 5633 nem.

2154 5595 2253 5633 em.
