4062 6400
406 320 507 370 615
1561 309 2210 366 HETltACTATlONUM
2251 309 2306 363 S.
2348 308 2753 365 AUGUSTINI.

478 440 528 493 3.
570 436 697 491 Alio
745 436 870 489 loco
914 434 1064 503 (Lib.
1108 438 1157 499 1,
1188 449 1233 487 c.
1267 437 1319 501 6,
1351 450 1403 487 n.
1456 436 1544 504 17)
1594 434 1745 504 quod
1780 433 2100 504 interposui

404 525 820 593 testimonium,
869 525 986 579 Non
1023 525 1165 577 enim
1209 523 1283 576 ad
1326 538 1631 577 mensuram
1673 522 1772 577 dat
1809 525 1945 577 Deus
1987 525 2098 592 spi-

406 619 575 671 ritum
605 616 775 680 (Joan.
808 630 888 679 III,
918 612 1021 680 34),
1057 610 1310 666 nondum
1341 610 1730 665 intellexeram
1767 610 1837 664 de
1876 610 2099 665 Christo

403 703 639 777 proprie
658 701 845 757 verius
874 698 1069 770 accipi.
1098 699 1239 754 Aliis
1262 698 1475 770 quippe
1510 698 1837 753 hominibus
1874 699 1980 753 nisi
2030 700 2097 753 ad

404 807 731 848 mensuram
756 790 988 845 daretur
1018 788 1269 859 spiritus,
1314 803 1430 841 non
1462 787 1702 858 duplum
1733 791 1952 858 peteret
1986 787 2097 841 Eli-

403 897 552 935 smus
582 895 755 950 quam
784 877 893 933 fuit
920 876 980 930 in
1010 876 1147 930 Elia.
1184 877 1326 930 Item
1356 874 1511 946 quod
1542 874 1814 946 scriptum
1844 880 1944 941 est,
1980 878 2097 930 Iota

402 985 588 1035 unum,
621 973 718 1023 aut
744 981 883 1022 unus
931 980 1073 1034 apem
1108 980 1213 1019 non
1258 967 1483 1018 transiet
1511 980 1545 1019 a
1570 965 1681 1031 lege
1717 964 1878 1018 donec
1916 967 2096 1019 omnia

400 1062 535 1126 ﬁant
567 1057 778 1127 (Matth.
812 1072 866 1122 v,
905 1055 1016 1124 18),
1042 1069 1174 1108 cum
1202 1069 1563 1124 exponerem,
1600 1051 1746 1107 nihil
1776 1052 1894 1107 dixi
1932 1070 2094 1124 posse

403 1147 554 1201 aliud
582 1143 849 1215 intelligi,
883 1142 992 1197 nisi
1021 1143 1419 1197 vehementem
1455 1141 1818 1213 perfectionis
1865 1158 2093 1214 expres-

400 1235 624 1289 sionem
675 1234 915 1305 (Lib.'l,
961 1248 1004 1287 c.
1058 1234 1111 1298 8,
1151 1247 1205 1285 n.
1239 1232 1348 1299 20).
1402 1230 1506 1285 Ubi
1539 1229 1745 1284 merito
1794 1231 2093 1303 quaeritur,

400 1329 596 1379 utrum
624 1323 733 1377 ista
753 1320 1025 1393 perfectio
1052 1319 1129 1374 sic
1165 1319 1346 1391 possit
1377 1318 1641 1389 intelligi,
1665 1323 1729 1373 ut
1767 1323 1961 1375 tamen
1996 1337 2091 1375 ve-

394 1429 525 1468 rum
556 1412 648 1478 sit,
681 1409 970 1465 neminem
998 1409 1113 1480 jam
1139 1411 1397 1462 utentem
1418 1407 1723 1462 voluntatis
1744 1408 1979 1463 arbitrio
1999 1409 2093 1463 hic

393 1502 580 1556 vivere
607 1500 727 1554 sine
757 1502 1007 1569 peccato.
1044 1499 1091 1550 A
1120 1512 1234 1566 quo
1265 1496 1420 1550 enim
1451 1511 1633 1566 usque
1661 1496 1732 1550 ad
1764 1512 1944 1551 unum
1975 1497 2092 1567 api-

394 1605 518 1644 cem
548 1590 636 1643 lex
664 1587 861 1659 pertici
905 1589 1110 1657 potest,
1142 1584 1253 1639 nisi
1285 1601 1320 1639 a
1362 1600 1476 1657 quo
1507 1586 1653 1639 ﬁunt
1693 1585 1958 1640 universa
2002 1587 2088 1640 di-

392 1678 525 1731 vina
560 1674 867 1731 mandata?
912 1673 1021 1729 Sed
1066 1673 1127 1727 in
1179 1672 1394 1728 eisdem
1439 1673 1724 1728 mandatis
1777 1681 1859 1730 est
1913 1674 2087 1729 etiam

393 1767 546 1837 quod
572 1745 845 1837 jubemur
865 1763 1074 1831 dicere,
1096 1764 1313 1817 Dimitte
1336 1762 1488 1816 nobis
1515 1762 1696 1816 debita
1714 1768 1919 1831 nostra,
1951 1766 2091 1819 sicut

392 1860 442 1909 et
469 1870 565 1909 nos
610 1855 932 1908 dimittimus
969 1852 1299 1906 debitoribus
1346 1853 1545 1906 nostris
1597 1852 1809 1922 (Matth.
1851 1868 1924 1920 vr,
1965 1854 2085 1921 l2):

391 1960 564 2015 quam
595 1942 912 1998 orationem
941 1956 1121 2011 usque
1152 1939 1213 1993 in
1249 1939 1425 1993 tinem
1452 1939 1644 1994 saeculi
1671 1944 1791 1995 tota
1821 1940 1958 1996 dicit
1988 1942 2087 1995 Ec-

389 2031 579 2086 clesia.
604 2031 809 2086 Omnia
837 2046 973 2101 ergo
995 2028 1263 2083 mandata
1282 2028 1428 2083 facta
1457 2028 1824 2099 deputantur,
1857 2029 2087 2101 quando

392 2119 671 2192 quidquid
699 2136 816 2175 non
846 2119 910 2173 tit
933 2114 1285 2188 ignoscitur.‘

460 2211 512 2263 4.
557 2209 700 2263 Sane
725 2207 877 2278 quod
906 2205 986 2259 ait
1015 2204 1307 2269 Dominus,
1339 2204 1666 2273 Quicumque
1685 2206 1903 2260 solverit
1922 2222 2088 2261 unum

396 2298 461 2353 de
488 2296 766 2352 mandatis
809 2297 929 2349 istis
970 2294 1228 2358 minimis,
1277 2296 1328 2345 et
1369 2293 1609 2347 docuerit
1650 2296 1748 2361 sic,
1776 2299 1833 2348 et
1860 2299 2087 2358 caetera,

388 2402 573 2458 usque
602 2385 674 2439 ad
704 2399 837 2438 eum
866 2383 1052 2436 locum
1080 2381 1181 2435 ubi
1205 2380 1303 2447 ait,
1330 2382 1450 2438 Nisi
1479 2381 1841 2437 abundath
1860 2384 2088 2453 justitia

389 2480 571 2530 vestra
589 2476 715 2544 plus
759 2488 922 2542 quam
955 2471 1271 2527 Scribarum
1299 2475 1350 2524 et
1388 2471 1804 2538 Pharisaeorum,
1863 2489 1968 2527 non
2008 2477 2088 2529 in-

392 2561 612 2618 trabitis
641 2564 701 2615 in
728 2576 951 2628 regnum
997 2561 1245 2615 caelorum
1284 2559 1384 2626 (Id.
1415 2575 1469 2619 v,
1507 2560 1726 2629 18-20);
1759 2562 1938 2615 multo
1966 2579 2085 2617 me-

390 2650 505 2706 lius
545 2654 603 2705 et
647 2647 1073 2704 convenientius
1115 2647 1347 2718 exposui
1392 2646 1451 2701 in
1504 2646 1628 2701 aliis
1674 2650 2088 2718 posterioribus

392 2739 752 2794 sermonibus
796 2737 959 2804 meis,
1005 2737 1160 2808 quod
1198 2736 1366 2791 etiam
1412 2735 1506 2791 hic
1553 2741 1808 2792 retexere
1847 2738 2087 2811 longum

391 2833 494 2884 cst.
527 2829 609 2883 Ad
632 2827 737 2882 hoc
765 2830 955 2882 autem
1001 2826 1108 2879 iste
1132 2825 1213 2880 ibi
1252 2824 1584 2895 perducitur
1630 2842 1827 2880 sensus
1856 2828 2000 2898 (Lib.
2034 2833 2083 2898 1,

386 2934 432 2974 c.
458 2922 510 2983 9,
532 2933 588 2971 n.
622 2916 734 2987 2t),
766 2919 828 2970 ut
863 2930 1061 2970 eorum
1094 2913 1166 2969 sit
1197 2914 1419 2984 justitia
1468 2915 1674 2985 major,
1721 2931 1895 2986 quam
1937 2917 2082 2972 Scri-

386 3006 590 3061 barum
619 3010 676 3059 et
716 3003 1162 3065 Pharisaeorum,
1199 3003 1297 3074 qui
1339 3000 1535 3059 dicunt
1573 3009 1630 3058 et
1660 3003 1874 3059 faciunt
1916 3004 1959 3060 ί.
2006 3008 2083 3060 De

386 3094 595 3150 Scribis
640 3094 852 3166 quippe
899 3097 955 3147 et
995 3092 1294 3147 Pharisasis
1330 3093 1441 3147 alio
1482 3094 1604 3147 loco
1641 3093 1763 3163 ipse
1805 3094 2084 3149 Dominus

385 3184 498 3239 ait:
534 3186 726 3238 Dicunt
755 3183 916 3250 enim,
947 3185 996 3234 et
1025 3196 1130 3234 non
1163 3182 1377 3247 faciunt
1426 3182 1636 3249 (Matth.
1684 3197 1843 3250 xxm,
1889 3182 1963 3253 3).
2010 3183 2083 3236 Il-

386 3271 483 3325 lud
510 3270 684 3324 etiam
714 3268 921 3324 melius
950 3267 1336 3322 intelleximus
1384 3273 1582 3339 postea
1626 3270 1780 3340 quod
1807 3270 2081 3341 scriptum

384 3363 470 3413 est
500 3375 512 3412 :
547 3360 651 3428 Qui
689 3359 948 3411 irascitur
968 3357 1142 3422 fratri
1164 3371 1258 3411 suo
1292 3356 1392 3425 (Id.
1426 3373 1478 3423 ν,
1514 3358 1627 3427 22).
1671 3358 1900 3412 Codices
1928 3359 2083 3414 enim

384 3445 558 3517 graeci
579 3461 699 3500 non
726 3444 958 3509 habent,
977 3446 1091 3498 sine
1121 3458 1287 3497 causa
1307 3441 1331 3476 ²
1357 3484 1371 3510 ,
1405 3443 1550 3498 sicut
1576 3443 1667 3499 hic
1692 3445 1943 3515 positum
1976 3452 2080 3513 est,

382 3532 641 3605 quamvis
670 3531 826 3587 idem
857 3531 979 3603 ipse
1010 3531 1084 3585 sit
1102 3547 1327 3587 sensus.
1367 3532 1515 3587 Illud
1544 3532 1693 3588 enim
1723 3533 1973 3589 diximus
1999 3535 2083 3590 in-

383 3622 678 3687 tuendum,
714 3620 853 3692 quid
877 3620 947 3675 sit
976 3619 1143 3675 irasci
1172 3620 1335 3674 fratri
1365 3637 1501 3688 suo;
1531 3621 1803 3691 quoniam
1832 3639 1948 3678 non
1974 3624 2083 3678 fra-

381 3708 455 3761 tri
476 3708 759 3779 irascitur,
800 3707 899 3779 qui
945 3711 1176 3779 peccato
1222 3708 1413 3763 fratris
1459 3708 1739 3766 irascitur.
1789 3711 1898 3776 Qui
1943 3728 2079 3783 ergo

379 3797 561 3864 fratri,
589 3814 701 3852 non
728 3802 957 3867 peccato
986 3797 1270 3865 irascitur,
1298 3798 1418 3852 sine
1444 3815 1614 3853 causa
1640 3800 1923 3856 irascitur.

451 3892 501 3941 ὅ.
544 3888 684 3941 Item
715 3886 868 3957 quod
896 3885 1032 3951 dixi,
1062 3889 1169 3941 Hoc
1199 3890 1248 3940 et
1272 3886 1338 3940 de
1361 3891 1523 3957 patre
1549 3891 1600 3941 et
1629 3888 1694 3943 de
1732 3894 1904 3944 matre
1936 3896 1986 3944 et
2015 3892 2080 3945 de

376 3978 581 4031 exteris
626 3976 856 4029 vinculis
885 3976 1172 4043 sanguinis
1206 3975 1614 4043 intelligendum
1655 3982 1753 4041 est,
1800 3982 1860 4032 ut
1888 3981 1947 4033 in
2001 3982 2078 4034 eis

375 4064 643 4118 oderimus
674 4063 818 4131 quod
859 4078 1024 4131 genus
1072 4064 1365 4117 humanum
1407 4065 1672 4118 nascendo
1709 4070 1760 4120 et
1804 4068 2077 4123 moriendo

373 4156 622 4207 sortitum
650 4156 729 4206 est
757 4150 897 4221 (Lib.
934 4155 983 4215 1,
1017 4166 1061 4206 c.
1099 4155 1182 4215 15,
1234 4168 1292 4206 n.
1321 4151 1432 4222 41),
1466 4152 1545 4206 ita
1564 4156 1749 4218 sonat,
1777 4155 1940 4223 quasi
1961 4172 2076 4210 non

375 4244 566 4294 essent
610 4240 817 4293 futurae
862 4237 983 4292 istae
1034 4238 1500 4306 necessitudines,
1550 4240 1597 4293 si
1640 4241 1799 4295 nullo
1856 4246 2076 4298 natura:

375 4328 646 4381 humana:
674 4325 1031 4397 praecedente
1057 4330 1288 4395 peccato
1319 4342 1489 4381 nemo
1519 4332 1870 4397 moreretur;
1900 4348 2076 4402 quem

373 4431 603 4471 sensum
641 4415 764 4486 jam
806 4413 1064 4485 superius
1109 4413 1450 4485 improbavi.
1503 4416 1703 4471 Essent
1744 4417 1899 4473 enim
1938 4436 2073 4490 pro-

371 4504 519 4558 fecto
549 4502 916 4574 cognationes
946 4506 1001 4557 et
1028 4502 1353 4566 afﬁnitates,
1386 4502 1609 4559 etiamsi
1629 4505 1894 4578 originali
1915 4510 2073 4564 nullo

373 4591 645 4647 existente
670 4595 919 4663 peccato,
949 4592 1072 4646 sine
1109 4596 1292 4647 morte
1321 4596 1598 4647 cresceret
1638 4598 1694 4648 et
1721 4596 2073 4666 multiplica-

371 4685 531 4735 retur
559 4696 741 4753 genus
766 4681 1109 4736 humanum.
1133 4682 1212 4735 Ac
1240 4696 1343 4752 per
1370 4680 1477 4735 hoc
1504 4681 1669 4737 aliter
1697 4683 1970 4740 solvenda
1989 4690 2074 4740 est

371 4769 635 4842 quaestio,
667 4785 768 4825 cur
790 4770 1065 4825 Dominus
1096 4769 1436 4842 prazceperit
1465 4769 1785 4842 diligendos
1808 4771 2071 4829 inimicos

372 4860 586 4928 (Matth.
616 4875 665 4925 ν,
698 4858 808 4928 44),
836 4875 966 4914 cum
1011 4858 1122 4913 alio
1169 4859 1293 4912 loco
1332 4856 1629 4928 praecipiat
1675 4858 1807 4914 odio
1851 4859 2068 4915 haben-

369 4949 471 5004 dos
491 4953 547 5003 et
564 4952 829 5019 parentes
860 4953 916 5003 et
944 4946 1096 5002 filios
1142 4948 1288 5019 (Luc.
1324 4963 1433 5011 xw,
1462 4946 1574 5018 26),
1621 4964 1737 5002 non
1783 4947 1929 5003 sicut
1977 4948 2070 5004 hic

298 5074 303 5077 -
369 5037 557 5091 soluta
614 5040 735 5105 est,
798 5036 898 5091 sed
953 5035 1100 5090 sicut
1155 5052 1281 5091 eam
1343 5035 1627 5107 posterius
1693 5052 1843 5107 saepe
1898 5037 2068 5092 solvi-

368 5141 533 5180 mus:
578 5124 638 5180 id
676 5128 780 5191 est,
822 5128 888 5178 ut
914 5123 1220 5195 diligamus
1244 5123 1507 5179 inimicos
1545 5124 1849 5180 lucrandos
1890 5142 2068 5196 regno

431 5233 446 5265 ¹
484 5230 544 5278 In
559 5229 705 5292 prius
735 5226 942 5296 excusis
968 5226 1174 5291 legitur,
1195 5229 1290 5338 qui
1316 5227 1505 5279 dicunt
1525 5230 1573 5278 et
1599 5242 1706 5277 non
1725 5227 1953 5338 ﬂectunt.
1970 5231 2071 5278 Ex-

431 5292 656 5338 lnximus
681 5294 963 5338 negantem
994 5290 1194 5338 oerticu
1222 5303 1321 5338 am.
1353 5304 1472 5338 quae
1493 5304 1524 5338 a
1543 5291 1665 5338 Mss.
1692 5304 1718 5338 o
1762 5295 1859 5338 est.
1881 5295 1939 5338 ut
1954 5306 2070 5338 nro-

367 5286 656 5356 punximus
681 5286 963 5356 negantem
994 5286 1321 5356 particulam,
1353 5304 1472 5353 quae
1493 5304 1524 5338 a
1543 5291 1665 5356 Mss.
1689 5286 1859 5356 obest,
1881 5295 1939 5356 ut
1954 5306 2070 5355 pro-

368 5352 583 5412 nomen,
609 5355 717 5416 qui,
739 5352 1109 5416 relatipvumgsit
1126 5352 1191 5400 ad
1221 5352 1556 5416 eosquorum
1572 5352 1783 5416 justitia
1797 5352 1994 5416 major.

428 5418 448 5449 2
469 5417 508 5464 N
517 5413 630 5465 unc'
642 5421 819 5477 tamen
848 5414 938 5462 vix
962 5413 1132 5463 ullum
1162 5413 1391 5477 reperias
1424 5413 1656 5477 graecum
1690 5413 1945 5477 codicem.
1975 5416 2065 5477 qui

365 5490 475 5525 non
488 5477 680 5539 habeat
700 5476 825 5535 eike,
845 5478 957 5526 sine
977 5489 1137 5525 causa
1148 5492 1168 5533 ;
1187 5475 1328 5539 quod
1345 5476 1404 5539 in,
1420 5475 1517 5524 suo
1539 5475 2069 5539 quoqueChrysosto—

366 5551 484 5586 mus
503 5537 1109 5608 legebat._ld_radendum
1124 5537 1237 5587 esse
1253 5538 1327 5585 ait
1347 5538 1717 5608 Hieronymus,
1733 5537 2060 5601 Augustinus

365 5612 489 5648 vero
513 5598 599 5648 hic
624 5599 689 5648 ad
721 5598 1017 5663 legitimum
1041 5612 1256 5650 sensum
1277 5602 1506 5649 revocat.

3822 318 3931 366 filii

2213 431 2331 500 Dei,
2361 435 2417 486 et
2446 432 2737 487 oderimus
2786 432 2848 487 in
2884 432 3243 505 propinquis,
3293 434 3342 488 si
3383 427 3722 506 impediunt
3755 452 3794 489 ει
3842 452 3933 489 re-

2208 537 2323 592 gno
2358 521 2475 576 Dei.

2280 613 2330 665 6.
2367 612 2508 665 Item
2547 610 2617 665 de
2646 615 2931 682 praecepto
2963 628 3077 683 quo
3106 611 3447 682 prohibetur
3479 630 3628 669 uxor
3674 613 3927 681 dimitti,

2206 698 2315 753 nisi
2328 703 2564 770 propter
2578 699 3039 767 fornicationem,
3054 700 3147 755 hic
3163 700 3398 772 quidem
3418 702 3930 774 scrupulosissime

2206 787 2489 858 disputavi
2520 789 2659 859 (Lib.
2697 792 2747 858 1,
2774 805 2818 844 c.
2853 790 2962 859 91).
3023 789 3135 845 Sed
3162 792 3335 861 quam
3366 791 3502 846 velit
3532 792 3822 846 Dominus
3841 792 3927 847 in-

2203 875 2387 947 telligi
2427 876 2882 945 fornicationem,
2931 882 3167 949 propter
3206 894 3379 950 quam
3408 880 3575 935 liceat
3618 879 3925 935 dimittere

2204 980 2442 1019 uxorem
2469 983 2482 1033 ;
2508 970 2704 1019 utrum
2740 981 2867 1020 eam
2905 982 3035 1037 quia
3061 966 3369 1022 damnatur
3395 967 3456 1023 in
3484 968 3720 1040 stupris,
3755 985 3834 1023 an
3857 969 3927 1023 il-

2202 1052 2319 1107 lam
2346 1053 2415 1107 de
2445 1069 2560 1124 qua
2612 1053 2840 1120 dicitur,
2870 1054 3172 1110 Perdidisti
3211 1070 3416 1111 omnem
3463 1060 3562 1127 qui
3597 1059 3925 1125 fornicatur

2203 1143 2299 1196 abs
2313 1147 2361 1196 te
2390 1142 2555 1212 (Psal.
2578 1159 2746 1208 Lxxn,
2773 1143 2880 1213 27),
2908 1142 2967 1197 in
2997 1160 3113 1214 qua
3141 1143 3341 1215 utique
3371 1149 3429 1199 et
3452 1145 3563 1200 ista
3586 1150 3671 1199 est
3702 1148 3920 1218 (neque

2203 1230 2358 1284 enim
2388 1246 2503 1285 non
2532 1230 2844 1286 fornicatur
2895 1247 2929 1286 a
2958 1232 3221 1300 Domino,
3268 1233 3369 1304 qui
3398 1233 3604 1288 tollens
3644 1235 3921 1290 membra

2202 1319 2430 1386 Christi,
2462 1320 2595 1374 facit
2644 1336 2710 1374 ea
2757 1320 3019 1376 membra
3058 1321 3425 1394 meretricis);
3490 1322 3668 1378 etiam
3729 1328 3913 1395 atque

2201 1407 2372 1461 etiam
2397 1407 2764 1478 cogitandum
2797 1412 2881 1462 est
2927 1413 3099 1480 atque
3137 1408 3574 1481 requirendum.
3617 1412 3733 1466 Nec
3772 1413 3909 1466 volo

2198 1494 2260 1549 in
2284 1512 2346 1550 re
2370 1500 2527 1550 tanta
2552 1501 2786 1567 tamque
2813 1497 2886 1552 ad
2925 1497 3380 1569 dignoscendum
3424 1499 3645 1554 difﬁcili
3691 1505 3915 1570 putare

2200 1584 2491 1651 lectorem,
2536 1584 2706 1639 istam
2745 1584 2854 1639 sibi
2886 1592 3157 1645 ,nostram
3206 1587 3655 1659 disputationem
3696 1589 3915 1645 debere

2198 1671 2495 1727 sufﬁcere:
2531 1672 2625 1727 sed
2664 1674 2817 1743 legat
2846 1678 2901 1727 et
2930 1674 3059 1740 alia,
3109 1674 3224 1729 sive
3273 1678 3470 1729 nostra
3530 1691 3656 1746 quae
3704 1681 3915 1745 postea

2196 1760 2403 1832 scripta
2431 1765 2581 1828 sunt,
2615 1760 2730 1816 sive
2768 1761 3011 1817 aliorum
3058 1762 3264 1816 melius
3310 1763 3673 1819 considerata
3721 1769 3910 1837 atque

2196 1853 2472 1919 tractata;
2503 1850 2589 1903 vel
2611 1849 2732 1920 ipse
2762 1849 2810 1904 si
2830 1855 3034 1921 potest,
3065 1867 3130 1905 ea
3159 1867 3289 1921 qua!
3318 1851 3410 1906 hic
3440 1851 3645 1906 merito
3672 1868 3915 1909 movere

2197 1941 2457 2008 possunt,
2499 1936 2860 2008 vigilantiore
2887 1943 3061 2009 atque
3090 1938 3539 2010 intelligentiore
3570 1946 3766 1996 mente
3798 1941 3916 1997 dis-

2197 2025 2392 2080 cutiat.
2421 2026 2543 2080 Non
2573 2026 2709 2097 quia
2738 2042 2908 2081 omne
2937 2028 3559 2098 peccatumfornicatio
3609 2033 3695 2083 est
3721 2049 3738 2096 ;
3802 2046 3912 2085 ne-

2195 2131 2308 2186 que
2342 2113 2498 2169 enim
2527 2131 2755 2170 omnem
2777 2121 3106 2187 peccantem
3141 2117 3289 2171 Deus
3318 2118 3532 2188 perdit,
3576 2117 3677 2189 qui
3707 2120 3912 2189 quoti-

2197 2203 2289 2258 die
2315 2208 2536 2258 sanctos
2564 2220 2696 2259 suos
2722 2204 2969 2272 exaudit,
2995 2205 3267 2271 dicentes,
3295 2208 3518 2260 Dimitte
3543 2206 3697 2262 nobis
3717 2206 3914 2262 debita

2194 2304 2383 2347 nostra
2396 2291 2704 2360 (Matth.vi,
2727 2294 2829 2363 l2):
2848 2309 2980 2348 cum
3002 2293 3207 2363 perdat
3226 2309 3456 2348 omnem
3472 2292 3912 2365 quifornicatur

2196 2381 2267 2435 ab
2279 2397 2363 2435 eo.
2378 2381 2484 2436 Sed
2500 2384 2781 2452 quatenus
2792 2380 3167 2454 intelligenda
3181 2386 3351 2453 atque
3365 2381 3665 2438 limitanda
3694 2384 3771 2437 sit
3782 2384 3910 2439 haec

2195 2469 2515 2536 fornicatio,
2535 2474 2794 2524 etutrum
2815 2470 2984 2524 etiam
3000 2475 3235 2542 propter
3246 2471 3394 2525 hanc
3414 2470 3583 2526 liceat
3605 2470 3908 2528 dimittere

2194 2574 2452 2624 uxorem,
2506 2558 2950 2614 latebrosissima
3005 2559 3247 2631 quaestio
3301 2563 3403 2614 est.
3463 2560 3653 2615 Licere
3704 2564 3908 2617 tamen

2194 2651 2431 2717 propter
2459 2646 2626 2701 istam
2649 2663 2778 2718 quas
2808 2647 2868 2701 in
2900 2648 3110 2718 stupris
3135 2647 3534 2717 committitur,
3555 2649 3716 2704 nulla
3746 2667 3913 2721 qua:-

2195 2734 2302 2790 stio
2335 2740 2435 2789 est.
2472 2736 2536 2789 Et
2564 2735 2665 2789 ubi
2696 2734 2811 2789 dixi
2840 2735 2946 2790 hoc
2967 2735 3308 2806 permissum
3337 2751 3477 2800 esse,
3510 2752 3624 2791 non
3644 2737 3907 2807 jussum,

2192 2839 2311 2878 non
2350 2823 2565 2878 attendi
2604 2822 2775 2878 aliam
2831 2824 3184 2894 Scripturam
3223 2823 3542 2879 dicentem:
3603 2826 3714 2890 Qui
3762 2831 3911 2882 tenet

2193 2912 2522 2981 adulteram,
2552 2912 2749 2967 stultus
2778 2917 2830 2967 et
2860 2915 3061 2983 impius
3079 2919 3157 2968 est
3187 2914 3366 2983 (Prov.
3411 2931 3566 2982 xvm,
3616 2916 3731 2987 22).
3789 2920 3910 2973 Nec

2193 3017 2328 3055 sane
2355 3001 2679 3055 adulteram
2708 3001 2949 3057 dixerim
2972 3002 3146 3058 fuisse
3172 3003 3560 3075 deputandam
3586 3004 3747 3059 illam
3778 3022 3911 3061 mu-

2193 3092 2411 3157 lierem,
2445 3090 2620 3145 etiam
2647 3093 3025 3161 posteaquam
3054 3091 3270 3147 audivit
3300 3108 3334 3146 a
3365 3092 3626 3158 Domino,
3668 3095 3778 3149 Nec
3810 3107 3910 3159 ego

2191 3186 2241 3235 te
2288 3179 2591 3234 damnabo:
2637 3180 2797 3248 vade,
2854 3179 3101 3250 deinceps
3136 3180 3282 3249 jam.
3318 3183 3435 3236 noti
3464 3196 3692 3251 peccare
3720 3181 3904 3252 (Joan.

2191 3285 2309 3338 vm,
2342 3271 2449 3335 11),
2482 3267 2529 3321 si
2558 3268 2666 3322 hoc
2694 3267 3027 3322 obedienter
3055 3269 3294 3324 audivit.

2261 3362 2314 3412 7.
2352 3358 2495 3411 Loco
2529 3355 2641 3410 alio
2673 3360 2966 3427 peccatum
2998 3356 3189 3411 fratris
3217 3358 3286 3412 ad
3327 3361 3591 3421 mortem,
3652 3358 3723 3412 de
3780 3374 3903 3430 quo

2191 3444 2329 3500 dicit
2356 3446 2603 3500 Joannes
2631 3444 2941 3516 apostolus,
2975 3447 3095 3503 Non
3117 3460 3217 3515 pro
3245 3447 3338 3501 illo
3367 3447 3486 3501 dico
3514 3451 3575 3500 ut
3592 3451 3745 3514 roget
3773 3450 3903 3514 quis

2192 3534 2238 3601 (Ι
2285 3537 2441 3589 Joan.
2488 3551 2543 3603 ν,
2588 3536 2694 3603 16),
2753 3533 2833 3587 ita
2890 3533 3124 3588 deﬁnivi
3157 3539 3221 3588 ut
3277 3534 3560 3589 dicerem:
3603 3536 3902 3590 Peccatum

2188 3623 2388 3689 fratris
2419 3621 2492 3675 ad
2516 3626 2738 3676 mortem
2762 3626 2895 3691 puto
2916 3636 3026 3676 esse
3041 3637 3161 3677 cum
3175 3628 3301 3692 post
3318 3625 3650 3692 agnitionem
3674 3625 3774 3677 Dei
3795 3640 3902 3693 per

2188 3711 2427 3776 gratiam
2465 3711 2684 3764 Domini
2709 3712 2885 3765 nostri
2913 3714 3039 3766 Iesu
3081 3711 3287 3767 Christi
3337 3714 3567 3780 quisque
3610 3717 3903 3781 oppugnat

2168 3794 2614 3867 fraternitatem,
2633 3805 2681 3854 et
2700 3799 2959 3854 adversus
2989 3804 3166 3870 ipsam
3185 3803 3425 3870 gratiam
3454 3817 3565 3870 qua
3586 3803 3902 3856 reconcilia-

2190 3893 2274 3942 tus
2304 3893 2384 3943 est
2411 3890 2537 3955 Deo,
2572 3888 2884 3943 invidentia:
2911 3889 3126 3956 facibus
3151 3892 3398 3957 agitatur
3428 3890 3566 3959 (Lib.
3604 3894 3654 3957 1,
3704 3907 3753 3944 c.
3798 3894 3900 3955 22,

2160 3992 2242 4032 .n.
2272 3975 2384 4047 73).
2444 3976 2605 4040 Quod
2653 3976 2888 4047 quidem
2933 3993 3047 4032 non
3087 3977 3440 4046 conﬁrmavi,
3474 3979 3755 4049 quoniam
3787 3980 3903 4034 hoc

2186 4067 2391 4133 putare
2438 4080 2530 4118 me
2565 4064 2713 4120 dixi:
2750 4065 2846 4120 sed
2878 4070 3072 4120 tamen
3101 4064 3427 4121 addendum
3458 4066 3584 4134 fuit,
3618 4067 3666 4120 si
3694 4067 3759 4121 in
3788 4067 3902 4123 hac

2185 4158 2302 4207 tam
2331 4154 2604 4208 scelerata
2630 4154 2840 4208 mentis
2864 4154 3236 4225 perversitate
3266 4155 3487 4211 ﬁnierit
3512 4155 3661 4211 hanc
3688 4156 3899 4212 vitam:

2186 4240 2464 4312 quoniam
2488 4241 2559 4295 de
2581 4257 2949 4313 quocumque
2962 4241 3211 4313 pessimo
3228 4242 3289 4298 in
3308 4244 3417 4299 hac
3446 4244 3560 4299 vita
3579 4243 3900 4299 constituto

2183 4345 2301 4383 non
2331 4333 2416 4383 est
2438 4329 2641 4400 utique
2655 4329 3101 4400 desperandum,
3133 4347 3237 4385 nec
3262 4347 3366 4402 pro
3379 4332 3477 4387 illo
3494 4332 3903 4404 imprudenter

2140 4414 2143 4415 ⁷
2184 4422 2400 4485 oratur,
2431 4418 2500 4473 de
2531 4434 2645 4490 quo
2671 4434 2791 4473 non
2830 4419 3185 4491 desperatur.

2252 4510 2305 4562 8.
2356 4508 2420 4561 In
2467 4507 2714 4562 secundo
2761 4507 2900 4562 item
2943 4508 3139 4563 libro:
3191 4510 3364 4577 Nulli,
3403 4511 3648 4579 inquam,
3706 4510 3901 4564 licebit

2181 4597 2434 4663 ignorare
2470 4597 2567 4649 Dei
2602 4610 2847 4666 regnum,
2897 4612 3017 4651 cum
3045 4599 3161 4666 ejus
3208 4600 3531 4664 Unigenitus
3577 4613 3683 4652 non
3713 4599 3898 4653 solum

2179 4683 2617 4751 intelligibiliter,
2647 4684 2741 4738 sed
2765 4687 2928 4739 etiam
2957 4685 3255 4742 visibititer
3283 4691 3339 4740 in
3374 4687 3584 4741 homine
3609 4689 3898 4741 Dominico

2179 4772 2244 4827 de
2286 4773 2409 4827 coelo
2447 4775 2670 4843 venerit,
2706 4773 3060 4843 judicaturus
3091 4776 3240 4829 vivos
3270 4779 3321 4829 et
3366 4780 3602 4830 mortuos
3649 4775 3803 4845 (Lib.
3832 4779 3895 4841 2,

2179 4876 2225 4915 c.
2258 4863 2310 4925 6,
2343 4877 2380 4915 n
2407 4861 2517 4933 20).
2550 4861 2655 4916 Sed
2688 4877 2810 4917 non
2843 4862 3007 4917 video
3031 4867 3229 4917 utrum
3259 4868 3410 4918 recte
3450 4863 3672 4918 dicatur
3708 4864 3896 4919 homo

2180 4949 2507 5005 Dominicus
2537 4950 2636 5022 qui
2663 4955 2750 5005 est
2786 4950 3069 5007 mediator
3098 4952 3200 5007 Dei
3238 4957 3297 5007 et
3339 4952 3662 5019 hominum,
3708 4952 3895 5008 homo

2179 5038 2431 5094 Christus
2484 5040 2664 5104 Iesus,
2698 5056 2828 5093 cum
2859 5040 2932 5095 sit
2959 5040 3156 5111 utique
3198 5040 3507 5096 Dominus:
3562 5040 3898 5096 dominicus

2177 5131 2372 5181 autem
2422 5127 2596 5181 homo
2628 5126 2756 5198 quis
2786 5128 2847 5182 in
2897 5128 3022 5200 ejus
3053 5134 3246 5185 sancta
3296 5130 3516 5184 familia
3554 5145 3672 5184 non
3700 5134 3902 5201 potest

2178 5214 2291 5270 dici
2310 5217 2340 5269 ‘2
2370 5216 2436 5269 Et
2462 5215 2569 5269 hoc
2600 5215 2833 5286 quidem
2859 5221 2926 5271 ut
2952 5216 3220 5287 dicerem,
3255 5218 3404 5289 apud
3457 5217 3745 5289 quosdam
3777 5218 3903 5290 legi

2175 5307 2512 5359 tractatores
2543 5303 2849 5359 catholicos
2878 5305 3205 5362 divinorum
3252 5306 3614 5378 eloquiorum
3652 5305 3750 5377 (a).
3785 5307 3902 5362 Sed

2173 5392 2644 5463 ubicumquehoc
2668 5393 2805 5463 dixi,
2830 5394 3038 5450 dixisse
3068 5412 3159 5452 me
3182 5396 3419 5467 nollem.
3444 5396 3647 5449 Postea
3670 5394 3901 5469 quippe

2239 5542 2310 5607 (α)
2339 5542 3134 5607 ξοςιᾳεεθμεῳιιάᾈὼιωαεὶυω,
3157 5546 3212 5593 in
3245 5543 3583 5607 Expositione
3613 5544 3765 5594 Fidei
3796 5560 3812 5605 ;
3844 5548 3906 5595 et

2174 5604 2315 5666 apud
2341 5604 2716 5667 Epiphaniam,
2746 5605 2802 5655 in
2830 5606 3112 5657 Ancorato.
