4062 6352
99 329 216 382 6ίῖ

99 447 233 504 vidi
271 461 390 504 non
410 461 532 503 esse
558 445 886 513 dicendum,
910 443 1168 516 quamvis
1188 458 1309 500 non
1338 442 1494 499 nulla
1511 443 1693 515 possit
1732 459 1825 499 ra-

102 537 279 592 tione
308 535 562 592 defendi.
594 536 742 590 Item
771 533 925 606 quod
970 532 1107 600 dixi,
1149 531 1367 590 Nullius
1396 535 1534 588 enim
1561 535 1676 600 fere
1704 549 1828 588 con-

100 627 346 681 scientia
367 628 530 680 Deum
557 627 730 694 potest
757 622 930 678 odisse
955 620 1104 692 (Lib.
1130 624 1185 688 2,
1216 636 1262 676 c.
1296 623 1380 688 14,
1401 637 1456 676 n.
1481 622 1593 692 48),
1616 637 1728 676 non
1751 620 1829 674 vi-

107 719 231 770 deo
267 714 441 770 fuisse
500 712 829 768 dicendum.
887 708 1046 765 Multi
1096 707 1250 763 enim
1309 711 1444 761 sunt
1495 706 1565 760 de
1620 704 1828 776 quibus

105 803 404 873 scriptum
453 804 579 856 est:
615 800 886 869 Superbia
931 813 1110 854 eorum
1157 798 1254 866 qui
1299 795 1526 852 oderunt
1574 798 1623 848 te
1649 793 1818 863 (Psal.

111 907 315 957 mm,
343 892 458 958 23).

191 983 250 1034 9.
286 977 412 1033 Alio
439 977 565 1032 loco
619 977 679 1031 in
719 991 786 1030 eo
818 975 966 1047 quod
1007 973 1142 1041 dixi,
1171 973 1246 1029 0b
1274 973 1368 1027 hoc
1400 972 1609 1026 dixisse
1650 971 1831 1025 Domi-

107 1083 276 1135 num,
306 1088 329 1117 ι
350 1065 571 1135 Sufﬁcit
590 1064 700 1119 dici
715 1065 930 1118 malitia
954 1079 1056 1117 sua
1084 1081 1112 1115 io
1137 1062 1348 1132 (Matth.
1374 1077 1452 1128 vx,
1474 1062 1581 1124 34).
1603 1060 1733 1127 quia
1755 1060 1826 1111 ci-

113 1157 220 1211 bos
247 1169 454 1210 sumere
482 1153 693 1222 urgebit
722 1155 844 1223 ipsa
871 1154 1180 1220 necessitas,
1213 1165 1376 1220 quam
1399 1152 1689 1219 propterea
1716 1161 1829 1200 ma-

112 1245 310 1299 litiam
337 1244 671 1298 nominatam
696 1242 934 1296 arbitror
961 1243 1092 1310 quia
1106 1240 1335 1310 poenalis
1356 1238 1509 1292 nobis
1533 1241 1639 1303 est;
1650 1237 1826 1306 perti-

109 1337 214 1387 net
243 1334 384 1387 enim
411 1331 486 1386 ad
513 1331 655 1386 hanc
673 1331 1039 1400 fragilitatem
1064 1344 1226 1399 quam
1240 1326 1506 1399 peccando
1534 1327 1826 1380 meruimus

115 1421 276 1489 (Lib.
305 1423 360 1487 2,
393 1435 444 1474 c.
488 1423 574 1486 l7,
604 1434 659 1474 η.
696 1420 804 1486 56),
835 1434 953 1474 non
994 1417 1211 1473 attendi
1241 1416 1412 1471 etiam
1461 1413 1667 1486 primis
1718 1413 1823 1466 ho-

113 1508 383 1564 minibus
438 1507 570 1562 data
612 1507 786 1562 fuisse
834 1506 896 1561 in
937 1505 1204 1577 paradiso
1243 1503 1497 1576 corporis
1532 1502 1823 1567 alimenta,

116 1599 441 1666 antequam
472 1591 641 1648 istam
671 1592 868 1646 mortis
897 1607 1125 1663 poenam
1145 1589 1432 1662 peccando
1461 1587 1824 1644 meruissent.

111 1683 214 1738 Sic
256 1681 414 1738 enim
439 1685 602 1735 erant
628 1680 980 1736 immortales
1008 1679 1067 1734 in
1096 1693 1330 1749 corpore
1361 1677 1624 1732 nondum
1657 1674 1825 1746 spiri-

117 1770 297 1834 tuali,
326 1769 424 1824 sed
440 1768 698 1834 animali,
722 1772 786 1823 ut
810 1771 1002 1822 tamen
1023 1767 1085 1822 in
1099 1766 1382 1837 ejusmodi
1403 1763 1829 1822 immortalitate

113 1857 524 1930 corporalibus
554 1857 844 1912 alimentis
875 1861 1191 1911 uterentur.
1215 1857 1353 1911 Item
1385 1854 1540 1926 quod
1565 1851 1682 1908 dixi
1703 1852 1825 1922 (ld.,

113 1965 166 2003 c.
205 1950 380 2013 19,11.
415 1946 531 2017 66).
564 1947 735 2013 Quam
754 1945 863 2000 sibi
898 1947 1034 1999 Deus
1059 1945 1217 2011 elegit
1241 1964 1268 1992 ‹‹
1307 1944 1596 2012 gloriosam
1645 1940 1832 1996 Eccle-

112 2041 290 2104 siam,
326 2051 433 2090 non
461 2034 739 2089 habentem
784 2034 1053 2088 maculam
1093 2048 1262 2101 neque
1310 2046 1506 2099 rugam
1538 2048 1566 2080 ι)
1599 2027 1821 2098 (Ephes.

117 2143 178 2191 v,
209 2124 331 2194 ‘27),
364 2139 480 2179 non
508 2122 639 2178 ideo
668 2121 805 2188 dixi,
837 2121 974 2193 quia
1032 2137 1184 2176 nunc
1230 2135 1296 2176 ex
1341 2117 1500 2174 omni
1526 2120 1687 2189 parte
1708 2115 1828 2187 jam

119 2215 262 2270 talis
291 2217 409 2281 est;
441 2211 700 2284 quamvis
728 2210 798 2266 ad
831 2211 938 2266 hoc
967 2211 1145 2266 electa
1190 2226 1312 2264 non
1351 2208 1728 2272 dubitaretur,
1772 2209 1835 2260 ut

119 2303 261 2358 talis
291 2302 366 2356 sit
401 2301 628 2373 quando
678 2299 932 2356 Christus
978 2297 1309 2370 apparuerit
1353 2296 1469 2351 vita
1497 2297 1620 2367 ejus
1650 2311 1664 2349 :
1699 2298 1834 2348 tunc

120 2391 290 2446 enim
315 2395 371 2445 et
421 2389 545 2460 ipsa
573 2404 704 2443 cum
762 2388 859 2442 illo
919 2385 1216 2459 apparebit
1258 2385 1321 2440 in
1349 2383 1564 2457 gloria;
1597 2386 1835 2454 propter

121 2494 314 2552 quam
344 2477 587 2550 gloriam
617 2477 766 2532 dicta
795 2480 880 2531 est
921 2476 1165 2532 Ecclesia
1193 2473 1460 2546 gloriosa.
1493 2473 1636 2527 Item
1680 2470 1834 2542 quod

123 2567 416 2623 Dominus
443 2565 541 2633 ait,
594 2567 784 2630 Petite,
819 2569 868 2620 et
897 2566 1171 2634 accipietis
1196 2580 1210 2630 ;
1243 2563 1486 2632 quaerite,
1515 2564 1565 2614 et
1595 2561 1834 2614 invenie-

122 2658 243 2724 tis;
266 2656 506 2725 pulsate,
554 2658 604 2708 et
640 2655 915 2723 aperietur
951 2653 1122 2717 vobis,
1171 2665 1407 2721 operose
1438 2648 1673 2721 quidem
1720 2647 1831 2701 tria

121 2745 239 2798 ista
261 2743 405 2815 quid
429 2742 578 2797 inter
597 2758 656 2796 se
682 2741 948 2796 differant
970 2739 1370 2812 exponendum
1384 2737 1579 2810 putavi
1601 2736 1750 2806 (Lib.
1779 2739 1834 2802 2,

122 2848 176 2886 c.
217 2833 311 2899 2i)
337 2847 351 2898 ;
384 2829 664 2900 scdlonge
676 2829 880 2884 melius
901 2829 973 2884 ad
997 2827 1471 2883 instantissimam
1499 2825 1838 2898 petitionem

130 2917 341 2974 omnia
368 2917 720 2973 referuntur.
780 2917 895 2971 Hoc
941 2915 1155 2986 quippe
1188 2913 1455 2979 ostendit,
1504 2911 1606 2968 ubi
1635 2911 1838 2967 eodem

124 3007 315 3061 verbo
365 3009 572 3060 cuncta
614 3002 890 3058 conclusit
937 3001 1131 3057 dicens
1163 3017 1177 3056 :
1208 3004 1420 3072 Quanto
1457 3002 1632 3070 magis
1679 3001 1842 3054 Pater

123 3099 311 3150 vester
339 3095 436 3162 qui
463 3095 521 3147 in
549 3093 690 3148 cmlis
720 3095 818 3158 est,
846 3090 1002 3145 dabit
1031 3090 1167 3145 bona
1188 3089 1493 3160 petentibus
1521 3103 1577 3144 se
1607 3087 1829 3158 (Matth.

130 3199 230 3250 vn,
268 3186 329 3249 ’7,
357 3182 440 3242 11)
463 3179 491 3234 τ
519 3195 640 3235 non
668 3178 822 3234 enim
872 3177 1032 3243 dixit,
1063 3177 1412 3248 petentibus.
1443 3181 1500 3232 et
1527 3174 1838 3247 quaerenti-

127 3272 265 3337 bus,
301 3273 356 3324 et
383 3267 761 3339 pulsantibus.
805 3268 921 3322 Hoc
950 3282 1096 3338 opus
1151 3266 1231 3320 sic
1260 3265 1462 3337 incipit
1493 3282 1506 3320 :
1539 3266 1841 3322 Sermonem

133 3375 302 3428 quem
328 3359 532 3414 locutus
561 3363 638 3414 est
666 3357 951 3412 Dominus.

807 3444 1030 3500 CAPUT
1070 3444 1174 3498 XX.

515 3533 763 3588 Psalmus
791 3537 980 3586 contra
1005 3536 1217 3600 partem
1242 3533 1462 3585 Donati.

212 3623 425 3678 Volens
454 3622 628 3677 etiam
657 3635 888 3675 causam
935 3618 1356 3674 Donatistarum
1400 3617 1473 3671 ad
1525 3613 1706 3686 ipsius
1733 3610 1844 3666 hu-

132 3710 375 3767 millimi
392 3709 546 3780 vulgi
571 3713 627 3764 et
645 3709 881 3763 omnino
903 3707 1302 3778 imperitorum
1323 3710 1495 3776 atque
1537 3703 1844 3758 idiotarum

134 3799 409 3854 notitiam
435 3798 752 3870 pervenire,
785 3802 840 3852 et
864 3812 1066 3852 eorum
1082 3800 1362 3867 quantum
1381 3793 1505 3848 ﬁeri
1532 3795 1726 3863 posset
1743 3805 1844 3862 per

136 3905 248 3943 nos
279 3886 566 3941 inhaerere
590 3884 908 3951 memorias,
941 3884 1232 3938 Psalmum
1262 3881 1361 3953 qui
1391 3880 1470 3935 eis
1499 3882 1844 3943 cantaretur,

135 3988 246 4044 per
277 3972 488 4026 latinas
511 3970 732 4025 litteras
759 3969 868 4024 feci
901 3985 914 4022 :
949 3967 1044 4022 sed
1074 3982 1256 4038 usque
1287 3965 1358 4019 ad
1384 3965 1426 4017 V
1454 3963 1725 4018 litteram.
1748 3963 1847 4014 Ta-

137 4064 222 4114 les
252 4064 452 4113 autem
494 4056 859 4112 abecedarios
910 4055 1217 4126 appellant.
1271 4054 1407 4107 Tres
1452 4065 1586 4105 vero
1619 4048 1847 4103 ultimas

137 4145 318 4202 omisi
336 4162 351 4212 ;
367 4145 464 4200 sed
477 4160 579 4216 pro
603 4144 686 4200 eis
699 4143 1073 4198 novissimum
1090 4139 1252 4213 quasi
1271 4139 1564 4210 epilogum
1587 4137 1654 4192 ad
1655 4135 1840 4208 junxi,

136 4242 424 4306 tanquam
447 4249 545 4288 eos
571 4236 752 4287 mater
771 4231 1156 4302 alloqueretur
1181 4227 1440 4284 Ecclesia.
1462 4225 1848 4297 Hypopsalma

139 4323 322 4378 etiam
355 4321 508 4393 quod
537 4319 998 4390 responderetur,
1023 4323 1079 4372 et
1106 4316 1451 4389 prooemium
1472 4329 1677 4382 causai,
1694 4312 1847 4384 quod

143 4411 525 4467 nihilominus
543 4413 884 4475 cantaretur,
908 4424 1021 4462 non
1035 4411 1168 4461 sunt
1186 4405 1245 4460 in
1271 4405 1470 4459 ordine
1491 4403 1806 4458 litterarum
1833 4416 1847 4454 :

145 4515 353 4555 earum
383 4498 598 4570 quippe
627 4497 767 4552 ordo
797 4495 998 4566 incipit
1024 4499 1154 4566 post
1180 4491 1551 4566 prommium.
1577 4491 1712 4546 Ideo
1741 4506 1850 4543 au-

147 4593 266 4642 tem
295 4603 415 4642 non
447 4587 639 4657 aliquo
667 4584 938 4640 carminis
967 4598 1179 4655 genere
1207 4581 1264 4636 id
1293 4580 1417 4636 ﬁeri
1446 4579 1624 4646 volui,
1656 4593 1726 4632 ne
1755 4593 1849 4632 me

145 4673 459 4729 necessitas
488 4673 723 4728 metrica
752 4672 822 4726 ad
851 4671 1043 4742 aliqua
1084 4669 1256 4724 verba
1285 4685 1413 4740 qua:
1459 4668 1628 4738 vulgo
1657 4666 1849 4720 minus

148 4766 286 4817 sunt
311 4761 519 4816 usitata
568 4761 952 4831 compelleret.
1011 4760 1126 4812 Iste
1168 4757 1426 4812 Psalmus
1475 4755 1554 4808 sic
1599 4753 1846 4824 incipit:

148 4850 345 4904 Omnes
375 4851 472 4918 qui
493 4849 743 4916 gaudetis
768 4848 834 4903 de
846 4863 1002 4918 pace,
1030 4847 1184 4903 modo
1198 4861 1381 4902 verum
1385 4845 1633 4915 judicate
1657 4858 1670 4908 ;
1696 4841 1851 4913 quod

149 4939 275 5009 ejus
304 4936 681 5009 hypopsalma
709 4938 811 4991 est.

815 5024 1040 5080 CAPUT
1070 5023 1200 5078 XXI.

259 5113 461 5169 Contra
488 5111 790 5180 Epistolam
812 5113 1014 5166 Donati
1041 5111 1296 5178 lmetici,
1328 5109 1462 5165 liber
1483 5123 1643 5164 unus.
1676 5137 1745 5149 —

809 5197 953 5271 [Non
979 5199 1202 5270 exstat.]

229 5292 280 5343 t.
316 5288 550 5344 Librum
579 5287 755 5343 etiam
783 5292 980 5343 contra
1011 5288 1319 5360 Epistolam
1347 5284 1572 5352 Donati,
1595 5284 1694 5356 qui
1721 5298 1851 5354 par-

158 5374 230 5428 tis
269 5375 474 5430 Donati
518 5375 800 5430 secundus
836 5379 968 5446 post
1007 5374 1344 5447 Majorinum
1373 5373 1672 5444 episcopus
1700 5369 1855 5441 apud

163 5461 570 5535 Carthaginem
625 5463 754 5531 fuit,
809 5464 1009 5519 eodem
1053 5462 1392 5534 presbyterii
1439 5461 1553 5516 mei
1597 5465 1855 5530 tempore

163 5549 400 5622 scripsi;
431 5552 492 5608 in
521 5568 636 5624 qua
665 5551 907 5624 epistola
935 5551 1032 5606 ille
1062 5551 1198 5624 agit,
1236 5554 1302 5607 ut
1329 5565 1446 5606 non
1491 5549 1602 5604 nisi
1631 5548 1690 5603 in
1733 5547 1858 5619 ejus

516 5642 792 5709 PATBOL.
843 5641 1093 5762 XXXII.

1605 320 1818 379 LIBER
1883 320 2165 377 PRIMUS.

3523 333 3624 385 618

1937 443 2341 500 communione
2369 445 2653 516 baptisma
2681 447 2886 502 Christi
2916 465 3036 503 esse
3062 451 3326 506 credatur
3355 469 3368 508 :
3403 453 3492 508 cui
3522 471 3626 510 nos

1936 534 2375 589 contradicimus
2405 535 2464 588 in
2487 535 2592 596 hoc
2629 535 2772 589 libro
2803 535 2842 592 ¹.
2880 537 3003 591 Dixi
3035 539 3366 610 infquodam
3396 542 3517 597 loco
3556 546 3624 598 de

1938 624 2190 694 apostolo
2221 625 2404 687 Petro,
2439 625 2591 694 quod
2618 623 2677 677 in
2699 624 2794 678 illo
2818 629 3090 696 tanquam
3121 627 3180 704 in
3209 633 3367 698 petra
3392 630 3626 686 fundata

1937 713 2008 766 sit
2033 711 2308 780 Ecclesia;
2343 711 2440 782 qui
2471 728 2668 766 sensus
2699 713 2871 767 etiam
2896 719 3154 768 cantatur
3179 732 3275 770 ore
3315 719 3625 773 multorum

1935 799 1997 855 in
2028 801 2282 856 versibus
2304 799 2614 854 beatissimi
2642 802 2946 867 Ambrosii,
2989 804 3085 858 ubi
3117 804 3185 857 de
3215 807 3364 876 gallo
3396 806 3626 878 gallina-

1936 905 2034 944 ceo
2066 889 2144 944 ait
2172 906 2185 944 :
2217 892 2324 944 Hoc
2364 892 2487 959 ipsa
2532 896 2689 959 petra
2733 892 2979 944 Ecclesize
3009 898 3244 959 canente,
3290 895 3505 963 culpam
3535 896 3625 950 di-

1937 980 2060 1033 luit.
2110 979 2218 1033 Sed
2273 978 2386 1033 scio
2432 995 2522 1032 me
2571 983 2767 1049 postea
2811 980 3123 1050 smpissime
3179 981 3256 1035 sic
3303 984 3628 1052 exposuisse

1937 1065 2090 1138 quod
2116 1083 2148 1119 a
2180 1065 2418 1120 Domino
2450 1066 2664 1120 dictum
2689 1072 2792 1133 est,
2830 1069 2906 1121 Tu
2929 1084 2981 1122 es
3001 1071 3209 1135 Petrus,
3233 1074 3282 1122 et
3310 1086 3470 1139 super
3494 1073 3629 1125 hanc

1933 1164 2150 1224 petram
2182 1153 2456 1222 aediﬁcabo
2497 1156 2786 1209 Ecclesium
2815 1171 2985 1209 meam
3011 1169 3024 1224 ;
3057 1160 3123 1209 ut
3151 1173 3321 1228 super
3357 1157 3510 1210 hunc
3540 1157 3627 1210 in-

1935 1243 2290 1313 telligeretur
2319 1257 2490 1313 quem
2522 1241 2811 1296 confessus
2841 1247 2924 1296 est
2967 1245 3195 1298 Petrum
3225 1244 3436 1312 dicens,
3473 1247 3551 1298 Tu
3579 1261 3630 1298 es

1938 1333 2184 1388 Christus
2221 1330 2370 1401 ﬁlius
2415 1332 2513 1384 Dei
2553 1333 2668 1384 vivi
2714 1331 2944 1402 (Matth.
2996 1349 3107 1401 xw,
3166 1335 3249 1399 l8,
3301 1334 3380 1402 l6)
3416 1349 3429 1387 :
3463 1349 3524 1387 ac
3553 1333 3632 1386 sic

1936 1422 2134 1474 Petrus
2163 1419 2233 1474 ab
2257 1420 2361 1473 hac
2389 1423 2550 1490 petra
2593 1419 2907 1491 appellatus
2942 1435 3244 1490 personam
3280 1421 3535 1476 Ecclesiae
3564 1421 3629 1476 ﬁ-

1938 1512 2188 1580 guraret,
2222 1524 2349 1580 quae
2381 1523 2551 1579 super
2579 1507 2722 1562 hanc
2735 1511 2950 1579 petram
2973 1508 3307 1576 aedificatur,
3336 1513 3394 1563 et
3418 1509 3635 1580 accepit

1938 1599 2116 1653 claves
2149 1596 2312 1669 regni
2356 1597 2652 1652 caelorum.
2694 1597 2816 1651 Non
2853 1597 3007 1651 enim
3051 1597 3264 1652 dictum
3295 1601 3381 1651 est
3416 1597 3522 1665 illi,
3551 1599 3630 1653 Tu

1940 1703 1998 1742 es
2028 1690 2223 1758 petra;
2261 1685 2380 1745 sed,
2416 1687 2494 1739 Tu
2533 1699 2585 1739 es
2623 1687 2836 1739 Petrus.
2892 1685 3058 1738 Petra
3101 1688 3293 1738 autem
3322 1688 3442 1737 erat
3473 1685 3632 1738 Chri-

1939 1779 2088 1841 stus;
2119 1789 2289 1845 quem
2319 1773 2606 1827 confessus
2634 1771 2851 1840 Simon,
2885 1772 3028 1824 sicut
3075 1787 3206 1824 eum
3245 1775 3362 1825 tota
3395 1772 3635 1826 Ecclesia

1940 1862 2264 1928 confitetur,
2297 1861 2478 1916 dictus
2533 1865 2617 1914 est
2646 1861 2864 1914 Petrus.
2901 1860 3112 1912 Harum
3164 1865 3353 1913 autem
3384 1859 3627 1913 duarum

1942 1949 2355 2008 sententiarum
2385 1965 2513 2020 quae
2541 1947 2612 2001 sit
2636 1945 3006 2018 probabilior,
3040 1945 3214 2018 eligat
3241 1947 3437 2003 lector.

2013 2043 2064 2093 2.
2100 2039 2221 2093 Alio
2282 2037 2406 2092 loco
2471 2035 2609 2102 dixi,
2675 2036 2892 2091 Nullius
2936 2039 3157 2090 mortem
3211 2038 3348 2090 Deus
3399 2037 3633 2106 quaerit;

1942 2127 2092 2200 quod
2123 2125 2201 2180 sic
2235 2123 2646 2195 accipiendum,
2671 2122 2805 2194 quia
2829 2123 3004 2176 homo
3033 2121 3141 2176 sibi
3167 2123 3466 2194 acquisivit
3488 2140 3637 2178 mor-

1943 2221 2056 2271 tem
2095 2215 2358 2270 deserens
2391 2213 2592 2277 Deum,
2624 2215 2680 2266 et
2718 2211 2960 2282 acquirit
2987 2211 3087 2282 qui
3129 2226 3245 2265 non
3272 2211 3513 2266 recurrit
3569 2210 3638 2266 ad

1943 2307 2143 2369 Deum,
2173 2301 2486 2357 secundum
2513 2300 2667 2371 quod
2690 2299 2965 2370 scriptum
2983 2303 3097 2354 est:
3121 2301 3268 2355 Deus
3291 2305 3511 2354 mortem
3530 2315 3637 2354 non

1941 2395 2074 2461 fecit
2102 2391 2260 2460 (Sap.
2300 2389 2473 2459 1,l3).
2519 2387 2627 2443 Sed
2659 2387 2826 2441 eliam
2870 2387 3012 2442 illud
3056 2403 3173 2441 non
3220 2388 3409 2442 minus
3440 2403 3637 2442 verum

1945 2486 2073 2536 est:
2113 2481 2243 2536 Vita
2288 2482 2338 2532 et
2383 2493 2524 2532 mors
2573 2493 2607 2531 a
2652 2479 2874 2532 Domino
2916 2478 3017 2530 Deo
3048 2480 3125 2530 est
3157 2478 3346 2546 (Eccli.
3405 2494 3480 2543 xi,
3516 2477 3634 2546 ll):

1945 2569 2059 2622 vita
2089 2566 2300 2622 scilicet
2331 2583 2364 2620 a
2393 2567 2664 2633 donante,
2697 2581 2851 2620 mors
2877 2580 2910 2619 a
2935 2564 3281 2621 vindicante.

2017 2660 2068 2712 3.
2101 2657 2239 2711 Item
2282 2655 2436 2728 quod
2467 2655 2582 2710 dixi
2614 2657 2917 2721 Donatum,
2950 2654 3109 2725 cujus
3139 2653 3440 2724 epistolam
3469 2651 3637 2706 refel-

1944 2745 2155 2813 lebam,
2185 2760 2414 2816 rogasse
2443 2747 2508 2798 ut
2537 2745 2852 2814 Imperator
2880 2742 3030 2796 inter
3080 2741 3269 2812 ipsum
3305 2745 3363 2795 et
3391 2740 3642 2794 Caecilia-

1946 2849 2084 2889 num
2109 2831 2522 2888 transmarinos
2538 2831 2832 2902 episcopos
2837 2829 3059 2901 judices
3079 2828 3271 2893 daret;
3298 2825 3642 2896 nonipsum,

1947 2923 2046 2980 sed
2073 2923 2252 2978 alium
2285 2923 2586 2986 Donatum,
2616 2919 2873 2990 ejusdem
2926 2921 3120 2972 tamen
3171 2913 3505 2982 schismatis,
3537 2913 3643 2968 hoc

1947 3011 2141 3068 fecisse
2169 3009 2522 3082 probabilius
2551 3006 2859 3062 invenitur.
2891 3006 2990 3060 Ille
3011 3007 3202 3060 autem
3222 3019 3341 3058 non
3366 3005 3488 3058 erat
3512 3001 3644 3056 Car-

1950 3097 2304 3171 thaginensis
2337 3096 2757 3152 Donatistarum
2801 3093 3118 3166 episcopus,
3173 3091 3273 3147 sed
3301 3107 3333 3146 a
3362 3089 3643 3146 Casis-ni-

1949 3187 2088 3259 gris,
2119 3186 2220 3259 qui
2247 3189 2439 3241 tamen
2467 3184 2688 3255 primus
2717 3181 2871 3253 apud
2898 3179 3302 3251 Carthaginem
3329 3179 3520 3249 ipsum
3550 3194 3646 3232 ne-

1950 3277 2157 3331 farium
2174 3273 2418 3329 schisma
2447 3271 2762 3326 commissit
2789 3271 2884 3342 (a).
2914 3270 3023 3324 Nec
3050 3284 3183 3324 sane
3217 3270 3468 3322 Donatus
3513 3267 3647 3321 Car-

1949 3361 2308 3436 thaginensis
2359 3366 2420 3416 ut
2467 3359 2772 3416 Christiani
2822 3357 3314 3429 rebaptizarentur
3357 3354 3645 3420 instituit;

1953 3452 2106 3526 quod
2135 3467 2242 3522 ego
2282 3467 2415 3506 eum
2467 3447 2775 3503 instituisse
2822 3446 3201 3512 credideram,
3247 3443 3478 3516 quando
3521 3443 3643 3514 ejus

1953 3541 2208 3613 epistola:
2240 3537 2674 3610 respondebam.
2698 3538 2808 3590 Nec
2835 3535 2904 3590 de
2923 3535 3067 3590 libro
3095 3532 3463 3588 Ecclesiastici
3487 3529 3510 3563 ²
3528 3531 3647 3604 ipse

1953 3629 2192 3684 abstulit
2217 3629 2288 3684 de
2313 3626 2501 3682 media
2530 3625 2811 3680 sententia
2842 3624 3015 3678 verba
3041 3623 3111 3677 ad
3156 3638 3276 3677 rem
3310 3621 3643 3687 necessaria,

1957 3719 2054 3773 ubi
2083 3733 2213 3772 cum
2243 3715 2515 3786 scriptum
2546 3713 2636 3776 sit,
2665 3713 2770 3779 Qui
2800 3713 3112 3782 baptizatur
3140 3726 3173 3764 a
3198 3714 3427 3776 mortuo,
3471 3713 3523 3764 et
3550 3709 3648 3763 ite-

1954 3822 2076 3861 rum
2104 3805 2279 3872 tangit
2308 3803 2482 3868 illum,
2515 3800 2650 3871 quid
2691 3801 2907 3870 proﬁcit
2935 3799 3137 3853 lavatio
3167 3798 3284 3866 ejus
3315 3795 3422 3863 (Id.
3460 3811 3647 3859 xxxiv,

1958 3895 2041 3961 30)
2065 3896 2094 3948 ?
2119 3893 2223 3947 iste
2251 3891 2330 3946 sic
2357 3888 2550 3961 posuit
2574 3893 2847 3959 tanquam
2875 3885 3148 3957 scriptum
3197 3887 3360 3952 esset,
3407 3884 3518 3949 Qui
3554 3883 3648 3937 ba-

1953 3993 2203 4062 ptizatur
2232 4005 2265 4043 α
2294 3991 2522 4052 mortuo,
2560 3984 2694 4054 quid
2732 3984 2948 4054 proficit
2977 3982 3178 4036 lavatio
3207 3982 3320 4050 ejus
3343 3983 3371 4033 ?
3415 3981 3525 4034 Nos
3550 3995 3650 4034 au-

1956 4085 2074 4135 tem
2105 4082 2160 4133 et
2190 4081 2496 4147 antequam
2527 4077 2675 4128 esset
2704 4087 2834 4143 pars
2865 4068 3093 4138 Donati,
3144 4067 3224 4123 sic
3269 4067 3533 4123 habuisse
3562 4084 3652 4123 co-

1958 4167 2107 4222 dices
2137 4163 2430 4237 plurimos,
2464 4165 2861 4216 verumtamen
2916 4158 3090 4226 afros,
3119 4159 3201 4211 'ut
3246 4173 3362 4212 non
3407 4161 3555 4211 esset
3594 4154 3655 4210 in

1957 4254 2167 4321 medio,
2190 4257 2240 4307 et
2265 4255 2459 4306 iterum
2487 4250 2664 4317 tangit
2694 4249 2868 4315 illum,
2901 4250 3099 4319 postea
3141 4243 3462 4300 didicimus.
3494 4243 3653 4309 Quod

1959 4344 2004 4397 si
2025 4346 2160 4398 tunc
2189 4339 2440 4406 scissem,
2471 4354 2590 4393 non
2617 4337 2679 4392 in
2716 4336 2885 4391 istum
2924 4339 3199 4406 tanquam
3243 4333 3304 4388 in
3345 4333 3531 4388 furem
3571 4333 3655 4389 di-

1956 4431 2075 4487 vini
2104 4428 2341 4500 eloquii,
2373 4427 2459 4482 vel
2480 4426 2816 4481 violatorem
2849 4427 3008 4478 tanta
3051 4421 3340 4478 dixissem.
3387 4420 3488 4476 Hic
3516 4421 3660 4478 liber

1958 4519 2037 4574 sic
2060 4517 2263 4588 incipit
2291 4532 2305 4572 :
2337 4516 2450 4572 Abs
2480 4519 2528 4570 te
2556 4517 2673 4584 ipso
2693 4517 2955 4584 praesente
2974 4511 3284 4568 audieram.

2593 4609 2820 4664 CAPUT
2853 4607 3012 4664 XXII.

1987 4703 2187 4758 Contra
2224 4700 2582 4756 Adimantum
2623 4695 2912 4752 Manichaei
2931 4695 3281 4764 discipulum,
3312 4691 3447 4748 liber
3473 4706 3636 4750 unus.

2036 4792 2086 4846 l.
2122 4787 2333 4843 Eodem
2351 4791 2608 4856 tempore
2634 4783 2979 4840 veneruntin
3000 4798 3202 4838 manus
3221 4799 3378 4838 meas
3393 4784 3659 4856 quaedam
3680 4800 3683 4803 ·

1962 4875 2375 4948 disputationes
2401 4872 2710 4940 Adimanti,
2759 4871 2860 4944 qui
2883 4871 3070 4928 fuerat
3097 4871 3389 4927 Manichaei
3421 4871 3664 4943 discipu-

2026 4992 2042 5023 ¹
2078 4987 2178 5038 Cui
2199 4999 2292 5037 nos
2322 4985 2737 5036 contradicimus
2769 4985 2828 5034 tn
2859 4981 2953 5032 hoc
2991 4982 3157 5034 libro:
3198 4983 3252 5030 in
3282 4996 3388 5046 quo
3415 4983 3546 5034 dixi.
3579 4981 3661 5032 Sic

1963 5057 2247 5121 legendum
2275 5069 2397 5104 cum
2420 5055 2542 5104 Mss.
2570 5053 2774 5116 Anglic.
2797 5057 2849 5102 et
2876 5053 3078 5116 aliquot
3105 5066 3133 5102 e
3167 5053 3382 5102 nostris.

2024 5129 2046 5163 ³
2075 5128 2192 5176 Mss.
2226 5139 2346 5176 cum
2370 5126 2484 5174 Am.
2513 5129 2566 5174 et
2598 5125 2704 5184 Er.,
2735 5123 2801 5174 de
2827 5123 2965 5174 libro
2991 5123 3282 5186 sapientiae.

2027 5199 2106 5262 (a)
2137 5197 2259 5246 «Hic
2283 5196 2481 5246 scilicet
2525 5194 2589 5244 de
2622 5193 2867 5243 Numidia
2894 5193 3130 5252 veniens,
3155 5210 3182 5238 »
3214 5192 3387 5256 inquit
3415 5189 3662 5262 Augusti-

1964 5261 2135 5327 nus,«
2155 5271 2208 5317 et
2234 5270 2421 5317 contra
2448 5265 2786 5315 Caecilianum
2808 5265 3148 5314 christianam
3169 5263 3408 5312 dividens
3436 5261 3662 5323 plebem.

1967 5358 1993 5382 α
2015 5337 2278 5400 adjunctis
2295 5337 2394 5386 sibi
2405 5334 2641 5399 ejusdem
2653 5334 2897 5384 factionis
2907 5333 3181 5397 episcopis,
3195 5329 3509 5392 Majorinum
3525 5330 3666 5392 apud

1971 5428 1995 5452 ιι
2009 5399 2381 5470 Carthaginem
2403 5403 2669 5454 ordinavit
2699 5404 3022 5468 episcopum.
3046 5402 3139 5470 Cui
3163 5399 3418 5470 Majorino
3431 5400 3668 5470 Donatus

1973 5495 1999 5524 α
2020 5477 2156 5527 alius
2177 5468 2450 5535 successit,
2475 5475 2564 5538 qui
2582 5473 2880 5536 eloquentia
2899 5486 2994 5521 sua
3012 5469 3340 5519 conﬁrmavit
3353 5468 3492 5518 hanc
3506 5469 3670 5518 haere-

1973 5566 1998 5596 ει
2017 5549 2134 5599 sim.
2165 5565 2192 5596 ι)
2221 5547 2298 5598 Ex
2327 5547 2416 5597 lib.
2443 5545 2508 5596 de
2539 5546 2734 5605 Heres,
2759 5543 2822 5592 ad
2859 5538 3304 5598 Quodvultdeum,
3334 5551 3448 5603 cap.
3480 5540 3558 5594 69.

3025 5617 3310 5704 (Vingt.)
