4062 6414
416 317 519 390 eis

409 438 520 500 lus,
553 451 695 509 quas
723 430 1055 504 conscripsit
1090 429 1361 486 adversus
1412 429 1620 498 Legem
1668 432 1725 481 et
1770 426 2101 497 Prophetas.

410 524 568 580 velut
604 520 887 577 contraria
930 519 1010 574 eis
1057 517 1383 589 evangelica
1438 521 1491 570 et
1532 515 1843 595 apostolica
1890 513 2110 583 Scripta

413 612 807 668 demonstrare
836 614 1091 663 conatus.
1127 606 1267 661 Huic
1292 621 1425 675 ergo
1466 604 1759 674 respondi,
1790 602 1961 657 verba
1990 603 2112 671 ejus

412 715 657 772 ponens,
687 697 883 768 eisque
930 694 1176 749 reddens
1214 692 1644 763 responsionem
1690 706 1898 745 meam.
1950 688 2111 752 Quod

415 804 561 860 opus
586 802 703 841 uno
733 783 1023 839 volumine
1043 780 1315 846 conclusi,
1340 784 1395 833 et
1414 780 1474 833 in
1496 796 1561 833 eo
1585 778 1926 849 quibusdam
1953 791 2110 845 quae-

416 875 699 930 stionibus
727 888 845 927 non
875 871 1071 937 semel,
1125 869 1221 923 sed
1250 868 1462 922 iterum
1507 866 1795 937 respondi,
1841 863 2113 935 quoniam

414 963 571 1035 quod
595 961 851 1033 primum
880 958 1286 1030 responderem
1336 956 1603 1026 perierat,
1646 960 1701 1008 et
1740 959 1877 1008 tunc
1915 953 2112 1006 inven-

306 1110 309 1113 γ
414 1057 538 1106 tum
568 1055 672 1117 est,
705 1065 835 1103 cum
856 1048 977 1118 jam
1006 1046 1219 1100 iterum
1238 1044 1674 1114 respondissem.
1714 1041 1949 1111 Aliquas
1979 1056 2113 1094 sane

416 1138 748 1194 earumdem
778 1134 1163 1207 quaestionum
1191 1131 1564 1203 popularibus
1586 1127 1974 1183 ecclesiasticis
2003 1144 2114 1181 ser-

410 1226 680 1283 monibus
707 1223 847 1279 solvi
880 1241 894 1278 :
936 1223 1121 1277 adhuc
1141 1221 1312 1276 etiam
1350 1219 1692 1291 quibusdam
1723 1233 1841 1271 non
1871 1231 2113 1285 respon-

416 1315 515 1383 di;
549 1313 756 1384 aliqute
810 1313 1234 1378 remanserunt,
1274 1324 1403 1379 quae
1443 1307 1612 1360 rebus
1642 1305 1768 1360 aliis
1796 1304 1979 1374 magis
2018 1319 2114 1356 ur-

415 1402 683 1473 gentibus
703 1398 1103 1471 prietermissae
1132 1401 1284 1464 sunt,
1304 1396 1534 1451 cumulo
1552 1409 1783 1466 quoque
1807 1392 2115 1447 oblivionis

416 1491 783 1632 adgliitohoc
812 1590 952 1647 ergo
983 1573 1101 1630 dixi
1129 1590 1142 1628 :
1173 1574 1342 1630 Certis
1384 1572 1526 1626 enim
1556 1569 1882 1640 quibusdam
1907 1569 2114 1622 umbris

413 1670 463 1720 et
489 1666 682 1735 ﬁguris
710 1679 891 1718 rerum
922 1667 1046 1717 ante
1073 1664 1290 1718 Domini
1310 1660 1622 1726 adventum,
1643 1657 1935 1713 secundum
1957 1658 2117 1710 mira-

415 1753 572 1808 bilem
600 1757 762 1820 atque
809 1750 1275 1806 ordinatissimam
1320 1748 1756 1803 distributionem
1797 1751 2112 1815 temporum,

408 1841 644 1912 populus
672 1840 765 1893 ille
794 1838 1075 1893 tenebatur
1123 1840 1221 1906 qui
1251 1839 1646 1891 Testamentum
1681 1838 1844 1890 Vetus
1871 1835 2075 1902 accepit
2100 1849 2113 1899 ;

413 1934 591 1984 tamen
609 1930 667 1982 in
689 1942 746 1982 eo
770 1931 926 1981 tanta
942 1925 1264 1996 praedicatio
1284 1929 1334 1979 et
1349 1925 1745 1993 praenuntiatio
1761 1923 1901 1978 Novi
1928 1923 2109 1973 Testa-

412 2016 579 2071 menti
606 2018 701 2083 est,
742 2018 805 2069 ut
844 2014 998 2068 nulla
1051 2014 1111 2068 in
1146 2013 1453 2079 evangelica
1482 2015 1645 2080 atque
1683 2010 1980 2079 apostolica
2024 2008 2118 2061 do-

413 2106 593 2159 ctrina
613 2103 985 2172 reperiantur,
1019 2101 1267 2169 quamvis
1298 2099 1478 2153 ardua
1502 2103 1552 2152 et
1568 2098 1760 2151 divina
1773 2099 2045 2165 praecepta
2067 2098 2116 2148 et

407 2191 703 2259 promissa,
739 2203 858 2257 quae
907 2189 1019 2242 illis
1049 2189 1213 2242 etiam
1238 2187 1418 2241 Libris
1447 2186 1715 2241 veteribus
1744 2184 1921 2238 desint
1958 2182 2110 2253 (Cap.

417 2281 470 2345 3,
504 2293 563 2333 n.
592 2279 668 2348 4).
700 2276 811 2331 Sed
838 2275 1166 2331 addendum
1196 2278 1338 2337 erat,
1369 2276 1543 2342 Pene,
1574 2278 1745 2344 atque
1785 2273 2111 2338 dicendum,

417 2366 489 2420 Ut
517 2380 666 2436 pene
694 2363 854 2419 nulla
880 2362 941 2417 in
972 2363 1299 2433 evangelica
1327 2366 1500 2434 atque
1529 2361 1838 2433 apostolica
1859 2360 2116 2416 doctrina

413 2453 797 2525 reperiantur,
828 2450 1087 2523 quamvis
1110 2451 1289 2506 ardua
1309 2455 1366 2506 et
1386 2450 1578 2507 divina
1604 2454 1890 2521 praecepta
1908 2454 1966 2504 et
1980 2465 2113 2519 pro-

414 2541 610 2610 missa,
637 2556 767 2611 quae
798 2539 913 2594 illis
946 2538 1120 2594 etiam
1177 2539 1358 2594 Libris
1413 2539 1700 2593 veteribus
1731 2537 1936 2592 desint.
1968 2535 2113 2601 Quid

416 2633 503 2684 est
530 2627 687 2683 enim
715 2627 868 2698 quod
888 2627 949 2681 in
969 2642 1231 2681 sermone
1261 2626 1586 2698 evangelico
1612 2626 1673 2680 in
1696 2629 1890 2681 monte
1921 2624 2114 2679 Domi-

412 2732 525 2772 nus
554 2715 710 2783 dicit,
740 2715 994 2771 Audistis
1014 2717 1147 2784 quia
1164 2716 1366 2770 dictum
1390 2720 1469 2770 est
1488 2716 1729 2783 antiquis
1752 2716 1846 2769 hoc
1868 2730 1881 2781 ;
1909 2728 2000 2780 ego
2021 2729 2115 2768 au-

416 2810 519 2861 tem
547 2804 664 2859 dico
691 2804 841 2858 vobis
892 2803 1108 2875 (Matth.
1142 2820 1197 2870 v,
1229 2804 1315 2875 21)
1343 2820 1356 2870 ;
1410 2803 1456 2857 si
1515 2803 1661 2858 nihil
1710 2803 1834 2874 ipse
1866 2802 2113 2872 amplius

412 2892 686 2964 prtecepit
732 2907 908 2964 quam
954 2895 1309 2963 praeceptum
1356 2891 1526 2947 estin
1556 2891 1667 2945 illis
1698 2890 1984 2945 veteribus
2025 2889 2115 2943 Li-

411 2980 533 3036 bris
552 2983 582 3036 ?
610 2980 825 3036 Deinde
853 2996 1098 3051 regnum
1127 2981 1401 3035 caelorum
1429 2980 1514 3034 illi
1542 2980 1756 3051 populo
1785 2977 1958 3034 fuisse
1979 2994 2114 3049 pro-

412 3069 656 3125 missum
705 3085 822 3125 non
851 3069 1096 3141 legimus
1124 3068 1185 3124 iu
1214 3069 1282 3122 iis
1312 3085 1441 3140 quae
1474 3069 1753 3139 promissa
1800 3072 1935 3121 sunt
1966 3069 2113 3137 Lege

412 3157 545 3213 data
591 3173 697 3229 per
749 3158 981 3227 Moysen
1033 3156 1096 3210 in
1151 3161 1345 3212 monte
1397 3156 1531 3211 Sina
1579 3156 1773 3226 (Emod.
1815 3172 1929 3222 xxx,
1982 3154 2112 3225 3-6),

413 3246 569 3318 quod
595 3245 827 3317 proprie
845 3247 1014 3300 Vetus
1046 3244 1255 3299 dicitur
1282 3246 1709 3298 Testamentum
1735 3260 1747 3297 :
1783 3243 1940 3314 quod
1960 3258 2113 3312 prae-

414 3334 725 3403 ﬁguratum
745 3331 880 3386 dicit
901 3332 1206 3402 Apostolus
1235 3348 1340 3403 per
1366 3331 1632 3386 ancillam
1666 3331 1819 3385 Sara:
1848 3335 1905 3384 et
1926 3330 2113 3385 ﬁlium

413 3421 535 3492 ejus
568 3437 583 3476 :
616 3420 715 3475 sed
740 3423 797 3475 et
819 3420 915 3492 ibi_
926 3420 1237 3491 ﬁguratum
1257 3424 1344 3474 est
1371 3423 1428 3473 et
1448 3420 1667 3473 Novum
1697 3418 1994 3490 peripsam
2016 3418 2113 3473 Sa-

411 3525 540 3564 ram
594 3511 652 3568 et
701 3507 886 3562 ﬁlium
936 3508 1057 3577 ejus
1123 3506 1326 3578 (Galat.
1376 3523 1452 3575 1v,
1506 3509 1715 3577 22-31).
1768 3505 2010 3562 Proinde
2066 3506 2113 3561 si

415 3597 618 3668 figurat
629 3596 1026 3666 discutiantur,
1057 3595 1252 3650 omnia
1266 3594 1699 3666 ibiprophetata
1721 3594 2110 3665 reperiuntur,

416 3702 547 3757 quin
573 3689 709 3740 sunt
748 3687 1113 3755 praesentata,
1145 3683 1233 3738 vel
1281 3688 1677 3752 exspectantur
1704 3683 2114 3754 praesentanda

413 3788 519 3844 per
538 3772 845 3829 Christum.
873 3773 1280 3827 Verumtamen
1298 3776 1531 3844 propter
1542 3772 1804 3844 quaedam
1824 3777 2113 3843 praecepta

412 3877 530 3917 non
557 3861 823 3933 ﬁgurata,
852 3861 950 3916 sed
978 3861 1231 3933 propria,
1275 3876 1406 3932 quas
1438 3877 1553 3915 non
1599 3860 1660 3915 in
1691 3862 1892 3915 Vetere
1920 3862 2111 3915 Testa-

413 3954 632 4017 mento,
664 3950 765 4005 sed
794 3949 857 4004 in
880 3950 1034 4005 Novo
1079 3949 1474 4017 inveniuntur,
1510 3950 1730 4004 cautius
1761 3953 1818 4003 et
1846 3949 2110 4003 modera-

411 4037 526 4093 tius
555 4039 858 4099 diceretur,
887 4040 1039 4092 Pene
1067 4037 1248 4105 nulla,
1281 4054 1455 4109 quam
1487 4038 1645 4091 nulla
1693 4037 1786 4091 hic
1815 4052 1937 4091 esse
1980 4052 2109 4107 quae

412 4142 528 4181 non
557 4124 672 4179 sint
698 4129 755 4180 et
781 4124 926 4179 illic:
960 4125 1218 4195 quamvis
1241 4124 1358 4179 illic
1386 4124 1501 4178 sint
1544 4125 1643 4178 illa
1668 4125 1780 4179 duo
1826 4128 2113 4194 praecepta

412 4213 483 4268 de
509 4211 810 4267 dilectione
840 4210 941 4265 Dei
971 4215 1028 4265 et
1054 4210 1320 4281 proximi,
1354 4226 1467 4281 quo
1489 4210 1801 4264 rectissime
1829 4210 2022 4264 omnia
2053 4216 2112 4265 et

414 4296 673 4370 legitima
698 4302 754 4353 et
780 4298 1118 4369 prophetica
1148 4302 1204 4353 et
1230 4297 1564 4368 evangelica
1590 4302 1646 4352 et
1684 4298 1992 4369 apostolica
2021 4315 2111 4353 re-

414 4386 700 4442 feruntur.

486 4477 537 4529 3.
570 4474 716 4528 Item
756 4470 911 4544 quod
958 4471 1092 4540 dixi,
1126 4472 1319 4528 Tribus
1348 4473 1521 4528 modis
1549 4475 1610 4529 in
1650 4475 1951 4545 Scripturis
1978 4491 2110 4531 san-

414 4563 516 4617 ctis
565 4561 805 4632 ﬁliorum
830 4576 1018 4616 nomen
1047 4564 1316 4631 accipitur
1368 4563 1528 4634 (Cap.
1575 4566 1626 4630 5,
1681 4579 1738 4617 η.
1794 4562 1865 4633 1),
1921 4564 2112 4620 minus

415 4649 768 4705 considerate
807 4649 1023 4704 dictum
1049 4654 1151 4706 est.
1188 4651 1253 4704 Et
1285 4649 1429 4705 alios
1458 4650 1613 4705 enim
1660 4653 1939 4722 quosdam
1980 4670 2102 4708 mo-

413 4737 516 4792 dos
544 4737 667 4792 sine
697 4737 869 4793 dubio
899 4738 1406 4809 praztermisimus;
1438 4738 1585 4794 sicut
1609 4739 1816 4795 dicitur
1841 4741 1993 4796 ﬁlius
2015 4758 2111 4812 ge-

412 4826 621 4881 hennae
678 4827 892 4897 (Matth.
922 4842 1082 4895 xxlu,
1116 4828 1229 4898 15),
1283 4828 1371 4882 vel
1401 4827 1553 4882 ﬁlius
1580 4828 1894 4899 :adoptivus
1938 4831 2105 4900 (Rom.

412 4930 530 4983 vm,
568 4915 649 4981 14,
704 4916 786 4984 15)
809 4915 835 4968 ’τ
879 4930 1007 4986 quin
1061 4916 1261 4986 utique
1306 4931 1411 4970 nec
1457 4917 1772 4972 secundum
1817 4921 2104 4986 naturam,

413 5018 520 5058 nec
538 5002 852 5058 secundum
877 5002 1213 5071 doctrinam,
1252 5019 1357 5059 nec
1385 5006 1701 5060 secundum
1728 5004 2108 5061 imitationem

412 5091 697 5148 dicuntur.
731 5090 985 5155 Quorum
1014 5091 1190 5145 trium
1219 5091 1525 5147 modorum
1561 5100 1830 5165 tanquam
1862 5094 1981 5149 sola
1996 5094 2109 5148 sint

412 5180 676 5251 exempla
702 5178 1092 5246 reddidimus;
1124 5179 1437 5234 secundum
1459 5186 1742 5248 naturam,
1763 5181 1908 5237 sicut
1926 5183 2107 5237 ,ἰυάωί

410 5267 516 5323 ﬁlii
560 5268 806 5323 Abrahae
853 5267 1028 5339 (Joan.
1062 5284 1178 5334 vm,
1227 5267 1314 5339 37)
1352 5285 1365 5322 :
1400 5269 1714 5324 secundum
1764 5270 2102 5338 doctrinam,

412 5357 557 5411 sicut
578 5356 728 5412 ﬁlios
755 5371 910 5427 suos,
951 5372 1096 5427 quos
1133 5356 1505 5427 Evangelium
1545 5357 1760 5428 docuit,
1799 5360 2104 5431 Apostolus

408 5447 571 5499 vocat
617 5445 658 5515 (Ι
710 5445 831 5502 Cor.
888 5460 961 5512 Iv,
995 5445 1083 5515 14)
1119 5460 1131 5499 :
1174 5443 1486 5499 secundum
1515 5445 1918 5516 imitationem,
1959 5447 2107 5502 sicut

407 5530 514 5585 filii
541 5532 784 5588 Abrahae
834 5549 939 5589 nos
977 5549 1197 5606 sumus,
1238 5533 1400 5607 cujus
1443 5533 1740 5591 imitamur
1770 5536 1945 5594 ﬁdem
1976 5537 2104 5607 (Ga-

1546 303 2201 362 BFTRACTATIONUM
2255 303 2312 360 S.
2366 301 2784 363 AUGUSTINI.

3841 298 3944 349 620

2217 426 2315 479 lat.
2368 441 2439 490 IV,
2475 424 2585 493 28).
2616 421 2777 485 Quod
2807 424 2998 476 autem
3047 419 3167 475 dixi
3205 420 3366 490 (Cap.
3423 420 3509 485 12,
3564 433 3625 473 η.
3692 418 3779 487 ὅ),
3813 417 3943 472 Cum

2216 514 2459 567 induerit
2486 513 2939 579 incorruptionem
2960 513 3009 562 et
3038 510 3518 573 immortalitatem,
3534 506 3663 575 jam
3683 520 3802 559 non
3819 520 3942 559 caro

2218 606 2268 655 et
2292 603 2514 667 sanguis
2535 602 2634 653 erit
2666 600 2705 667 (l
2737 601 2854 655 Cor.
2890 614 2979 663 xv,
3005 598 3127 667 54);
3153 596 3469 650 secundum
3494 594 3939 663 corruptionem

2218 690 2506 744 carnalem
2538 688 2752 741 dictum
2780 691 2866 739 est
2891 700 3119 739 carnem
3140 700 3259 738 non
3284 684 3555 752 futuram,
3592 698 3716 736 non
3743 698 3943 736 secun-

2219 779 2358 833 dum
2409 776 2809 840 substantiam,
2865 774 3178 829 secundum
3230 783 3405 843 quam
3456 771 3694 825 Domini
3728 787 3941 841 corpus

2221 868 2391 920 etiam
2432 871 2563 935 post
2609 863 3083 919 resurrectionem
3129 879 3259 917 caro
3304 861 3594 932 appellata
3642 865 3733 915 est
3787 862 3939 930 (Luc,

2219 971 2368 1024 xxxv,
2411 958 2516 1023 39).

2290 1046 2340 1098 4.
2374 1042 2500 1096 Alio
2543 1042 2667 1095 loco
2709 1040 2866 1111 (Cap.
2901 1038 3019 1110 26),
3064 1041 3186 1096 Nisi
3238 1040 3487 1107 quisque,
3535 1040 3795 1107 inquam,
3848 1054 3939 1092 vo-

2221 1131 2480 1185 luntatem
2509 1132 2819 1196 mutaverit,
2854 1128 3047 1181 bonum
3082 1129 3300 1196 operari
3328 1141 3435 1179 non
3458 1130 3660 1195 potest,
3696 1124 3852 1193 quod
3882 1126 3936 1176 in

2218 1224 2405 1273 nostra
2445 1223 2709 1287 potestate
2749 1231 2859 1271 esse
2886 1218 3125 1284 positum
3175 1216 3285 1269 alio
3319 1215 3428 1268 loco
3458 1214 3628 1279 docet,
3663 1213 3766 1265 ubi
3810 1214 3892 1265 ait
3921 1228 3936 1266 :

2226 1329 2248 1358 ι
2274 1310 2389 1363 Aut
2409 1310 2575 1374 facite
2604 1307 2847 1361 arborem
2864 1306 3074 1371 bonam,
3100 1309 3148 1359 et
3167 1306 3410 1370 fructum
3435 1304 3552 1371 ejus
3576 1304 3775 1357 bonum
3803 1320 3818 1368 ;
3841 1308 3935 1356 aut

2218 1398 2387 1463 facite
2415 1397 2659 1449 arborem
2684 1397 2907 1462 malam,
2940 1398 2989 1447 et
3008 1395 3249 1458 fructum
3279 1393 3396 1460 ejus
3423 1393 3629 1445 malum
3648 1410 3679 1442 »
3700 1390 3932 1462 (Matth.

2220 1500 2318 1549 xu,
2353 1484 2464 1552 33).
2505 1483 2666 1546 Quod
2700 1498 2819 1536 non
2841 1485 2924 1535 est
2944 1491 3140 1534 contra
3169 1480 3408 1550 gratiam
3446 1479 3547 1534 Dei
3577 1495 3757 1549 quam
3790 1494 3938 1549 prai-

2220 1573 2495 1627 dicamus.
2532 1572 2597 1625 In
2625 1575 2903 1641 potestate
2948 1569 3160 1640 quippe
3206 1568 3457 1623 hominis
3486 1573 3572 1622 est
3612 1572 3848 1621 mutare
3878 1567 3935 1621 in

2221 1660 2428 1715 melius
2456 1660 2810 1714 voluntatem
2834 1676 2847 1724 ;
2882 1659 2976 1712 sed
3002 1674 3068 1712 ea
3096 1662 3347 1727 potestas
3361 1657 3517 1711 nulla
3528 1661 3617 1711 est
3633 1655 3752 1709 nisi
3770 1660 3806 1709 a
3824 1657 3935 1709 Deo

2223 1750 2409 1814 detur,
2445 1748 2512 1801 de
2545 1763 2657 1817 quo
2687 1747 2903 1802 dictum
2934 1751 3018 1800 est
3049 1762 3061 1799 :
3093 1747 3255 1800 Dedit
3299 1748 3371 1800 eis
3418 1749 3747 1814 potestatem
3792 1747 3936 1814 ﬁlios

2220 1838 2318 1891 Dei
2344 1838 2465 1905 ﬁeri
2511 1834 2689 1905 (Joan.
2725 1852 2763 1900 1,
2825 1834 2942 1904 12).
3006 1834 3148 1888 Cum
3201 1832 3356 1887 enim
3400 1834 3509 1887 hoc
3564 1832 3638 1887 sit
3669 1832 3736 1886 in
3768 1836 3937 1901 pote-

2221 1928 2365 1978 state
2395 1924 2569 1995 quod,
2602 1939 2734 1977 cum
2754 1923 3040 1983 volumus,
3070 1920 3330 1986 facimus,
3360 1920 3505 1975 nihil
3531 1925 3651 1975 tam
3671 1921 3737 1974 iu
3769 1925 3932 1990 pote-

2223 2016 2364 2067 state
2396 2028 2569 2082 qnam
2621 2012 2745 2082 ipsa
2772 2011 3031 2065 voluntas
3061 2016 3183 2076 est;
3212 2010 3306 2065 sed
3336 2014 3696 2080 praeparatur
3729 2009 3938 2063 volun-

2224 2105 2309 2155 tas
2338 2104 2371 2154 ὲ.
2390 2099 2655 2154 Domino.
2689 2101 2765 2153 Eo
2795 2099 2965 2153 modo
2998 2114 3133 2168 ergo
3161 2098 3257 2153 dat
3283 2101 3678 2168 postestatem.
3716 2097 3811 2152 Sic
3836 2097 3938 2150 in-

2222 2188 2596 2258 telligendum
2616 2191 2701 2241 est
2728 2192 2783 2241 et
2810 2187 2966 2257 quod
2993 2186 3108 2241 dixi
3128 2190 3348 2256 postea,
3367 2189 3431 2241 In
3447 2190 3635 2241 nostra
3660 2189 3934 2255 potestate

2222 2293 2350 2343 esse,
2382 2282 2442 2331 ut
2468 2278 2550 2330 vel
2567 2278 2732 2330 inseri
2759 2276 2992 2330 bonitate
3014 2277 3138 2341 Dei,
3168 2276 3250 2329 vel
3270 2275 3452 2329 excidi
3487 2275 3605 2343 ejus
3640 2277 3934 2330 severitate
4040 2268 4041 2315 ἶ

2222 2381 2524 2421 mereamur
2547 2383 2562 2429 ;
2588 2364 2724 2434 quia
2746 2364 2807 2416 in
2831 2367 3110 2433 potestate
3139 2368 3333 2417 nostra
3362 2379 3481 2416 non
3503 2367 3607 2429 est,
3637 2362 3754 2417 nisi
3779 2364 3937 2435 quod

2223 2458 2478 2508 nostram
2503 2454 2760 2523 sequitur
2793 2452 3173 2507 voluntatem:
3199 2466 3329 2522 quae
3358 2467 3488 2505 cum
3532 2450 3701 2506 fortis
3752 2456 3814 2506 et
3839 2468 3938 2523 po-

2223 2545 2347 2596 tens
2393 2544 2747 2611 praeparatur
2796 2556 2829 2593 a
2874 2539 3137 2605 Domino,
3187 2539 3350 2593 facile
3393 2540 3458 2592 ﬁt
3493 2555 3638 2609 opus
3668 2538 3929 2609 pietatis,

2223 2629 2397 2683 etiam
2417 2628 2569 2698 quod
2599 2627 2829 2682 difﬁcile
2859 2632 3030 2698 atque
3067 2625 3423 2697 impossibile
3470 2626 3597 2681 fuit.
3634 2627 3739 2681 Hic
3791 2627 3936 2682 liber

2224 2716 2301 2771 sic
2324 2717 2525 2786 incipit
2552 2733 2564 2770 :
2590 2720 2664 2771 De
2687 2732 2744 2770 eo
2769 2716 2913 2785 quod
2936 2718 3199 2785 scriptum
3226 2720 3320 2783 est,
3350 2731 3379 2767 α
3407 2717 3470 2770 Ιη
3483 2717 3773 2785 principio
3803 2719 3939 2783 fecit

2229 2809 2360 2862 Deus
2391 2807 2575 2861 cretum
2604 2810 2653 2859 et
2687 2810 2906 2859 terram.
2935 2822 2965 2856 ››

2850 2894 3075 2948 CAPUT
3106 2893 3291 2947 XXIII.

2327 2984 2612 3051 Expositio
2641 2982 3004 3050 quarumdam
3025 2983 3453 3050 propositionum
3473 2997 3539 3036 ea:
3567 2982 3833 3051 Epistola

2738 3072 2988 3141 Apostoli
3020 3071 3093 3124 act
3120 3073 3405 3126 Romanos.

2297 3164 2345 3214 1.
2376 3160 2517 3214 Cum
2546 3160 2839 3230 presbyter
2884 3160 3069 3214 adhuc
3116 3160 3318 3222 eséem,
3369 3158 3606 3229 contigit
3652 3163 3722 3213 ut
3769 3161 3931 3231 apud

2224 3247 2627 3317 Carthaginem
2656 3247 2807 3301 inter
2833 3263 2941 3301 nos
2971 3246 3070 3317 qui
3093 3245 3266 3301 simul
3308 3262 3557 3313 eramus,
3605 3246 3680 3301 ad
3726 3248 3938 3303 Roma-

2222 3352 2328 3391 nos
2356 3336 2612 3406 Apostoli
2643 3335 2892 3405 Epistola
2928 3336 3233 3405 legeretur,
3281 3339 3337 3389 et
3364 3334 3627 3406 quaedam
3675 3334 3936 3390 interm-

2222 3424 2399 3495 gabar
2428 3423 2793 3479 afratribus:
2835 3423 3043 3494 quibus
3090 3439 3241 3490 cum,
3299 3422 3444 3477 sicut
3495 3427 3785 3494 poteram,
3837 3440 3932 3478 re-

2222 3512 2582 3582 sponderem,
2649 3511 2951 3565 voluerunt
2997 3511 3167 3566 scribi
3215 3511 3407 3582 potius
3461 3527 3593 3582 quae
3642 3510 3932 3577 dicebam,

2222 3616 2397 3670 quam
2426 3599 2546 3653 sine
2577 3598 2778 3653 litteris
2804 3598 2990 3654 fundi.
3024 3599 3128 3653 Ubi
3155 3615 3287 3654 cum
3316 3599 3398 3653 eis
3440 3600 3933 3670 obtemperarem,

2223 3688 2366 3742 liber
2390 3703 2537 3741 unus
2557 3686 2793 3741 accessit
2811 3687 3198 3757 superioribus
3220 3687 3508 3758 opusculis
3532 3686 3694 3741 meis.
3727 3689 3796 3743 In
3813 3704 3934 3759 quo

2220 3776 2366 3832 libro
2399 3792 2414 3829 :
2449 3776 2604 3841 Quod
2631 3780 2808 3830 autem
2829 3778 2926 3842 ait,
2955 3778 3197 3844 inquam,
3236 3794 3265 3827 ε(
3293 3777 3502 3831 Scimus
3532 3777 3666 3843 quia
3696 3778 3788 3831 lea:
3814 3780 3936 3846 spi-

2219 3865 2440 3919 ritualis
2470 3868 2579 3931 est;
2630 3880 2722 3931 ego
2772 3869 2951 3918 autem
2981 3865 3220 3919 carnalis
3266 3879 3425 3932 sum;
3471 3883 3499 3916 »
3529 3867 3669 3919 satis
3694 3865 3935 3919 ostendit

2219 3969 2324 4008 non
2338 3954 2723 4022 posseimpleri
2738 3954 2948 4020 Legem,
2973 3955 3083 4008 nisi
3102 3970 3135 4007 a
3156 3952 3561 4023 spiritualibus,
3582 3954 3773 4021 quales
3790 3955 3935 4019 facit

2218 4044 2405 4107 gratia
2431 4043 2545 4096 Dei.
2576 4041 2738 4105 Quod
2767 4040 2967 4111 utique
2998 4057 3113 4095 non
3146 4057 3216 4095 ex
3243 4056 3488 4111 persona
3532 4040 3800 4110 Apostoli
3840 4058 3933 4095 ac-

2219 4128 2332 4199 cipi
2359 4127 2536 4194 volui,
2578 4128 2677 4199 qui
2695 4128 2817 4198 jam
2847 4128 3161 4199 spiritualis
3189 4134 3350 4195 erat;
3396 4129 3493 4184 sed
3523 4128 3781 4183 hominis
3812 4130 3934 4197 :sub

2222 4216 2371 4287 Lege
2398 4214 2594 4286 positi,
2626 4216 2884 4271 nondum
2915 4217 3020 4271 sub
3046 4218 3247 4287 gratia.
3299 4217 3389 4271 Sic
3417 4217 3571 4272 enim
3608 4216 3776 4288 prius
3802 4218 3933 4273 haec

2218 4305 2392 4358 verba
2416 4304 2739 4373 sapiebam;
2770 4321 2899 4374 qua:
2928 4310 3123 4375 postea
3150 4304 3308 4360 lectis
3329 4304 3673 4376 quibusdam
3705 4305 3938 4360 divino-

2217 4407 2350 4446 rum
2386 4391 2785 4447 tractatoribus
2833 4393 3214 4464 eloquiorum,
3239 4409 3486 4464 quorum
3527 4409 3621 4447 me
3669 4398 3939 4448 moveret

2218 4479 2543 4548 auctoritas,
2592 4478 2943 4534 consideravi
2991 4480 3323 4553 diligentius
3367 4486 3423 4536 et
3458 4480 3577 4537 vidi
3611 4480 3809 4536 etiam
3862 4483 3937 4537 de

2215 4566 2340 4638 ipso
2367 4568 2635 4637 Apostolo
2675 4583 2842 4637 posse
2885 4568 3131 4640 intelligi
3179 4570 3333 4640 quod
3383 4570 3478 4634 ait,
3525 4571 3744 4625 Scimus
3792 4587 3938 4640 quo-

2216 4658 2367 4710 niam
2399 4660 2504 4711 Lee:
2531 4658 2841 4725 spiritualis
2864 4666 2973 4724 est;
2997 4674 3089 4725 ego
3120 4664 3300 4725 autem
3328 4660 3566 4713 carnalis
3586 4674 3743 4713 sum:
3773 4659 3938 4729 quod

2217 4744 2279 4798 in
2317 4745 2397 4799 eis
2434 4744 2595 4799 libris
2646 4761 2790 4815 quos
2833 4751 3033 4800 contra
3089 4747 3424 4818 Pelagianos
3466 4762 3657 4817 nuper
3698 4748 3937 4818 scripsi,

2216 4837 2494 4903 quantum
2523 4833 2687 4903 potui
2718 4833 3025 4904 diligenter
3046 4835 3286 4889 ostendi.
3320 4837 3385 4890 In
3405 4835 3514 4890 isto
3547 4850 3686 4905 ergo
3710 4835 3941 4891 libroet

2215 4920 2324 4975 hoc
2365 4922 2522 4992 quod
2571 4922 2785 4976 dictum
2831 4927 2934 4990 est,
2984 4925 3098 4990 Ego
3151 4928 3330 4977 autem
3380 4924 3622 4978 carnalis
3661 4939 3827 4989 sum;
3882 4929 3943 4979 et

2214 5009 2420 5064 deinde
2453 5012 2657 5063 caetera
2686 5010 2974 5079 usquead
3007 5026 3140 5064 eum
3196 5011 3404 5075 locum,
3457 5010 3557 5065 ubi
3588 5010 3731 5064 dicit
3760 5014 3941 5067 Miser

2214 5112 2306 5163 ego
2332 5098 2503 5163 homo,
2551 5099 2673 5166 quis
2701 5113 2782 5151 me
2822 5098 3073 5152 liberabit
3121 5099 3186 5152 de
3213 5114 3435 5168 corpore
3464 5101 3656 5153 mortis
3706 5101 3881 5169 hujus
3911 5101 3941 5156 ἱ)

2216 5186 2407 5239 Gratia
2459 5187 2556 5238 Dei
2602 5200 2702 5253 per
2765 5186 2944 5239 Jesum
3008 5188 3284 5242 Christum
3335 5188 3623 5240 Dominum
3678 5193 3941 5242 nostrum

2214 5272 2384 5343 (Rom.
2416 5288 2514 5339 v11,
2543 5272 2735 5343 14-25)
2763 5289 2777 5327 :
2817 5273 2934 5328 dixi
2961 5274 3258 5328 hominem
3308 5274 3551 5328 describi
3596 5274 3795 5330 adhuc
3828 5276 3938 5330 sub

2215 5360 2379 5431 Lege,
2410 5360 2669 5415 nondum
2717 5361 2822 5415 sub
2868 5362 3051 5433 gratia
3097 5363 3489 5427 constitutum,
3535 5362 3686 5417 bene
3740 5365 3939 5419 facere
4028 5396 4041 5413 ε

2210 5449 2515 5517 volentem,
2549 5450 2647 5504 sed
2690 5450 2904 5505 victum
2950 5451 3411 5520 concupiscentia
3440 5450 3627 5504 carnis
3657 5454 3820 5508 male
3852 5455 3937 5508 fa-

2210 5535 2456 5592 cientem
2504 5538 2690 5608 (Prop.
2723 5540 2934 5610 41-46).
2985 5541 3032 5595 Α
3064 5539 3225 5609 cujus
3276 5537 3771 5609 concupiscentiae
3837 5542 3945 5597 do-
