4062 6354
175 315 271 367 621

176 435 402 492 minatu
442 452 557 491 non
601 435 825 505 liberat,
854 435 966 491 nisi
1002 435 1188 508 gratia
1218 436 1317 491 Dei
1345 452 1450 508 per
1473 438 1667 493 Iesum
1706 438 1872 495 Chri-

178 528 333 580 stum
380 526 689 581 Dominum
735 530 1013 596 nostrum,
1058 527 1207 581 dono
1253 526 1496 596 Spiritus
1540 527 1737 593 sancti,
1772 543 1874 599 per

175 630 350 686 quem
381 616 584 671 ditl'usa
611 616 855 671 charitas
878 615 938 669 in
959 615 1229 670 cordibus
1252 616 1458 670 nostris
1482 614 1656 670 vincit
1683 615 1873 670 carnis

176 705 682 777 concupiscentias,
712 721 783 760 ne
812 704 1234 760 consentiamus
1265 705 1346 759 eis
1384 704 1456 759 ad
1485 705 1634 759 male
1663 705 1873 759 facien-

178 794 353 860 dum;
408 794 503 848 sed
553 794 740 864 potius
770 794 923 847 bona
968 794 1259 848 faciamus.
1294 793 1455 849 Unde
1483 794 1717 865 quidem
1755 795 1874 864 jam

179 882 457 937 evertitur
499 882 734 937 haeresis
779 881 1102 954 Pelagiana,
1153 898 1283 953 quae
1322 884 1456 947 vult,
1490 898 1608 936 non
1662 898 1730 935 ex
1761 882 1873 935 Deo

181 969 368 1036 nobis,
406 970 501 1025 sed
532 987 597 1025 ex
638 971 805 1025 nobis
843 988 962 1025 esse
1004 971 1336 1025 charitatem
1379 987 1492 1041 qua
1520 971 1663 1025 bene
1687 986 1751 1023 ac
1781 968 1872 1039 pie

179 1056 444 1113 vivimus.
463 1058 572 1113 Sed
599 1058 660 1113 in
680 1058 794 1113 illis
812 1058 972 1114 libris
992 1075 1134 1130 quos
1155 1059 1424 1113 adversus
1450 1074 1547 1113 eos
1568 1057 1873 1122 edidimus,

178 1144 352 1200 etiam
370 1146 676 1217 spiritualis
705 1147 950 1202 hominis
972 1148 1207 1219 jamque
1232 1148 1334 1201 sub
1364 1146 1548 1217 gratia
1568 1143 1872 1200 constituti

183 1234 390 1289 melius
416 1234 664 1307 intelligi
691 1237 861 1291 verba
889 1236 996 1291 ista
1017 1236 1475 1298 monstravimus,
1497 1238 1731 1306 propter
1760 1247 1877 1286 car-

184 1323 274 1377 nis
303 1339 529 1394 corpus,
561 1330 715 1397 quod
738 1325 1029 1397 spirituale
1056 1324 1314 1379 nondum
1343 1329 1448 1391 est,
1481 1323 1588 1378 erit
1605 1327 1798 1377 autem
1817 1320 1878 1375 in

184 1413 600 1468 resurrectione
633 1419 1018 1481 mortuorum;
1059 1417 1117 1468 et
1153 1417 1391 1484 propter
1440 1411 1626 1482 ipsam
1687 1409 1876 1465 carnis

183 1500 731 1572 concupiscentiam,
761 1519 888 1557 cum
920 1519 1033 1574 qua
1060 1502 1138 1556 ita
1165 1500 1482 1572 conﬂigunt
1510 1499 1708 1567 sancti,
1761 1514 1880 1553 non

184 1590 242 1644 ei
273 1590 693 1646 consentientes
720 1592 791 1646 ad
843 1592 1080 1653 malum,
1120 1594 1183 1645 ut
1218 1594 1409 1644 tamen
1439 1589 1561 1659 ejus
1608 1588 1877 1654 motibus,

184 1674 397 1745 quibus
440 1675 891 1746 repugnantibus
934 1674 1222 1733 resistunt,
1261 1690 1377 1728 non
1407 1675 1637 1727 careant
1680 1671 1741 1725 in
1778 1672 1884 1725 hac

182 1760 330 1818 vita:
365 1779 480 1817 non
511 1780 606 1817 eos
633 1767 825 1818 autem
852 1762 1146 1817 habebunt
1173 1762 1231 1816 in
1259 1761 1378 1830 illa,
1424 1761 1521 1815 ubi
1550 1758 1883 1815 absorbebi-

183 1854 285 1907 tur
315 1864 467 1903 mors
497 1847 557 1901 in
588 1846 900 1901 victoriam.
934 1848 1171 1916 Propter
1206 1846 1353 1899 hanc
1391 1844 1585 1915 itaque
1615 1842 1882 1913 concupi-

185 1936 463 1992 scentiam
504 1944 804 2006 motusque
836 1934 1005 2005 ipsos,
1035 1933 1242 2005 quibus
1270 1932 1349 1987 ita
1388 1932 1687 1997 resistitur,
1702 1935 1779 1985 'ut
1799 1934 1881 1985 ta-

185 2043 325 2081 men
367 2024 480 2079 sint
520 2024 580 2079 in
626 2023 809 2089 nobis,
850 2026 1035 2094 potest
1076 2022 1320 2093 quisque
1370 2025 1596 2076 sanctus
1628 2020 1755 2091 jam
1776 2019 1881 2074 sub

190 2114 377 2186 gratia
420 2113 636 2185 positus
683 2112 868 2167 dicere
913 2111 1021 2165 ista
1066 2111 1279 2178 omnia,
1313 2126 1441 2181 qua:
1490 2110 1583 2163 hic
1611 2123 1733 2162 esse
1762 2107 1880 2161 dixi

189 2205 364 2260 verba
387 2203 635 2259 hominis
652 2203 911 2257 nondum
933 2201 1036 2256 sub
1060 2201 1241 2272 gratia
1257 2199 1447 2272 positi,
1472 2199 1570 2254 sed
1590 2198 1695 2253 sub
1716 2199 1879 2267 Lege.

188 2293 356 2359 Quod
383 2292 476 2347 hic
514 2292 806 2347 ostendere
837 2291 1074 2363 longum
1106 2294 1231 2359 est,‘_
1249 2293 1305 2343 et
1340 2289 1447 2343 hoc
1475 2287 1573 2343 ubi
1620 2286 1884 2342 ostende-

190 2382 307 2438 rim
334 2382 546 2437 dictum
578 2384 661 2435 est
688 2380 840 2450 (Cap.
874 2380 947 2450 6).

144 2534 149 2540 ,
265 2474 320 2527 2.
355 2472 496 2525 Item
548 2469 844 2539 disputans
874 2466 1011 2538 quid
1059 2464 1293 2536 elegerit
1337 2464 1484 2518 Deus
1521 2462 1582 2516 in
1626 2459 1887 2515 nondum

190 2564 351 2626 nato,
392 2558 484 2613 cui
507 2557 653 2613 dixit
700 2555 1042 2611 serviturum
1072 2570 1192 2608 esse
1224 2552 1529 2622 majorem;
1562 2554 1619 2605 et
1646 2549 1784 2621 quid
1828 2548 1890 2602 in

192 2647 397 2703 eodem
427 2646 642 2717 majore
673 2644 938 2699 similiter
956 2643 1216 2698 nondum
1240 2645 1369 2695 nato
1392 2636 1797 2711 reprobaverit,
1820 2634 1889 2689 de

192 2736 406 2809 quibus
459 2740 697 2805 propter
719 2733 828 2788 hoc
867 2734 1369 2796 commemoratur,
1411 2729 1669 2799 quamvis
1716 2726 1884 2794 longe

192 2829 398 2897 postea
428 2824 711 2895 prolatum
733 2820 1132 2893 propheticum
1164 2816 1581 2883 testimonium,
1603 2814 1777 2869 Jacob
1808 2812 1889 2866 di-

194 2916 328 2980 ιε’-τί,
364 2915 515 2968 Esau
550 2916 728 2966 autem
774 2910 895 2965 odio
949 2908 1115 2962 habui
1135 2909 1311 2977 (ltom.
1372 2922 1449 2973 ix,
1502 2904 1621 2974 13):
1673 2903 1742 2957 ad
1785 2900 1895 2956 hoc

193 2999 438 3071 perduxi
482 2996 1001 3064 ratiocinationem,
1032 2997 1093 3047 ut
1122 2992 1400 3046 dicerem:
1436 2992 1556 3046 Non
1584 3004 1709 3057 ergo
1738 2988 1896 3054 elegit

195 3092 339 3143 Deus
368 3102 530 3156 opera
560 3085 880 3154 cujusquam
925 3085 980 3136 in
1004 3082 1368 3151 praescientia,
1418 3094 1537 3148 qua:
1581 3079 1697 3145 ipse
1739 3076 1895 3129 datu-

192 3191 295 3231 rus
325 3180 435 3241 est;
462 3174 556 3229 sed
576 3174 735 3243 ﬁdem
764 3174 919 3239 elegit
940 3174 999 3225 in
1023 3170 1385 3239 praescientia,
1408 3171 1469 3221 ut
1496 3182 1651 3234 quem
1672 3163 1777 3219 Sibi
1794 3179 1897 3217 cre-

194 3265 447 3319 diturum
493 3278 602 3316 esse
642 3262 936 3332 praesciuit,
995 3260 1174 3327 ipsum
1229 3258 1447 3325 elegerit
1490 3256 1578 3309 cui
1623 3254 1893 3321 Spiritum

192 3357 446 3409 sanctum
473 3350 648 3419 daret,
675 3354 735 3403 ut
763 3350 899 3403 bona
924 3344 1193 3417 operando
1224 3347 1388 3399 etiam
1418 3345 1589 3397 vitam
1633 3347 1889 3396 aeternam

197 3444 608 3508 consequeretur
638 3439 816 3509 (Prop.
862 3437 978 3507 60).
1010 3433 1277 3489 Nondum
1307 3430 1639 3503 diligentius
1682 3427 1897 3501 quaesi-

200 3544 419 3596 veram,
452 3544 555 3583 nec
599 3526 785 3581 adhuc
821 3524 1152 3579 inveneram
1198 3520 1381 3592 qualis
1429 3520 1502 3574 sit
1543 3516 1736 3573 electio
1769 3532 1896 3587 gra-

199 3616 337 3683 tiae;
368 3617 438 3671 de
467 3632 580 3687 qua
600 3614 752 3670 idem
776 3612 911 3669 dicit
943 3611 1267 3682 Apostolus,
1298 3610 1557 3677 Reliquis:
1569 3622 1666 3676 per
1695 3606 1897 3659 electio-

200 3720 328 3760 nem
375 3707 568 3771 gratiae
621 3703 783 3757 salvae
800 3702 962 3768 factae
992 3704 1117 3753 sunt
1141 3699 1311 3769 (Rom.
1354 3713 1431 3764 χι,
1459 3698 1539 3765 5):
1596 3709 1725 3765 quae
1780 3690 1890 3745 uti-

200 3808 318 3864 que
348 3808 465 3847 non
506 3794 591 3846 est
614 3789 797 3861 gratia
830 3788 878 3843 si
916 3804 1043 3843 eam
1071 3787 1274 3842 merita
1304 3786 1419 3840 ulla
1448 3782 1794 3855 praecedant,
1829 3795 1899 3833 ne

195 3883 323 3953 jam
353 3880 506 3952 quod
536 3880 722 3942 datur,
764 3893 881 3931 non
910 3876 1220 3930 secundum
1252 3873 1518 3944 gratiam,
1550 3871 1648 3925 sed
1697 3885 1901 3923 secun-

201 3970 345 4025 dum
378 3968 639 4023 debitum
667 3966 940 4020 reddatur
959 3963 1148 4035 potius
1175 3960 1393 4016 meritis
1422 3975 1596 4031 quam
1635 3958 1898 4012 donetur.

206 4055 453 4112 Proinde
482 4054 633 4125 quod
656 4052 926 4107 continuo
961 4050 1095 4118 dixi,
1113 4053 1253 4105 Dicit
1281 4051 1422 4103 enim
1447 4048 1589 4101 idem
1609 4046 1902 4114 apostolus,

210 4164 235 4193 ι
273 4142 416 4195 idem
445 4143 582 4194 Deus
612 4141 709 4208 qui
753 4141 1009 4207 operatur
1037 4139 1217 4190 omnia
1256 4136 1315 4189 in
1345 4133 1587 4187 omnibus
1620 4151 1647 4183 »
1683 4132 1728 4200 (Ι
1771 4131 1895 4185 Cor.

204 4246 309 4297 xu,
334 4233 381 4297 6)
406 4247 422 4294 ;
454 4242 739 4295 musquam
754 4230 931 4279 autem
953 4225 1155 4279 dictum
1179 4226 1276 4283 est,
1304 4225 1439 4276 Deus
1462 4220 1631 4275 credit
1650 4219 1831 4273 omnia
1848 4220 1906 4271 in

205 4318 488 4375 omnibus:
522 4332 587 4369 ac
606 4314 807 4369 deinde
832 4311 1117 4382 subjunxi,
1150 4310 1301 4378 Quod
1329 4325 1452 4377 ergo
1495 4308 1785 4372 credimus,
1811 4321 1905 4360 no-

206 4411 387 4464 strum
417 4411 521 4472 est;
555 4403 699 4474 quod
745 4406 923 4456 autem
954 4401 1147 4455 bonum
1174 4413 1480 4468 operemur,
1521 4397 1671 4450 illius
1705 4399 1782 4449 est
1811 4395 1909 4462 qui

205 4494 545 4551 credentibus
592 4493 687 4546 dat
730 4491 1002 4559 Spiritum
1044 4492 1290 4544 sanctum
1343 4488 1529 4554 (Prop.
1582 4482 1670 4554 61)
1714 4482 1907 4553 profe-

210 4587 305 4637 cto
338 4598 453 4636 non
480 4582 748 4645 dicerem,
793 4578 841 4632 si
878 4578 999 4649 jam
1046 4576 1249 4630 scirem
1294 4573 1468 4628 etiam
1517 4571 1700 4642 ipsam
1735 4570 1910 4625 ﬁdem

210 4672 365 4727 inter
398 4669 497 4724 Dei
528 4684 764 4723 munera
791 4664 1060 4737 reperiri;
1092 4680 1222 4734 quas
1244 4664 1454 4717 dantur
1476 4661 1535 4714 in
1558 4660 1758 4714 eodem
1785 4657 1909 4728 Spi-

210 4759 354 4815 ritu.
402 4759 712 4827 Utrumque
743 4770 878 4825 ergo
910 4756 1168 4807 nostrum
1197 4752 1280 4804 est
1316 4752 1551 4819 propter
1609 4746 1909 4801 arbitrium

215 4844 546 4911 voluntatis,
574 4848 630 4898 et
667 4847 975 4912 utrumque
1004 4843 1199 4893 tamen
1244 4837 1441 4891 datum
1479 4839 1564 4889 est
1602 4850 1705 4905 per
1732 4832 1909 4904 Spiri-

212 4941 340 4992 tum
369 4932 502 4989 ﬁdei
531 4934 586 4985 et
614 4929 927 4984 charitatis.
958 4928 1153 4998 Neque
1177 4924 1329 4979 enim
1360 4923 1481 4977 sola
1519 4922 1786 4990 charitas,
1813 4920 1911 4976 sed

212 5024 366 5079 sicut
393 5019 669 5089 scriptum
698 5020 800 5084 est,
834 5017 1086 5073 Charitas
1133 5029 1253 5069 cum
1296 5011 1402 5081 ﬁde
1448 5026 1483 5065 a
1518 5014 1622 5066 Deo
1677 5012 1838 5065 Patre
1864 5012 1914 5063 et

214 5112 440 5168 Domino
464 5112 645 5162 nostro
662 5107 800 5160 Jesu
822 5103 1033 5160 Christo
1061 5103 1275 5172 (Ephes.
1304 5117 1379 5167 v1,
1414 5101 1522 5168 ‘23).

293 5201 345 5253 3.
393 5197 457 5251 Et
485 5193 640 5267 quod
683 5193 855 5264 paulo
898 5195 1026 5262 post
1054 5189 1190 5257 dixi,
1222 5191 1477 5244 Nostrum
1506 5190 1584 5241 est
1630 5187 1771 5240 enim
1800 5200 1914 5240 cre-

216 5290 346 5345 dere
372 5290 421 5340 et
452 5285 597 5351 velle,
629 5283 779 5336 illius
808 5284 986 5335 autem
1016 5279 1148 5334 dare
1173 5277 1509 5334 credentibus
1540 5279 1589 5330 et
1616 5275 1914 5331 volentibus

216 5376 540 5448 facultatem
581 5371 706 5425 bene
751 5368 1015 5439 operandi
1047 5382 1149 5437 per
1189 5366 1458 5434 Spiritum
1504 5368 1771 5431 sanctum,
1817 5377 1916 5431 per

219 5479 381 5537 quem
409 5462 650 5517 charitas
670 5457 1007 5527 diffunditur
1023 5458 1082 5511 in
1106 5453 1356 5510 cordibus
1379 5453 1579 5508 nostris
1598 5454 1777 5521 (Prop.
1802 5452 1912 5519 61),

221 5565 425 5607 verum
454 5550 539 5603 est
586 5544 838 5617 quidem.
872 5544 971 5600 sed
1014 5542 1212 5599 eadem
1249 5540 1472 5611 regula,
1517 5541 1577 5594 et
1606 5541 1913 5608 utrumque

1633 315 1846 373 LIBER
1918 315 2208 375 PRIMUS.

3570 324 3675 379 622

1980 439 2160 509 ipsius
2184 445 2284 508 est,
2337 441 2472 513 quia
2499 458 2620 513 ipse
2649 447 2931 515 praeparat
2961 442 3339 513 voluntatem;
3368 448 3423 499 et
3449 448 3675 499 utrum-

1982 544 2094 599 que
2123 534 2401 596 nostrum,
2434 532 2569 602 quia
2605 548 2723 586 non
2766 533 2830 587 lit
2859 532 2968 587 nisi
3006 533 3325 587 volentibus
3376 532 3559 587 nobis.
3593 536 3672 587 Ac

1982 632 2087 687 per
2112 618 2218 673 hoc
2240 620 2388 691 quod
2421 620 2592 675 etiam
2618 625 2811 692 postea
2841 621 2977 687 dixi,
3009 622 3150 687 Quia
3188 636 3355 689 neque
3399 623 3532 676 velle
3554 635 3679 691 pos-

1980 717 2163 760 sumus
2184 709 2294 761 nisi
2312 723 2564 777 .vocemur
2586 725 2598 774 ;
2623 714 2809 762 etcum
2827 708 3296 778 postjvocationem
3324 708 3673 775 voluerimus,

1982 810 2087 851 non
2118 794 2324 865 sil/ﬁcit
2351 794 2605 851 voluntas
2632 800 2820 850 nostra
2846 801 2895 850 et
2924 811 3112 851 cursus
3142 800 3341 864 noster,
3388 797 3498 850 nisi
3542 799 3678 849 Deus

1984 888 2035 937 et
2062 886 2205 938 vires
2235 885 2572 939 currentibus
2601 885 2856 953 praebeat,
2881 890 2930 938 et
2950 886 3217 954 perducat
3248 900 3351 953 quo
3393 887 3543 938 vocat
3568 903 3582 951 ;
3616 898 3680 937 ac

1984 971 2187 1026 deinde
2218 972 2507 1041 subjunxi,
2542 974 2897 1039 Manifestum
2921 977 2996 1026 est
3026 988 3168 1040 ergo,
3202 987 3307 1025 non
3338 972 3561 1025 volentis
3585 986 3679 1024 ne-

1984 1075 2086 1128 que
2122 1062 2409 1126 currentis,
2454 1060 2548 1114 sed
2592 1062 2893 1115 miserentis
2939 1063 3033 1114 Dei
3079 1075 3189 1114 esse
3238 1058 3409 1130 (Rom.
3455 1075 3526 1125 lx,
3564 1061 3671 1124 16),

1986 1148 2131 1217 quod
2161 1149 2284 1201 bene
2301 1148 2872 1217 operamiirzomnino
2901 1148 3257 1202 verissimum
3284 1151 3387 1202 est.
3437 1146 3546 1201 Sed
3574 1162 3675 1217 pa-

1986 1254 2115 1293 rum
2162 1238 2230 1291 de
2270 1236 2395 1308 ipsa
2438 1237 2733 1292 vocatione
2766 1236 3026 1303 disserui,
3082 1252 3211 1307 quae
3257 1236 3321 1290 lit
3368 1234 3681 1290 secundum

1985 1323 2343 1394 propositum
2376 1324 2503 1379 Dei:
2535 1324 2836 1379 nonenim
2867 1325 3125 1379 omnium
3151 1323 3264 1395 'qui
3294 1328 3565 1379 vocantur
3593 1326 3678 1375 ta-

1987 1412 2053 1465 lis
2080 1415 2181 1479 est,
2222 1412 2321 1467 sed
2346 1417 2571 1467 tantum
2600 1414 2924 1468 electorum.
2962 1414 3157 1483 Itaque
3180 1412 3331 1483 quod
3354 1412 3528 1483 paulo
3553 1410 3683 1479 post
3754 1406 3763 1413 ’

1987 1500 2122 1565 dixi,
2154 1502 2305 1556 Sicut
2333 1504 2474 1555 enim
2519 1503 2576 1555 in
2617 1503 2687 1556 iis
2718 1516 2848 1570 quos
2879 1502 3030 1567 eligit
3062 1502 3217 1565 Deus,
3249 1515 3357 1553 non
3393 1512 3557 1566 opera
3585 1495 3681 1550 sed

1984 1589 2117 1658 ﬁdes
2162 1590 2378 1645 inchoat
2403 1591 2673 1659 meritum,
2704 1594 2765 1645 ut
2799 1606 2901 1660 per
2939 1603 3131 1642 munus
3164 1590 3261 1642 Dei
3289 1587 3413 1640 bene
3459 1598 3679 1654 operen-

1990 1681 2078 1731 tur
2095 1696 2111 1742 ;
2134 1680 2210 1733 sic
2233 1679 2288 1732 in
2308 1680 2376 1732 iis
2394 1693 2525 1749 quos
2542 1678 2787 1744 damnat,
2810 1678 3103 1746 inﬁdelitas
3124 1680 3174 1730 et
3196 1676 3444 1743 impietas
3465 1673 3685 1727 inchoat

1983 1781 2153 1835 Ροεηλ)
2194 1769 2465 1832 meritum,
2513 1771 2573 1821 ut
2600 1782 2698 1835 per
2739 1768 2916 1835 ipsam
2941 1780 3151 1834 poenam
3176 1765 3339 1817 etiam
3384 1761 3523 1814 male
3553 1775 3679 1828 ope-

1988 1857 2209 1920 rentur;
2264 1853 2557 1907 verissime
2624 1851 2770 1907 dixi:
2824 1852 2921 1906 sed
2994 1849 3131 1905 ﬁdei
3180 1848 3455 1904 meritum
3506 1846 3679 1901 etiam

1989 1941 2181 2012 ipsum
2210 1958 2329 1996 esse
2358 1941 2574 1995 donum
2604 1941 2726 2012 Dei,
2758 1956 2859 1994 nec
2887 1938 3079 2011 putavi
3104 1937 3481 2009 quaerendum
3528 1950 3671 2002 esse,

1990 2045 2096 2085 nec
2126 2029 2264 2085 dixi.

2062 2119 2116 2174 4.
2149 2119 2213 2172 Et
2242 2116 2352 2172 alio
2378 2118 2533 2172 loco:
2564 2117 2729 2187 Cujus
2753 2116 2892 2170 enim
2917 2116 3219 2180 miseretur,
3253 2110 3514 2183 inquam,
3544 2110 3685 2179 facit

1991 2222 2111 2262 eum
2140 2207 2265 2261 bene
2290 2209 2507 2275 operari
2529 2222 2542 2273 ;
2576 2210 2624 2259 et
2641 2220 2795 2274 quem
2823 2204 3054 2259 obdurat
3072 2201 3265 2273 (Ibid.,
3295 2200 3398 2271 18),
3422 2201 3685 2268 relinquit

1992 2311 2111 2350 eum
2141 2299 2200 2350 ut
2231 2296 2372 2350 male
2399 2298 2663 2364 operetur.
2717 2292 2822 2349 Sed
2849 2297 2899 2347 et
2945 2292 3044 2347 illa
3090 2289 3464 2345 misericordia
3486 2302 3688 2359 prece-

1993 2385 2145 2439 denti
2176 2386 2362 2461 merito
2381 2384 2509 2453 ﬁdei
2531 2383 2827 2448 tribuitur;
2856 2384 2905 2435 et
2924 2383 3031 2435 ista
3051 2379 3337 2435 obduratio
3363 2377 3691 2447 praecedenti

1993 2474 2265 2543 impietati
2301 2472 2484 2544 (Prop.
2531 2471 2641 2542 62).
2688 2469 2847 2535 Quod
2895 2468 3128 2541 quidem
3181 2481 3381 2522 verum
3431 2469 3547 2532 est;
3593 2463 3690 2519 sed

1996 2561 2182 2615 adhuc
2231 2559 2610 2632 quaerendum
2639 2562 2760 2613 erat
2805 2560 3001 2612 utrum
3043 2559 3101 2611 et
3131 2553 3401 2609 meritum
3449 2551 3585 2607 ﬁdei
3621 2550 3691 2606 de

1997 2647 2387 2703 misericordia
2439 2647 2540 2703 Dei
2570 2646 2760 2702 veniat
2783 2645 2821 2712 ι,
2861 2644 2918 2699 id
2950 2647 3052 2711 est,
3099 2646 3296 2697 utrum
3324 2641 3431 2695 ista
3463 2637 3693 2694 miseri-

1998 2737 2193 2793 cordia
2214 2737 2343 2792 ideo
2374 2735 2775 2791 tantummodo
2806 2733 2907 2787 ﬁat
2935 2732 2996 2787 in
3034 2729 3290 2797 homine,
3325 2728 3461 2801 quia
3501 2725 3701 2782 ‘ﬁdelis

1998 2829 2084 2881 est
2125 2842 2195 2880 an
2240 2826 2413 2880 etiam
2459 2824 2604 2879 facta
2648 2822 2821 2877 fuerit
2863 2824 2927 2875 ut
2974 2818 3158 2873 ﬁdelis
3199 2820 3366 2872 esset.
3431 2814 3698 2886 Legimus

1999 2913 2177 2985 enim,
2235 2913 2456 2968 dicente
2512 2911 2804 2982 Apostolo,
2890 2905 3319 2963 Misericordiam
3391 2905 3700 2957 consecutus

1998 3019 2137 3069 sum,
2169 3006 2229 3058 ut
2256 3002 2435 3073 ﬁdelis
2491 3016 2653 3055 essem
2675 2999 2722 3071 (Ι
2755 2999 2871 3055 Cor.
2902 3012 2999 3065 vii,
3027 2995 3113 3064 25)
3138 3011 3151 3049 :
3179 3009 3293 3049 non
3334 2992 3430 3059 ait,
3463 2991 3607 3056 Quia
3629 2989 3698 3045 ti-

2002 3093 2143 3149 delis
2190 3108 2363 3146 eram.
2409 3090 2586 3145 Fideli
2616 3106 2751 3160 ergo
2797 3086 2965 3141 datur
3002 3084 3255 3155 quidem,
3329 3081 3428 3136 sed
3468 3080 3598 3134 data
3618 3081 3704 3132 est

2002 3181 2176 3237 etiam
2207 3184 2268 3234 ut
2316 3181 2463 3233 esset
2493 3177 2694 3232 ﬁdelis.
2732 3173 3062 3229 Rectissime
3109 3172 3303 3241 itaque
3350 3167 3461 3222 alio
3485 3167 3610 3221 loco
3639 3164 3699 3219 in

2002 3270 2206 3325 eodem
2236 3265 2542 3338 libroidixi,
2577 3266 2839 3336 Quoniam
2872 3263 2921 3317 si
2947 3276 3052 3315 non
3084 3275 3151 3313 ea:
3180 3257 3449 3328 operibus,
3480 3255 3574 3310 sed
3596 3256 3699 3307 mi-

2002 3358 2301 3415 sericordia
2348 3358 2439 3412 Dei
2471 3360 2521 3410 et
2560 3369 2815 3409 vocamur
2838 3355 2900 3405 ut
2936 3349 3237 3414 credamus,
3269 3350 3319 3402 et
3366 3343 3703 3399 credentibus

1999 3452 2297 3518 prwstatur
2322 3449 2381 3499 ut
2408 3445 2531 3498 bene
2562 3456 2860 3512 operemur,
2889 3453 2996 3494 non
3028 3442 3106 3492 est
3135 3435 3380 3504 gentibus
3405 3434 3514 3488 ista
3555 3432 3701 3487 invi-

2005 3536 2183 3590 denda
2208 3533 2578 3589 misericordia
2608 3533 2787 3601 (Prop.
2822 3527 2905 3597 64)
2934 3543 2947 3581 :
2980 3523 3238 3597 quamvis
3274 3522 3461 3577 minus
3505 3519 3586 3574 ibi
3615 3518 3701 3574 di-

2005 3624 2251 3694 ligenter
2277 3622 2347 3677 de
2375 3621 2493 3687 illa,
2527 3636 2654 3691 quae
2676 3633 2779 3689 per
2801 3616 2900 3671 Dei
2922 3613 3279 3686 propositum
3295 3611 3379 3678 Iit,
3408 3607 3703 3663 vocatione

2006 3710 2388 3767 tractaverim.
2424 3708 2522 3763 Hic
2575 3706 2720 3760 liber
2759 3704 2836 3758 sic
2864 3702 3097 3774 incipit:
3150 3702 3347 3757 Sensus
3399 3697 3460 3751 hi
3489 3698 3615 3752 sunt
3647 3696 3705 3747 in

2008 3800 2257 3871 Epistola
2287 3798 2446 3854 Pauli
2470 3795 2544 3851 ad
2570 3797 2857 3850 Romanos.

2635 3880 2863 3936 CAPUT
2900 3878 3075 3933 XXIV.

2199 3975 2481 4045 Expositio
2512 3972 2771 4042 Epistola:
2803 3968 2877 4023 ad
2915 3968 3163 4034 Galatas,
3195 3964 3329 4020 liber
3352 3976 3511 4018 unus.

2085 4068 2134 4121 1.
2170 4044 2304 4119 Post
2335 4064 2488 4118 hunc
2518 4059 2732 4115 librum
2763 4056 3003 4128 exposui
3024 4053 3283 4125 ejusdem
3305 4048 3548 4123 apostoli
3577 4044 3706 4120 Epi-

2012 4154 2213 4208 stolam
2243 4151 2315 4206 ad
2345 4150 2588 4219 Galatas,
2618 4164 2733 4203 non
2763 4145 3023 4216 carptim,
3050 4142 3111 4198 id
3140 4145 3224 4197 est
3255 4140 3447 4211 aliqua
3469 4142 3705 4209 praeter-

2012 4243 2264 4308 mittens,
2297 4240 2395 4294 sed
2417 4237 2814 4293 continuanter
2839 4237 2895 4289 et
2921 4237 3122 4287 totam.
3153 4231 3303 4284 ﬁanc
3333 4231 3523 4282 autem
3545 4240 3710 4296 expo-

2013 4330 2282 4385 sitionem
2326 4343 2439 4382 uno
2488 4324 2777 4381 volumine
2827 4317 3255 4393 comprehendi.
3307 4317 3373 4372 In
3405 4330 3519 4387 quo
3567 4311 3711 4368 illud
3788 4334 3811 4353 -

2015 4417 2168 4490 quod
2196 4418 2411 4472 dictum
2436 4418 2537 4481 est,
2568 4414 2780 4468 Priores
2806 4426 2930 4478 ergo
2959 4408 3189 4478 apostoli
3219 4418 3453 4472 veraces,
3489 4404 3585 4473 qui
3602 4416 3709 4456 non

2014 4507 2082 4562 ab
2123 4505 2447 4572 hominibus,
2489 4501 2584 4556 sed
2620 4517 2656 4555 a
2683 4504 2786 4556 Deo
2809 4515 2912 4569 per
2940 4499 3205 4552 hominem
3248 4494 3406 4549 missi
3431 4494 3577 4558 sunt,
3611 4504 3714 4560 per

2012 4597 2204 4650 Jesum
2235 4595 2508 4651 Christum
2536 4592 2739 4646 scilicet
2767 4589 2944 4644 adhuc
2988 4584 3286 4640 mortalem.
3335 4584 3518 4639 Verax
3547 4581 3714 4635 etiam

2013 4685 2335 4737 novissimus
2356 4680 2646 4750 apostolus,
2672 4680 2769 4746 qui
2782 4693 2878 4747 per
2891 4677 3084 4731 Jesum
3104 4673 3376 4729 Christum
3415 4672 3582 4723 totum
3593 4667 3714 4738 jam

2019 4775 2182 4827 Deum
2209 4774 2334 4840 post
2360 4769 2801 4823 resurrectionem
2848 4765 2965 4835 ejus
2993 4764 3190 4817 missus
3223 4764 3301 4813 est
3348 4761 3583 4831 propter
3609 4756 3712 4811 im-

2021 4858 2433 4915 mortalitatem
2462 4856 2680 4910 dictum
2710 4856 2815 4921 est,
2848 4857 3014 4907 totum
3028 4851 3151 4921 jam
3178 4852 3365 4915 Deum,
3389 4862 3563 4919 quam
3592 4847 3718 4917 post

2016 4946 2493 5004 resurrectionem
2537 4942 2747 4997 habere
2789 4940 2993 5012 ccepit;
3025 4954 3144 4994 non
3177 4940 3415 5010 propter
3450 4932 3717 4990 divinita-

2017 5041 2136 5093 tem
2165 5050 2390 5105 semper
2420 5031 2828 5097 immortalem,
2858 5046 2888 5084 a
2914 5045 3027 5101 quo
3050 5041 3350 5099 nunquam
3380 5021 3630 5089 recessit,
3652 5020 3713 5076 in

2020 5142 2135 5197 qua
2156 5128 2310 5179 totus
2352 5122 2499 5177 Deus
2539 5123 2680 5187 erat,
2713 5122 2769 5173 et
2812 5133 2943 5173 cum
2973 5115 3286 5171 moriturus
3333 5113 3515 5167 adhuc
3569 5113 3709 5165 erat.

2022 5196 2183 5269 [Iuno
2211 5215 2403 5267 autem
2435 5225 2667 5264 sensum
2694 5206 2989 5275 sequentia
3034 5203 3428 5267 manifestant;
3481 5196 3713 5268 adjunxi

2022 5302 2179 5358 enim
2228 5300 2447 5356 dicens:
2502 5300 2715 5354 Priores
2756 5300 2883 5351 sunt
2921 5296 3100 5351 caeteri
3135 5290 3384 5363 Apostoli
3404 5303 3505 5358 per
3528 5288 3715 5355 jJesum

2022 5393 2296 5450 Christum
2335 5389 2508 5443 (adhuc
2535 5391 2613 5455 jem
2643 5390 2805 5456 parte
2850 5385 3132 5446 hominem,
3176 5378 3237 5433 id
3280 5380 3359 5432 est
3396 5375 3714 5430 mortalem:

2088 5478 2293 5542 «Apud
2345 5477 2459 5542 Am-
2504 5473 2990 5542 ,ιεςίωικριενίιμηι
3034 5463 3725 5542 idemlrsiceriteel’s‘

2022 5526 2357 5603 praeﬁniet.
2370 5538 2522 5602 Apud
2645 5540 2698 5603 et
2720 5536 2843 5585 Mss.
2859 5526 3085 5594 aliquot:
3104 5530 3353 5578 Meritum
3372 5526 3499 5585 ﬁdei
3516 5526 3723 5576 misert-

2032 5600 2219 5655 COrdia
2251 5603 2342 5653 Dei
2366 5598 2677 5664 praeveniat.
3498 5612 3519 5627 ς
