  <div class='ocr_page' id='page_1' title='image "/cluster/home/n/w/nwhite01/storage/ocr_20150623/32/umn.31951002477326y/323.png"; bbox 0 0 4062 6360; ppageno 0'>
   <div class='ocr_carea' id='block_1_1' title="bbox 334 288 435 339">
    <p class='ocr_par' dir='ltr' id='par_1_1' title="bbox 334 288 435 339">
     <span class='ocr_line' id='line_1_1' title="bbox 334 288 435 339; baseline -0.01 0"><span class='ocrx_word' id='word_1_1' title='bbox 334 288 435 339; x_wconf 72' lang='lat'><strong><em>623</em></strong></span> 
     </span>
    </p>
   </div>
   <div class='ocr_carea' id='block_1_2' title="bbox 325 402 2014 472">
    <p class='ocr_par' dir='ltr' id='par_1_2' title="bbox 325 402 2014 472">
     <span class='ocr_line' id='line_1_2' title="bbox 325 402 2014 472; baseline -0.002 -14"><span class='ocrx_word' id='word_1_2' title='bbox 325 405 647 460; x_wconf 75' lang='lat' dir='ltr'><strong><em>novissimus</em></strong></span> <span class='ocrx_word' id='word_1_3' title='bbox 691 408 767 457; x_wconf 90' lang='lat' dir='ltr'><strong><em>est</em></strong></span> <span class='ocrx_word' id='word_1_4' title='bbox 813 403 1083 472; x_wconf 83' lang='lat' dir='ltr'><strong><em>apostolus</em></strong></span> <span class='ocrx_word' id='word_1_5' title='bbox 1123 402 1324 457; x_wconf 82' lang='lat' dir='ltr'><strong><em>Paulus</em></strong></span> <span class='ocrx_word' id='word_1_6' title='bbox 1367 416 1467 471; x_wconf 87' lang='lat' dir='ltr'><strong><em>per</em></strong></span> <span class='ocrx_word' id='word_1_7' title='bbox 1513 403 1691 456; x_wconf 85' lang='lat' dir='ltr'><strong><em>Jesum</em></strong></span> <span class='ocrx_word' id='word_1_8' title='bbox 1738 402 2014 456; x_wconf 80' lang='lat' dir='ltr'><strong><em>Christum</em></strong></span> 
     </span>
    </p>
   </div>
   <div class='ocr_carea' id='block_1_3' title="bbox 321 491 2020 563">
    <p class='ocr_par' dir='ltr' id='par_1_3' title="bbox 321 491 2020 563">
     <span class='ocr_line' id='line_1_3' title="bbox 321 491 2020 563; baseline -0.002 -16"><span class='ocrx_word' id='word_1_9' title='bbox 321 495 444 563; x_wconf 82' lang='lat' dir='ltr'><strong><em>jam</em></strong></span> <span class='ocrx_word' id='word_1_10' title='bbox 486 497 653 548; x_wconf 91' lang='lat' dir='ltr'><strong><em>totum</em></strong></span> <span class='ocrx_word' id='word_1_11' title='bbox 698 494 884 559; x_wconf 91' lang='lat' dir='ltr'><strong><em>Deum,</em></strong></span> <span class='ocrx_word' id='word_1_12' title='bbox 925 491 986 545; x_wconf 89' lang='lat' dir='ltr'><strong><em>id</em></strong></span> <span class='ocrx_word' id='word_1_13' title='bbox 1031 497 1109 544; x_wconf 91' lang='lat' dir='ltr'><strong><em>est</em></strong></span> <span class='ocrx_word' id='word_1_14' title='bbox 1149 506 1216 543; x_wconf 79' lang='lat' dir='ltr'><strong><em>eae</em></strong></span> <span class='ocrx_word' id='word_1_15' title='bbox 1275 491 1420 543; x_wconf 88' lang='lat' dir='ltr'><strong><em>omni</em></strong></span> <span class='ocrx_word' id='word_1_16' title='bbox 1464 495 1622 559; x_wconf 87' lang='lat' dir='ltr'><strong><em>parte</em></strong></span> <span class='ocrx_word' id='word_1_17' title='bbox 1664 491 2020 544; x_wconf 78' lang='lat' dir='ltr'><strong><em>immortalem</em></strong></span> 
     </span>
    </p>
   </div>
   <div class='ocr_carea' id='block_1_4' title="bbox 327 578 2019 652">
    <p class='ocr_par' dir='ltr' id='par_1_4' title="bbox 327 578 2019 652">
     <span class='ocr_line' id='line_1_4' title="bbox 327 578 2019 652; baseline -0.005 -12"><span class='ocrx_word' id='word_1_18' title='bbox 327 583 516 652; x_wconf 90' lang='lat' dir='ltr'><strong><em>(Num.</em></strong></span> <span class='ocrx_word' id='word_1_19' title='bbox 547 582 617 649; x_wconf 82' lang='lat'><strong><em>2).</em></strong></span> <span class='ocrx_word' id='word_1_20' title='bbox 645 581 760 635; x_wconf 87' lang='lat' dir='ltr'><strong><em>Hoc</em></strong></span> <span class='ocrx_word' id='word_1_21' title='bbox 791 579 946 634; x_wconf 89' lang='lat' dir='ltr'><strong><em>enim</em></strong></span> <span class='ocrx_word' id='word_1_22' title='bbox 973 578 1110 644; x_wconf 82' lang='lat' dir='ltr'><strong><em>dixi,</em></strong></span> <span class='ocrx_word' id='word_1_23' title='bbox 1172 593 1462 649; x_wconf 86' lang='lat' dir='ltr'><strong><em>exponens</em></strong></span> <span class='ocrx_word' id='word_1_24' title='bbox 1491 578 1643 648; x_wconf 84' lang='lat' dir='ltr'><strong><em>quod</em></strong></span> <span class='ocrx_word' id='word_1_25' title='bbox 1668 578 1746 631; x_wconf 87' lang='lat' dir='ltr'><strong><em>ait</em></strong></span> <span class='ocrx_word' id='word_1_26' title='bbox 1773 583 2019 648; x_wconf 86' lang='lat' dir='ltr'><strong><em>Aposto-</em></strong></span> 
     </span>
    </p>
   </div>
   <div class='ocr_carea' id='block_1_5' title="bbox 326 666 2023 736">
    <p class='ocr_par' dir='ltr' id='par_1_5' title="bbox 326 666 2023 736">
     <span class='ocr_line' id='line_1_5' title="bbox 326 666 2023 736; baseline -0.002 -13"><span class='ocrx_word' id='word_1_27' title='bbox 326 670 435 736; x_wconf 86' lang='lat' dir='ltr'><strong><em>lus,</em></strong></span> <span class='ocrx_word' id='word_1_28' title='bbox 465 671 583 726; x_wconf 90' lang='lat' dir='ltr'><strong><em>Non</em></strong></span> <span class='ocrx_word' id='word_1_29' title='bbox 609 669 677 722; x_wconf 90' lang='lat' dir='ltr'><strong><em>ab</em></strong></span> <span class='ocrx_word' id='word_1_30' title='bbox 708 668 1030 726; x_wconf 87' lang='lat' dir='ltr'><strong><em>hominibus,</em></strong></span> <span class='ocrx_word' id='word_1_31' title='bbox 1063 682 1233 734; x_wconf 89' lang='lat' dir='ltr'><strong><em>neque</em></strong></span> <span class='ocrx_word' id='word_1_32' title='bbox 1255 681 1356 735; x_wconf 91' lang='lat' dir='ltr'><strong><em>per</em></strong></span> <span class='ocrx_word' id='word_1_33' title='bbox 1385 667 1669 732; x_wconf 82' lang='lat' dir='ltr'><strong><em>hominem,</em></strong></span> <span class='ocrx_word' id='word_1_34' title='bbox 1699 666 1796 720; x_wconf 91' lang='lat' dir='ltr'><strong><em>sed</em></strong></span> <span class='ocrx_word' id='word_1_35' title='bbox 1820 682 1918 735; x_wconf 88' lang='lat' dir='ltr'><strong><em>per</em></strong></span> <span class='ocrx_word' id='word_1_36' title='bbox 1942 668 2023 721; x_wconf 85' lang='lat' dir='ltr'><strong><em>Je-</em></strong></span> 
     </span>
    </p>
   </div>
   <div class='ocr_carea' id='block_1_6' title="bbox 328 753 2022 824">
    <p class='ocr_par' dir='ltr' id='par_1_6' title="bbox 328 753 2022 824">
     <span class='ocr_line' id='line_1_6' title="bbox 328 753 2022 824; baseline -0.004 -12"><span class='ocrx_word' id='word_1_37' title='bbox 328 772 449 812; x_wconf 90' lang='lat' dir='ltr'><strong><em>sum</em></strong></span> <span class='ocrx_word' id='word_1_38' title='bbox 465 758 737 812; x_wconf 80' lang='lat' dir='ltr'><strong><em>Christum</em></strong></span> <span class='ocrx_word' id='word_1_39' title='bbox 750 760 800 810; x_wconf 91' lang='lat' dir='ltr'><strong><em>et</em></strong></span> <span class='ocrx_word' id='word_1_40' title='bbox 811 758 973 810; x_wconf 88' lang='lat' dir='ltr'><strong><em>Deum</em></strong></span> <span class='ocrx_word' id='word_1_41' title='bbox 989 756 1204 808; x_wconf 82' lang='lat' dir='ltr'><strong><em>Patrem</em></strong></span> <span class='ocrx_word' id='word_1_42' title='bbox 1227 769 1241 807; x_wconf 88' lang='lat'><strong><em>:</em></strong></span> <span class='ocrx_word' id='word_1_43' title='bbox 1268 753 1430 824; x_wconf 89' lang='lat' dir='ltr'><strong><em>quasi</em></strong></span> <span class='ocrx_word' id='word_1_44' title='bbox 1444 753 1568 823; x_wconf 92' lang='lat' dir='ltr'><strong><em>jam</em></strong></span> <span class='ocrx_word' id='word_1_45' title='bbox 1586 754 1746 807; x_wconf 88' lang='lat' dir='ltr'><strong><em>Jesus</em></strong></span> <span class='ocrx_word' id='word_1_46' title='bbox 1765 753 2022 809; x_wconf 79' lang='lat' dir='ltr'><strong><em>Christus</em></strong></span> 
     </span>
    </p>
   </div>
   <div class='ocr_carea' id='block_1_7' title="bbox 328 841 2024 912">
    <p class='ocr_par' dir='ltr' id='par_1_7' title="bbox 328 841 2024 912">
     <span class='ocr_line' id='line_1_7' title="bbox 328 841 2024 912; baseline -0.003 -13"><span class='ocrx_word' id='word_1_47' title='bbox 328 861 446 900; x_wconf 89' lang='lat' dir='ltr'><strong><em>non</em></strong></span> <span class='ocrx_word' id='word_1_48' title='bbox 475 843 547 898; x_wconf 88' lang='lat' dir='ltr'><strong><em>sit</em></strong></span> <span class='ocrx_word' id='word_1_49' title='bbox 599 844 791 898; x_wconf 91' lang='lat' dir='ltr'><strong><em>homo.</em></strong></span> <span class='ocrx_word' id='word_1_50' title='bbox 822 841 1089 912; x_wconf 84' lang='lat' dir='ltr'><strong><em>Sequitur</em></strong></span> <span class='ocrx_word' id='word_1_51' title='bbox 1128 841 1303 907; x_wconf 90' lang='lat' dir='ltr'><strong><em>enim,</em></strong></span> <span class='ocrx_word' id='word_1_52' title='bbox 1341 842 1449 906; x_wconf 87' lang='lat' dir='ltr'><strong><em>Qui</em></strong></span> <span class='ocrx_word' id='word_1_53' title='bbox 1476 843 1758 896; x_wconf 86' lang='lat' dir='ltr'><strong><em>suscitavit</em></strong></span> <span class='ocrx_word' id='word_1_54' title='bbox 1788 841 1944 896; x_wconf 85' lang='lat' dir='ltr'><strong><em>illum</em></strong></span> <span class='ocrx_word' id='word_1_55' title='bbox 1990 859 2024 894; x_wconf 91' lang='lat' dir='ltr'><strong><em>a</em></strong></span> 
     </span>
    </p>
   </div>
   <div class='ocr_carea' id='block_1_8' title="bbox 329 929 2021 1002">
    <p class='ocr_par' dir='ltr' id='par_1_8' title="bbox 329 929 2021 1002">
     <span class='ocr_line' id='line_1_8' title="bbox 329 929 2021 1002; baseline -0.003 -15"><span class='ocrx_word' id='word_1_56' title='bbox 329 934 559 988; x_wconf 87' lang='lat' dir='ltr'><strong><em>mortuis</em></strong></span> <span class='ocrx_word' id='word_1_57' title='bbox 604 932 870 1002; x_wconf 78' lang='lat' dir='ltr'><strong><em>(Galat.1,</em></strong></span> <span class='ocrx_word' id='word_1_58' title='bbox 906 931 986 999; x_wconf 81' lang='lat' dir='ltr'><strong><em>l):</em></strong></span> <span class='ocrx_word' id='word_1_59' title='bbox 1034 934 1099 983; x_wconf 92' lang='lat' dir='ltr'><strong><em>ut</em></strong></span> <span class='ocrx_word' id='word_1_60' title='bbox 1127 929 1260 982; x_wconf 89' lang='lat' dir='ltr'><strong><em>hinc</em></strong></span> <span class='ocrx_word' id='word_1_61' title='bbox 1311 934 1611 1000; x_wconf 90' lang='lat' dir='ltr'><strong><em>appareret</em></strong></span> <span class='ocrx_word' id='word_1_62' title='bbox 1652 946 1752 983; x_wconf 92' lang='lat' dir='ltr'><strong><em>cur</em></strong></span> <span class='ocrx_word' id='word_1_63' title='bbox 1794 929 2021 993; x_wconf 79' lang='lat' dir='ltr'><strong><em>dixerit,</em></strong></span> 
     </span>
    </p>
   </div>
   <div class='ocr_carea' id='block_1_9' title="bbox 331 1017 2024 1089">
    <p class='ocr_par' dir='ltr' id='par_1_9' title="bbox 331 1017 2024 1089">
     <span class='ocr_line' id='line_1_9' title="bbox 331 1017 2024 1089; baseline -0.004 -12"><span class='ocrx_word' id='word_1_64' title='bbox 331 1023 514 1089; x_wconf 80' lang='lat' dir='ltr'><strong><em>Neque</em></strong></span> <span class='ocrx_word' id='word_1_65' title='bbox 537 1035 636 1089; x_wconf 89' lang='lat' dir='ltr'><strong><em>per</em></strong></span> <span class='ocrx_word' id='word_1_66' title='bbox 664 1020 950 1072; x_wconf 81' lang='lat' dir='ltr'><strong><em>hominem.</em></strong></span> <span class='ocrx_word' id='word_1_67' title='bbox 981 1017 1248 1086; x_wconf 84' lang='lat' dir='ltr'><strong><em>Proinde,</em></strong></span> <span class='ocrx_word' id='word_1_68' title='bbox 1277 1023 1508 1088; x_wconf 83' lang='lat' dir='ltr'><strong><em>propter</em></strong></span> <span class='ocrx_word' id='word_1_69' title='bbox 1534 1017 2024 1071; x_wconf 80' lang='lat' dir='ltr'><strong><em>immortalitatem</em></strong></span> 
     </span>
    </p>
   </div>
   <div class='ocr_carea' id='block_1_10' title="bbox 324 1105 2020 1180">
    <p class='ocr_par' dir='ltr' id='par_1_10' title="bbox 324 1105 2020 1180">
     <span class='ocr_line' id='line_1_10' title="bbox 324 1105 2020 1180; baseline -0.002 -18"><span class='ocrx_word' id='word_1_70' title='bbox 324 1109 448 1180; x_wconf 90' lang='lat' dir='ltr'><strong><em>jam</em></strong></span> <span class='ocrx_word' id='word_1_71' title='bbox 474 1123 626 1162; x_wconf 91' lang='lat' dir='ltr'><strong><em>nunc</em></strong></span> <span class='ocrx_word' id='word_1_72' title='bbox 652 1122 766 1160; x_wconf 89' lang='lat' dir='ltr'><strong><em>non</em></strong></span> <span class='ocrx_word' id='word_1_73' title='bbox 793 1106 965 1160; x_wconf 91' lang='lat' dir='ltr'><strong><em>homo</em></strong></span> <span class='ocrx_word' id='word_1_74' title='bbox 997 1105 1253 1160; x_wconf 82' lang='lat' dir='ltr'><strong><em>Christus</em></strong></span> <span class='ocrx_word' id='word_1_75' title='bbox 1286 1107 1464 1159; x_wconf 91' lang='lat' dir='ltr'><strong><em>Deus:</em></strong></span> <span class='ocrx_word' id='word_1_76' title='bbox 1490 1110 1726 1175; x_wconf 85' lang='lat' dir='ltr'><strong><em>propter</em></strong></span> <span class='ocrx_word' id='word_1_77' title='bbox 1756 1105 2020 1158; x_wconf 88' lang='lat' dir='ltr'><strong><em>substan-</em></strong></span> 
     </span>
    </p>
   </div>
   <div class='ocr_carea' id='block_1_11' title="bbox 333 1191 2019 1262">
    <p class='ocr_par' dir='ltr' id='par_1_11' title="bbox 333 1191 2019 1262">
     <span class='ocr_line' id='line_1_11' title="bbox 333 1191 2019 1262; baseline -0.002 -13"><span class='ocrx_word' id='word_1_78' title='bbox 333 1195 472 1250; x_wconf 84' lang='lat' dir='ltr'><strong><em>tiam</em></strong></span> <span class='ocrx_word' id='word_1_79' title='bbox 501 1211 634 1250; x_wconf 89' lang='lat' dir='ltr'><strong><em>vero</em></strong></span> <span class='ocrx_word' id='word_1_80' title='bbox 663 1198 884 1249; x_wconf 72' lang='lat' dir='ltr'><strong><em>naturae</em></strong></span> <span class='ocrx_word' id='word_1_81' title='bbox 903 1194 1194 1260; x_wconf 67' lang='lat' dir='ltr'><strong><em>humanas,</em></strong></span> <span class='ocrx_word' id='word_1_82' title='bbox 1218 1192 1278 1246; x_wconf 94' lang='lat' dir='ltr'><strong><em>in</em></strong></span> <span class='ocrx_word' id='word_1_83' title='bbox 1299 1209 1413 1262; x_wconf 90' lang='lat' dir='ltr'><strong><em>qua</em></strong></span> <span class='ocrx_word' id='word_1_84' title='bbox 1431 1191 1683 1246; x_wconf 88' lang='lat' dir='ltr'><strong><em>ascendit</em></strong></span> <span class='ocrx_word' id='word_1_85' title='bbox 1706 1191 1764 1245; x_wconf 94' lang='lat' dir='ltr'><strong><em>in</em></strong></span> <span class='ocrx_word' id='word_1_86' title='bbox 1793 1193 2019 1257; x_wconf 65' lang='lat' dir='ltr'><strong><em>caelum,</em></strong></span> 
     </span>
    </p>
   </div>
   <div class='ocr_carea' id='block_1_12' title="bbox 333 1279 2026 1339">
    <p class='ocr_par' dir='ltr' id='par_1_12' title="bbox 333 1279 2026 1339">
     <span class='ocr_line' id='line_1_12' title="bbox 333 1279 2026 1339; baseline -0.003 -1"><span class='ocrx_word' id='word_1_87' title='bbox 333 1283 505 1339; x_wconf 88' lang='lat' dir='ltr'><strong><em>etiam</em></strong></span> <span class='ocrx_word' id='word_1_88' title='bbox 530 1298 682 1337; x_wconf 89' lang='lat' dir='ltr'><strong><em>nunc</em></strong></span> <span class='ocrx_word' id='word_1_89' title='bbox 708 1281 990 1337; x_wconf 87' lang='lat' dir='ltr'><strong><em>mediator</em></strong></span> <span class='ocrx_word' id='word_1_90' title='bbox 1020 1281 1123 1336; x_wconf 91' lang='lat' dir='ltr'><strong><em>Dei</em></strong></span> <span class='ocrx_word' id='word_1_91' title='bbox 1151 1285 1207 1335; x_wconf 92' lang='lat' dir='ltr'><strong><em>et</em></strong></span> <span class='ocrx_word' id='word_1_92' title='bbox 1236 1280 1538 1335; x_wconf 88' lang='lat' dir='ltr'><strong><em>hominum</em></strong></span> <span class='ocrx_word' id='word_1_93' title='bbox 1568 1280 1741 1334; x_wconf 92' lang='lat' dir='ltr'><strong><em>homo</em></strong></span> <span class='ocrx_word' id='word_1_94' title='bbox 1771 1279 2026 1334; x_wconf 85' lang='lat' dir='ltr'><strong><em>Christus</em></strong></span> 
     </span>
    </p>
   </div>
   <div class='ocr_carea' id='block_1_13' title="bbox 330 1367 2025 1440">
    <p class='ocr_par' dir='ltr' id='par_1_13' title="bbox 330 1367 2025 1440">
     <span class='ocr_line' id='line_1_13' title="bbox 330 1367 2025 1440; baseline -0.004 -14"><span class='ocrx_word' id='word_1_95' title='bbox 330 1372 490 1426; x_wconf 85' lang='lat' dir='ltr'><strong><em>Jesus</em></strong></span> <span class='ocrx_word' id='word_1_96' title='bbox 511 1370 554 1440; x_wconf 90' lang='grc' dir='ltr'><strong><em>(Ι</em></strong></span> <span class='ocrx_word' id='word_1_97' title='bbox 589 1370 730 1425; x_wconf 88' lang='lat' dir='ltr'><strong><em>Tim.</em></strong></span> <span class='ocrx_word' id='word_1_98' title='bbox 752 1387 811 1437; x_wconf 78' lang='grc' dir='ltr'><strong><em>ιι,</em></strong></span> <span class='ocrx_word' id='word_1_99' title='bbox 840 1371 918 1439; x_wconf 86' lang='grc'><strong><em>5),</em></strong></span> <span class='ocrx_word' id='word_1_100' title='bbox 949 1368 1222 1440; x_wconf 91' lang='lat' dir='ltr'><strong><em>quoniam</em></strong></span> <span class='ocrx_word' id='word_1_101' title='bbox 1247 1367 1326 1422; x_wconf 93' lang='lat' dir='ltr'><strong><em>sic</em></strong></span> <span class='ocrx_word' id='word_1_102' title='bbox 1355 1368 1542 1422; x_wconf 80' lang='lat' dir='ltr'><strong><em>veniet</em></strong></span> <span class='ocrx_word' id='word_1_103' title='bbox 1571 1367 1859 1439; x_wconf 90' lang='lat' dir='ltr'><strong><em>quomodo</em></strong></span> <span class='ocrx_word' id='word_1_104' title='bbox 1893 1383 2025 1421; x_wconf 90' lang='lat' dir='ltr'><strong><em>eum</em></strong></span> 
     </span>
    </p>
   </div>
   <div class='ocr_carea' id='block_1_14' title="bbox 329 1454 2026 1528">
    <p class='ocr_par' dir='ltr' id='par_1_14' title="bbox 329 1454 2026 1528">
     <span class='ocr_line' id='line_1_14' title="bbox 329 1454 2026 1528; baseline -0.002 -17"><span class='ocrx_word' id='word_1_105' title='bbox 329 1456 598 1515; x_wconf 85' lang='lat' dir='ltr'><strong><em>viderunt</em></strong></span> <span class='ocrx_word' id='word_1_106' title='bbox 623 1457 724 1528; x_wconf 86' lang='lat' dir='ltr'><strong><em>qui</em></strong></span> <span class='ocrx_word' id='word_1_107' title='bbox 751 1456 1015 1511; x_wconf 85' lang='lat' dir='ltr'><strong><em>viderunt</em></strong></span> <span class='ocrx_word' id='word_1_108' title='bbox 1041 1459 1273 1510; x_wconf 89' lang='lat' dir='ltr'><strong><em>euntem</em></strong></span> <span class='ocrx_word' id='word_1_109' title='bbox 1316 1455 1374 1509; x_wconf 93' lang='lat' dir='ltr'><strong><em>in</em></strong></span> <span class='ocrx_word' id='word_1_110' title='bbox 1416 1455 1623 1510; x_wconf 61' lang='lat' dir='ltr'><strong><em>caelum</em></strong></span> <span class='ocrx_word' id='word_1_111' title='bbox 1671 1456 1813 1524; x_wconf 81' lang='lat' dir='ltr'><strong><em>(Act.</em></strong></span> <span class='ocrx_word' id='word_1_112' title='bbox 1846 1471 1884 1521; x_wconf 80' lang='grc' dir='ltr'><strong><em>ι,</em></strong></span> <span class='ocrx_word' id='word_1_113' title='bbox 1920 1454 2026 1522; x_wconf 87' lang='lat' dir='ltr'><strong><em>ll.)</em></strong></span> 
     </span>
    </p>
   </div>
   <div class='ocr_carea' id='block_1_15' title="bbox 403 1543 2029 1615">
    <p class='ocr_par' dir='ltr' id='par_1_15' title="bbox 403 1543 2029 1615">
     <span class='ocr_line' id='line_1_15' title="bbox 403 1543 2029 1615; baseline -0.002 -16"><span class='ocrx_word' id='word_1_114' title='bbox 403 1548 456 1601; x_wconf 86' lang='lat'><strong><em>2.</em></strong></span> <span class='ocrx_word' id='word_1_115' title='bbox 490 1546 635 1600; x_wconf 88' lang='lat' dir='ltr'><strong><em>Item</em></strong></span> <span class='ocrx_word' id='word_1_116' title='bbox 665 1545 818 1615; x_wconf 92' lang='lat' dir='ltr'><strong><em>quod</em></strong></span> <span class='ocrx_word' id='word_1_117' title='bbox 847 1543 982 1611; x_wconf 85' lang='lat' dir='ltr'><strong><em>dixi,</em></strong></span> <span class='ocrx_word' id='word_1_118' title='bbox 1012 1545 1205 1600; x_wconf 84' lang='lat' dir='ltr'><strong><em>Gratia</em></strong></span> <span class='ocrx_word' id='word_1_119' title='bbox 1230 1545 1326 1598; x_wconf 87' lang='lat' dir='ltr'><strong><em>Dei</em></strong></span> <span class='ocrx_word' id='word_1_120' title='bbox 1341 1548 1418 1598; x_wconf 90' lang='lat' dir='ltr'><strong><em>est</em></strong></span> <span class='ocrx_word' id='word_1_121' title='bbox 1441 1559 1549 1612; x_wconf 90' lang='lat' dir='ltr'><strong><em>qua</em></strong></span> <span class='ocrx_word' id='word_1_122' title='bbox 1578 1543 1730 1613; x_wconf 77' lang='lat' dir='ltr'><strong><em>npbis</em></strong></span> <span class='ocrx_word' id='word_1_123' title='bbox 1755 1543 2029 1597; x_wconf 86' lang='lat' dir='ltr'><strong><em>donantur</em></strong></span> 
     </span>
    </p>
   </div>
   <div class='ocr_carea' id='block_1_16' title="bbox 328 1633 2027 1706">
    <p class='ocr_par' dir='ltr' id='par_1_16' title="bbox 328 1633 2027 1706">
     <span class='ocr_line' id='line_1_16' title="bbox 328 1633 2027 1706; baseline -0.002 -18"><span class='ocrx_word' id='word_1_124' title='bbox 328 1638 570 1706; x_wconf 85' lang='lat' dir='ltr'><strong><em>peccata,</em></strong></span> <span class='ocrx_word' id='word_1_125' title='bbox 602 1637 663 1686; x_wconf 89' lang='lat' dir='ltr'><strong><em>ut</em></strong></span> <span class='ocrx_word' id='word_1_126' title='bbox 690 1634 1093 1687; x_wconf 87' lang='lat' dir='ltr'><strong><em>reconciliemur</em></strong></span> <span class='ocrx_word' id='word_1_127' title='bbox 1120 1635 1222 1686; x_wconf 89' lang='lat' dir='ltr'><strong><em>Deo</em></strong></span> <span class='ocrx_word' id='word_1_128' title='bbox 1247 1647 1259 1685; x_wconf 92' lang='lat'><strong><em>:</em></strong></span> <span class='ocrx_word' id='word_1_129' title='bbox 1296 1648 1412 1700; x_wconf 80' lang='lat' dir='ltr'><strong><em>paa:</em></strong></span> <span class='ocrx_word' id='word_1_130' title='bbox 1437 1636 1616 1686; x_wconf 88' lang='lat' dir='ltr'><strong><em>autem</em></strong></span> <span class='ocrx_word' id='word_1_131' title='bbox 1655 1647 1765 1700; x_wconf 87' lang='lat' dir='ltr'><strong><em>qua</em></strong></span> <span class='ocrx_word' id='word_1_132' title='bbox 1795 1633 2027 1685; x_wconf 87' lang='lat' dir='ltr'><strong><em>reconci-</em></strong></span> 
     </span>
    </p>
   </div>
   <div class='ocr_carea' id='block_1_17' title="bbox 335 1718 2030 1789">
    <p class='ocr_par' dir='ltr' id='par_1_17' title="bbox 335 1718 2030 1789">
     <span class='ocr_line' id='line_1_17' title="bbox 335 1718 2030 1789; baseline -0.002 -13"><span class='ocrx_word' id='word_1_133' title='bbox 335 1724 536 1776; x_wconf 88' lang='lat' dir='ltr'><strong><em>liamur</em></strong></span> <span class='ocrx_word' id='word_1_134' title='bbox 583 1723 688 1774; x_wconf 89' lang='lat' dir='ltr'><strong><em>Deo</em></strong></span> <span class='ocrx_word' id='word_1_135' title='bbox 718 1723 902 1785; x_wconf 85' lang='lat' dir='ltr'><strong><em>(Num.</em></strong></span> <span class='ocrx_word' id='word_1_136' title='bbox 941 1723 1016 1788; x_wconf 88' lang='lat'><strong><em>3),</em></strong></span> <span class='ocrx_word' id='word_1_137' title='bbox 1057 1719 1137 1773; x_wconf 90' lang='lat' dir='ltr'><strong><em>sic</em></strong></span> <span class='ocrx_word' id='word_1_138' title='bbox 1161 1718 1554 1789; x_wconf 90' lang='lat' dir='ltr'><strong><em>accipiendum</em></strong></span> <span class='ocrx_word' id='word_1_139' title='bbox 1582 1724 1682 1786; x_wconf 90' lang='lat' dir='ltr'><strong><em>est,</em></strong></span> <span class='ocrx_word' id='word_1_140' title='bbox 1742 1723 1806 1772; x_wconf 91' lang='lat' dir='ltr'><strong><em>ut</em></strong></span> <span class='ocrx_word' id='word_1_141' title='bbox 1835 1724 2030 1773; x_wconf 89' lang='lat' dir='ltr'><strong><em>tamen</em></strong></span> 
     </span>
    </p>
   </div>
   <div class='ocr_carea' id='block_1_18' title="bbox 335 1805 2025 1877">
    <p class='ocr_par' dir='ltr' id='par_1_18' title="bbox 335 1805 2025 1877">
     <span class='ocr_line' id='line_1_18' title="bbox 335 1805 2025 1877; baseline -0.001 -15"><span class='ocrx_word' id='word_1_142' title='bbox 335 1806 579 1862; x_wconf 90' lang='lat' dir='ltr'><strong><em>sciamus</em></strong></span> <span class='ocrx_word' id='word_1_143' title='bbox 605 1805 779 1861; x_wconf 90' lang='lat' dir='ltr'><strong><em>etiam</em></strong></span> <span class='ocrx_word' id='word_1_144' title='bbox 817 1811 1127 1877; x_wconf 89' lang='lat' dir='ltr'><strong><em>utrumque</em></strong></span> <span class='ocrx_word' id='word_1_145' title='bbox 1165 1805 1237 1860; x_wconf 91' lang='lat' dir='ltr'><strong><em>ad</em></strong></span> <span class='ocrx_word' id='word_1_146' title='bbox 1276 1806 1602 1876; x_wconf 79' lang='lat' dir='ltr'><strong><em>generalem</em></strong></span> <span class='ocrx_word' id='word_1_147' title='bbox 1635 1806 1736 1860; x_wconf 89' lang='lat' dir='ltr'><strong><em>Dei</em></strong></span> <span class='ocrx_word' id='word_1_148' title='bbox 1782 1806 2025 1876; x_wconf 79' lang='lat' dir='ltr'><strong><em>gratiam</em></strong></span> 
     </span>
    </p>
   </div>
   <div class='ocr_carea' id='block_1_19' title="bbox 335 1892 2030 1966">
    <p class='ocr_par' dir='ltr' id='par_1_19' title="bbox 335 1892 2030 1966">
     <span class='ocr_line' id='line_1_19' title="bbox 335 1892 2030 1966; baseline -0.002 -17"><span class='ocrx_word' id='word_1_149' title='bbox 335 1895 650 1966; x_wconf 87' lang='lat' dir='ltr'><strong><em>pertinere:</em></strong></span> <span class='ocrx_word' id='word_1_150' title='bbox 707 1893 996 1964; x_wconf 90' lang='lat' dir='ltr'><strong><em>quomodo</em></strong></span> <span class='ocrx_word' id='word_1_151' title='bbox 1025 1893 1087 1948; x_wconf 90' lang='lat' dir='ltr'><strong><em>in</em></strong></span> <span class='ocrx_word' id='word_1_152' title='bbox 1123 1894 1337 1964; x_wconf 90' lang='lat' dir='ltr'><strong><em>populo</em></strong></span> <span class='ocrx_word' id='word_1_153' title='bbox 1371 1893 1472 1947; x_wconf 88' lang='lat' dir='ltr'><strong><em>Dei</em></strong></span> <span class='ocrx_word' id='word_1_154' title='bbox 1498 1893 1655 1948; x_wconf 86' lang='lat' dir='ltr'><strong><em>aliud</em></strong></span> <span class='ocrx_word' id='word_1_155' title='bbox 1711 1892 2030 1963; x_wconf 87' lang='lat' dir='ltr'><strong><em>specialiter</em></strong></span> 
     </span>
    </p>
   </div>
   <div class='ocr_carea' id='block_1_20' title="bbox 335 1981 2030 2053">
    <p class='ocr_par' dir='ltr' id='par_1_20' title="bbox 335 1981 2030 2053">
     <span class='ocr_line' id='line_1_20' title="bbox 335 1981 2030 2053; baseline -0.002 -15"><span class='ocrx_word' id='word_1_156' title='bbox 335 1984 527 2053; x_wconf 90' lang='lat' dir='ltr'><strong><em>Israel,</em></strong></span> <span class='ocrx_word' id='word_1_157' title='bbox 563 1981 721 2037; x_wconf 88' lang='lat' dir='ltr'><strong><em>aliud</em></strong></span> <span class='ocrx_word' id='word_1_158' title='bbox 765 1982 966 2048; x_wconf 77' lang='lat' dir='ltr'><strong><em>ludas;</em></strong></span> <span class='ocrx_word' id='word_1_159' title='bbox 999 1987 1058 2036; x_wconf 91' lang='lat' dir='ltr'><strong><em>et</em></strong></span> <span class='ocrx_word' id='word_1_160' title='bbox 1102 1987 1293 2036; x_wconf 91' lang='lat' dir='ltr'><strong><em>tamen</em></strong></span> <span class='ocrx_word' id='word_1_161' title='bbox 1332 1985 1641 2052; x_wconf 89' lang='lat' dir='ltr'><strong><em>utrumque</em></strong></span> <span class='ocrx_word' id='word_1_162' title='bbox 1684 1981 2030 2052; x_wconf 81' lang='lat' dir='ltr'><strong><em>generaliter</em></strong></span> 
     </span>
    </p>
   </div>
   <div class='ocr_carea' id='block_1_21' title="bbox 332 2069 2027 2141">
    <p class='ocr_par' dir='ltr' id='par_1_21' title="bbox 332 2069 2027 2141">
     <span class='ocr_line' id='line_1_21' title="bbox 332 2069 2027 2141; baseline -0.001 -14"><span class='ocrx_word' id='word_1_163' title='bbox 332 2073 526 2127; x_wconf 89' lang='lat' dir='ltr'><strong><em>Israel.</em></strong></span> <span class='ocrx_word' id='word_1_164' title='bbox 583 2073 722 2126; x_wconf 91' lang='lat' dir='ltr'><strong><em>[tem</em></strong></span> <span class='ocrx_word' id='word_1_165' title='bbox 767 2087 898 2126; x_wconf 90' lang='lat' dir='ltr'><strong><em>cum</em></strong></span> <span class='ocrx_word' id='word_1_166' title='bbox 937 2086 1302 2141; x_wconf 82' lang='lat' dir='ltr'><strong><em>exponerem,</em></strong></span> <span class='ocrx_word' id='word_1_167' title='bbox 1335 2069 1478 2137; x_wconf 84' lang='lat' dir='ltr'><strong><em>Quid</em></strong></span> <span class='ocrx_word' id='word_1_168' title='bbox 1504 2069 1668 2138; x_wconf 79' lang='lat' dir='ltr'><strong><em>ergo?</em></strong></span> <span class='ocrx_word' id='word_1_169' title='bbox 1699 2072 1811 2125; x_wconf 80' lang='lat' dir='ltr'><strong><em>Lea:</em></strong></span> <span class='ocrx_word' id='word_1_170' title='bbox 1845 2075 2027 2126; x_wconf 89' lang='lat' dir='ltr'><strong><em>trans-</em></strong></span> 
     </span>
    </p>
   </div>
   <div class='ocr_carea' id='block_1_22' title="bbox 333 2157 2029 2229">
    <p class='ocr_par' dir='ltr' id='par_1_22' title="bbox 333 2157 2029 2229">
     <span class='ocr_line' id='line_1_22' title="bbox 333 2157 2029 2229; baseline -0.001 -16"><span class='ocrx_word' id='word_1_171' title='bbox 333 2162 624 2228; x_wconf 85' lang='lat' dir='ltr'><strong><em>gressionis</em></strong></span> <span class='ocrx_word' id='word_1_172' title='bbox 650 2161 836 2227; x_wconf 89' lang='lat' dir='ltr'><strong><em>gratia</em></strong></span> <span class='ocrx_word' id='word_1_173' title='bbox 859 2161 1138 2229; x_wconf 91' lang='lat' dir='ltr'><strong><em>proposita</em></strong></span> <span class='ocrx_word' id='word_1_174' title='bbox 1162 2164 1240 2213; x_wconf 91' lang='lat' dir='ltr'><strong><em>est</em></strong></span> <span class='ocrx_word' id='word_1_175' title='bbox 1269 2157 1288 2191; x_wconf 70' lang='grc' dir='ltr'><strong>ί</strong></span> <span class='ocrx_word' id='word_1_176' title='bbox 1321 2159 1527 2228; x_wconf 84' lang='lat' dir='ltr'><strong><em>(Galat.</em></strong></span> <span class='ocrx_word' id='word_1_177' title='bbox 1569 2175 1648 2225; x_wconf 83' lang='lat' dir='ltr'><strong><em>Ill,</em></strong></span> <span class='ocrx_word' id='word_1_178' title='bbox 1679 2162 1786 2226; x_wconf 87' lang='lat' dir='ltr'><strong><em>l9),</em></strong></span> <span class='ocrx_word' id='word_1_179' title='bbox 1810 2159 1888 2214; x_wconf 89' lang='lat' dir='ltr'><strong><em>ita</em></strong></span> <span class='ocrx_word' id='word_1_180' title='bbox 1916 2159 2029 2214; x_wconf 91' lang='lat' dir='ltr'><strong><em>dis-</em></strong></span> 
     </span>
    </p>
   </div>
   <div class='ocr_carea' id='block_1_23' title="bbox 332 2245 2028 2319">
    <p class='ocr_par' dir='ltr' id='par_1_23' title="bbox 332 2245 2028 2319">
     <span class='ocr_line' id='line_1_23' title="bbox 332 2245 2028 2319; baseline -0.001 -17"><span class='ocrx_word' id='word_1_181' title='bbox 332 2247 716 2319; x_wconf 88' lang='lat' dir='ltr'><strong><em>tinguendum</em></strong></span> <span class='ocrx_word' id='word_1_182' title='bbox 737 2245 954 2317; x_wconf 86' lang='lat' dir='ltr'><strong><em>putavi,</em></strong></span> <span class='ocrx_word' id='word_1_183' title='bbox 989 2250 1053 2300; x_wconf 90' lang='lat' dir='ltr'><strong><em>ut</em></strong></span> <span class='ocrx_word' id='word_1_184' title='bbox 1079 2245 1452 2316; x_wconf 88' lang='lat' dir='ltr'><strong><em>interrogatio</em></strong></span> <span class='ocrx_word' id='word_1_185' title='bbox 1479 2249 1644 2310; x_wconf 90' lang='lat' dir='ltr'><strong><em>esset,</em></strong></span> <span class='ocrx_word' id='word_1_186' title='bbox 1681 2246 1828 2312; x_wconf 86' lang='lat' dir='ltr'><strong><em>Quid</em></strong></span> <span class='ocrx_word' id='word_1_187' title='bbox 1855 2263 1979 2314; x_wconf 88' lang='lat' dir='ltr'><strong><em>ergo</em></strong></span> <span class='ocrx_word' id='word_1_188' title='bbox 2002 2247 2028 2300; x_wconf 74' lang='lat' dir='ltr'><strong><em>‘l</em></strong></span> 
     </span>
    </p>
   </div>
   <div class='ocr_carea' id='block_1_24' title="bbox 336 2333 2028 2404">
    <p class='ocr_par' dir='ltr' id='par_1_24' title="bbox 336 2333 2028 2404">
     <span class='ocr_line' id='line_1_24' title="bbox 336 2333 2028 2404; baseline -0.001 -15"><span class='ocrx_word' id='word_1_189' title='bbox 336 2351 400 2389; x_wconf 90' lang='lat' dir='ltr'><strong><em>ac</em></strong></span> <span class='ocrx_word' id='word_1_190' title='bbox 433 2335 638 2390; x_wconf 90' lang='lat' dir='ltr'><strong><em>deinde</em></strong></span> <span class='ocrx_word' id='word_1_191' title='bbox 658 2333 967 2404; x_wconf 89' lang='lat' dir='ltr'><strong><em>responsio,</em></strong></span> <span class='ocrx_word' id='word_1_192' title='bbox 987 2335 1099 2387; x_wconf 79' lang='lat' dir='ltr'><strong><em>Lea:</em></strong></span> <span class='ocrx_word' id='word_1_193' title='bbox 1131 2335 1574 2399; x_wconf 84' lang='lat' dir='ltr'><strong><em>transgressionis</em></strong></span> <span class='ocrx_word' id='word_1_194' title='bbox 1613 2335 1797 2399; x_wconf 89' lang='lat' dir='ltr'><strong><em>gratia</em></strong></span> <span class='ocrx_word' id='word_1_195' title='bbox 1819 2350 2028 2403; x_wconf 84' lang='lat' dir='ltr'><strong><em>propo-</em></strong></span> 
     </span>
    </p>
   </div>
   <div class='ocr_carea' id='block_1_25' title="bbox 335 2418 2028 2490">
    <p class='ocr_par' dir='ltr' id='par_1_25' title="bbox 335 2418 2028 2490">
     <span class='ocr_line' id='line_1_25' title="bbox 335 2418 2028 2490; baseline -0.002 -12"><span class='ocrx_word' id='word_1_196' title='bbox 335 2426 446 2478; x_wconf 89' lang='lat' dir='ltr'><strong><em>sita</em></strong></span> <span class='ocrx_word' id='word_1_197' title='bbox 460 2428 537 2478; x_wconf 90' lang='lat' dir='ltr'><strong><em>est</em></strong></span> <span class='ocrx_word' id='word_1_198' title='bbox 560 2425 576 2459; x_wconf 84' lang='grc'>¹</span> <span class='ocrx_word' id='word_1_199' title='bbox 599 2424 784 2490; x_wconf 83' lang='lat' dir='ltr'><strong><em>(Nam.</em></strong></span> <span class='ocrx_word' id='word_1_200' title='bbox 830 2423 941 2490; x_wconf 74' lang='grc'>24).</span> <span class='ocrx_word' id='word_1_201' title='bbox 957 2420 1117 2484; x_wconf 85' lang='lat' dir='ltr'><strong><em>Quod</em></strong></span> <span class='ocrx_word' id='word_1_202' title='bbox 1133 2418 1365 2490; x_wconf 89' lang='lat' dir='ltr'><strong><em>quidem</em></strong></span> <span class='ocrx_word' id='word_1_203' title='bbox 1385 2435 1503 2473; x_wconf 91' lang='lat' dir='ltr'><strong><em>non</em></strong></span> <span class='ocrx_word' id='word_1_204' title='bbox 1521 2419 1794 2474; x_wconf 89' lang='lat' dir='ltr'><strong><em>abhorret</em></strong></span> <span class='ocrx_word' id='word_1_205' title='bbox 1812 2437 1845 2475; x_wconf 92' lang='lat' dir='ltr'><strong><em>a</em></strong></span> <span class='ocrx_word' id='word_1_206' title='bbox 1863 2437 1996 2474; x_wconf 86' lang='lat' dir='ltr'><strong><em>vero</em></strong></span> <span class='ocrx_word' id='word_1_207' title='bbox 2015 2440 2028 2487; x_wconf 86' lang='lat'><strong>;</strong></span> 
     </span>
    </p>
   </div>
   <div class='ocr_carea' id='block_1_26' title="bbox 337 2506 2028 2578">
    <p class='ocr_par' dir='ltr' id='par_1_26' title="bbox 337 2506 2028 2578">
     <span class='ocr_line' id='line_1_26' title="bbox 337 2506 2028 2578; baseline -0.002 -14"><span class='ocrx_word' id='word_1_208' title='bbox 337 2511 434 2564; x_wconf 89' lang='lat' dir='ltr'><strong><em>sed</em></strong></span> <span class='ocrx_word' id='word_1_209' title='bbox 520 2510 723 2563; x_wconf 87' lang='lat' dir='ltr'><strong><em>melior</em></strong></span> <span class='ocrx_word' id='word_1_210' title='bbox 778 2507 1001 2562; x_wconf 85' lang='lat' dir='ltr'><strong><em>videtur</em></strong></span> <span class='ocrx_word' id='word_1_211' title='bbox 1059 2507 1168 2560; x_wconf 92' lang='lat' dir='ltr'><strong><em>ista</em></strong></span> <span class='ocrx_word' id='word_1_212' title='bbox 1222 2506 1531 2574; x_wconf 87' lang='lat' dir='ltr'><strong><em>distinctio,</em></strong></span> <span class='ocrx_word' id='word_1_213' title='bbox 1585 2511 1647 2561; x_wconf 90' lang='lat' dir='ltr'><strong><em>ut</em></strong></span> <span class='ocrx_word' id='word_1_214' title='bbox 1710 2506 2028 2578; x_wconf 90' lang='lat' dir='ltr'><strong><em>interroga-</em></strong></span> 
     </span>
    </p>
   </div>
   <div class='ocr_carea' id='block_1_27' title="bbox 339 2593 2028 2664">
    <p class='ocr_par' dir='ltr' id='par_1_27' title="bbox 339 2593 2028 2664">
     <span class='ocr_line' id='line_1_27' title="bbox 339 2593 2028 2664; baseline 0 -14"><span class='ocrx_word' id='word_1_215' title='bbox 339 2597 418 2651; x_wconf 90' lang='lat' dir='ltr'><strong><em>tio</em></strong></span> <span class='ocrx_word' id='word_1_216' title='bbox 438 2597 527 2663; x_wconf 89' lang='lat' dir='ltr'><strong><em>sit,</em></strong></span> <span class='ocrx_word' id='word_1_217' title='bbox 573 2595 717 2662; x_wconf 87' lang='lat' dir='ltr'><strong><em>Quid</em></strong></span> <span class='ocrx_word' id='word_1_218' title='bbox 745 2610 867 2661; x_wconf 92' lang='lat' dir='ltr'><strong><em>ergo</em></strong></span> <span class='ocrx_word' id='word_1_219' title='bbox 899 2596 985 2648; x_wconf 78' lang='lat' dir='ltr'><strong><em>lea:</em></strong></span> <span class='ocrx_word' id='word_1_220' title='bbox 1003 2597 1030 2648; x_wconf 71' lang='grc' dir='ltr'><strong><em>ἱ)</em></strong></span> <span class='ocrx_word' id='word_1_221' title='bbox 1058 2599 1114 2648; x_wconf 91' lang='lat' dir='ltr'><strong><em>et</em></strong></span> <span class='ocrx_word' id='word_1_222' title='bbox 1143 2593 1423 2649; x_wconf 81' lang='lat' dir='ltr'><strong><em>inferatur</em></strong></span> <span class='ocrx_word' id='word_1_223' title='bbox 1451 2594 1770 2664; x_wconf 85' lang='lat' dir='ltr'><strong><em>responsio,</em></strong></span> <span class='ocrx_word' id='word_1_224' title='bbox 1826 2597 2028 2650; x_wconf 78' lang='lat' dir='ltr'><strong><em>Trans~</em></strong></span> 
     </span>
    </p>
   </div>
   <div class='ocr_carea' id='block_1_28' title="bbox 335 2682 2028 2752">
    <p class='ocr_par' dir='ltr' id='par_1_28' title="bbox 335 2682 2028 2752">
     <span class='ocr_line' id='line_1_28' title="bbox 335 2682 2028 2752; baseline -0.002 -13"><span class='ocrx_word' id='word_1_225' title='bbox 335 2686 624 2752; x_wconf 89' lang='lat' dir='ltr'><strong><em>gressionis</em></strong></span> <span class='ocrx_word' id='word_1_226' title='bbox 653 2685 837 2751; x_wconf 85' lang='lat' dir='ltr'><strong><em>gratia</em></strong></span> <span class='ocrx_word' id='word_1_227' title='bbox 859 2685 1144 2752; x_wconf 89' lang='lat' dir='ltr'><strong><em>proposita</em></strong></span> <span class='ocrx_word' id='word_1_228' title='bbox 1179 2687 1275 2737; x_wconf 89' lang='lat' dir='ltr'><strong><em>est.</em></strong></span> <span class='ocrx_word' id='word_1_229' title='bbox 1312 2683 1474 2746; x_wconf 90' lang='lat' dir='ltr'><strong><em>Quod</em></strong></span> <span class='ocrx_word' id='word_1_230' title='bbox 1505 2687 1697 2737; x_wconf 89' lang='lat' dir='ltr'><strong><em>autem</em></strong></span> <span class='ocrx_word' id='word_1_231' title='bbox 1737 2682 1882 2737; x_wconf 86' lang='lat' dir='ltr'><strong><em>dixi:</em></strong></span> <span class='ocrx_word' id='word_1_232' title='bbox 1926 2686 2028 2740; x_wconf 77' lang='lat' dir='ltr'><strong><em>0r-</em></strong></span> 
     </span>
    </p>
   </div>
   <div class='ocr_carea' id='block_1_29' title="bbox 335 2769 2024 2840">
    <p class='ocr_par' dir='ltr' id='par_1_29' title="bbox 335 2769 2024 2840">
     <span class='ocr_line' id='line_1_29' title="bbox 335 2769 2024 2840; baseline -0.001 -14"><span class='ocrx_word' id='word_1_233' title='bbox 335 2773 674 2827; x_wconf 86' lang='lat' dir='ltr'><strong><em>dinatissime</em></strong></span> <span class='ocrx_word' id='word_1_234' title='bbox 691 2773 874 2838; x_wconf 86' lang='lat' dir='ltr'><strong><em>itaque</em></strong></span> <span class='ocrx_word' id='word_1_235' title='bbox 889 2770 986 2825; x_wconf 87' lang='lat' dir='ltr'><strong><em>sub</em></strong></span> <span class='ocrx_word' id='word_1_236' title='bbox 984 2771 1196 2839; x_wconf 76' lang='lat' dir='ltr'><strong><em>jururit,</em></strong></span> <span class='ocrx_word' id='word_1_237' title='bbox 1223 2790 1252 2821; x_wconf 74' lang='grc' dir='ltr'><strong>α</strong></span> <span class='ocrx_word' id='word_1_238' title='bbox 1279 2769 1431 2837; x_wconf 87' lang='lat' dir='ltr'><strong><em>Quod</em></strong></span> <span class='ocrx_word' id='word_1_239' title='bbox 1447 2769 1499 2825; x_wconf 86' lang='lat' dir='ltr'><strong><em>si</em></strong></span> <span class='ocrx_word' id='word_1_240' title='bbox 1521 2773 1724 2840; x_wconf 87' lang='lat' dir='ltr'><strong><em>spiritu</em></strong></span> <span class='ocrx_word' id='word_1_241' title='bbox 1741 2771 2024 2835; x_wconf 87' lang='lat' dir='ltr'><strong><em>ducimini,</em></strong></span> 
     </span>
    </p>
   </div>
   <div class='ocr_carea' id='block_1_30' title="bbox 333 2858 2028 2926">
    <p class='ocr_par' dir='ltr' id='par_1_30' title="bbox 333 2858 2028 2926">
     <span class='ocr_line' id='line_1_30' title="bbox 333 2858 2028 2926; baseline 0 -12"><span class='ocrx_word' id='word_1_242' title='bbox 333 2876 441 2914; x_wconf 89' lang='lat' dir='ltr'><strong><em>non</em></strong></span> <span class='ocrx_word' id='word_1_243' title='bbox 468 2861 643 2914; x_wconf 89' lang='lat' dir='ltr'><strong><em>adhuc</em></strong></span> <span class='ocrx_word' id='word_1_244' title='bbox 672 2861 797 2913; x_wconf 89' lang='lat' dir='ltr'><strong><em>estis</em></strong></span> <span class='ocrx_word' id='word_1_245' title='bbox 826 2858 923 2913; x_wconf 89' lang='lat' dir='ltr'><strong><em>sub</em></strong></span> <span class='ocrx_word' id='word_1_246' title='bbox 946 2859 1081 2925; x_wconf 86' lang='lat' dir='ltr'><strong><em>Lege</em></strong></span> <span class='ocrx_word' id='word_1_247' title='bbox 1115 2880 1137 2906; x_wconf 74' lang='grc' dir='ltr'><strong><em>ι</em></strong></span> <span class='ocrx_word' id='word_1_248' title='bbox 1162 2875 1175 2912; x_wconf 90' lang='lat'><strong><em>:</em></strong></span> <span class='ocrx_word' id='word_1_249' title='bbox 1205 2862 1264 2911; x_wconf 87' lang='lat' dir='ltr'><strong><em>ut</em></strong></span> <span class='ocrx_word' id='word_1_250' title='bbox 1287 2859 1653 2926; x_wconf 87' lang='lat' dir='ltr'><strong><em>intelligamus</em></strong></span> <span class='ocrx_word' id='word_1_251' title='bbox 1681 2875 1765 2914; x_wconf 89' lang='lat' dir='ltr'><strong><em>eos</em></strong></span> <span class='ocrx_word' id='word_1_252' title='bbox 1786 2875 1896 2914; x_wconf 90' lang='lat' dir='ltr'><strong><em>esse</em></strong></span> <span class='ocrx_word' id='word_1_253' title='bbox 1930 2860 2028 2914; x_wconf 90' lang='lat' dir='ltr'><strong><em>sub</em></strong></span> 
     </span>
    </p>
   </div>
   <div class='ocr_carea' id='block_1_31' title="bbox 336 2948 2026 3017">
    <p class='ocr_par' dir='ltr' id='par_1_31' title="bbox 336 2948 2026 3017">
     <span class='ocr_line' id='line_1_31' title="bbox 336 2948 2026 3017; baseline 0.001 -15"><span class='ocrx_word' id='word_1_254' title='bbox 336 2950 493 3016; x_wconf 88' lang='lat' dir='ltr'><strong><em>Lege,</em></strong></span> <span class='ocrx_word' id='word_1_255' title='bbox 516 2962 742 3017; x_wconf 89' lang='lat' dir='ltr'><strong><em>quorum</em></strong></span> <span class='ocrx_word' id='word_1_256' title='bbox 770 2949 998 3015; x_wconf 84' lang='lat' dir='ltr'><strong><em>spiritus</em></strong></span> <span class='ocrx_word' id='word_1_257' title='bbox 1028 2949 1109 3000; x_wconf 87' lang='lat' dir='ltr'><strong><em>ita</em></strong></span> <span class='ocrx_word' id='word_1_258' title='bbox 1135 2949 1461 3016; x_wconf 87' lang='lat' dir='ltr'><strong><em>concupiscit</em></strong></span> <span class='ocrx_word' id='word_1_259' title='bbox 1486 2948 1758 3016; x_wconf 79' lang='lat' dir='ltr'><strong><em>adversus</em></strong></span> <span class='ocrx_word' id='word_1_260' title='bbox 1789 2964 2026 3016; x_wconf 90' lang='lat' dir='ltr'><strong><em>carnem,</em></strong></span> 
     </span>
    </p>
   </div>
   <div class='ocr_carea' id='block_1_32' title="bbox 333 3035 2027 3104">
    <p class='ocr_par' dir='ltr' id='par_1_32' title="bbox 333 3035 2027 3104">
     <span class='ocr_line' id='line_1_32' title="bbox 333 3035 2027 3104; baseline 0.001 -14"><span class='ocrx_word' id='word_1_261' title='bbox 333 3041 396 3090; x_wconf 90' lang='lat' dir='ltr'><strong><em>ut</em></strong></span> <span class='ocrx_word' id='word_1_262' title='bbox 421 3051 527 3089; x_wconf 89' lang='lat' dir='ltr'><strong><em>non</em></strong></span> <span class='ocrx_word' id='word_1_263' title='bbox 555 3051 619 3089; x_wconf 92' lang='lat' dir='ltr'><strong><em>ea</em></strong></span> <span class='ocrx_word' id='word_1_264' title='bbox 647 3050 765 3104; x_wconf 60' lang='lat' dir='ltr'><strong><em>qua</em></strong></span> <span class='ocrx_word' id='word_1_265' title='bbox 785 3036 969 3089; x_wconf 83' lang='lat' dir='ltr'><strong><em>volunt</em></strong></span> <span class='ocrx_word' id='word_1_266' title='bbox 994 3036 1238 3100; x_wconf 80' lang='lat' dir='ltr'><strong><em>faciant;</em></strong></span> <span class='ocrx_word' id='word_1_267' title='bbox 1270 3035 1330 3088; x_wconf 87' lang='lat' dir='ltr'><strong><em>id</em></strong></span> <span class='ocrx_word' id='word_1_268' title='bbox 1357 3040 1456 3102; x_wconf 92' lang='lat' dir='ltr'><strong><em>est,</em></strong></span> <span class='ocrx_word' id='word_1_269' title='bbox 1487 3052 1594 3090; x_wconf 90' lang='lat' dir='ltr'><strong><em>non</em></strong></span> <span class='ocrx_word' id='word_1_270' title='bbox 1618 3051 1672 3091; x_wconf 88' lang='lat' dir='ltr'><strong><em>se</em></strong></span> <span class='ocrx_word' id='word_1_271' title='bbox 1703 3042 1914 3092; x_wconf 87' lang='lat' dir='ltr'><strong><em>teneant</em></strong></span> <span class='ocrx_word' id='word_1_272' title='bbox 1942 3039 2027 3091; x_wconf 85' lang='lat' dir='ltr'><strong><em>in-</em></strong></span> 
     </span>
    </p>
   </div>
   <div class='ocr_carea' id='block_1_33' title="bbox 331 3122 2028 3200">
    <p class='ocr_par' dir='ltr' id='par_1_33' title="bbox 331 3122 2028 3200">
     <span class='ocr_line' id='line_1_33' title="bbox 331 3122 2028 3200; baseline 0.003 -26"><span class='ocrx_word' id='word_1_273' title='bbox 331 3123 499 3175; x_wconf 79' lang='lat' dir='ltr'><strong><em>victos</em></strong></span> <span class='ocrx_word' id='word_1_274' title='bbox 520 3123 578 3175; x_wconf 92' lang='lat' dir='ltr'><strong><em>in</em></strong></span> <span class='ocrx_word' id='word_1_275' title='bbox 597 3123 1120 3190; x_wconf 80' lang='lat' dir='ltr'><strong><em>charitatejustitiae,</em></strong></span> <span class='ocrx_word' id='word_1_276' title='bbox 1143 3122 1237 3177; x_wconf 90' lang='lat' dir='ltr'><strong><em>sed</em></strong></span> <span class='ocrx_word' id='word_1_277' title='bbox 1260 3137 1296 3176; x_wconf 90' lang='lat' dir='ltr'><strong><em>a</em></strong></span> <span class='ocrx_word' id='word_1_278' title='bbox 1323 3125 1722 3193; x_wconf 89' lang='lat' dir='ltr'><strong><em>concupiscente</em></strong></span> <span class='ocrx_word' id='word_1_279' title='bbox 1742 3125 2028 3200; x_wconf 78' lang='lat' dir='ltr'><strong><em>adversum</em></strong></span> 
     </span>
    </p>
   </div>
   <div class='ocr_carea' id='block_1_34' title="bbox 334 3209 2027 3279">
    <p class='ocr_par' dir='ltr' id='par_1_34' title="bbox 334 3209 2027 3279">
     <span class='ocr_line' id='line_1_34' title="bbox 334 3209 2027 3279; baseline 0.002 -16"><span class='ocrx_word' id='word_1_280' title='bbox 334 3225 389 3263; x_wconf 91' lang='lat' dir='ltr'><strong><em>se</em></strong></span> <span class='ocrx_word' id='word_1_281' title='bbox 416 3225 574 3263; x_wconf 87' lang='lat' dir='ltr'><strong><em>carne</em></strong></span> <span class='ocrx_word' id='word_1_282' title='bbox 597 3212 888 3263; x_wconf 79' lang='lat' dir='ltr'><strong><em>vincantur</em></strong></span> <span class='ocrx_word' id='word_1_283' title='bbox 936 3210 1116 3279; x_wconf 88' lang='lat' dir='ltr'><strong><em>(Num.</em></strong></span> <span class='ocrx_word' id='word_1_284' title='bbox 1138 3211 1259 3276; x_wconf 72' lang='lat'><strong>47);</strong></span> <span class='ocrx_word' id='word_1_285' title='bbox 1310 3209 1418 3264; x_wconf 87' lang='lat' dir='ltr'><strong><em>hoc</em></strong></span> <span class='ocrx_word' id='word_1_286' title='bbox 1460 3227 1525 3264; x_wconf 84' lang='lat' dir='ltr'><strong><em>ex</em></strong></span> <span class='ocrx_word' id='word_1_287' title='bbox 1578 3211 1675 3265; x_wconf 91' lang='lat' dir='ltr'><strong><em>illo</em></strong></span> <span class='ocrx_word' id='word_1_288' title='bbox 1706 3228 1875 3267; x_wconf 90' lang='lat' dir='ltr'><strong><em>sensu</em></strong></span> <span class='ocrx_word' id='word_1_289' title='bbox 1921 3217 2027 3278; x_wconf 89' lang='lat' dir='ltr'><strong><em>est,</em></strong></span> 
     </span>
    </p>
   </div>
   <div class='ocr_carea' id='block_1_35' title="bbox 336 3295 2029 3368">
    <p class='ocr_par' dir='ltr' id='par_1_35' title="bbox 336 3295 2029 3368">
     <span class='ocr_line' id='line_1_35' title="bbox 336 3295 2029 3368; baseline 0.002 -20"><span class='ocrx_word' id='word_1_290' title='bbox 336 3311 450 3366; x_wconf 92' lang='lat' dir='ltr'><strong><em>quo</em></strong></span> <span class='ocrx_word' id='word_1_291' title='bbox 489 3295 804 3349; x_wconf 89' lang='lat' dir='ltr'><strong><em>sentiebam</em></strong></span> <span class='ocrx_word' id='word_1_292' title='bbox 855 3295 911 3349; x_wconf 91' lang='lat' dir='ltr'><strong><em>id</em></strong></span> <span class='ocrx_word' id='word_1_293' title='bbox 945 3296 1100 3365; x_wconf 89' lang='lat' dir='ltr'><strong><em>quod</em></strong></span> <span class='ocrx_word' id='word_1_294' title='bbox 1129 3295 1344 3349; x_wconf 92' lang='lat' dir='ltr'><strong><em>dictum</em></strong></span> <span class='ocrx_word' id='word_1_295' title='bbox 1369 3302 1476 3362; x_wconf 90' lang='lat' dir='ltr'><strong><em>est,</em></strong></span> <span class='ocrx_word' id='word_1_296' title='bbox 1526 3298 1662 3353; x_wconf 89' lang='lat' dir='ltr'><strong><em>Caro</em></strong></span> <span class='ocrx_word' id='word_1_297' title='bbox 1701 3301 2029 3368; x_wconf 86' lang='lat' dir='ltr'><strong><em>concupiscit</em></strong></span> 
     </span>
    </p>
   </div>
   <div class='ocr_carea' id='block_1_36' title="bbox 335 3383 2029 3452">
    <p class='ocr_par' dir='ltr' id='par_1_36' title="bbox 335 3383 2029 3452">
     <span class='ocr_line' id='line_1_36' title="bbox 335 3383 2029 3452; baseline 0.003 -16"><span class='ocrx_word' id='word_1_298' title='bbox 335 3383 595 3436; x_wconf 81' lang='lat' dir='ltr'><strong><em>adversus</em></strong></span> <span class='ocrx_word' id='word_1_299' title='bbox 636 3385 914 3452; x_wconf 84' lang='lat' dir='ltr'><strong><em>spiritum,</em></strong></span> <span class='ocrx_word' id='word_1_300' title='bbox 949 3387 1000 3436; x_wconf 90' lang='lat' dir='ltr'><strong><em>et</em></strong></span> <span class='ocrx_word' id='word_1_301' title='bbox 1047 3385 1278 3451; x_wconf 87' lang='lat' dir='ltr'><strong><em>spiritus</em></strong></span> <span class='ocrx_word' id='word_1_302' title='bbox 1320 3383 1580 3438; x_wconf 86' lang='lat' dir='ltr'><strong><em>adversus</em></strong></span> <span class='ocrx_word' id='word_1_303' title='bbox 1625 3401 1870 3440; x_wconf 87' lang='lat' dir='ltr'><strong><em>carnem:</em></strong></span> <span class='ocrx_word' id='word_1_304' title='bbox 1920 3387 2029 3441; x_wconf 74' lang='lat' dir='ltr'><strong><em>haec</em></strong></span> 
     </span>
    </p>
   </div>
   <div class='ocr_carea' id='block_1_37' title="bbox 334 3469 2031 3541">
    <p class='ocr_par' dir='ltr' id='par_1_37' title="bbox 334 3469 2031 3541">
     <span class='ocr_line' id='line_1_37' title="bbox 334 3469 2031 3541; baseline 0.002 -17"><span class='ocrx_word' id='word_1_305' title='bbox 334 3473 476 3525; x_wconf 89' lang='lat' dir='ltr'><strong><em>enim</em></strong></span> <span class='ocrx_word' id='word_1_306' title='bbox 503 3470 610 3525; x_wconf 87' lang='lat' dir='ltr'><strong><em>sibi</em></strong></span> <span class='ocrx_word' id='word_1_307' title='bbox 636 3471 863 3524; x_wconf 84' lang='lat' dir='ltr'><strong><em>invicem</em></strong></span> <span class='ocrx_word' id='word_1_308' title='bbox 890 3469 1290 3526; x_wconf 86' lang='lat' dir='ltr'><strong><em>adversantur:</em></strong></span> <span class='ocrx_word' id='word_1_309' title='bbox 1318 3476 1377 3524; x_wconf 89' lang='lat' dir='ltr'><strong><em>ut</em></strong></span> <span class='ocrx_word' id='word_1_310' title='bbox 1405 3487 1511 3525; x_wconf 90' lang='lat' dir='ltr'><strong><em>non</em></strong></span> <span class='ocrx_word' id='word_1_311' title='bbox 1539 3487 1601 3526; x_wconf 90' lang='lat' dir='ltr'><strong><em>ea</em></strong></span> <span class='ocrx_word' id='word_1_312' title='bbox 1622 3489 1739 3540; x_wconf 76' lang='lat' dir='ltr'><strong><em>qua:</em></strong></span> <span class='ocrx_word' id='word_1_313' title='bbox 1756 3475 1921 3528; x_wconf 79' lang='lat' dir='ltr'><strong><em>vultis</em></strong></span> <span class='ocrx_word' id='word_1_314' title='bbox 1943 3477 2031 3541; x_wconf 83' lang='lat' dir='ltr'><strong><em>fa-</em></strong></span> 
     </span>
    </p>
   </div>
   <div class='ocr_carea' id='block_1_38' title="bbox 335 3558 2028 3633">
    <p class='ocr_par' dir='ltr' id='par_1_38' title="bbox 335 3558 2028 3633">
     <span class='ocr_line' id='line_1_38' title="bbox 335 3558 2028 3633; baseline 0.004 -23"><span class='ocrx_word' id='word_1_315' title='bbox 335 3561 496 3612; x_wconf 89' lang='lat' dir='ltr'><strong><em>ciatis</em></strong></span> <span class='ocrx_word' id='word_1_316' title='bbox 524 3558 722 3622; x_wconf 83' lang='lat' dir='ltr'><strong><em>(Galat.</em></strong></span> <span class='ocrx_word' id='word_1_317' title='bbox 756 3573 809 3624; x_wconf 75' lang='grc' dir='ltr'><strong><em>ν,</em></strong></span> <span class='ocrx_word' id='word_1_318' title='bbox 843 3561 927 3624; x_wconf 84' lang='grc'><strong><em>17,</em></strong></span> <span class='ocrx_word' id='word_1_319' title='bbox 955 3560 1058 3627; x_wconf 84' lang='grc'><strong><em>18),</em></strong></span> <span class='ocrx_word' id='word_1_320' title='bbox 1080 3558 1152 3612; x_wconf 89' lang='lat' dir='ltr'><strong><em>ad</em></strong></span> <span class='ocrx_word' id='word_1_321' title='bbox 1184 3574 1280 3612; x_wconf 91' lang='lat' dir='ltr'><strong><em>eos</em></strong></span> <span class='ocrx_word' id='word_1_322' title='bbox 1317 3559 1601 3628; x_wconf 85' lang='lat' dir='ltr'><strong><em>pertinere</em></strong></span> <span class='ocrx_word' id='word_1_323' title='bbox 1633 3561 1733 3630; x_wconf 90' lang='lat' dir='ltr'><strong><em>qui</em></strong></span> <span class='ocrx_word' id='word_1_324' title='bbox 1756 3562 1859 3616; x_wconf 89' lang='lat' dir='ltr'><strong><em>sub</em></strong></span> <span class='ocrx_word' id='word_1_325' title='bbox 1883 3563 2028 3633; x_wconf 90' lang='lat' dir='ltr'><strong><em>Lege</em></strong></span> 
     </span>
    </p>
   </div>
   <div class='ocr_carea' id='block_1_39' title="bbox 335 3643 2028 3715">
    <p class='ocr_par' dir='ltr' id='par_1_39' title="bbox 335 3643 2028 3715">
     <span class='ocr_line' id='line_1_39' title="bbox 335 3643 2028 3715; baseline 0.004 -17"><span class='ocrx_word' id='word_1_326' title='bbox 335 3650 486 3712; x_wconf 89' lang='lat' dir='ltr'><strong><em>sunt,</em></strong></span> <span class='ocrx_word' id='word_1_327' title='bbox 521 3643 775 3698; x_wconf 90' lang='lat' dir='ltr'><strong><em>nondum</em></strong></span> <span class='ocrx_word' id='word_1_328' title='bbox 801 3645 906 3698; x_wconf 91' lang='lat' dir='ltr'><strong><em>sub</em></strong></span> <span class='ocrx_word' id='word_1_329' title='bbox 945 3644 1147 3715; x_wconf 89' lang='lat' dir='ltr'><strong><em>gratia.</em></strong></span> <span class='ocrx_word' id='word_1_330' title='bbox 1180 3646 1379 3700; x_wconf 78' lang='lat' dir='ltr'><strong><em>Adhuc</em></strong></span> <span class='ocrx_word' id='word_1_331' title='bbox 1408 3647 1563 3701; x_wconf 91' lang='lat' dir='ltr'><strong><em>enim</em></strong></span> <span class='ocrx_word' id='word_1_332' title='bbox 1591 3663 1708 3702; x_wconf 90' lang='lat' dir='ltr'><strong><em>non</em></strong></span> <span class='ocrx_word' id='word_1_333' title='bbox 1736 3647 2028 3704; x_wconf 90' lang='lat' dir='ltr'><strong><em>intellexe-</em></strong></span> 
     </span>
    </p>
   </div>
   <div class='ocr_carea' id='block_1_40' title="bbox 336 3732 2021 3806">
    <p class='ocr_par' dir='ltr' id='par_1_40' title="bbox 336 3732 2021 3806">
     <span class='ocr_line' id='line_1_40' title="bbox 336 3732 2021 3806; baseline 0.004 -20"><span class='ocrx_word' id='word_1_334' title='bbox 336 3749 462 3787; x_wconf 88' lang='lat' dir='ltr'><strong><em>ram</em></strong></span> <span class='ocrx_word' id='word_1_335' title='bbox 497 3733 618 3788; x_wconf 69' lang='lat' dir='ltr'><strong><em>haac</em></strong></span> <span class='ocrx_word' id='word_1_336' title='bbox 657 3732 828 3788; x_wconf 87' lang='lat' dir='ltr'><strong><em>verba</em></strong></span> <span class='ocrx_word' id='word_1_337' title='bbox 857 3737 912 3786; x_wconf 89' lang='lat' dir='ltr'><strong><em>et</em></strong></span> <span class='ocrx_word' id='word_1_338' title='bbox 939 3732 1054 3788; x_wconf 86' lang='lat' dir='ltr'><strong><em>illis</em></strong></span> <span class='ocrx_word' id='word_1_339' title='bbox 1093 3734 1193 3805; x_wconf 91' lang='lat' dir='ltr'><strong><em>qui</em></strong></span> <span class='ocrx_word' id='word_1_340' title='bbox 1223 3735 1326 3788; x_wconf 90' lang='lat' dir='ltr'><strong><em>sub</em></strong></span> <span class='ocrx_word' id='word_1_341' title='bbox 1357 3736 1540 3805; x_wconf 85' lang='lat' dir='ltr'><strong><em>gratia</em></strong></span> <span class='ocrx_word' id='word_1_342' title='bbox 1567 3741 1723 3806; x_wconf 89' lang='lat' dir='ltr'><strong><em>sunt,</em></strong></span> <span class='ocrx_word' id='word_1_343' title='bbox 1752 3753 1871 3792; x_wconf 91' lang='lat' dir='ltr'><strong><em>non</em></strong></span> <span class='ocrx_word' id='word_1_344' title='bbox 1915 3740 2021 3793; x_wconf 91' lang='lat' dir='ltr'><strong><em>sub</em></strong></span> 
     </span>
    </p>
   </div>
   <div class='ocr_carea' id='block_1_41' title="bbox 338 3823 2021 3898">
    <p class='ocr_par' dir='ltr' id='par_1_41' title="bbox 338 3823 2021 3898">
     <span class='ocr_line' id='line_1_41' title="bbox 338 3823 2021 3898; baseline 0.004 -24"><span class='ocrx_word' id='word_1_345' title='bbox 338 3823 507 3891; x_wconf 86' lang='lat' dir='ltr'><strong><em>Lege,</em></strong></span> <span class='ocrx_word' id='word_1_346' title='bbox 535 3826 839 3898; x_wconf 78' lang='lat' dir='ltr'><strong><em>propterea</em></strong></span> <span class='ocrx_word' id='word_1_347' title='bbox 867 3823 1192 3888; x_wconf 87' lang='lat' dir='ltr'><strong><em>convenire,</em></strong></span> <span class='ocrx_word' id='word_1_348' title='bbox 1226 3823 1362 3894; x_wconf 88' lang='lat' dir='ltr'><strong><em>quia</em></strong></span> <span class='ocrx_word' id='word_1_349' title='bbox 1392 3829 1447 3878; x_wconf 91' lang='lat' dir='ltr'><strong><em>et</em></strong></span> <span class='ocrx_word' id='word_1_350' title='bbox 1472 3823 1581 3895; x_wconf 89' lang='lat' dir='ltr'><strong><em>ipsi</em></strong></span> <span class='ocrx_word' id='word_1_351' title='bbox 1612 3826 2021 3896; x_wconf 88' lang='lat' dir='ltr'><strong><em>concupiscen-</em></strong></span> 
     </span>
    </p>
   </div>
   <div class='ocr_carea' id='block_1_42' title="bbox 331 3908 2025 3984">
    <p class='ocr_par' dir='ltr' id='par_1_42' title="bbox 331 3908 2025 3984">
     <span class='ocr_line' id='line_1_42' title="bbox 331 3908 2025 3984; baseline 0.004 -23"><span class='ocrx_word' id='word_1_352' title='bbox 331 3908 440 3962; x_wconf 90' lang='lat' dir='ltr'><strong><em>tias</em></strong></span> <span class='ocrx_word' id='word_1_353' title='bbox 467 3908 672 3975; x_wconf 90' lang='lat' dir='ltr'><strong><em>carnis,</em></strong></span> <span class='ocrx_word' id='word_1_354' title='bbox 692 3913 890 3964; x_wconf 90' lang='lat' dir='ltr'><strong><em>contra</em></strong></span> <span class='ocrx_word' id='word_1_355' title='bbox 913 3925 1054 3980; x_wconf 88' lang='lat' dir='ltr'><strong><em>quas</em></strong></span> <span class='ocrx_word' id='word_1_356' title='bbox 1083 3911 1291 3981; x_wconf 90' lang='lat' dir='ltr'><strong><em>spiritu</em></strong></span> <span class='ocrx_word' id='word_1_357' title='bbox 1312 3912 1738 3982; x_wconf 90' lang='lat' dir='ltr'><strong><em>concupiscunt,</em></strong></span> <span class='ocrx_word' id='word_1_358' title='bbox 1763 3916 2025 3984; x_wconf 80' lang='lat' dir='ltr'><strong><em>quamvis</em></strong></span> 
     </span>
    </p>
   </div>
   <div class='ocr_carea' id='block_1_43' title="bbox 332 3995 2026 4057">
    <p class='ocr_par' dir='ltr' id='par_1_43' title="bbox 332 3995 2026 4057">
     <span class='ocr_line' id='line_1_43' title="bbox 332 3995 2026 4057; baseline 0.004 -8"><span class='ocrx_word' id='word_1_359' title='bbox 332 3995 414 4049; x_wconf 90' lang='lat' dir='ltr'><strong><em>eis</em></strong></span> <span class='ocrx_word' id='word_1_360' title='bbox 461 4012 575 4050; x_wconf 93' lang='lat' dir='ltr'><strong><em>non</em></strong></span> <span class='ocrx_word' id='word_1_361' title='bbox 595 3997 953 4052; x_wconf 88' lang='lat' dir='ltr'><strong><em>consentiant</em></strong></span> <span class='ocrx_word' id='word_1_362' title='bbox 1000 3999 1220 4052; x_wconf 89' lang='lat' dir='ltr'><strong><em>nollent</em></strong></span> <span class='ocrx_word' id='word_1_363' title='bbox 1269 4005 1464 4053; x_wconf 89' lang='lat' dir='ltr'><strong><em>tamen</em></strong></span> <span class='ocrx_word' id='word_1_364' title='bbox 1504 4000 1650 4054; x_wconf 89' lang='lat' dir='ltr'><strong><em>ullas</em></strong></span> <span class='ocrx_word' id='word_1_365' title='bbox 1705 4001 1916 4057; x_wconf 88' lang='lat' dir='ltr'><strong><em>habere</em></strong></span> <span class='ocrx_word' id='word_1_366' title='bbox 1979 4003 2026 4056; x_wconf 89' lang='lat' dir='ltr'><strong><em>si</em></strong></span> 
     </span>
    </p>
   </div>
   <div class='ocr_carea' id='block_1_44' title="bbox 329 4084 2026 4160">
    <p class='ocr_par' dir='ltr' id='par_1_44' title="bbox 329 4084 2026 4160">
     <span class='ocr_line' id='line_1_44' title="bbox 329 4084 2026 4160; baseline 0.003 -22"><span class='ocrx_word' id='word_1_367' title='bbox 329 4088 579 4153; x_wconf 86' lang='lat' dir='ltr'><strong><em>possent.</em></strong></span> <span class='ocrx_word' id='word_1_368' title='bbox 617 4085 699 4147; x_wconf 89' lang='lat' dir='ltr'><strong><em>Et,</em></strong></span> <span class='ocrx_word' id='word_1_369' title='bbox 740 4084 868 4138; x_wconf 90' lang='lat' dir='ltr'><strong><em>ideo</em></strong></span> <span class='ocrx_word' id='word_1_370' title='bbox 889 4100 1006 4139; x_wconf 87' lang='lat' dir='ltr'><strong><em>non</em></strong></span> <span class='ocrx_word' id='word_1_371' title='bbox 1028 4102 1403 4156; x_wconf 64' lang='lat' dir='ltr'><strong><em>quaecumque</em></strong></span> <span class='ocrx_word' id='word_1_372' title='bbox 1419 4087 1617 4141; x_wconf 86' lang='lat' dir='ltr'><strong><em>volunt</em></strong></span> <span class='ocrx_word' id='word_1_373' title='bbox 1632 4087 1868 4156; x_wconf 88' lang='lat' dir='ltr'><strong><em>faciunt,</em></strong></span> <span class='ocrx_word' id='word_1_374' title='bbox 1892 4089 2026 4160; x_wconf 90' lang='lat' dir='ltr'><strong><em>quia</em></strong></span> 
     </span>
    </p>
   </div>
   <div class='ocr_carea' id='block_1_45' title="bbox 328 4171 2026 4242">
    <p class='ocr_par' dir='ltr' id='par_1_45' title="bbox 328 4171 2026 4242">
     <span class='ocr_line' id='line_1_45' title="bbox 328 4171 2026 4242; baseline 0.004 -18"><span class='ocrx_word' id='word_1_375' title='bbox 328 4173 531 4226; x_wconf 85' lang='lat' dir='ltr'><strong><em>volunt</em></strong></span> <span class='ocrx_word' id='word_1_376' title='bbox 571 4171 652 4224; x_wconf 90' lang='lat' dir='ltr'><strong><em>eis</em></strong></span> <span class='ocrx_word' id='word_1_377' title='bbox 695 4187 907 4234; x_wconf 87' lang='lat' dir='ltr'><strong><em>carere,</em></strong></span> <span class='ocrx_word' id='word_1_378' title='bbox 967 4188 1071 4226; x_wconf 91' lang='lat' dir='ltr'><strong><em>nec</em></strong></span> <span class='ocrx_word' id='word_1_379' title='bbox 1101 4178 1352 4242; x_wconf 89' lang='lat' dir='ltr'><strong><em>possunt.</em></strong></span> <span class='ocrx_word' id='word_1_380' title='bbox 1401 4175 1558 4229; x_wconf 90' lang='lat' dir='ltr'><strong><em>Tunc</em></strong></span> <span class='ocrx_word' id='word_1_381' title='bbox 1587 4175 1741 4230; x_wconf 91' lang='lat' dir='ltr'><strong><em>enim</em></strong></span> <span class='ocrx_word' id='word_1_382' title='bbox 1788 4193 1883 4231; x_wconf 91' lang='lat' dir='ltr'><strong><em>eas</em></strong></span> <span class='ocrx_word' id='word_1_383' title='bbox 1912 4193 2026 4231; x_wconf 93' lang='lat' dir='ltr'><strong><em>non</em></strong></span> 
     </span>
    </p>
   </div>
   <div class='ocr_carea' id='block_1_46' title="bbox 331 4259 2022 4330">
    <p class='ocr_par' dir='ltr' id='par_1_46' title="bbox 331 4259 2022 4330">
     <span class='ocr_line' id='line_1_46' title="bbox 331 4259 2022 4330; baseline 0.003 -16"><span class='ocrx_word' id='word_1_384' title='bbox 331 4260 645 4320; x_wconf 82' lang='lat' dir='ltr'><strong><em>habebunt,</em></strong></span> <span class='ocrx_word' id='word_1_385' title='bbox 681 4259 909 4329; x_wconf 88' lang='lat' dir='ltr'><strong><em>quando</em></strong></span> <span class='ocrx_word' id='word_1_386' title='bbox 937 4274 1040 4312; x_wconf 86' lang='lat' dir='ltr'><strong><em>nec</em></strong></span> <span class='ocrx_word' id='word_1_387' title='bbox 1067 4260 1500 4330; x_wconf 89' lang='lat' dir='ltr'><strong><em>corruptibilem</em></strong></span> <span class='ocrx_word' id='word_1_388' title='bbox 1529 4278 1778 4316; x_wconf 89' lang='lat' dir='ltr'><strong><em>carnem.</em></strong></span> <span class='ocrx_word' id='word_1_389' title='bbox 1815 4263 1914 4318; x_wconf 87' lang='lat' dir='ltr'><strong><em>Hic</em></strong></span> <span class='ocrx_word' id='word_1_390' title='bbox 1950 4265 2022 4319; x_wconf 88' lang='lat' dir='ltr'><strong><em>li-</em></strong></span> 
     </span>
    </p>
   </div>
   <div class='ocr_carea' id='block_1_47' title="bbox 261 4333 2022 4420">
    <p class='ocr_par' dir='ltr' id='par_1_47' title="bbox 261 4333 2022 4420">
     <span class='ocr_line' id='line_1_47' title="bbox 261 4333 2022 4420; baseline 0.004 -20"><span class='ocrx_word' id='word_1_391' title='bbox 261 4333 282 4350; x_wconf 80' lang='grc'><strong>’</strong></span> <span class='ocrx_word' id='word_1_392' title='bbox 329 4347 432 4400; x_wconf 89' lang='lat' dir='ltr'><strong><em>ber</em></strong></span> <span class='ocrx_word' id='word_1_393' title='bbox 461 4347 541 4400; x_wconf 89' lang='lat' dir='ltr'><strong><em>sic</em></strong></span> <span class='ocrx_word' id='word_1_394' title='bbox 569 4345 799 4416; x_wconf 88' lang='lat' dir='ltr'><strong><em>incipit:</em></strong></span> <span class='ocrx_word' id='word_1_395' title='bbox 843 4347 1019 4402; x_wconf 89' lang='lat' dir='ltr'><strong><em>Causa</em></strong></span> <span class='ocrx_word' id='word_1_396' title='bbox 1062 4353 1286 4416; x_wconf 87' lang='lat' dir='ltr'><strong><em>propter</em></strong></span> <span class='ocrx_word' id='word_1_397' title='bbox 1334 4364 1496 4417; x_wconf 88' lang='lat' dir='ltr'><strong><em>quam</em></strong></span> <span class='ocrx_word' id='word_1_398' title='bbox 1541 4349 1734 4404; x_wconf 87' lang='lat' dir='ltr'><strong><em>scribit</em></strong></span> <span class='ocrx_word' id='word_1_399' title='bbox 1782 4351 2022 4420; x_wconf 82' lang='lat' dir='ltr'><strong><em>Aposto-</em></strong></span> 
     </span>
    </p>
   </div>
   <div class='ocr_carea' id='block_1_48' title="bbox 331 4435 434 4487">
    <p class='ocr_par' dir='ltr' id='par_1_48' title="bbox 331 4435 434 4487">
     <span class='ocr_line' id='line_1_48' title="bbox 331 4435 434 4487; baseline -0.049 -1"><span class='ocrx_word' id='word_1_400' title='bbox 331 4435 434 4487; x_wconf 92' lang='lat' dir='ltr'><strong><em>lus.</em></strong></span> 
     </span>
    </p>
   </div>
   <div class='ocr_carea' id='block_1_49' title="bbox 968 4521 1384 4578">
    <p class='ocr_par' dir='ltr' id='par_1_49' title="bbox 968 4521 1384 4578">
     <span class='ocr_line' id='line_1_49' title="bbox 968 4521 1384 4578; baseline 0 -2"><span class='ocrx_word' id='word_1_401' title='bbox 968 4521 1192 4576; x_wconf 78' lang='lat' dir='ltr'><strong><em>CAPUT</em></strong></span> <span class='ocrx_word' id='word_1_402' title='bbox 1232 4524 1384 4578; x_wconf 82' lang='lat' dir='ltr'><strong><em>XXV.</em></strong></span> 
     </span>
    </p>
   </div>
   <div class='ocr_carea' id='block_1_50' title="bbox 396 4609 2018 4682">
    <p class='ocr_par' dir='ltr' id='par_1_50' title="bbox 396 4609 2018 4682">
     <span class='ocr_line' id='line_1_50' title="bbox 396 4609 2018 4682; baseline 0.005 -18"><span class='ocrx_word' id='word_1_403' title='bbox 396 4609 652 4677; x_wconf 70' lang='lat' dir='ltr'><strong><em>Epistolas</em></strong></span> <span class='ocrx_word' id='word_1_404' title='bbox 679 4609 753 4664; x_wconf 89' lang='lat' dir='ltr'><strong><em>ad</em></strong></span> <span class='ocrx_word' id='word_1_405' title='bbox 779 4612 1044 4666; x_wconf 85' lang='lat' dir='ltr'><strong><em>Romanos</em></strong></span> <span class='ocrx_word' id='word_1_406' title='bbox 1073 4612 1329 4666; x_wconf 88' lang='lat' dir='ltr'><strong><em>inchoata</em></strong></span> <span class='ocrx_word' id='word_1_407' title='bbox 1352 4615 1659 4682; x_wconf 66' lang='lat' dir='ltr'><strong><em>Expositio,</em></strong></span> <span class='ocrx_word' id='word_1_408' title='bbox 1691 4615 1828 4670; x_wconf 87' lang='lat' dir='ltr'><strong><em>liber</em></strong></span> <span class='ocrx_word' id='word_1_409' title='bbox 1858 4631 2018 4672; x_wconf 88' lang='lat' dir='ltr'><strong><em>unus.</em></strong></span> 
     </span>
    </p>
   </div>
   <div class='ocr_carea' id='block_1_51' title="bbox 401 4713 2022 4790">
    <p class='ocr_par' dir='ltr' id='par_1_51' title="bbox 401 4713 2022 4790">
     <span class='ocr_line' id='line_1_51' title="bbox 401 4713 2022 4790; baseline 0.006 -23"><span class='ocrx_word' id='word_1_410' title='bbox 401 4713 667 4784; x_wconf 82' lang='lat' dir='ltr'><strong><em>Epistolee</em></strong></span> <span class='ocrx_word' id='word_1_411' title='bbox 717 4732 947 4788; x_wconf 91' lang='lat' dir='ltr'><strong><em>quoque</em></strong></span> <span class='ocrx_word' id='word_1_412' title='bbox 968 4717 1038 4772; x_wconf 88' lang='lat' dir='ltr'><strong><em>ad</em></strong></span> <span class='ocrx_word' id='word_1_413' title='bbox 1060 4719 1366 4788; x_wconf 86' lang='lat' dir='ltr'><strong><em>Romanos,</em></strong></span> <span class='ocrx_word' id='word_1_414' title='bbox 1399 4719 1542 4774; x_wconf 89' lang='lat' dir='ltr'><strong><em>sicut</em></strong></span> <span class='ocrx_word' id='word_1_415' title='bbox 1561 4719 1899 4790; x_wconf 61' lang='lat' dir='ltr'><strong><em>adﬁalatas,</em></strong></span> <span class='ocrx_word' id='word_1_416' title='bbox 1927 4738 2022 4776; x_wconf 82' lang='lat' dir='ltr'><strong><em>ex-</em></strong></span> 
     </span>
    </p>
   </div>
   <div class='ocr_carea' id='block_1_52' title="bbox 325 4801 2019 4880">
    <p class='ocr_par' dir='ltr' id='par_1_52' title="bbox 325 4801 2019 4880">
     <span class='ocr_line' id='line_1_52' title="bbox 325 4801 2019 4880; baseline 0.005 -24"><span class='ocrx_word' id='word_1_417' title='bbox 325 4801 665 4873; x_wconf 88' lang='lat' dir='ltr'><strong><em>positionem</em></strong></span> <span class='ocrx_word' id='word_1_418' title='bbox 699 4820 1076 4874; x_wconf 90' lang='lat' dir='ltr'><strong><em>susceperam.</em></strong></span> <span class='ocrx_word' id='word_1_419' title='bbox 1109 4805 1214 4860; x_wconf 87' lang='lat' dir='ltr'><strong><em>Sed</em></strong></span> <span class='ocrx_word' id='word_1_420' title='bbox 1259 4807 1432 4878; x_wconf 86' lang='lat' dir='ltr'><strong><em>hujus</em></strong></span> <span class='ocrx_word' id='word_1_421' title='bbox 1461 4807 1670 4878; x_wconf 90' lang='lat' dir='ltr'><strong><em>operis,</em></strong></span> <span class='ocrx_word' id='word_1_422' title='bbox 1703 4809 1747 4862; x_wconf 89' lang='lat' dir='ltr'><strong><em>si</em></strong></span> <span class='ocrx_word' id='word_1_423' title='bbox 1781 4809 2019 4880; x_wconf 85' lang='lat' dir='ltr'><strong><em>perlice-</em></strong></span> 
     </span>
    </p>
   </div>
   <div class='ocr_carea' id='block_1_53' title="bbox 328 4889 2020 4965">
    <p class='ocr_par' dir='ltr' id='par_1_53' title="bbox 328 4889 2020 4965">
     <span class='ocr_line' id='line_1_53' title="bbox 328 4889 2020 4965; baseline 0.005 -23"><span class='ocrx_word' id='word_1_424' title='bbox 328 4895 504 4952; x_wconf 90' lang='lat' dir='ltr'><strong><em>retur,</em></strong></span> <span class='ocrx_word' id='word_1_425' title='bbox 537 4889 729 4960; x_wconf 87' lang='lat' dir='ltr'><strong><em>plures</em></strong></span> <span class='ocrx_word' id='word_1_426' title='bbox 749 4891 879 4946; x_wconf 90' lang='lat' dir='ltr'><strong><em>libri</em></strong></span> <span class='ocrx_word' id='word_1_427' title='bbox 910 4899 1073 4948; x_wconf 90' lang='lat' dir='ltr'><strong><em>erant</em></strong></span> <span class='ocrx_word' id='word_1_428' title='bbox 1101 4893 1306 4961; x_wconf 89' lang='lat' dir='ltr'><strong><em>futuri;</em></strong></span> <span class='ocrx_word' id='word_1_429' title='bbox 1340 4911 1589 4965; x_wconf 91' lang='lat' dir='ltr'><strong><em>quorum</em></strong></span> <span class='ocrx_word' id='word_1_430' title='bbox 1610 4912 1792 4950; x_wconf 91' lang='lat' dir='ltr'><strong><em>unum</em></strong></span> <span class='ocrx_word' id='word_1_431' title='bbox 1818 4898 1879 4950; x_wconf 90' lang='lat' dir='ltr'><strong><em>in</em></strong></span> <span class='ocrx_word' id='word_1_432' title='bbox 1899 4899 2020 4952; x_wconf 91' lang='lat' dir='ltr'><strong><em>sola</em></strong></span> 
     </span>
    </p>
   </div>
   <div class='ocr_carea' id='block_1_54' title="bbox 326 4977 2020 5050">
    <p class='ocr_par' dir='ltr' id='par_1_54' title="bbox 326 4977 2020 5050">
     <span class='ocr_line' id='line_1_54' title="bbox 326 4977 2020 5050; baseline 0.003 -16"><span class='ocrx_word' id='word_1_433' title='bbox 326 4977 709 5048; x_wconf 87' lang='lat' dir='ltr'><strong><em>disputatione</em></strong></span> <span class='ocrx_word' id='word_1_434' title='bbox 737 4978 916 5048; x_wconf 88' lang='lat' dir='ltr'><strong><em>ipsius</em></strong></span> <span class='ocrx_word' id='word_1_435' title='bbox 947 4980 1302 5034; x_wconf 88' lang='lat' dir='ltr'><strong><em>salutationis</em></strong></span> <span class='ocrx_word' id='word_1_436' title='bbox 1333 4983 1569 5050; x_wconf 87' lang='lat' dir='ltr'><strong><em>absolvi,</em></strong></span> <span class='ocrx_word' id='word_1_437' title='bbox 1600 4985 1672 5039; x_wconf 89' lang='lat' dir='ltr'><strong><em>ab</em></strong></span> <span class='ocrx_word' id='word_1_438' title='bbox 1692 4984 1856 5039; x_wconf 92' lang='lat' dir='ltr'><strong><em>initio</em></strong></span> <span class='ocrx_word' id='word_1_439' title='bbox 1875 4985 2020 5039; x_wconf 91' lang='lat' dir='ltr'><strong><em>scili-</em></strong></span> 
     </span>
    </p>
   </div>
   <div class='ocr_carea' id='block_1_55' title="bbox 324 5065 2016 5141">
    <p class='ocr_par' dir='ltr' id='par_1_55' title="bbox 324 5065 2016 5141">
     <span class='ocr_line' id='line_1_55' title="bbox 324 5065 2016 5141; baseline 0.005 -21"><span class='ocrx_word' id='word_1_440' title='bbox 324 5073 414 5121; x_wconf 89' lang='lat' dir='ltr'><strong><em>cet</em></strong></span> <span class='ocrx_word' id='word_1_441' title='bbox 445 5082 622 5137; x_wconf 89' lang='lat' dir='ltr'><strong><em>usque</em></strong></span> <span class='ocrx_word' id='word_1_442' title='bbox 651 5067 724 5121; x_wconf 89' lang='lat' dir='ltr'><strong><em>ad</em></strong></span> <span class='ocrx_word' id='word_1_443' title='bbox 751 5065 912 5131; x_wconf 89' lang='lat' dir='ltr'><strong><em>illud,</em></strong></span> <span class='ocrx_word' id='word_1_444' title='bbox 947 5068 1042 5120; x_wconf 90' lang='lat' dir='ltr'><strong><em>ubi</em></strong></span> <span class='ocrx_word' id='word_1_445' title='bbox 1071 5067 1177 5121; x_wconf 89' lang='lat' dir='ltr'><strong><em>ait:</em></strong></span> <span class='ocrx_word' id='word_1_446' title='bbox 1207 5071 1400 5124; x_wconf 82' lang='lat' dir='ltr'><strong><em>Gratia</em></strong></span> <span class='ocrx_word' id='word_1_447' title='bbox 1425 5071 1574 5125; x_wconf 89' lang='lat' dir='ltr'><strong><em>vobis</em></strong></span> <span class='ocrx_word' id='word_1_448' title='bbox 1606 5077 1654 5126; x_wconf 89' lang='lat' dir='ltr'><strong><em>et</em></strong></span> <span class='ocrx_word' id='word_1_449' title='bbox 1693 5089 1810 5141; x_wconf 72' lang='lat' dir='ltr'><strong><em>pax</em></strong></span> <span class='ocrx_word' id='word_1_450' title='bbox 1848 5090 1883 5128; x_wconf 92' lang='lat' dir='ltr'><strong><em>a</em></strong></span> <span class='ocrx_word' id='word_1_451' title='bbox 1913 5077 2016 5128; x_wconf 80' lang='lat' dir='ltr'><strong><em>Deo</em></strong></span> 
     </span>
    </p>
   </div>
   <div class='ocr_carea' id='block_1_56' title="bbox 319 5156 2015 5232">
    <p class='ocr_par' dir='ltr' id='par_1_56' title="bbox 319 5156 2015 5232">
     <span class='ocr_line' id='line_1_56' title="bbox 319 5156 2015 5232; baseline 0.004 -23"><span class='ocrx_word' id='word_1_452' title='bbox 319 5157 482 5210; x_wconf 88' lang='lat' dir='ltr'><strong><em>Patre</em></strong></span> <span class='ocrx_word' id='word_1_453' title='bbox 531 5159 716 5232; x_wconf 83' lang='lat' dir='ltr'><strong><em>nostro</em></strong></span> <span class='ocrx_word' id='word_1_454' title='bbox 775 5160 824 5208; x_wconf 92' lang='lat' dir='ltr'><strong><em>et</em></strong></span> <span class='ocrx_word' id='word_1_455' title='bbox 883 5156 1106 5210; x_wconf 89' lang='lat' dir='ltr'><strong><em>Domino</em></strong></span> <span class='ocrx_word' id='word_1_456' title='bbox 1163 5158 1302 5211; x_wconf 89' lang='lat' dir='ltr'><strong><em>Jesu</em></strong></span> <span class='ocrx_word' id='word_1_457' title='bbox 1349 5158 1582 5213; x_wconf 84' lang='lat' dir='ltr'><strong><em>Christo.</em></strong></span> <span class='ocrx_word' id='word_1_458' title='bbox 1651 5161 1883 5216; x_wconf 85' lang='lat' dir='ltr'><strong><em>Factum</em></strong></span> <span class='ocrx_word' id='word_1_459' title='bbox 1932 5167 2015 5216; x_wconf 90' lang='lat' dir='ltr'><strong><em>est</em></strong></span> 
     </span>
    </p>
   </div>
   <div class='ocr_carea' id='block_1_57' title="bbox 322 5243 2014 5314">
    <p class='ocr_par' dir='ltr' id='par_1_57' title="bbox 322 5243 2014 5314">
     <span class='ocr_line' id='line_1_57' title="bbox 322 5243 2014 5314; baseline 0.004 -16"><span class='ocrx_word' id='word_1_460' title='bbox 322 5243 535 5314; x_wconf 89' lang='lat' dir='ltr'><strong><em>quippe</em></strong></span> <span class='ocrx_word' id='word_1_461' title='bbox 554 5248 617 5298; x_wconf 91' lang='lat' dir='ltr'><strong><em>ut</em></strong></span> <span class='ocrx_word' id='word_1_462' title='bbox 631 5243 1070 5297; x_wconf 89' lang='lat' dir='ltr'><strong><em>immoraremur</em></strong></span> <span class='ocrx_word' id='word_1_463' title='bbox 1089 5258 1219 5296; x_wconf 91' lang='lat' dir='ltr'><strong><em>cum</em></strong></span> <span class='ocrx_word' id='word_1_464' title='bbox 1240 5244 1513 5299; x_wconf 90' lang='lat' dir='ltr'><strong><em>vellemus</em></strong></span> <span class='ocrx_word' id='word_1_465' title='bbox 1534 5246 1751 5300; x_wconf 84' lang='lat' dir='ltr'><strong><em>solvere</em></strong></span> <span class='ocrx_word' id='word_1_466' title='bbox 1771 5248 2014 5305; x_wconf 71' lang='lat' dir='ltr'><strong><em>inciden-</em></strong></span> 
     </span>
    </p>
   </div>
   <div class='ocr_carea' id='block_1_58' title="bbox 385 5365 2014 5437">
    <p class='ocr_par' dir='ltr' id='par_1_58' title="bbox 385 5365 2014 5437">
     <span class='ocr_line' id='line_1_58' title="bbox 385 5365 2014 5437; baseline 0.005 -23"><span class='ocrx_word' id='word_1_467' title='bbox 385 5368 400 5399; x_wconf 89' lang='grc'>¹</span> <span class='ocrx_word' id='word_1_468' title='bbox 422 5366 497 5414; x_wconf 89' lang='lat' dir='ltr'><strong><em>Ita</em></strong></span> <span class='ocrx_word' id='word_1_469' title='bbox 523 5366 641 5437; x_wconf 71' lang='lat' dir='ltr'><strong><em>Mss.</em></strong></span> <span class='ocrx_word' id='word_1_470' title='bbox 661 5365 896 5437; x_wconf 70' lang='lat' dir='ltr'><strong><em>plerique</em></strong></span> <span class='ocrx_word' id='word_1_471' title='bbox 911 5365 1249 5437; x_wconf 33' lang='lat' dir='ltr'><strong><em>juxtagraa‘c.‘</em></strong></span> <span class='ocrx_word' id='word_1_472' title='bbox 1261 5365 1586 5437; x_wconf 59' lang='lat' dir='ltr'><strong><em>prosetélhq,</em></strong></span> <span class='ocrx_word' id='word_1_473' title='bbox 1608 5382 1704 5437; x_wconf 78' lang='lat' dir='ltr'><strong><em>nec</em></strong></span> <span class='ocrx_word' id='word_1_474' title='bbox 1725 5384 1833 5419; x_wconf 89' lang='lat' dir='ltr'><strong><em>non</em></strong></span> <span class='ocrx_word' id='word_1_475' title='bbox 1853 5373 2014 5422; x_wconf 85' lang='lat' dir='ltr'><strong><em>Lova-</em></strong></span> 
     </span>
    </p>
   </div>
   <div class='ocr_carea' id='block_1_59' title="bbox 321 5426 2012 5496">
    <p class='ocr_par' dir='ltr' id='par_1_59' title="bbox 321 5426 2012 5496">
     <span class='ocr_line' id='line_1_59' title="bbox 321 5426 2012 5496; baseline 0.007 -23"><span class='ocrx_word' id='word_1_476' title='bbox 321 5426 529 5496; x_wconf 68' lang='lat' dir='ltr'><strong><em>nienses</em></strong></span> <span class='ocrx_word' id='word_1_477' title='bbox 560 5429 614 5475; x_wconf 91' lang='lat' dir='ltr'><strong><em>in</em></strong></span> <span class='ocrx_word' id='word_1_478' title='bbox 644 5426 705 5496; x_wconf 68' lang='lat' dir='ltr'><strong><em>eo</em></strong></span> <span class='ocrx_word' id='word_1_479' title='bbox 734 5426 868 5496; x_wconf 75' lang='lat' dir='ltr'><strong><em>loco,</em></strong></span> <span class='ocrx_word' id='word_1_480' title='bbox 899 5426 988 5492; x_wconf 81' lang='lat' dir='ltr'><strong><em>qui</em></strong></span> <span class='ocrx_word' id='word_1_481' title='bbox 1011 5426 1341 5490; x_wconf 80' lang='lat' dir='ltr'><strong><em>retractatur,</em></strong></span> <span class='ocrx_word' id='word_1_482' title='bbox 1359 5426 1599 5492; x_wconf 84' lang='lat' dir='ltr'><strong><em>quamvis</em></strong></span> <span class='ocrx_word' id='word_1_483' title='bbox 1616 5431 1700 5480; x_wconf 91' lang='lat' dir='ltr'><strong><em>hic</em></strong></span> <span class='ocrx_word' id='word_1_484' title='bbox 1719 5441 2012 5496; x_wconf 88' lang='lat' dir='ltr'><strong><em>sequantur</em></strong></span> 
     </span>
    </p>
   </div>
   <div class='ocr_carea' id='block_1_60' title="bbox 321 5487 938 5558">
    <p class='ocr_par' dir='ltr' id='par_1_60' title="bbox 321 5487 938 5558">
     <span class='ocr_line' id='line_1_60' title="bbox 321 5487 938 5558; baseline 0.008 -24"><span class='ocrx_word' id='word_1_485' title='bbox 321 5487 530 5550; x_wconf 85' lang='lat' dir='ltr'><strong><em>Vulgat.</em></strong></span> <span class='ocrx_word' id='word_1_486' title='bbox 557 5493 728 5552; x_wconf 82' lang='lat' dir='ltr'><strong><em>posita</em></strong></span> <span class='ocrx_word' id='word_1_487' title='bbox 755 5487 864 5542; x_wconf 74' lang='lat' dir='ltr'><strong><em>est.</em></strong></span> <span class='ocrx_word' id='word_1_488' title='bbox 916 5487 938 5558; x_wconf 69' lang='lat'><strong><em>&#39;_</em></strong></span> 
     </span>
    </p>
   </div>
   <div class='ocr_carea' id='block_1_61' title="bbox 1467 277 2699 336">
    <p class='ocr_par' dir='ltr' id='par_1_61' title="bbox 1467 277 2699 336">
     <span class='ocr_line' id='line_1_61' title="bbox 1467 277 2699 336; baseline -0.002 -3"><span class='ocrx_word' id='word_1_489' title='bbox 1467 277 2123 336; x_wconf 81' lang='lat' dir='ltr'><strong><em>RETRACTATIONUM</em></strong></span> <span class='ocrx_word' id='word_1_490' title='bbox 2173 277 2226 332; x_wconf 86' lang='lat' dir='ltr'><strong><em>S.</em></strong></span> <span class='ocrx_word' id='word_1_491' title='bbox 2297 277 2699 334; x_wconf 83' lang='lat' dir='ltr'><strong><em>AUGUSTINI.</em></strong></span> 
     </span>
    </p>
   </div>
   <div class='ocr_carea' id='block_1_62' title="bbox 3746 282 3867 336">
    <p class='ocr_par' dir='ltr' id='par_1_62' title="bbox 3746 282 3867 336">
     <span class='ocr_line' id='line_1_62' title="bbox 3746 282 3867 336; baseline 0.017 -2"><span class='ocrx_word' id='word_1_492' title='bbox 3746 282 3867 336; x_wconf 68' lang='grc'><strong><em>624</em></strong></span> 
     </span>
    </p>
   </div>
   <div class='ocr_carea' id='block_1_63' title="bbox 2129 417 3863 491">
    <p class='ocr_par' dir='ltr' id='par_1_63' title="bbox 2129 417 3863 491">
     <span class='ocr_line' id='line_1_63' title="bbox 2129 417 3863 491; baseline 0.001 -19"><span class='ocrx_word' id='word_1_493' title='bbox 2129 423 2244 473; x_wconf 90' lang='lat' dir='ltr'><strong><em>tem</em></strong></span> <span class='ocrx_word' id='word_1_494' title='bbox 2277 420 2529 474; x_wconf 90' lang='lat' dir='ltr'><strong><em>sermoni</em></strong></span> <span class='ocrx_word' id='word_1_495' title='bbox 2558 423 2752 473; x_wconf 88' lang='lat' dir='ltr'><strong><em>nostro</em></strong></span> <span class='ocrx_word' id='word_1_496' title='bbox 2772 417 3172 472; x_wconf 77' lang='lat' dir='ltr'><strong><em>difﬁcillimam</em></strong></span> <span class='ocrx_word' id='word_1_497' title='bbox 3204 418 3588 489; x_wconf 56' lang='lat' dir='ltr'><strong><em>quaestionem</em></strong></span> <span class='ocrx_word' id='word_1_498' title='bbox 3611 419 3686 473; x_wconf 90' lang='lat' dir='ltr'><strong><em>de</em></strong></span> <span class='ocrx_word' id='word_1_499' title='bbox 3713 435 3863 491; x_wconf 79' lang='lat' dir='ltr'><strong><em>pec-</em></strong></span> 
     </span>
    </p>
   </div>
   <div class='ocr_carea' id='block_1_64' title="bbox 2127 507 3844 580">
    <p class='ocr_par' dir='ltr' id='par_1_64' title="bbox 2127 507 3844 580">
     <span class='ocr_line' id='line_1_64' title="bbox 2127 507 3844 580; baseline 0.001 -18"><span class='ocrx_word' id='word_1_500' title='bbox 2127 513 2251 562; x_wconf 89' lang='lat' dir='ltr'><strong><em>cato</em></strong></span> <span class='ocrx_word' id='word_1_501' title='bbox 2280 508 2340 562; x_wconf 90' lang='lat' dir='ltr'><strong><em>in</em></strong></span> <span class='ocrx_word' id='word_1_502' title='bbox 2367 507 2638 578; x_wconf 90' lang='lat' dir='ltr'><strong><em>Spiritum</em></strong></span> <span class='ocrx_word' id='word_1_503' title='bbox 2665 510 2946 575; x_wconf 90' lang='lat' dir='ltr'><strong><em>sanctum,</em></strong></span> <span class='ocrx_word' id='word_1_504' title='bbox 2969 507 3126 578; x_wconf 90' lang='lat' dir='ltr'><strong><em>quod</em></strong></span> <span class='ocrx_word' id='word_1_505' title='bbox 3149 521 3266 560; x_wconf 93' lang='lat' dir='ltr'><strong><em>non</em></strong></span> <span class='ocrx_word' id='word_1_506' title='bbox 3285 507 3614 562; x_wconf 88' lang='lat' dir='ltr'><strong><em>remittatur</em></strong></span> <span class='ocrx_word' id='word_1_507' title='bbox 3633 523 3844 580; x_wconf 84' lang='lat' dir='ltr'><strong><em>neque</em></strong></span> 
     </span>
    </p>
   </div>
   <div class='ocr_carea' id='block_1_65' title="bbox 2130 594 3854 667">
    <p class='ocr_par' dir='ltr' id='par_1_65' title="bbox 2130 594 3854 667">
     <span class='ocr_line' id='line_1_65' title="bbox 2130 594 3854 667; baseline 0.001 -17"><span class='ocrx_word' id='word_1_508' title='bbox 2130 597 2191 650; x_wconf 89' lang='lat' dir='ltr'><strong><em>in</em></strong></span> <span class='ocrx_word' id='word_1_509' title='bbox 2221 597 2327 650; x_wconf 87' lang='lat' dir='ltr'><strong><em>hoc</em></strong></span> <span class='ocrx_word' id='word_1_510' title='bbox 2351 597 2557 650; x_wconf 68' lang='lat' dir='ltr'><strong><em>saeculo</em></strong></span> <span class='ocrx_word' id='word_1_511' title='bbox 2596 611 2783 667; x_wconf 89' lang='lat' dir='ltr'><strong><em>neque</em></strong></span> <span class='ocrx_word' id='word_1_512' title='bbox 2803 594 2862 650; x_wconf 90' lang='lat' dir='ltr'><strong><em>in</em></strong></span> <span class='ocrx_word' id='word_1_513' title='bbox 2884 595 3100 650; x_wconf 87' lang='lat' dir='ltr'><strong><em>futuro.</em></strong></span> <span class='ocrx_word' id='word_1_514' title='bbox 3139 594 3250 650; x_wconf 90' lang='lat' dir='ltr'><strong><em>Sed</em></strong></span> <span class='ocrx_word' id='word_1_515' title='bbox 3281 595 3488 650; x_wconf 89' lang='lat' dir='ltr'><strong><em>deinde</em></strong></span> <span class='ocrx_word' id='word_1_516' title='bbox 3518 596 3632 649; x_wconf 89' lang='lat' dir='ltr'><strong><em>alia</em></strong></span> <span class='ocrx_word' id='word_1_517' title='bbox 3676 597 3854 651; x_wconf 90' lang='lat' dir='ltr'><strong><em>volu-</em></strong></span> 
     </span>
    </p>
   </div>
   <div class='ocr_carea' id='block_1_66' title="bbox 2134 683 3851 754">
    <p class='ocr_par' dir='ltr' id='par_1_66' title="bbox 2134 683 3851 754">
     <span class='ocr_line' id='line_1_66' title="bbox 2134 683 3851 754; baseline -0.001 -14"><span class='ocrx_word' id='word_1_518' title='bbox 2134 686 2292 740; x_wconf 90' lang='lat' dir='ltr'><strong><em>mina</em></strong></span> <span class='ocrx_word' id='word_1_519' title='bbox 2323 685 2532 739; x_wconf 86' lang='lat' dir='ltr'><strong><em>cessavi</em></strong></span> <span class='ocrx_word' id='word_1_520' title='bbox 2573 685 2884 754; x_wconf 87' lang='lat' dir='ltr'><strong><em>adjungere</em></strong></span> <span class='ocrx_word' id='word_1_521' title='bbox 2922 683 3258 754; x_wconf 89' lang='lat' dir='ltr'><strong><em>exponendo</em></strong></span> <span class='ocrx_word' id='word_1_522' title='bbox 3290 684 3599 754; x_wconf 86' lang='lat' dir='ltr'><strong><em>Epistolam</em></strong></span> <span class='ocrx_word' id='word_1_523' title='bbox 3628 689 3851 752; x_wconf 86' lang='lat' dir='ltr'><strong><em>totam,</em></strong></span> 
     </span>
    </p>
   </div>
   <div class='ocr_carea' id='block_1_67' title="bbox 2132 771 3859 844">
    <p class='ocr_par' dir='ltr' id='par_1_67' title="bbox 2132 771 3859 844">
     <span class='ocr_line' id='line_1_67' title="bbox 2132 771 3859 844; baseline 0.001 -17"><span class='ocrx_word' id='word_1_524' title='bbox 2132 773 2311 844; x_wconf 89' lang='lat' dir='ltr'><strong><em>ipsius</em></strong></span> <span class='ocrx_word' id='word_1_525' title='bbox 2341 772 2528 844; x_wconf 89' lang='lat' dir='ltr'><strong><em>operis</em></strong></span> <span class='ocrx_word' id='word_1_526' title='bbox 2559 772 2957 843; x_wconf 86' lang='lat' dir='ltr'><strong><em>magnitudine</em></strong></span> <span class='ocrx_word' id='word_1_527' title='bbox 3001 787 3066 825; x_wconf 89' lang='lat' dir='ltr'><strong><em>ac</em></strong></span> <span class='ocrx_word' id='word_1_528' title='bbox 3092 772 3292 826; x_wconf 88' lang='lat' dir='ltr'><strong><em>labore</em></strong></span> <span class='ocrx_word' id='word_1_529' title='bbox 3332 771 3661 836; x_wconf 87' lang='lat' dir='ltr'><strong><em>deterritus,</em></strong></span> <span class='ocrx_word' id='word_1_530' title='bbox 3698 777 3761 828; x_wconf 88' lang='lat' dir='ltr'><strong><em>et</em></strong></span> <span class='ocrx_word' id='word_1_531' title='bbox 3791 773 3859 828; x_wconf 87' lang='lat' dir='ltr'><strong><em>in</em></strong></span> 
     </span>
    </p>
   </div>
   <div class='ocr_carea' id='block_1_68' title="bbox 2135 859 3856 916">
    <p class='ocr_par' dir='ltr' id='par_1_68' title="bbox 2135 859 3856 916">
     <span class='ocr_line' id='line_1_68' title="bbox 2135 859 3856 916; baseline 0.001 -1"><span class='ocrx_word' id='word_1_532' title='bbox 2135 862 2247 915; x_wconf 89' lang='lat' dir='ltr'><strong><em>alia</em></strong></span> <span class='ocrx_word' id='word_1_533' title='bbox 2275 861 2531 916; x_wconf 84' lang='lat' dir='ltr'><strong><em>faciliora</em></strong></span> <span class='ocrx_word' id='word_1_534' title='bbox 2559 861 2812 916; x_wconf 86' lang='lat' dir='ltr'><strong><em>deﬂexus</em></strong></span> <span class='ocrx_word' id='word_1_535' title='bbox 2850 875 2997 914; x_wconf 91' lang='lat' dir='ltr'><strong><em>sum.</em></strong></span> <span class='ocrx_word' id='word_1_536' title='bbox 3033 861 3116 914; x_wconf 90' lang='lat' dir='ltr'><strong><em>Ita</em></strong></span> <span class='ocrx_word' id='word_1_537' title='bbox 3158 859 3376 914; x_wconf 87' lang='lat' dir='ltr'><strong><em>factum</em></strong></span> <span class='ocrx_word' id='word_1_538' title='bbox 3409 863 3496 914; x_wconf 86' lang='lat' dir='ltr'><strong><em>est</em></strong></span> <span class='ocrx_word' id='word_1_539' title='bbox 3519 865 3583 915; x_wconf 89' lang='lat' dir='ltr'><strong><em>ut</em></strong></span> <span class='ocrx_word' id='word_1_540' title='bbox 3627 860 3856 916; x_wconf 83' lang='lat' dir='ltr'><strong><em>librum</em></strong></span> 
     </span>
    </p>
   </div>
   <div class='ocr_carea' id='block_1_69' title="bbox 2136 947 3858 1019">
    <p class='ocr_par' dir='ltr' id='par_1_69' title="bbox 2136 947 3858 1019">
     <span class='ocr_line' id='line_1_69' title="bbox 2136 947 3858 1019; baseline 0.001 -18"><span class='ocrx_word' id='word_1_541' title='bbox 2136 965 2308 1018; x_wconf 89' lang='lat' dir='ltr'><strong><em>quem</em></strong></span> <span class='ocrx_word' id='word_1_542' title='bbox 2326 949 2568 1003; x_wconf 85' lang='lat' dir='ltr'><strong><em>feceram</em></strong></span> <span class='ocrx_word' id='word_1_543' title='bbox 2588 947 2860 1018; x_wconf 89' lang='lat' dir='ltr'><strong><em>primum,</em></strong></span> <span class='ocrx_word' id='word_1_544' title='bbox 2886 947 3274 1018; x_wconf 89' lang='lat' dir='ltr'><strong><em>relinquerem</em></strong></span> <span class='ocrx_word' id='word_1_545' title='bbox 3295 949 3511 1015; x_wconf 92' lang='lat' dir='ltr'><strong><em>solum,</em></strong></span> <span class='ocrx_word' id='word_1_546' title='bbox 3533 949 3700 1019; x_wconf 86' lang='lat' dir='ltr'><strong><em>cujus</em></strong></span> <span class='ocrx_word' id='word_1_547' title='bbox 3720 963 3858 1004; x_wconf 88' lang='lat' dir='ltr'><strong><em>esse</em></strong></span> 
     </span>
    </p>
   </div>
   <div class='ocr_carea' id='block_1_70' title="bbox 2135 1034 3854 1108">
    <p class='ocr_par' dir='ltr' id='par_1_70' title="bbox 2135 1034 3854 1108">
     <span class='ocr_line' id='line_1_70' title="bbox 2135 1034 3854 1108; baseline 0 -18"><span class='ocrx_word' id='word_1_548' title='bbox 2135 1037 2343 1090; x_wconf 91' lang='lat' dir='ltr'><strong><em>tiulum</em></strong></span> <span class='ocrx_word' id='word_1_549' title='bbox 2373 1036 2555 1090; x_wconf 85' lang='lat' dir='ltr'><strong><em>volui:</em></strong></span> <span class='ocrx_word' id='word_1_550' title='bbox 2590 1035 2857 1105; x_wconf 61' lang='lat' dir='ltr'><strong><em>Epistolas</em></strong></span> <span class='ocrx_word' id='word_1_551' title='bbox 2902 1034 2973 1089; x_wconf 88' lang='lat' dir='ltr'><strong><em>ad</em></strong></span> <span class='ocrx_word' id='word_1_552' title='bbox 3020 1035 3304 1090; x_wconf 84' lang='lat' dir='ltr'><strong><em>Romanos</em></strong></span> <span class='ocrx_word' id='word_1_553' title='bbox 3357 1036 3626 1092; x_wconf 86' lang='lat' dir='ltr'><strong><em>inchoata</em></strong></span> <span class='ocrx_word' id='word_1_554' title='bbox 3655 1038 3854 1108; x_wconf 82' lang='lat' dir='ltr'><strong><em>Expo-</em></strong></span> 
     </span>
    </p>
   </div>
   <div class='ocr_carea' id='block_1_71' title="bbox 2137 1123 3850 1194">
    <p class='ocr_par' dir='ltr' id='par_1_71' title="bbox 2137 1123 3850 1194">
     <span class='ocr_line' id='line_1_71' title="bbox 2137 1123 3850 1194; baseline 0.001 -18"><span class='ocrx_word' id='word_1_555' title='bbox 2137 1124 2286 1180; x_wconf 82' lang='lat' dir='ltr'><strong><em>sitio.</em></strong></span> <span class='ocrx_word' id='word_1_556' title='bbox 2332 1124 2434 1178; x_wconf 91' lang='lat' dir='ltr'><strong><em>Ubi</em></strong></span> <span class='ocrx_word' id='word_1_557' title='bbox 2466 1123 2619 1194; x_wconf 90' lang='lat' dir='ltr'><strong><em>quod</em></strong></span> <span class='ocrx_word' id='word_1_558' title='bbox 2651 1123 2788 1189; x_wconf 86' lang='lat' dir='ltr'><strong><em>dixi,</em></strong></span> <span class='ocrx_word' id='word_1_559' title='bbox 2815 1126 3056 1190; x_wconf 88' lang='lat' dir='ltr'><strong><em>gratiam</em></strong></span> <span class='ocrx_word' id='word_1_560' title='bbox 3081 1137 3190 1178; x_wconf 88' lang='lat' dir='ltr'><strong><em>esse</em></strong></span> <span class='ocrx_word' id='word_1_561' title='bbox 3209 1127 3268 1178; x_wconf 89' lang='lat' dir='ltr'><strong><em>in</em></strong></span> <span class='ocrx_word' id='word_1_562' title='bbox 3293 1124 3606 1180; x_wconf 85' lang='lat' dir='ltr'><strong><em>dimissione</em></strong></span> <span class='ocrx_word' id='word_1_563' title='bbox 3639 1141 3850 1194; x_wconf 83' lang='lat' dir='ltr'><strong><em>pecca-</em></strong></span> 
     </span>
    </p>
   </div>
   <div class='ocr_carea' id='block_1_72' title="bbox 2139 1213 3851 1284">
    <p class='ocr_par' dir='ltr' id='par_1_72' title="bbox 2139 1213 3851 1284">
     <span class='ocr_line' id='line_1_72' title="bbox 2139 1213 3851 1284; baseline 0.001 -18"><span class='ocrx_word' id='word_1_564' title='bbox 2139 1219 2333 1278; x_wconf 86' lang='lat' dir='ltr'><strong><em>torum,</em></strong></span> <span class='ocrx_word' id='word_1_565' title='bbox 2394 1228 2582 1282; x_wconf 89' lang='lat' dir='ltr'><strong><em>pacem</em></strong></span> <span class='ocrx_word' id='word_1_566' title='bbox 2625 1227 2748 1265; x_wconf 81' lang='lat' dir='ltr'><strong><em>vero</em></strong></span> <span class='ocrx_word' id='word_1_567' title='bbox 2779 1214 2838 1264; x_wconf 92' lang='lat' dir='ltr'><strong><em>in</em></strong></span> <span class='ocrx_word' id='word_1_568' title='bbox 2866 1213 3297 1266; x_wconf 87' lang='lat' dir='ltr'><strong><em>reconciliatione</em></strong></span> <span class='ocrx_word' id='word_1_569' title='bbox 3338 1215 3454 1278; x_wconf 85' lang='lat' dir='ltr'><strong><em>Dei,</em></strong></span> <span class='ocrx_word' id='word_1_570' title='bbox 3484 1213 3851 1284; x_wconf 85' lang='lat' dir='ltr'><strong><em>ubicumque</em></strong></span> 
     </span>
    </p>
   </div>
   <div class='ocr_carea' id='block_1_73' title="bbox 2137 1298 3853 1371">
    <p class='ocr_par' dir='ltr' id='par_1_73' title="bbox 2137 1298 3853 1371">
     <span class='ocr_line' id='line_1_73' title="bbox 2137 1298 3853 1371; baseline -0.001 -16"><span class='ocrx_word' id='word_1_571' title='bbox 2137 1301 2244 1355; x_wconf 89' lang='lat' dir='ltr'><strong><em>hoc</em></strong></span> <span class='ocrx_word' id='word_1_572' title='bbox 2265 1299 2402 1365; x_wconf 87' lang='lat' dir='ltr'><strong><em>dixi,</em></strong></span> <span class='ocrx_word' id='word_1_573' title='bbox 2436 1315 2550 1354; x_wconf 89' lang='lat' dir='ltr'><strong><em>non</em></strong></span> <span class='ocrx_word' id='word_1_574' title='bbox 2575 1299 2653 1353; x_wconf 91' lang='lat' dir='ltr'><strong><em>sic</em></strong></span> <span class='ocrx_word' id='word_1_575' title='bbox 2683 1298 3076 1369; x_wconf 89' lang='lat' dir='ltr'><strong><em>accipiendum</em></strong></span> <span class='ocrx_word' id='word_1_576' title='bbox 3103 1305 3190 1354; x_wconf 88' lang='lat' dir='ltr'><strong><em>est</em></strong></span> <span class='ocrx_word' id='word_1_577' title='bbox 3217 1315 3281 1354; x_wconf 88' lang='lat' dir='ltr'><strong><em>ac</em></strong></span> <span class='ocrx_word' id='word_1_578' title='bbox 3304 1300 3350 1353; x_wconf 87' lang='lat' dir='ltr'><strong><em>si</em></strong></span> <span class='ocrx_word' id='word_1_579' title='bbox 3378 1317 3487 1370; x_wconf 87' lang='lat' dir='ltr'><strong><em>pax</em></strong></span> <span class='ocrx_word' id='word_1_580' title='bbox 3512 1301 3636 1371; x_wconf 87' lang='lat' dir='ltr'><strong><em>ipsa</em></strong></span> <span class='ocrx_word' id='word_1_581' title='bbox 3666 1307 3726 1354; x_wconf 84' lang='lat' dir='ltr'><strong><em>et</em></strong></span> <span class='ocrx_word' id='word_1_582' title='bbox 3755 1316 3853 1354; x_wconf 89' lang='lat' dir='ltr'><strong><em>re-</em></strong></span> 
     </span>
    </p>
   </div>
   <div class='ocr_carea' id='block_1_74' title="bbox 2137 1387 3852 1458">
    <p class='ocr_par' dir='ltr' id='par_1_74' title="bbox 2137 1387 3852 1458">
     <span class='ocr_line' id='line_1_74' title="bbox 2137 1387 3852 1458; baseline 0 -16"><span class='ocrx_word' id='word_1_583' title='bbox 2137 1387 2456 1442; x_wconf 87' lang='lat' dir='ltr'><strong><em>conciliatio</em></strong></span> <span class='ocrx_word' id='word_1_584' title='bbox 2487 1404 2605 1442; x_wconf 90' lang='lat' dir='ltr'><strong><em>non</em></strong></span> <span class='ocrx_word' id='word_1_585' title='bbox 2632 1387 2939 1458; x_wconf 88' lang='lat' dir='ltr'><strong><em>pertineat,</em></strong></span> <span class='ocrx_word' id='word_1_586' title='bbox 2967 1387 3036 1441; x_wconf 92' lang='lat' dir='ltr'><strong><em>ad</em></strong></span> <span class='ocrx_word' id='word_1_587' title='bbox 3068 1387 3319 1458; x_wconf 89' lang='lat' dir='ltr'><strong><em>gratium</em></strong></span> <span class='ocrx_word' id='word_1_588' title='bbox 3348 1388 3703 1458; x_wconf 88' lang='lat' dir='ltr'><strong><em>generalem,</em></strong></span> <span class='ocrx_word' id='word_1_589' title='bbox 3739 1389 3852 1442; x_wconf 87' lang='lat' dir='ltr'><strong><em>sed</em></strong></span> 
     </span>
    </p>
   </div>
   <div class='ocr_carea' id='block_1_75' title="bbox 2135 1475 3854 1548">
    <p class='ocr_par' dir='ltr' id='par_1_75' title="bbox 2135 1475 3854 1548">
     <span class='ocr_line' id='line_1_75' title="bbox 2135 1475 3854 1548; baseline 0 -18"><span class='ocrx_word' id='word_1_590' title='bbox 2135 1477 2289 1548; x_wconf 90' lang='lat' dir='ltr'><strong><em>quod</em></strong></span> <span class='ocrx_word' id='word_1_591' title='bbox 2318 1475 2636 1546; x_wconf 87' lang='lat' dir='ltr'><strong><em>specialiter</em></strong></span> <span class='ocrx_word' id='word_1_592' title='bbox 2663 1475 2897 1529; x_wconf 91' lang='lat' dir='ltr'><strong><em>nomine</em></strong></span> <span class='ocrx_word' id='word_1_593' title='bbox 2927 1475 3124 1544; x_wconf 65' lang='lat' dir='ltr'><strong><em>gratias</em></strong></span> <span class='ocrx_word' id='word_1_594' title='bbox 3163 1475 3559 1530; x_wconf 89' lang='lat' dir='ltr'><strong><em>remissionem</em></strong></span> <span class='ocrx_word' id='word_1_595' title='bbox 3609 1476 3854 1546; x_wconf 77' lang='lat' dir='ltr'><strong><em>signiti-</em></strong></span> 
     </span>
    </p>
   </div>
   <div class='ocr_carea' id='block_1_76' title="bbox 2138 1563 3853 1635">
    <p class='ocr_par' dir='ltr' id='par_1_76' title="bbox 2138 1563 3853 1635">
     <span class='ocr_line' id='line_1_76' title="bbox 2138 1563 3853 1635; baseline -0.001 -17"><span class='ocrx_word' id='word_1_596' title='bbox 2138 1564 2349 1619; x_wconf 85' lang='lat' dir='ltr'><strong><em>caverit</em></strong></span> <span class='ocrx_word' id='word_1_597' title='bbox 2383 1568 2768 1635; x_wconf 78' lang='lat' dir='ltr'><strong><em>peccatorum.</em></strong></span> <span class='ocrx_word' id='word_1_598' title='bbox 2807 1563 2961 1618; x_wconf 89' lang='lat' dir='ltr'><strong><em>Sicut</em></strong></span> <span class='ocrx_word' id='word_1_599' title='bbox 3014 1563 3218 1634; x_wconf 87' lang='lat' dir='ltr'><strong><em>Legem</em></strong></span> <span class='ocrx_word' id='word_1_600' title='bbox 3248 1568 3305 1618; x_wconf 91' lang='lat' dir='ltr'><strong><em>et</em></strong></span> <span class='ocrx_word' id='word_1_601' title='bbox 3337 1563 3660 1634; x_wconf 86' lang='lat' dir='ltr'><strong><em>specialiter</em></strong></span> <span class='ocrx_word' id='word_1_602' title='bbox 3691 1564 3853 1618; x_wconf 90' lang='lat' dir='ltr'><strong><em>dici—</em></strong></span> 
     </span>
    </p>
   </div>
   <div class='ocr_carea' id='block_1_77' title="bbox 2140 1650 3854 1722">
    <p class='ocr_par' dir='ltr' id='par_1_77' title="bbox 2140 1650 3854 1722">
     <span class='ocr_line' id='line_1_77' title="bbox 2140 1650 3854 1722; baseline -0.001 -16"><span class='ocrx_word' id='word_1_603' title='bbox 2140 1668 2288 1721; x_wconf 88' lang='lat' dir='ltr'><strong><em>mus,</em></strong></span> <span class='ocrx_word' id='word_1_604' title='bbox 2333 1651 2644 1706; x_wconf 88' lang='lat' dir='ltr'><strong><em>secundum</em></strong></span> <span class='ocrx_word' id='word_1_605' title='bbox 2681 1651 2835 1722; x_wconf 89' lang='lat' dir='ltr'><strong><em>quod</em></strong></span> <span class='ocrx_word' id='word_1_606' title='bbox 2889 1650 3104 1706; x_wconf 89' lang='lat' dir='ltr'><strong><em>dictum</em></strong></span> <span class='ocrx_word' id='word_1_607' title='bbox 3149 1656 3251 1719; x_wconf 89' lang='lat' dir='ltr'><strong><em>est,</em></strong></span> <span class='ocrx_word' id='word_1_608' title='bbox 3309 1653 3423 1706; x_wconf 81' lang='lat' dir='ltr'><strong><em>Lea:</em></strong></span> <span class='ocrx_word' id='word_1_609' title='bbox 3462 1656 3513 1706; x_wconf 85' lang='lat' dir='ltr'><strong><em>et</em></strong></span> <span class='ocrx_word' id='word_1_610' title='bbox 3557 1652 3854 1721; x_wconf 77' lang='lat' dir='ltr'><strong><em>Propheta:</em></strong></span> 
     </span>
    </p>
   </div>
   <div class='ocr_carea' id='block_1_78' title="bbox 2142 1739 3853 1810">
    <p class='ocr_par' dir='ltr' id='par_1_78' title="bbox 2142 1739 3853 1810">
     <span class='ocr_line' id='line_1_78' title="bbox 2142 1739 3853 1810; baseline -0.001 -16"><span class='ocrx_word' id='word_1_611' title='bbox 2142 1742 2331 1810; x_wconf 84' lang='lat' dir='ltr'><strong><em>(Math.</em></strong></span> <span class='ocrx_word' id='word_1_612' title='bbox 2362 1757 2493 1803; x_wconf 73' lang='grc' dir='ltr'><strong>χχιι,</strong></span> <span class='ocrx_word' id='word_1_613' title='bbox 2535 1740 2661 1810; x_wconf 72' lang='grc'><strong><em>40);</em></strong></span> <span class='ocrx_word' id='word_1_614' title='bbox 2693 1745 2749 1794; x_wconf 93' lang='lat' dir='ltr'><strong><em>et</em></strong></span> <span class='ocrx_word' id='word_1_615' title='bbox 2774 1739 3136 1810; x_wconf 89' lang='lat' dir='ltr'><strong><em>generaliter,</em></strong></span> <span class='ocrx_word' id='word_1_616' title='bbox 3169 1745 3236 1794; x_wconf 91' lang='lat' dir='ltr'><strong><em>ut</em></strong></span> <span class='ocrx_word' id='word_1_617' title='bbox 3262 1739 3322 1794; x_wconf 91' lang='lat' dir='ltr'><strong><em>in</em></strong></span> <span class='ocrx_word' id='word_1_618' title='bbox 3353 1755 3420 1794; x_wconf 90' lang='lat' dir='ltr'><strong><em>ea</em></strong></span> <span class='ocrx_word' id='word_1_619' title='bbox 3448 1740 3564 1794; x_wconf 89' lang='lat' dir='ltr'><strong><em>sint</em></strong></span> <span class='ocrx_word' id='word_1_620' title='bbox 3618 1746 3674 1793; x_wconf 89' lang='lat' dir='ltr'><strong><em>et</em></strong></span> <span class='ocrx_word' id='word_1_621' title='bbox 3703 1741 3853 1794; x_wconf 87' lang='lat' dir='ltr'><strong><em>Pro-</em></strong></span> 
     </span>
    </p>
   </div>
   <div class='ocr_carea' id='block_1_79' title="bbox 2139 1827 3837 1899">
    <p class='ocr_par' dir='ltr' id='par_1_79' title="bbox 2139 1827 3837 1899">
     <span class='ocr_line' id='line_1_79' title="bbox 2139 1827 3837 1899; baseline -0.001 -15"><span class='ocrx_word' id='word_1_622' title='bbox 2139 1830 2345 1899; x_wconf 69' lang='lat' dir='ltr'><strong><em>phetaa.</em></strong></span> <span class='ocrx_word' id='word_1_623' title='bbox 2375 1829 2474 1883; x_wconf 82' lang='lat' dir='ltr'><strong><em>Hic</em></strong></span> <span class='ocrx_word' id='word_1_624' title='bbox 2495 1829 2640 1884; x_wconf 92' lang='lat' dir='ltr'><strong><em>liber</em></strong></span> <span class='ocrx_word' id='word_1_625' title='bbox 2663 1828 2744 1882; x_wconf 90' lang='lat' dir='ltr'><strong><em>sic</em></strong></span> <span class='ocrx_word' id='word_1_626' title='bbox 2771 1827 3000 1899; x_wconf 90' lang='lat' dir='ltr'><strong><em>incipit:</em></strong></span> <span class='ocrx_word' id='word_1_627' title='bbox 3046 1829 3110 1882; x_wconf 91' lang='lat' dir='ltr'><strong><em>In</em></strong></span> <span class='ocrx_word' id='word_1_628' title='bbox 3138 1829 3384 1898; x_wconf 78' lang='lat' dir='ltr'><strong><em>Epistola</em></strong></span> <span class='ocrx_word' id='word_1_629' title='bbox 3403 1843 3568 1898; x_wconf 86' lang='lat' dir='ltr'><strong><em>quam</em></strong></span> <span class='ocrx_word' id='word_1_630' title='bbox 3617 1829 3837 1882; x_wconf 83' lang='lat' dir='ltr'><strong><em>Paulus</em></strong></span> 
     </span>
    </p>
   </div>
   <div class='ocr_carea' id='block_1_80' title="bbox 2139 1916 3050 1987">
    <p class='ocr_par' dir='ltr' id='par_1_80' title="bbox 2139 1916 3050 1987">
     <span class='ocr_line' id='line_1_80' title="bbox 2139 1916 3050 1987; baseline 0 -17"><span class='ocrx_word' id='word_1_631' title='bbox 2139 1919 2410 1986; x_wconf 86' lang='lat' dir='ltr'><strong><em>apostolus</em></strong></span> <span class='ocrx_word' id='word_1_632' title='bbox 2430 1916 2650 1987; x_wconf 84' lang='lat' dir='ltr'><strong><em>scripsit</em></strong></span> <span class='ocrx_word' id='word_1_633' title='bbox 2669 1917 2744 1971; x_wconf 88' lang='lat' dir='ltr'><strong><em>ad</em></strong></span> <span class='ocrx_word' id='word_1_634' title='bbox 2761 1918 3050 1972; x_wconf 83' lang='lat' dir='ltr'><strong><em>Romanos.</em></strong></span> 
     </span>
    </p>
   </div>
   <div class='ocr_carea' id='block_1_81' title="bbox 2765 2057 3206 2113">
    <p class='ocr_par' dir='ltr' id='par_1_81' title="bbox 2765 2057 3206 2113">
     <span class='ocr_line' id='line_1_81' title="bbox 2765 2057 3206 2113; baseline -0.002 0"><span class='ocrx_word' id='word_1_635' title='bbox 2765 2058 2990 2113; x_wconf 76' lang='lat' dir='ltr'><strong><em>CAPUT</em></strong></span> <span class='ocrx_word' id='word_1_636' title='bbox 3030 2057 3206 2113; x_wconf 82' lang='lat' dir='ltr'><strong>XXVI.</strong></span> 
     </span>
    </p>
   </div>
   <div class='ocr_carea' id='block_1_82' title="bbox 2208 2157 3846 2250">
    <p class='ocr_par' dir='ltr' id='par_1_82' title="bbox 2208 2157 3846 2250">
     <span class='ocr_line' id='line_1_82' title="bbox 2208 2157 3846 2250; baseline 0 -12"><span class='ocrx_word' id='word_1_637' title='bbox 2208 2187 2282 2238; x_wconf 91' lang='lat' dir='ltr'><strong><em>De</em></strong></span> <span class='ocrx_word' id='word_1_638' title='bbox 2298 2185 2538 2238; x_wconf 84' lang='lat' dir='ltr'><strong><em>Diversis</em></strong></span> <span class='ocrx_word' id='word_1_639' title='bbox 2557 2183 2949 2249; x_wconf 59' lang='lat' dir='ltr'><strong><em>Questionibus</em></strong></span> <span class='ocrx_word' id='word_1_640' title='bbox 2969 2183 3241 2250; x_wconf 87' lang='lat' dir='ltr'><strong><em>octoginta</em></strong></span> <span class='ocrx_word' id='word_1_641' title='bbox 3279 2157 3472 2248; x_wconf 83' lang='lat' dir='ltr'><strong><em>tribus,</em></strong></span> <span class='ocrx_word' id='word_1_642' title='bbox 3513 2181 3648 2237; x_wconf 89' lang='lat' dir='ltr'><strong><em>liber</em></strong></span> <span class='ocrx_word' id='word_1_643' title='bbox 3667 2197 3846 2238; x_wconf 83' lang='lat' dir='ltr'><strong><em>unus.</em></strong></span> 
     </span>
    </p>
   </div>
   <div class='ocr_carea' id='block_1_83' title="bbox 2212 2305 3845 2379">
    <p class='ocr_par' dir='ltr' id='par_1_83' title="bbox 2212 2305 3845 2379">
     <span class='ocr_line' id='line_1_83' title="bbox 2212 2305 3845 2379; baseline 0 -17"><span class='ocrx_word' id='word_1_644' title='bbox 2212 2308 2304 2362; x_wconf 88' lang='lat' dir='ltr'><strong><em>Est</em></strong></span> <span class='ocrx_word' id='word_1_645' title='bbox 2334 2307 2506 2362; x_wconf 89' lang='lat' dir='ltr'><strong><em>etiam</em></strong></span> <span class='ocrx_word' id='word_1_646' title='bbox 2535 2307 2684 2362; x_wconf 90' lang='lat' dir='ltr'><strong><em>inter</em></strong></span> <span class='ocrx_word' id='word_1_647' title='bbox 2710 2306 2806 2360; x_wconf 90' lang='lat' dir='ltr'><strong><em>illa</em></strong></span> <span class='ocrx_word' id='word_1_648' title='bbox 2831 2321 2960 2377; x_wconf 71' lang='lat' dir='ltr'><strong><em>quae</em></strong></span> <span class='ocrx_word' id='word_1_649' title='bbox 2991 2305 3340 2377; x_wconf 61' lang='lat' dir='ltr'><strong><em>:scripsimus</em></strong></span> <span class='ocrx_word' id='word_1_650' title='bbox 3369 2306 3659 2378; x_wconf 88' lang='lat' dir='ltr'><strong><em>quoddam</em></strong></span> <span class='ocrx_word' id='word_1_651' title='bbox 3690 2323 3845 2379; x_wconf 89' lang='lat' dir='ltr'><strong><em>pro-</em></strong></span> 
     </span>
    </p>
   </div>
   <div class='ocr_carea' id='block_1_84' title="bbox 2139 2394 3846 2467">
    <p class='ocr_par' dir='ltr' id='par_1_84' title="bbox 2139 2394 3846 2467">
     <span class='ocr_line' id='line_1_84' title="bbox 2139 2394 3846 2467; baseline 0.002 -18"><span class='ocrx_word' id='word_1_652' title='bbox 2139 2395 2318 2450; x_wconf 85' lang='lat' dir='ltr'><strong><em>lixum</em></strong></span> <span class='ocrx_word' id='word_1_653' title='bbox 2351 2413 2516 2466; x_wconf 91' lang='lat' dir='ltr'><strong><em>opus,</em></strong></span> <span class='ocrx_word' id='word_1_654' title='bbox 2547 2394 2647 2466; x_wconf 91' lang='lat' dir='ltr'><strong><em>qui</em></strong></span> <span class='ocrx_word' id='word_1_655' title='bbox 2669 2400 2860 2450; x_wconf 89' lang='lat' dir='ltr'><strong><em>tamen</em></strong></span> <span class='ocrx_word' id='word_1_656' title='bbox 2891 2411 3038 2449; x_wconf 87' lang='lat' dir='ltr'><strong><em>unus</em></strong></span> <span class='ocrx_word' id='word_1_657' title='bbox 3058 2395 3364 2466; x_wconf 86' lang='lat' dir='ltr'><strong><em>deputatur</em></strong></span> <span class='ocrx_word' id='word_1_658' title='bbox 3385 2395 3532 2450; x_wconf 88' lang='lat' dir='ltr'><strong><em>liber</em></strong></span> <span class='ocrx_word' id='word_1_659' title='bbox 3552 2396 3718 2467; x_wconf 88' lang='lat' dir='ltr'><strong><em>cujus</em></strong></span> <span class='ocrx_word' id='word_1_660' title='bbox 3751 2402 3846 2452; x_wconf 88' lang='lat' dir='ltr'><strong><em>est</em></strong></span> 
     </span>
    </p>
   </div>
   <div class='ocr_carea' id='block_1_85' title="bbox 2137 2482 3838 2554">
    <p class='ocr_par' dir='ltr' id='par_1_85' title="bbox 2137 2482 3838 2554">
     <span class='ocr_line' id='line_1_85' title="bbox 2137 2482 3838 2554; baseline 0.001 -17"><span class='ocrx_word' id='word_1_661' title='bbox 2137 2485 2369 2538; x_wconf 88' lang='lat' dir='ltr'><strong><em>titulus:</em></strong></span> <span class='ocrx_word' id='word_1_662' title='bbox 2422 2484 2492 2538; x_wconf 89' lang='lat' dir='ltr'><strong><em>de</em></strong></span> <span class='ocrx_word' id='word_1_663' title='bbox 2535 2483 2778 2537; x_wconf 88' lang='lat' dir='ltr'><strong><em>Diversis</em></strong></span> <span class='ocrx_word' id='word_1_664' title='bbox 2821 2482 3236 2548; x_wconf 66' lang='lat' dir='ltr'><strong><em>Quaestionibus</em></strong></span> <span class='ocrx_word' id='word_1_665' title='bbox 3293 2483 3581 2554; x_wconf 89' lang='lat' dir='ltr'><strong><em>octoginta</em></strong></span> <span class='ocrx_word' id='word_1_666' title='bbox 3624 2483 3838 2538; x_wconf 90' lang='lat' dir='ltr'><strong><em>tribus.</em></strong></span> 
     </span>
    </p>
   </div>
   <div class='ocr_carea' id='block_1_86' title="bbox 2141 2571 3838 2642">
    <p class='ocr_par' dir='ltr' id='par_1_86' title="bbox 2141 2571 3838 2642">
     <span class='ocr_line' id='line_1_86' title="bbox 2141 2571 3838 2642; baseline -0.001 -16"><span class='ocrx_word' id='word_1_667' title='bbox 2141 2573 2282 2627; x_wconf 89' lang='lat' dir='ltr'><strong><em>Cum</em></strong></span> <span class='ocrx_word' id='word_1_668' title='bbox 2327 2577 2518 2626; x_wconf 91' lang='lat' dir='ltr'><strong><em>autem</em></strong></span> <span class='ocrx_word' id='word_1_669' title='bbox 2557 2571 2824 2642; x_wconf 67' lang='lat' dir='ltr'><strong><em>dispersm</em></strong></span> <span class='ocrx_word' id='word_1_670' title='bbox 2871 2571 3111 2626; x_wconf 82' lang='lat' dir='ltr'><strong><em>fuissent</em></strong></span> <span class='ocrx_word' id='word_1_671' title='bbox 3138 2587 3241 2642; x_wconf 90' lang='lat' dir='ltr'><strong><em>per</em></strong></span> <span class='ocrx_word' id='word_1_672' title='bbox 3269 2571 3553 2626; x_wconf 86' lang='lat' dir='ltr'><strong><em>chartulas</em></strong></span> <span class='ocrx_word' id='word_1_673' title='bbox 3603 2573 3838 2638; x_wconf 83' lang='lat' dir='ltr'><strong><em>multas,</em></strong></span> 
     </span>
    </p>
   </div>
   <div class='ocr_carea' id='block_1_87' title="bbox 2141 2654 3841 2726">
    <p class='ocr_par' dir='ltr' id='par_1_87' title="bbox 2141 2654 3841 2726">
     <span class='ocr_line' id='line_1_87' title="bbox 2141 2654 3841 2726; baseline 0.001 -18"><span class='ocrx_word' id='word_1_674' title='bbox 2141 2655 2414 2726; x_wconf 86' lang='lat' dir='ltr'><strong><em>quoniam</em></strong></span> <span class='ocrx_word' id='word_1_675' title='bbox 2445 2655 2514 2709; x_wconf 90' lang='lat' dir='ltr'><strong><em>ab</em></strong></span> <span class='ocrx_word' id='word_1_676' title='bbox 2547 2654 2670 2724; x_wconf 90' lang='lat' dir='ltr'><strong><em>ipso</em></strong></span> <span class='ocrx_word' id='word_1_677' title='bbox 2715 2654 2902 2724; x_wconf 91' lang='lat' dir='ltr'><strong><em>primo</em></strong></span> <span class='ocrx_word' id='word_1_678' title='bbox 2939 2658 3193 2725; x_wconf 87' lang='lat' dir='ltr'><strong><em>tempore</em></strong></span> <span class='ocrx_word' id='word_1_679' title='bbox 3223 2655 3614 2708; x_wconf 90' lang='lat' dir='ltr'><strong><em>conversionis</em></strong></span> <span class='ocrx_word' id='word_1_680' title='bbox 3664 2671 3841 2725; x_wconf 65' lang='lat' dir='ltr'><strong><em>meae,</em></strong></span> 
     </span>
    </p>
   </div>
   <div class='ocr_carea' id='block_1_88' title="bbox 2137 2743 3848 2815">
    <p class='ocr_par' dir='ltr' id='par_1_88' title="bbox 2137 2743 3848 2815">
     <span class='ocr_line' id='line_1_88' title="bbox 2137 2743 3848 2815; baseline 0.001 -18"><span class='ocrx_word' id='word_1_681' title='bbox 2137 2748 2507 2814; x_wconf 77' lang='lat' dir='ltr'><strong><em>posteaquam</em></strong></span> <span class='ocrx_word' id='word_1_682' title='bbox 2532 2743 2591 2796; x_wconf 91' lang='lat' dir='ltr'><strong><em>in</em></strong></span> <span class='ocrx_word' id='word_1_683' title='bbox 2617 2743 2861 2797; x_wconf 82' lang='lat' dir='ltr'><strong><em>Africam</em></strong></span> <span class='ocrx_word' id='word_1_684' title='bbox 2891 2743 3170 2810; x_wconf 87' lang='lat' dir='ltr'><strong><em>venimus,</em></strong></span> <span class='ocrx_word' id='word_1_685' title='bbox 3194 2743 3339 2797; x_wconf 89' lang='lat' dir='ltr'><strong><em>sicut</em></strong></span> <span class='ocrx_word' id='word_1_686' title='bbox 3386 2743 3793 2815; x_wconf 89' lang='lat' dir='ltr'><strong><em>interrogabar</em></strong></span> <span class='ocrx_word' id='word_1_687' title='bbox 3812 2761 3848 2799; x_wconf 90' lang='lat' dir='ltr'><strong><em>a</em></strong></span> 
     </span>
    </p>
   </div>
   <div class='ocr_carea' id='block_1_89' title="bbox 2140 2831 3845 2902">
    <p class='ocr_par' dir='ltr' id='par_1_89' title="bbox 2140 2831 3845 2902">
     <span class='ocr_line' id='line_1_89' title="bbox 2140 2831 3845 2902; baseline 0.002 -17"><span class='ocrx_word' id='word_1_688' title='bbox 2140 2831 2435 2901; x_wconf 86' lang='lat' dir='ltr'><strong><em>fratribus,</em></strong></span> <span class='ocrx_word' id='word_1_689' title='bbox 2467 2831 2696 2902; x_wconf 89' lang='lat' dir='ltr'><strong><em>quando</em></strong></span> <span class='ocrx_word' id='word_1_690' title='bbox 2729 2847 2819 2885; x_wconf 91' lang='lat' dir='ltr'><strong><em>me</em></strong></span> <span class='ocrx_word' id='word_1_691' title='bbox 2841 2837 3134 2886; x_wconf 87' lang='lat' dir='ltr'><strong><em>vacantem</em></strong></span> <span class='ocrx_word' id='word_1_692' title='bbox 3161 2831 3444 2899; x_wconf 80' lang='lat' dir='ltr'><strong><em>videbant,</em></strong></span> <span class='ocrx_word' id='word_1_693' title='bbox 3475 2833 3632 2887; x_wconf 87' lang='lat' dir='ltr'><strong><em>nulla</em></strong></span> <span class='ocrx_word' id='word_1_694' title='bbox 3679 2849 3713 2887; x_wconf 86' lang='lat' dir='ltr'><strong><em>a</em></strong></span> <span class='ocrx_word' id='word_1_695' title='bbox 3745 2849 3845 2888; x_wconf 90' lang='lat' dir='ltr'><strong><em>me</em></strong></span> 
     </span>
    </p>
   </div>
   <div class='ocr_carea' id='block_1_90' title="bbox 2142 2919 3841 2993">
    <p class='ocr_par' dir='ltr' id='par_1_90' title="bbox 2142 2919 3841 2993">
     <span class='ocr_line' id='line_1_90' title="bbox 2142 2919 3841 2993; baseline 0.001 -19"><span class='ocrx_word' id='word_1_696' title='bbox 2142 2925 2358 2974; x_wconf 89' lang='lat' dir='ltr'><strong><em>servata</em></strong></span> <span class='ocrx_word' id='word_1_697' title='bbox 2376 2919 2740 2974; x_wconf 88' lang='lat' dir='ltr'><strong><em>ordinatione</em></strong></span> <span class='ocrx_word' id='word_1_698' title='bbox 2764 2920 2986 2976; x_wconf 68' lang='lat' dir='ltr'><strong><em>dictata:</em></strong></span> <span class='ocrx_word' id='word_1_699' title='bbox 3009 2926 3167 2988; x_wconf 89' lang='lat' dir='ltr'><strong><em>sunt;</em></strong></span> <span class='ocrx_word' id='word_1_700' title='bbox 3193 2920 3339 2992; x_wconf 88' lang='lat' dir='ltr'><strong><em>jussi</em></strong></span> <span class='ocrx_word' id='word_1_701' title='bbox 3361 2937 3455 2975; x_wconf 88' lang='lat' dir='ltr'><strong><em>eas</em></strong></span> <span class='ocrx_word' id='word_1_702' title='bbox 3474 2921 3597 2992; x_wconf 88' lang='lat' dir='ltr'><strong><em>jam</em></strong></span> <span class='ocrx_word' id='word_1_703' title='bbox 3613 2921 3841 2993; x_wconf 88' lang='lat' dir='ltr'><strong><em>episco-</em></strong></span> 
     </span>
    </p>
   </div>
   <div class='ocr_carea' id='block_1_91' title="bbox 2139 3009 3848 3079">
    <p class='ocr_par' dir='ltr' id='par_1_91' title="bbox 2139 3009 3848 3079">
     <span class='ocr_line' id='line_1_91' title="bbox 2139 3009 3848 3079; baseline 0.001 -17"><span class='ocrx_word' id='word_1_704' title='bbox 2139 3025 2248 3079; x_wconf 91' lang='lat' dir='ltr'><strong><em>pus</em></strong></span> <span class='ocrx_word' id='word_1_705' title='bbox 2279 3009 2490 3079; x_wconf 89' lang='lat' dir='ltr'><strong><em>colligi,</em></strong></span> <span class='ocrx_word' id='word_1_706' title='bbox 2523 3014 2580 3063; x_wconf 90' lang='lat' dir='ltr'><strong><em>et</em></strong></span> <span class='ocrx_word' id='word_1_707' title='bbox 2605 3024 2782 3062; x_wconf 90' lang='lat' dir='ltr'><strong><em>unum</em></strong></span> <span class='ocrx_word' id='word_1_708' title='bbox 2812 3024 2878 3062; x_wconf 85' lang='lat' dir='ltr'><strong><em>ex</em></strong></span> <span class='ocrx_word' id='word_1_709' title='bbox 2903 3009 2983 3062; x_wconf 90' lang='lat' dir='ltr'><strong><em>eis</em></strong></span> <span class='ocrx_word' id='word_1_710' title='bbox 3014 3009 3222 3063; x_wconf 90' lang='lat' dir='ltr'><strong><em>librum</em></strong></span> <span class='ocrx_word' id='word_1_711' title='bbox 3244 3009 3389 3073; x_wconf 82' lang='lat' dir='ltr'><strong><em>ﬁeri,</em></strong></span> <span class='ocrx_word' id='word_1_712' title='bbox 3423 3009 3694 3065; x_wconf 88' lang='lat' dir='ltr'><strong><em>adhibitis</em></strong></span> <span class='ocrx_word' id='word_1_713' title='bbox 3726 3027 3848 3065; x_wconf 89' lang='lat' dir='ltr'><strong><em>nu-</em></strong></span> 
     </span>
    </p>
   </div>
   <div class='ocr_carea' id='block_1_92' title="bbox 2140 3095 3846 3167">
    <p class='ocr_par' dir='ltr' id='par_1_92' title="bbox 2140 3095 3846 3167">
     <span class='ocr_line' id='line_1_92' title="bbox 2140 3095 3846 3167; baseline 0.001 -17"><span class='ocrx_word' id='word_1_714' title='bbox 2140 3095 2332 3162; x_wconf 86' lang='lat' dir='ltr'><strong><em>meris,</em></strong></span> <span class='ocrx_word' id='word_1_715' title='bbox 2363 3100 2425 3148; x_wconf 90' lang='lat' dir='ltr'><strong><em>ut</em></strong></span> <span class='ocrx_word' id='word_1_716' title='bbox 2461 3096 2614 3166; x_wconf 91' lang='lat' dir='ltr'><strong><em>quod</em></strong></span> <span class='ocrx_word' id='word_1_717' title='bbox 2643 3095 2886 3167; x_wconf 91' lang='lat' dir='ltr'><strong><em>quisque</em></strong></span> <span class='ocrx_word' id='word_1_718' title='bbox 2922 3095 3112 3166; x_wconf 91' lang='lat' dir='ltr'><strong><em>legere</em></strong></span> <span class='ocrx_word' id='word_1_719' title='bbox 3159 3096 3421 3164; x_wconf 82' lang='lat' dir='ltr'><strong><em>voluerit,</em></strong></span> <span class='ocrx_word' id='word_1_720' title='bbox 3458 3095 3622 3151; x_wconf 88' lang='lat' dir='ltr'><strong><em>facile</em></strong></span> <span class='ocrx_word' id='word_1_721' title='bbox 3668 3097 3846 3152; x_wconf 81' lang='lat' dir='ltr'><strong><em>inve-</em></strong></span> 
     </span>
    </p>
   </div>
   <div class='ocr_carea' id='block_1_93' title="bbox 2139 3183 3845 3254">
    <p class='ocr_par' dir='ltr' id='par_1_93' title="bbox 2139 3183 3845 3254">
     <span class='ocr_line' id='line_1_93' title="bbox 2139 3183 3845 3254; baseline 0.002 -18"><span class='ocrx_word' id='word_1_722' title='bbox 2139 3183 2274 3237; x_wconf 86' lang='lat' dir='ltr'><strong><em>niat.</em></strong></span> <span class='ocrx_word' id='word_1_723' title='bbox 2302 3185 2510 3236; x_wconf 86' lang='lat' dir='ltr'><strong><em>Harum</em></strong></span> <span class='ocrx_word' id='word_1_724' title='bbox 2533 3183 2913 3254; x_wconf 84' lang='lat' dir='ltr'><strong><em>quaestionum</em></strong></span> <span class='ocrx_word' id='word_1_725' title='bbox 2935 3183 3232 3254; x_wconf 88' lang='lat' dir='ltr'><strong><em>estprima,</em></strong></span> <span class='ocrx_word' id='word_1_726' title='bbox 3250 3188 3444 3238; x_wconf 90' lang='lat' dir='ltr'><strong><em>utrum</em></strong></span> <span class='ocrx_word' id='word_1_727' title='bbox 3482 3183 3675 3238; x_wconf 91' lang='lat' dir='ltr'><strong><em>anima</em></strong></span> <span class='ocrx_word' id='word_1_728' title='bbox 3696 3201 3728 3239; x_wconf 91' lang='lat' dir='ltr'><strong><em>a</em></strong></span> <span class='ocrx_word' id='word_1_729' title='bbox 3754 3202 3845 3239; x_wconf 89' lang='lat' dir='ltr'><strong><em>se-</em></strong></span> 
     </span>
    </p>
   </div>
   <div class='ocr_carea' id='block_1_94' title="bbox 2138 3271 3841 3341">
    <p class='ocr_par' dir='ltr' id='par_1_94' title="bbox 2138 3271 3841 3341">
     <span class='ocr_line' id='line_1_94' title="bbox 2138 3271 3841 3341; baseline 0.001 -16"><span class='ocrx_word' id='word_1_730' title='bbox 2138 3271 2262 3341; x_wconf 88' lang='lat' dir='ltr'><strong><em>ipsa</em></strong></span> <span class='ocrx_word' id='word_1_731' title='bbox 2294 3271 2383 3326; x_wconf 90' lang='lat' dir='ltr'><strong><em>sit.</em></strong></span> <span class='ocrx_word' id='word_1_732' title='bbox 2417 3271 2694 3339; x_wconf 91' lang='lat' dir='ltr'><strong><em>Secunda,</em></strong></span> <span class='ocrx_word' id='word_1_733' title='bbox 2741 3271 2810 3326; x_wconf 93' lang='lat' dir='ltr'><strong><em>de</em></strong></span> <span class='ocrx_word' id='word_1_734' title='bbox 2861 3271 3036 3326; x_wconf 89' lang='lat' dir='ltr'><strong><em>libero</em></strong></span> <span class='ocrx_word' id='word_1_735' title='bbox 3069 3271 3325 3327; x_wconf 90' lang='lat' dir='ltr'><strong><em>arbitrio.</em></strong></span> <span class='ocrx_word' id='word_1_736' title='bbox 3375 3273 3584 3341; x_wconf 86' lang='lat' dir='ltr'><strong><em>Tertia,</em></strong></span> <span class='ocrx_word' id='word_1_737' title='bbox 3637 3279 3841 3328; x_wconf 88' lang='lat' dir='ltr'><strong><em>utrum</em></strong></span> 
     </span>
    </p>
   </div>
   <div class='ocr_carea' id='block_1_95' title="bbox 2142 3359 3844 3432">
    <p class='ocr_par' dir='ltr' id='par_1_95' title="bbox 2142 3359 3844 3432">
     <span class='ocr_line' id='line_1_95' title="bbox 2142 3359 3844 3432; baseline 0.002 -19"><span class='ocrx_word' id='word_1_738' title='bbox 2142 3360 2256 3413; x_wconf 91' lang='lat' dir='ltr'><strong><em>Deo</em></strong></span> <span class='ocrx_word' id='word_1_739' title='bbox 2283 3364 2510 3414; x_wconf 90' lang='lat' dir='ltr'><strong><em>auctore</em></strong></span> <span class='ocrx_word' id='word_1_740' title='bbox 2533 3360 2607 3414; x_wconf 89' lang='lat' dir='ltr'><strong><em>sit</em></strong></span> <span class='ocrx_word' id='word_1_741' title='bbox 2632 3359 2802 3414; x_wconf 92' lang='lat' dir='ltr'><strong><em>homo</em></strong></span> <span class='ocrx_word' id='word_1_742' title='bbox 2849 3359 3115 3418; x_wconf 90' lang='lat' dir='ltr'><strong><em>deterior.</em></strong></span> <span class='ocrx_word' id='word_1_743' title='bbox 3143 3360 3375 3428; x_wconf 87' lang='lat' dir='ltr'><strong><em>Quarta,</em></strong></span> <span class='ocrx_word' id='word_1_744' title='bbox 3407 3377 3536 3432; x_wconf 65' lang='lat' dir='ltr'><strong><em>quae</em></strong></span> <span class='ocrx_word' id='word_1_745' title='bbox 3565 3361 3638 3414; x_wconf 88' lang='lat' dir='ltr'><strong><em>sit</em></strong></span> <span class='ocrx_word' id='word_1_746' title='bbox 3665 3377 3844 3416; x_wconf 89' lang='lat' dir='ltr'><strong><em>causa</em></strong></span> 
     </span>
    </p>
   </div>
   <div class='ocr_carea' id='block_1_96' title="bbox 2139 3447 3840 3513">
    <p class='ocr_par' dir='ltr' id='par_1_96' title="bbox 2139 3447 3840 3513">
     <span class='ocr_line' id='line_1_96' title="bbox 2139 3447 3840 3513; baseline 0.002 -13"><span class='ocrx_word' id='word_1_747' title='bbox 2139 3451 2204 3500; x_wconf 92' lang='lat' dir='ltr'><strong><em>ut</em></strong></span> <span class='ocrx_word' id='word_1_748' title='bbox 2252 3447 2324 3500; x_wconf 90' lang='lat' dir='ltr'><strong><em>sit</em></strong></span> <span class='ocrx_word' id='word_1_749' title='bbox 2352 3447 2522 3501; x_wconf 91' lang='lat' dir='ltr'><strong><em>homo</em></strong></span> <span class='ocrx_word' id='word_1_750' title='bbox 2553 3447 2818 3502; x_wconf 90' lang='lat' dir='ltr'><strong><em>deterior.</em></strong></span> <span class='ocrx_word' id='word_1_751' title='bbox 2859 3447 3085 3513; x_wconf 87' lang='lat' dir='ltr'><strong><em>Quinta,</em></strong></span> <span class='ocrx_word' id='word_1_752' title='bbox 3128 3453 3325 3503; x_wconf 89' lang='lat' dir='ltr'><strong><em>utrum</em></strong></span> <span class='ocrx_word' id='word_1_753' title='bbox 3363 3448 3573 3504; x_wconf 87' lang='lat' dir='ltr'><strong><em>animal</em></strong></span> <span class='ocrx_word' id='word_1_754' title='bbox 3605 3449 3840 3504; x_wconf 86' lang='lat' dir='ltr'><strong><em>irratio-</em></strong></span> 
     </span>
    </p>
   </div>
   <div class='ocr_carea' id='block_1_97' title="bbox 2140 3535 3839 3610">
    <p class='ocr_par' dir='ltr' id='par_1_97' title="bbox 2140 3535 3839 3610">
     <span class='ocr_line' id='line_1_97' title="bbox 2140 3535 3839 3610; baseline 0.001 -21"><span class='ocrx_word' id='word_1_755' title='bbox 2140 3535 2266 3590; x_wconf 90' lang='lat' dir='ltr'><strong><em>nale</em></strong></span> <span class='ocrx_word' id='word_1_756' title='bbox 2318 3536 2550 3591; x_wconf 89' lang='lat' dir='ltr'><strong><em>beatum</em></strong></span> <span class='ocrx_word' id='word_1_757' title='bbox 2596 3551 2714 3590; x_wconf 90' lang='lat' dir='ltr'><strong><em>esse</em></strong></span> <span class='ocrx_word' id='word_1_758' title='bbox 2762 3537 2958 3607; x_wconf 91' lang='lat' dir='ltr'><strong><em>possit.</em></strong></span> <span class='ocrx_word' id='word_1_759' title='bbox 3009 3537 3193 3600; x_wconf 88' lang='lat' dir='ltr'><strong><em>Sexta,</em></strong></span> <span class='ocrx_word' id='word_1_760' title='bbox 3228 3537 3297 3592; x_wconf 94' lang='lat' dir='ltr'><strong><em>de</em></strong></span> <span class='ocrx_word' id='word_1_761' title='bbox 3327 3538 3496 3593; x_wconf 88' lang='lat' dir='ltr'><strong><em>malo.</em></strong></span> <span class='ocrx_word' id='word_1_762' title='bbox 3553 3537 3839 3610; x_wconf 87' lang='lat' dir='ltr'><strong><em>Septima,</em></strong></span> 
     </span>
    </p>
   </div>
   <div class='ocr_carea' id='block_1_98' title="bbox 2137 3623 3840 3694">
    <p class='ocr_par' dir='ltr' id='par_1_98' title="bbox 2137 3623 3840 3694">
     <span class='ocr_line' id='line_1_98' title="bbox 2137 3623 3840 3694; baseline 0.002 -18"><span class='ocrx_word' id='word_1_763' title='bbox 2137 3639 2265 3693; x_wconf 71' lang='grc' dir='ltr'>(ιιιω</span> <span class='ocrx_word' id='word_1_764' title='bbox 2311 3623 2542 3694; x_wconf 89' lang='lat' dir='ltr'><strong><em>proprie</em></strong></span> <span class='ocrx_word' id='word_1_765' title='bbox 2609 3623 2668 3677; x_wconf 91' lang='lat' dir='ltr'><strong><em>in</em></strong></span> <span class='ocrx_word' id='word_1_766' title='bbox 2717 3623 3007 3678; x_wconf 89' lang='lat' dir='ltr'><strong><em>animante</em></strong></span> <span class='ocrx_word' id='word_1_767' title='bbox 3073 3625 3266 3679; x_wconf 88' lang='lat' dir='ltr'><strong><em>anima</em></strong></span> <span class='ocrx_word' id='word_1_768' title='bbox 3323 3625 3562 3680; x_wconf 90' lang='lat' dir='ltr'><strong><em>dicatur.</em></strong></span> <span class='ocrx_word' id='word_1_769' title='bbox 3613 3629 3840 3694; x_wconf 86' lang='lat' dir='ltr'><strong><em>Octava,</em></strong></span> 
     </span>
    </p>
   </div>
   <div class='ocr_carea' id='block_1_99' title="bbox 2136 3713 3840 3784">
    <p class='ocr_par' dir='ltr' id='par_1_99' title="bbox 2136 3713 3840 3784">
     <span class='ocr_line' id='line_1_99' title="bbox 2136 3713 3840 3784; baseline 0.003 -18"><span class='ocrx_word' id='word_1_770' title='bbox 2136 3719 2332 3767; x_wconf 89' lang='lat' dir='ltr'><strong><em>utrum</em></strong></span> <span class='ocrx_word' id='word_1_771' title='bbox 2378 3730 2480 3784; x_wconf 89' lang='lat' dir='ltr'><strong><em>per</em></strong></span> <span class='ocrx_word' id='word_1_772' title='bbox 2522 3729 2580 3767; x_wconf 92' lang='lat' dir='ltr'><strong><em>se</em></strong></span> <span class='ocrx_word' id='word_1_773' title='bbox 2627 3713 2820 3768; x_wconf 86' lang='lat' dir='ltr'><strong><em>anima</em></strong></span> <span class='ocrx_word' id='word_1_774' title='bbox 2865 3719 3180 3769; x_wconf 85' lang='lat' dir='ltr'><strong><em>moveatur.</em></strong></span> <span class='ocrx_word' id='word_1_775' title='bbox 3239 3717 3417 3784; x_wconf 87' lang='lat' dir='ltr'><strong><em>Nona,</em></strong></span> <span class='ocrx_word' id='word_1_776' title='bbox 3469 3721 3662 3771; x_wconf 87' lang='lat' dir='ltr'><strong><em>utrum</em></strong></span> <span class='ocrx_word' id='word_1_777' title='bbox 3711 3733 3840 3770; x_wconf 88' lang='lat' dir='ltr'><strong><em>cor-</em></strong></span> 
     </span>
    </p>
   </div>
   <div class='ocr_carea' id='block_1_100' title="bbox 2138 3800 3835 3876">
    <p class='ocr_par' dir='ltr' id='par_1_100' title="bbox 2138 3800 3835 3876">
     <span class='ocr_line' id='line_1_100' title="bbox 2138 3800 3835 3876; baseline 0.003 -22"><span class='ocrx_word' id='word_1_778' title='bbox 2138 3801 2326 3872; x_wconf 89' lang='lat' dir='ltr'><strong><em>poreis</em></strong></span> <span class='ocrx_word' id='word_1_779' title='bbox 2365 3800 2623 3856; x_wconf 91' lang='lat' dir='ltr'><strong><em>sensibus</em></strong></span> <span class='ocrx_word' id='word_1_780' title='bbox 2669 3801 2889 3873; x_wconf 87' lang='lat' dir='ltr'><strong><em>percipi</em></strong></span> <span class='ocrx_word' id='word_1_781' title='bbox 2925 3803 3134 3857; x_wconf 86' lang='lat' dir='ltr'><strong><em>veritas</em></strong></span> <span class='ocrx_word' id='word_1_782' title='bbox 3171 3804 3370 3874; x_wconf 89' lang='lat' dir='ltr'><strong><em>possit.</em></strong></span> <span class='ocrx_word' id='word_1_783' title='bbox 3422 3806 3484 3860; x_wconf 87' lang='lat' dir='ltr'><strong><em>In</em></strong></span> <span class='ocrx_word' id='word_1_784' title='bbox 3515 3821 3630 3876; x_wconf 89' lang='lat' dir='ltr'><strong><em>qua</em></strong></span> <span class='ocrx_word' id='word_1_785' title='bbox 3689 3805 3835 3860; x_wconf 89' lang='lat' dir='ltr'><strong><em>illud</em></strong></span> 
     </span>
    </p>
   </div>
   <div class='ocr_carea' id='block_1_101' title="bbox 2137 3889 3842 3964">
    <p class='ocr_par' dir='ltr' id='par_1_101' title="bbox 2137 3889 3842 3964">
     <span class='ocr_line' id='line_1_101' title="bbox 2137 3889 3842 3964; baseline 0.004 -22"><span class='ocrx_word' id='word_1_786' title='bbox 2137 3889 2286 3960; x_wconf 90' lang='lat' dir='ltr'><strong><em>quod</em></strong></span> <span class='ocrx_word' id='word_1_787' title='bbox 2318 3889 2455 3957; x_wconf 85' lang='lat' dir='ltr'><strong><em>dixi,</em></strong></span> <span class='ocrx_word' id='word_1_788' title='bbox 2489 3890 2650 3944; x_wconf 89' lang='lat' dir='ltr'><strong><em>Omne</em></strong></span> <span class='ocrx_word' id='word_1_789' title='bbox 2683 3891 2827 3959; x_wconf 88' lang='lat' dir='ltr'><strong><em>quod</em></strong></span> <span class='ocrx_word' id='word_1_790' title='bbox 2855 3906 3136 3961; x_wconf 88' lang='lat' dir='ltr'><strong><em>corporeus</em></strong></span> <span class='ocrx_word' id='word_1_791' title='bbox 3166 3908 3351 3947; x_wconf 88' lang='lat' dir='ltr'><strong><em>sensus</em></strong></span> <span class='ocrx_word' id='word_1_792' title='bbox 3394 3895 3642 3964; x_wconf 88' lang='lat' dir='ltr'><strong><em>attingit,</em></strong></span> <span class='ocrx_word' id='word_1_793' title='bbox 3690 3894 3842 3963; x_wconf 87' lang='lat' dir='ltr'><strong><em>quod</em></strong></span> 
     </span>
    </p>
   </div>
   <div class='ocr_carea' id='block_1_102' title="bbox 2137 3978 3840 4051">
    <p class='ocr_par' dir='ltr' id='par_1_102' title="bbox 2137 3978 3840 4051">
     <span class='ocr_line' id='line_1_102' title="bbox 2137 3978 3840 4051; baseline 0.004 -21"><span class='ocrx_word' id='word_1_794' title='bbox 2137 3982 2187 4031; x_wconf 90' lang='lat' dir='ltr'><strong><em>et</em></strong></span> <span class='ocrx_word' id='word_1_795' title='bbox 2245 3978 2494 4032; x_wconf 84' lang='lat' dir='ltr'><strong><em>sensibile</em></strong></span> <span class='ocrx_word' id='word_1_796' title='bbox 2539 3978 2763 4046; x_wconf 90' lang='lat' dir='ltr'><strong><em>dicitur,</em></strong></span> <span class='ocrx_word' id='word_1_797' title='bbox 2807 3981 2923 4033; x_wconf 90' lang='lat' dir='ltr'><strong><em>sine</em></strong></span> <span class='ocrx_word' id='word_1_798' title='bbox 2970 3981 3085 4035; x_wconf 90' lang='lat' dir='ltr'><strong><em>ulla</em></strong></span> <span class='ocrx_word' id='word_1_799' title='bbox 3129 3983 3522 4036; x_wconf 84' lang='lat' dir='ltr'><strong><em>intermissione</em></strong></span> <span class='ocrx_word' id='word_1_800' title='bbox 3579 3985 3840 4051; x_wconf 86' lang='lat' dir='ltr'><strong><em>temporis</em></strong></span> 
     </span>
    </p>
   </div>
   <div class='ocr_carea' id='block_1_103' title="bbox 2135 4065 3840 4140">
    <p class='ocr_par' dir='ltr' id='par_1_103' title="bbox 2135 4065 3840 4140">
     <span class='ocr_line' id='line_1_103' title="bbox 2135 4065 3840 4140; baseline 0.004 -22"><span class='ocrx_word' id='word_1_801' title='bbox 2135 4071 2514 4135; x_wconf 85' lang='lat' dir='ltr'><strong><em>commutatur,</em></strong></span> <span class='ocrx_word' id='word_1_802' title='bbox 2548 4065 2668 4120; x_wconf 89' lang='lat' dir='ltr'><strong><em>sine</em></strong></span> <span class='ocrx_word' id='word_1_803' title='bbox 2700 4065 2874 4121; x_wconf 91' lang='lat' dir='ltr'><strong><em>dubio</em></strong></span> <span class='ocrx_word' id='word_1_804' title='bbox 2903 4081 3101 4122; x_wconf 83' lang='lat' dir='ltr'><strong><em>verum</em></strong></span> <span class='ocrx_word' id='word_1_805' title='bbox 3119 4067 3352 4140; x_wconf 88' lang='lat' dir='ltr'><strong><em>quidem</em></strong></span> <span class='ocrx_word' id='word_1_806' title='bbox 3381 4085 3499 4123; x_wconf 91' lang='lat' dir='ltr'><strong><em>non</em></strong></span> <span class='ocrx_word' id='word_1_807' title='bbox 3518 4073 3602 4123; x_wconf 91' lang='lat' dir='ltr'><strong><em>est</em></strong></span> <span class='ocrx_word' id='word_1_808' title='bbox 3632 4069 3694 4123; x_wconf 90' lang='lat' dir='ltr'><strong><em>in</em></strong></span> <span class='ocrx_word' id='word_1_809' title='bbox 3713 4086 3840 4124; x_wconf 86' lang='lat' dir='ltr'><strong><em>cor-</em></strong></span> 
     </span>
    </p>
   </div>
   <div class='ocr_carea' id='block_1_104' title="bbox 2135 4153 3838 4226">
    <p class='ocr_par' dir='ltr' id='par_1_104' title="bbox 2135 4153 3838 4226">
     <span class='ocr_line' id='line_1_104' title="bbox 2135 4153 3838 4226; baseline 0.004 -20"><span class='ocrx_word' id='word_1_810' title='bbox 2135 4153 2371 4223; x_wconf 87' lang='lat' dir='ltr'><strong><em>poribus</em></strong></span> <span class='ocrx_word' id='word_1_811' title='bbox 2401 4153 2829 4208; x_wconf 88' lang='lat' dir='ltr'><strong><em>resurrectionis</em></strong></span> <span class='ocrx_word' id='word_1_812' title='bbox 2857 4153 3415 4226; x_wconf 90' lang='lat' dir='ltr'><strong><em>incorruptibilibus;</em></strong></span> <span class='ocrx_word' id='word_1_813' title='bbox 3450 4156 3546 4211; x_wconf 90' lang='lat' dir='ltr'><strong><em>sed</em></strong></span> <span class='ocrx_word' id='word_1_814' title='bbox 3579 4172 3735 4211; x_wconf 90' lang='lat' dir='ltr'><strong><em>nunc</em></strong></span> <span class='ocrx_word' id='word_1_815' title='bbox 3769 4175 3838 4213; x_wconf 88' lang='lat' dir='ltr'><strong><em>ea</em></strong></span> 
     </span>
    </p>
   </div>
   <div class='ocr_carea' id='block_1_105' title="bbox 2133 4241 3834 4315">
    <p class='ocr_par' dir='ltr' id='par_1_105' title="bbox 2133 4241 3834 4315">
     <span class='ocr_line' id='line_1_105' title="bbox 2133 4241 3834 4315; baseline 0.004 -20"><span class='ocrx_word' id='word_1_816' title='bbox 2133 4241 2326 4295; x_wconf 87' lang='lat' dir='ltr'><strong><em>nullus</em></strong></span> <span class='ocrx_word' id='word_1_817' title='bbox 2367 4241 2545 4295; x_wconf 91' lang='lat' dir='ltr'><strong><em>nostri</em></strong></span> <span class='ocrx_word' id='word_1_818' title='bbox 2573 4241 2831 4312; x_wconf 90' lang='lat' dir='ltr'><strong><em>corporis</em></strong></span> <span class='ocrx_word' id='word_1_819' title='bbox 2855 4258 3053 4298; x_wconf 90' lang='lat' dir='ltr'><strong><em>sensus</em></strong></span> <span class='ocrx_word' id='word_1_820' title='bbox 3083 4243 3330 4315; x_wconf 88' lang='lat' dir='ltr'><strong><em>attingit,</em></strong></span> <span class='ocrx_word' id='word_1_821' title='bbox 3373 4244 3482 4298; x_wconf 90' lang='lat' dir='ltr'><strong><em>nisi</em></strong></span> <span class='ocrx_word' id='word_1_822' title='bbox 3508 4245 3658 4300; x_wconf 89' lang='lat' dir='ltr'><strong><em>forte</em></strong></span> <span class='ocrx_word' id='word_1_823' title='bbox 3687 4246 3834 4302; x_wconf 84' lang='lat' dir='ltr'><strong><em>divi-</em></strong></span> 
     </span>
    </p>
   </div>
   <div class='ocr_carea' id='block_1_106' title="bbox 2132 4327 3835 4406">
    <p class='ocr_par' dir='ltr' id='par_1_106' title="bbox 2132 4327 3835 4406">
     <span class='ocr_line' id='line_1_106' title="bbox 2132 4327 3835 4406; baseline 0.005 -24"><span class='ocrx_word' id='word_1_824' title='bbox 2132 4327 2286 4382; x_wconf 92' lang='lat' dir='ltr'><strong><em>nitus</em></strong></span> <span class='ocrx_word' id='word_1_825' title='bbox 2315 4330 2426 4383; x_wconf 87' lang='lat' dir='ltr'><strong><em>tale</em></strong></span> <span class='ocrx_word' id='word_1_826' title='bbox 2463 4329 2678 4400; x_wconf 90' lang='lat' dir='ltr'><strong><em>aliquid</em></strong></span> <span class='ocrx_word' id='word_1_827' title='bbox 2707 4331 3009 4385; x_wconf 87' lang='lat' dir='ltr'><strong><em>reveletur.</em></strong></span> <span class='ocrx_word' id='word_1_828' title='bbox 3051 4332 3292 4400; x_wconf 88' lang='lat' dir='ltr'><strong><em>Decima,</em></strong></span> <span class='ocrx_word' id='word_1_829' title='bbox 3323 4337 3518 4388; x_wconf 90' lang='lat' dir='ltr'><strong><em>utrum</em></strong></span> <span class='ocrx_word' id='word_1_830' title='bbox 3548 4349 3756 4406; x_wconf 90' lang='lat' dir='ltr'><strong><em>corpus</em></strong></span> <span class='ocrx_word' id='word_1_831' title='bbox 3797 4353 3835 4391; x_wconf 86' lang='lat' dir='ltr'><strong><em>a</em></strong></span> 
     </span>
    </p>
   </div>
   <div class='ocr_carea' id='block_1_107' title="bbox 2135 4416 3828 4489">
    <p class='ocr_par' dir='ltr' id='par_1_107' title="bbox 2135 4416 3828 4489">
     <span class='ocr_line' id='line_1_107' title="bbox 2135 4416 3828 4489; baseline 0.006 -19"><span class='ocrx_word' id='word_1_832' title='bbox 2135 4418 2250 4471; x_wconf 93' lang='lat' dir='ltr'><strong><em>Deo</em></strong></span> <span class='ocrx_word' id='word_1_833' title='bbox 2283 4416 2370 4470; x_wconf 90' lang='lat' dir='ltr'><strong><em>sit.</em></strong></span> <span class='ocrx_word' id='word_1_834' title='bbox 2393 4416 2720 4484; x_wconf 90' lang='lat' dir='ltr'><strong><em>Undecima,</em></strong></span> <span class='ocrx_word' id='word_1_835' title='bbox 2745 4434 2921 4489; x_wconf 91' lang='lat' dir='ltr'><strong><em>quare</em></strong></span> <span class='ocrx_word' id='word_1_836' title='bbox 2942 4419 3197 4475; x_wconf 89' lang='lat' dir='ltr'><strong><em>Christus</em></strong></span> <span class='ocrx_word' id='word_1_837' title='bbox 3220 4420 3289 4476; x_wconf 90' lang='lat' dir='ltr'><strong><em>de</em></strong></span> <span class='ocrx_word' id='word_1_838' title='bbox 3310 4421 3524 4478; x_wconf 88' lang='lat' dir='ltr'><strong><em>femina</em></strong></span> <span class='ocrx_word' id='word_1_839' title='bbox 3547 4428 3712 4477; x_wconf 90' lang='lat' dir='ltr'><strong><em>natus</em></strong></span> <span class='ocrx_word' id='word_1_840' title='bbox 3735 4423 3828 4480; x_wconf 90' lang='lat' dir='ltr'><strong><em>sit.</em></strong></span> 
     </span>
    </p>
   </div>
   <div class='ocr_carea' id='block_1_108' title="bbox 2135 4504 3829 4581">
    <p class='ocr_par' dir='ltr' id='par_1_108' title="bbox 2135 4504 3829 4581">
     <span class='ocr_line' id='line_1_108' title="bbox 2135 4504 3829 4581; baseline 0.005 -24"><span class='ocrx_word' id='word_1_841' title='bbox 2135 4504 2498 4572; x_wconf 88' lang='lat' dir='ltr'><strong><em>Duodecima,</em></strong></span> <span class='ocrx_word' id='word_1_842' title='bbox 2532 4506 2653 4560; x_wconf 91' lang='lat' dir='ltr'><strong><em>loco</em></strong></span> <span class='ocrx_word' id='word_1_843' title='bbox 2709 4506 2806 4560; x_wconf 89' lang='lat' dir='ltr'><strong><em>ubi</em></strong></span> <span class='ocrx_word' id='word_1_844' title='bbox 2836 4507 3035 4562; x_wconf 90' lang='lat' dir='ltr'><strong><em>titulus</em></strong></span> <span class='ocrx_word' id='word_1_845' title='bbox 3063 4513 3168 4575; x_wconf 87' lang='lat' dir='ltr'><strong><em>est,</em></strong></span> <span class='ocrx_word' id='word_1_846' title='bbox 3207 4508 3499 4565; x_wconf 89' lang='lat' dir='ltr'><strong><em>Sententia</em></strong></span> <span class='ocrx_word' id='word_1_847' title='bbox 3531 4510 3829 4581; x_wconf 86' lang='lat' dir='ltr'><strong><em>cujusdam</em></strong></span> 
     </span>
    </p>
   </div>
   <div class='ocr_carea' id='block_1_109' title="bbox 2131 4591 3832 4669">
    <p class='ocr_par' dir='ltr' id='par_1_109' title="bbox 2131 4591 3832 4669">
     <span class='ocr_line' id='line_1_109' title="bbox 2131 4591 3832 4669; baseline 0.005 -25"><span class='ocrx_word' id='word_1_848' title='bbox 2131 4591 2431 4662; x_wconf 89' lang='lat' dir='ltr'><strong><em>sapientis;</em></strong></span> <span class='ocrx_word' id='word_1_849' title='bbox 2466 4609 2578 4648; x_wconf 91' lang='lat' dir='ltr'><strong><em>non</em></strong></span> <span class='ocrx_word' id='word_1_850' title='bbox 2601 4596 2684 4648; x_wconf 91' lang='lat' dir='ltr'><strong><em>est</em></strong></span> <span class='ocrx_word' id='word_1_851' title='bbox 2712 4610 2867 4650; x_wconf 90' lang='lat' dir='ltr'><strong><em>mea:</em></strong></span> <span class='ocrx_word' id='word_1_852' title='bbox 2902 4595 2997 4650; x_wconf 89' lang='lat' dir='ltr'><strong><em>sed</em></strong></span> <span class='ocrx_word' id='word_1_853' title='bbox 3023 4596 3156 4668; x_wconf 90' lang='lat' dir='ltr'><strong><em>quia</em></strong></span> <span class='ocrx_word' id='word_1_854' title='bbox 3177 4612 3281 4667; x_wconf 91' lang='lat' dir='ltr'><strong><em>per</em></strong></span> <span class='ocrx_word' id='word_1_855' title='bbox 3299 4613 3392 4652; x_wconf 92' lang='lat' dir='ltr'><strong><em>me</em></strong></span> <span class='ocrx_word' id='word_1_856' title='bbox 3423 4596 3674 4652; x_wconf 89' lang='lat' dir='ltr'><strong><em>innotuit</em></strong></span> <span class='ocrx_word' id='word_1_857' title='bbox 3702 4598 3832 4669; x_wconf 89' lang='lat' dir='ltr'><strong><em>qui-</em></strong></span> 
     </span>
    </p>
   </div>
   <div class='ocr_carea' id='block_1_110' title="bbox 2129 4679 3825 4756">
    <p class='ocr_par' dir='ltr' id='par_1_110' title="bbox 2129 4679 3825 4756">
     <span class='ocr_line' id='line_1_110' title="bbox 2129 4679 3825 4756; baseline 0.005 -22"><span class='ocrx_word' id='word_1_858' title='bbox 2129 4679 2370 4734; x_wconf 85' lang='lat' dir='ltr'><strong><em>busdam</em></strong></span> <span class='ocrx_word' id='word_1_859' title='bbox 2415 4681 2705 4750; x_wconf 87' lang='lat' dir='ltr'><strong><em>fratribus,</em></strong></span> <span class='ocrx_word' id='word_1_860' title='bbox 2750 4683 2852 4754; x_wconf 91' lang='lat' dir='ltr'><strong><em>qui</em></strong></span> <span class='ocrx_word' id='word_1_861' title='bbox 2879 4687 3015 4738; x_wconf 92' lang='lat' dir='ltr'><strong><em>tunc</em></strong></span> <span class='ocrx_word' id='word_1_862' title='bbox 3063 4701 3093 4738; x_wconf 91' lang='lat' dir='ltr'><strong><em>a</em></strong></span> <span class='ocrx_word' id='word_1_863' title='bbox 3124 4701 3214 4738; x_wconf 92' lang='lat' dir='ltr'><strong><em>me</em></strong></span> <span class='ocrx_word' id='word_1_864' title='bbox 3244 4684 3354 4739; x_wconf 89' lang='lat' dir='ltr'><strong><em>ista</em></strong></span> <span class='ocrx_word' id='word_1_865' title='bbox 3383 4685 3825 4756; x_wconf 87' lang='lat' dir='ltr'><strong><em>diligentissime</em></strong></span> 
     </span>
    </p>
   </div>
   <div class='ocr_carea' id='block_1_111' title="bbox 2129 4768 3829 4843">
    <p class='ocr_par' dir='ltr' id='par_1_111' title="bbox 2129 4768 3829 4843">
     <span class='ocr_line' id='line_1_111' title="bbox 2129 4768 3829 4843; baseline 0.005 -22"><span class='ocrx_word' id='word_1_866' title='bbox 2129 4768 2487 4839; x_wconf 84' lang='lat' dir='ltr'><strong><em>colligebant,</em></strong></span> <span class='ocrx_word' id='word_1_867' title='bbox 2535 4775 2591 4825; x_wconf 92' lang='lat' dir='ltr'><strong><em>et</em></strong></span> <span class='ocrx_word' id='word_1_868' title='bbox 2617 4771 2831 4843; x_wconf 84' lang='lat' dir='ltr'><strong><em>placuit</em></strong></span> <span class='ocrx_word' id='word_1_869' title='bbox 2863 4771 2963 4839; x_wconf 90' lang='lat' dir='ltr'><strong><em>eis,</em></strong></span> <span class='ocrx_word' id='word_1_870' title='bbox 3008 4771 3160 4827; x_wconf 89' lang='lat' dir='ltr'><strong><em>inter</em></strong></span> <span class='ocrx_word' id='word_1_871' title='bbox 3189 4777 3385 4828; x_wconf 89' lang='lat' dir='ltr'><strong><em>nostra</em></strong></span> <span class='ocrx_word' id='word_1_872' title='bbox 3413 4789 3539 4828; x_wconf 87' lang='lat' dir='ltr'><strong><em>eam</em></strong></span> <span class='ocrx_word' id='word_1_873' title='bbox 3577 4773 3829 4831; x_wconf 86' lang='lat' dir='ltr'><strong><em>scribere</em></strong></span> 
     </span>
    </p>
   </div>
   <div class='ocr_carea' id='block_1_112' title="bbox 2127 4855 3829 4934">
    <p class='ocr_par' dir='ltr' id='par_1_112' title="bbox 2127 4855 3829 4934">
     <span class='ocr_line' id='line_1_112' title="bbox 2127 4855 3829 4934; baseline 0.005 -24"><span class='ocrx_word' id='word_1_874' title='bbox 2127 4855 2448 4914; x_wconf 85' lang='lat' dir='ltr'><strong><em>voluerunt.</em></strong></span> <span class='ocrx_word' id='word_1_875' title='bbox 2493 4860 2585 4914; x_wconf 87' lang='lat' dir='ltr'><strong><em>Est</em></strong></span> <span class='ocrx_word' id='word_1_876' title='bbox 2613 4864 2807 4914; x_wconf 91' lang='lat' dir='ltr'><strong><em>autem</em></strong></span> <span class='ocrx_word' id='word_1_877' title='bbox 2849 4860 3144 4931; x_wconf 90' lang='lat' dir='ltr'><strong><em>cujusdam</em></strong></span> <span class='ocrx_word' id='word_1_878' title='bbox 3188 4861 3387 4916; x_wconf 83' lang='lat' dir='ltr'><strong><em>Fontei</em></strong></span> <span class='ocrx_word' id='word_1_879' title='bbox 3417 4861 3829 4934; x_wconf 83' lang='lat' dir='ltr'><strong><em>Carthaginen-</em></strong></span> 
     </span>
    </p>
   </div>
   <div class='ocr_carea' id='block_1_113' title="bbox 2128 4944 3830 5024">
    <p class='ocr_par' dir='ltr' id='par_1_113' title="bbox 2128 4944 3830 5024">
     <span class='ocr_line' id='line_1_113' title="bbox 2128 4944 3830 5024; baseline 0.006 -26"><span class='ocrx_word' id='word_1_880' title='bbox 2128 4944 2204 4998; x_wconf 89' lang='lat' dir='ltr'><strong><em>sis</em></strong></span> <span class='ocrx_word' id='word_1_881' title='bbox 2234 4947 2274 5012; x_wconf 88' lang='grc'><strong><em>¹,</em></strong></span> <span class='ocrx_word' id='word_1_882' title='bbox 2303 4945 2373 5000; x_wconf 92' lang='lat' dir='ltr'><strong><em>de</em></strong></span> <span class='ocrx_word' id='word_1_883' title='bbox 2395 4951 2584 5001; x_wconf 93' lang='lat' dir='ltr'><strong><em>mente</em></strong></span> <span class='ocrx_word' id='word_1_884' title='bbox 2613 4947 2946 5003; x_wconf 90' lang='lat' dir='ltr'><strong><em>mundanda</em></strong></span> <span class='ocrx_word' id='word_1_885' title='bbox 2976 4949 3046 5004; x_wconf 91' lang='lat' dir='ltr'><strong><em>ad</em></strong></span> <span class='ocrx_word' id='word_1_886' title='bbox 3071 4949 3383 5005; x_wconf 88' lang='lat' dir='ltr'><strong><em>videndum</em></strong></span> <span class='ocrx_word' id='word_1_887' title='bbox 3418 4951 3618 5018; x_wconf 90' lang='lat' dir='ltr'><strong><em>Deum,</em></strong></span> <span class='ocrx_word' id='word_1_888' title='bbox 3671 4954 3830 5024; x_wconf 91' lang='lat' dir='ltr'><strong><em>quod</em></strong></span> 
     </span>
    </p>
   </div>
   <div class='ocr_carea' id='block_1_114' title="bbox 2127 5034 3828 5110">
    <p class='ocr_par' dir='ltr' id='par_1_114' title="bbox 2127 5034 3828 5110">
     <span class='ocr_line' id='line_1_114' title="bbox 2127 5034 3828 5110; baseline 0.005 -25"><span class='ocrx_word' id='word_1_889' title='bbox 2127 5047 2382 5102; x_wconf 88' lang='lat' dir='ltr'><strong><em>paganus</em></strong></span> <span class='ocrx_word' id='word_1_890' title='bbox 2421 5034 2651 5105; x_wconf 90' lang='lat' dir='ltr'><strong><em>quidem</em></strong></span> <span class='ocrx_word' id='word_1_891' title='bbox 2693 5035 2939 5106; x_wconf 89' lang='lat' dir='ltr'><strong><em>scripsit,</em></strong></span> <span class='ocrx_word' id='word_1_892' title='bbox 2981 5037 3077 5091; x_wconf 89' lang='lat' dir='ltr'><strong><em>sed</em></strong></span> <span class='ocrx_word' id='word_1_893' title='bbox 3123 5037 3465 5092; x_wconf 87' lang='lat' dir='ltr'><strong><em>christianus</em></strong></span> <span class='ocrx_word' id='word_1_894' title='bbox 3502 5038 3828 5110; x_wconf 89' lang='lat' dir='ltr'><strong><em>baptizatus</em></strong></span> 
     </span>
    </p>
   </div>
   <div class='ocr_carea' id='block_1_115' title="bbox 2118 5121 3829 5197">
    <p class='ocr_par' dir='ltr' id='par_1_115' title="bbox 2118 5121 3829 5197">
     <span class='ocr_line' id='line_1_115' title="bbox 2118 5121 3829 5197; baseline 0.007 -25"><span class='ocrx_word' id='word_1_895' title='bbox 2118 5123 2209 5173; x_wconf 82' lang='lat' dir='ltr'><strong><em>est</em></strong></span> <span class='ocrx_word' id='word_1_896' title='bbox 2242 5126 2526 5176; x_wconf 89' lang='lat' dir='ltr'><strong><em>mortuus.</em></strong></span> <span class='ocrx_word' id='word_1_897' title='bbox 2569 5121 2798 5177; x_wconf 89' lang='lat' dir='ltr'><strong><em>Decima</em></strong></span> <span class='ocrx_word' id='word_1_898' title='bbox 2837 5123 3005 5178; x_wconf 89' lang='lat' dir='ltr'><strong><em>tertia</em></strong></span> <span class='ocrx_word' id='word_1_899' title='bbox 3033 5129 3135 5194; x_wconf 90' lang='lat' dir='ltr'><strong><em>est,</em></strong></span> <span class='ocrx_word' id='word_1_900' title='bbox 3177 5142 3289 5197; x_wconf 91' lang='lat' dir='ltr'><strong><em>quo</em></strong></span> <span class='ocrx_word' id='word_1_901' title='bbox 3315 5127 3658 5182; x_wconf 90' lang='lat' dir='ltr'><strong><em>documento</em></strong></span> <span class='ocrx_word' id='word_1_902' title='bbox 3689 5145 3829 5184; x_wconf 86' lang='lat' dir='ltr'><strong><em>con-</em></strong></span> 
     </span>
    </p>
   </div>
   <div class='ocr_carea' id='block_1_116' title="bbox 2125 5208 3831 5286">
    <p class='ocr_par' dir='ltr' id='par_1_116' title="bbox 2125 5208 3831 5286">
     <span class='ocr_line' id='line_1_116' title="bbox 2125 5208 3831 5286; baseline 0.007 -25"><span class='ocrx_word' id='word_1_903' title='bbox 2125 5211 2234 5262; x_wconf 90' lang='lat' dir='ltr'><strong><em>stet</em></strong></span> <span class='ocrx_word' id='word_1_904' title='bbox 2273 5208 2537 5262; x_wconf 90' lang='lat' dir='ltr'><strong><em>homines</em></strong></span> <span class='ocrx_word' id='word_1_905' title='bbox 2577 5209 2772 5263; x_wconf 89' lang='lat' dir='ltr'><strong><em>bestiis</em></strong></span> <span class='ocrx_word' id='word_1_906' title='bbox 2815 5211 3107 5268; x_wconf 87' lang='lat' dir='ltr'><strong><em>excellere.</em></strong></span> <span class='ocrx_word' id='word_1_907' title='bbox 3149 5214 3377 5268; x_wconf 90' lang='lat' dir='ltr'><strong><em>Decima</em></strong></span> <span class='ocrx_word' id='word_1_908' title='bbox 3432 5220 3656 5286; x_wconf 88' lang='lat' dir='ltr'><strong><em>quarta,</em></strong></span> <span class='ocrx_word' id='word_1_909' title='bbox 3708 5233 3831 5274; x_wconf 91' lang='lat' dir='ltr'><strong><em>non</em></strong></span> 
     </span>
    </p>
   </div>
   <div class='ocr_carea' id='block_1_117' title="bbox 2122 5295 3824 5375">
    <p class='ocr_par' dir='ltr' id='par_1_117' title="bbox 2122 5295 3824 5375">
     <span class='ocr_line' id='line_1_117' title="bbox 2122 5295 3824 5375; baseline 0.008 -25"><span class='ocrx_word' id='word_1_910' title='bbox 2122 5295 2295 5351; x_wconf 74' lang='lat' dir='ltr'><strong><em>fuisse</em></strong></span> <span class='ocrx_word' id='word_1_911' title='bbox 2323 5311 2530 5368; x_wconf 89' lang='lat' dir='ltr'><strong><em>corpus</em></strong></span> <span class='ocrx_word' id='word_1_912' title='bbox 2562 5297 2790 5352; x_wconf 89' lang='lat' dir='ltr'><strong><em>Domini</em></strong></span> <span class='ocrx_word' id='word_1_913' title='bbox 2827 5299 3005 5355; x_wconf 89' lang='lat' dir='ltr'><strong><em>nostri</em></strong></span> <span class='ocrx_word' id='word_1_914' title='bbox 3032 5301 3162 5356; x_wconf 81' lang='lat' dir='ltr'><strong><em>Jesu</em></strong></span> <span class='ocrx_word' id='word_1_915' title='bbox 3206 5302 3414 5358; x_wconf 88' lang='lat' dir='ltr'><strong><em>Christi</em></strong></span> <span class='ocrx_word' id='word_1_916' title='bbox 3457 5305 3824 5375; x_wconf 86' lang='lat' dir='ltr'><strong><em>phantasma.</em></strong></span> 
     </span>
    </p>
   </div>
   <div class='ocr_carea' id='block_1_118' title="bbox 2186 5436 3829 5502">
    <p class='ocr_par' dir='ltr' id='par_1_118' title="bbox 2186 5436 3829 5502">
     <span class='ocr_line' id='line_1_118' title="bbox 2186 5436 3829 5502; baseline 0.01 -17"><span class='ocrx_word' id='word_1_917' title='bbox 2186 5439 2202 5471; x_wconf 79' lang='grc' dir='ltr'><strong>ι</strong></span> <span class='ocrx_word' id='word_1_918' title='bbox 2224 5436 2448 5502; x_wconf 78' lang='lat' dir='ltr'><strong><em>Additur</em></strong></span> <span class='ocrx_word' id='word_1_919' title='bbox 2483 5439 2621 5500; x_wconf 92' lang='lat' dir='ltr'><strong><em>apud</em></strong></span> <span class='ocrx_word' id='word_1_920' title='bbox 2655 5440 2810 5490; x_wconf 86' lang='lat' dir='ltr'><strong><em>Lov.:</em></strong></span> <span class='ocrx_word' id='word_1_921' title='bbox 2860 5441 2965 5502; x_wconf 81' lang='lat' dir='ltr'><strong><em>Qui</em></strong></span> <span class='ocrx_word' id='word_1_922' title='bbox 2998 5443 3063 5493; x_wconf 86' lang='lat' dir='ltr'><strong><em>de</em></strong></span> <span class='ocrx_word' id='word_1_923' title='bbox 3082 5444 3191 5493; x_wconf 81' lang='lat' dir='ltr'><strong><em>vita</em></strong></span> <span class='ocrx_word' id='word_1_924' title='bbox 3213 5443 3689 5498; x_wconf 59' lang='lat' dir='ltr'><strong><em>Brachmanas-um</em></strong></span> <span class='ocrx_word' id='word_1_925' title='bbox 3718 5451 3829 5501; x_wconf 83' lang='lat' dir='ltr'><strong><em>ali-</em></strong></span> 
     </span>
    </p>
   </div>
   <div class='ocr_carea' id='block_1_119' title="bbox 2119 5501 3824 5570">
    <p class='ocr_par' dir='ltr' id='par_1_119' title="bbox 2119 5501 3824 5570">
     <span class='ocr_line' id='line_1_119' title="bbox 2119 5501 3824 5570; baseline 0.01 -22"><span class='ocrx_word' id='word_1_926' title='bbox 2119 5501 2328 5561; x_wconf 80' lang='lat' dir='ltr'><strong><em>quanto</em></strong></span> <span class='ocrx_word' id='word_1_927' title='bbox 2347 5502 2661 5566; x_wconf 76' lang='lat' dir='ltr'><strong><em>conscripsit</em></strong></span> <span class='ocrx_word' id='word_1_928' title='bbox 2679 5504 2846 5566; x_wconf 88' lang='lat' dir='ltr'><strong><em>;quod</em></strong></span> <span class='ocrx_word' id='word_1_929' title='bbox 2867 5501 3086 5568; x_wconf 83' lang='lat' dir='ltr'><strong><em>prorsus</em></strong></span> <span class='ocrx_word' id='word_1_930' title='bbox 3108 5507 3257 5556; x_wconf 90' lang='lat' dir='ltr'><strong><em>abest</em></strong></span> <span class='ocrx_word' id='word_1_931' title='bbox 3272 5508 3338 5557; x_wconf 87' lang='lat' dir='ltr'><strong><em>ab</em></strong></span> <span class='ocrx_word' id='word_1_932' title='bbox 3353 5508 3491 5570; x_wconf 78' lang='lat' dir='ltr'><strong><em>Am.,</em></strong></span> <span class='ocrx_word' id='word_1_933' title='bbox 3509 5509 3596 5558; x_wconf 89' lang='lat' dir='ltr'><strong><em>Er.</em></strong></span> <span class='ocrx_word' id='word_1_934' title='bbox 3624 5514 3679 5560; x_wconf 88' lang='lat' dir='ltr'><strong><em>et</em></strong></span> <span class='ocrx_word' id='word_1_935' title='bbox 3698 5511 3824 5565; x_wconf 83' lang='lat' dir='ltr'><strong><em>Mss.</em></strong></span> 
     </span>
    </p>
   </div>
  </div>
