4062 6348
238 315 342 369 825

243 439 470 495 Decima
499 439 720 510 quinta.
752 439 822 495 de
850 439 1156 495 intellectu.
1216 439 1447 496 Decima
1475 446 1652 509 sexta,
1693 443 1763 499 de
1804 445 1944 501 Filio

244 527 364 582 Dei.
399 527 628 583 Decima
654 528 914 598 septima,
967 528 1038 583 de
1059 527 1293 583 scientia
1323 529 1441 585 Dei.
1479 531 1704 586 Decima
1727 537 1942 600 octava,

241 615 310 670 de
342 615 616 670 Trinitate
644 615 680 676 ',
716 617 944 671 Decima
973 633 1145 678 nona,
1178 617 1247 671 de
1279 619 1394 672 Deo
1423 623 1480 672 et
1520 626 1800 678 creatura.
1851 623 1944 676 Vi-

241 700 463 772 gesima
509 701 578 754 de
627 702 750 755 loco
794 702 912 756 Dei.
963 701 1251 772 Vigesima
1299 701 1507 772 prima,
1552 709 1748 760 utrum
1796 707 1942 762 Deus

241 793 437 843 auctor
466 788 603 843 mali
633 805 747 843 non
780 790 869 844 sit.
908 789 1012 844 Ubi
1032 790 1338 844 videndum
1369 796 1474 857 est,
1502 807 1574 846 ne
1606 795 1753 848 male
1777 793 1942 847 intelo

240 877 463 948 ligatur
491 877 642 947 quod
675 877 810 938 dixi,
850 880 986 933 Mali
1010 883 1198 933 auctor
1238 893 1345 933 non
1386 884 1484 946 est,
1533 883 1663 949 quia
1706 887 1941 936 omnium

242 981 362 1036 qua
385 969 515 1021 sunt
540 970 728 1021 auctor
752 971 865 1034 est;
897 970 1026 1036 quia
1056 971 1115 1022 in
1143 973 1408 1038 quantum
1450 975 1594 1036 sunt,
1641 973 1701 1024 in
1730 977 1941 1026 tantum

241 1054 377 1108 bona
404 1059 564 1108 sunt:
603 1058 752 1109 etne
775 1055 908 1110 hinc
929 1060 1162 1126 putetur
1185 1073 1299 1111 non
1325 1057 1396 1112 ab
1424 1057 1525 1111 illo
1557 1074 1679 1112 esse
1711 1075 1940 1130 poenam

239 1142 547 1209 malorum,
583 1158 712 1213 quae
740 1143 940 1214 utique
972 1144 1185 1197 malum
1218 1148 1301 1197 est
1337 1143 1406 1197 iis
1451 1143 1551 1214 qui
1597 1145 1934 1216 puniuntur.

237 1228 343 1284 Sed
376 1229 480 1284 hoc
500 1229 579 1284 ita
599 1230 713 1286 dixi
735 1231 1221 1302 quemadmodum
1253 1231 1468 1288 dictum
1496 1236 1600 1300 est,
1633 1237 1773 1288 Deus
1800 1250 1938 1288 mor-

238 1322 341 1372 tem
372 1333 478 1372 non
525 1321 655 1386 fecit
699 1319 854 1388 (Sap.
901 1336 941 1387 ι,
991 1321 1114 1386 l3);
1173 1335 1302 1374 cum
1350 1320 1487 1375 alibi
1517 1320 1794 1391 scriptum
1823 1322 1932 1376 sit:

235 1407 380 1461 Mors
409 1411 459 1460 et
486 1409 662 1461 vitaa
709 1409 930 1461 Domino
967 1410 1067 1462 Deo
1117 1412 1195 1462 est
1248 1409 1431 1477 (Eccli.
1484 1424 1559 1474 ιιι,
1617 1411 1719 1477 14).
1767 1410 1935 1464 Malo-

235 1510 366 1548 rum
420 1510 556 1566 ergo
597 1511 784 1565 paena,
835 1510 965 1566 quae
995 1512 1027 1548 a
1059 1496 1171 1550 Deo
1208 1501 1311 1562 est,
1344 1497 1558 1550 malum
1589 1501 1673 1551 est
1700 1497 1934 1568 quidem

237 1583 438 1650 malis;
468 1599 526 1638 se
587 1583 648 1637 in
673 1583 840 1638 bonis
869 1583 969 1638 Dei
999 1583 1266 1654 operibus
1291 1588 1392 1650 est,
1418 1585 1688 1655 quoniam
1713 1586 1934 1656 justum

235 1675 318 1726 est
338 1675 404 1726 ut
420 1671 555 1725 mali
572 1670 906 1742 puniantur,
930 1675 985 1725 et
1013 1671 1212 1741 utique
1247 1672 1460 1725 bonum
1484 1677 1568 1726 est
1583 1689 1750 1726 omne
1778 1675 1934 1744 quod

227 1761 448 1832 justum
473 1765 582 1814 est.
622 1759 908 1830 Vigesima
935 1759 1204 1824 secunda,
1240 1760 1418 1812 Deum
1448 1776 1562 1814 non
1593 1761 1713 1830 pati
1739 1777 1932 1816 neces-

233 1847 482 1902 sitatem.
517 1847 803 1918 Vigesima
831 1847 1018 1916 tertia,
1051 1847 1119 1901 de
1164 1848 1328 1901 Patre
1371 1851 1429 1901 et
1473 1849 1629 1902 Filio.
1675 1848 1779 1902 Ubi
1818 1849 1932 1903 dixi

233 1935 391 2006 quod
421 1951 546 1990 eam
577 1935 698 2005 ipse
725 1933 1008 2004 genuerit,
1042 1950 1154 2005 qua
1185 1934 1407 2005 sapiens
1444 1935 1672 2002 dicitur,
1703 1937 1932 2008 sapien-

232 2024 374 2077 tiam
399 2039 413 2076 :
447 2023 543 2077 sed
567 2022 772 2077 melius
800 2022 966 2076 istam
993 2022 1371 2094 quaestionem
1395 2023 1453 2077 in
1473 2023 1618 2078 libro
1639 2030 1835 2094 postea
1861 2026 1931 2080 de

231 2111 506 2166 Trinitate
526 2110 914 2166 tractavimus.
948 2110 1234 2181 Vigesima
1264 2115 1486 2180 quarta,
1509 2115 1705 2165 utrum
1722 2116 1777 2165 et
1798 2128 1930 2182 pec-

229 2204 424 2254 catum
453 2204 510 2254 et
539 2204 687 2253 recte
715 2199 1001 2253 factumin
1027 2199 1205 2253 libero
1226 2199 1298 2253 sit
1326 2198 1632 2252 voluntatis
1660 2199 1918 2256 arbitrio.

231 2289 394 2352 Quod
423 2289 502 2341 ita
521 2303 642 2342 esse
672 2287 908 2341 omnino
927 2287 1291 2341 verissimum
1322 2291 1404 2340 est
1430 2303 1442 2340 :
1479 2287 1571 2341 sed
1604 2291 1666 2340 ut
1686 2288 1754 2341 ad
1780 2293 1929 2343 recte

230 2363 557 2431 faciendum
582 2375 828 2430 liberum
858 2375 950 2439 sit,
986 2375 1086 2429 Dei
1110 2375 1292 2445 gratia
1314 2375 1607 2429 liberatur.
1643 2375 1932 2446 Vigesima

229 2464 455 2536 quinta,
498 2464 566 2518 de
613 2479 777 2517 cruce
814 2461 1038 2518 Christi.
1082 2463 1370 2534 Vigesima
1433 2467 1610 2528 sexta,
1653 2463 1721 2517 de
1765 2463 1928 2517 diffe—

227 2552 417 2606 rentia
440 2558 822 2621 peccatorum.
847 2549 1129 2622 Vigesima
1162 2551 1423 2621 septima,
1453 2550 1522 2604 de
1552 2551 1925 2621 providentia.

228 2639 513 2711 Vigesima
538 2643 750 2701 octava,
783 2655 958 2710 quare
980 2640 1126 2693 Deus
1147 2638 1430 2693 mundum
1459 2638 1641 2692 facere
1664 2640 1925 2694 voluerit.

232 2728 520 2799 Vigesima
548 2743 702 2782 nona
726 2733 919 2782 utrum
947 2727 1166 2797 aliquid
1194 2727 1266 2780 sit
1291 2742 1516 2780 sursum
1543 2731 1642 2781 aut
1662 2727 1928 2782 deorsum

228 2816 292 2870 in
349 2816 636 2870 universo.
689 2815 1024 2885 Trigesima,
1058 2819 1252 2868 utrum
1283 2814 1480 2868 omnia
1520 2815 1580 2868 in
1623 2815 1928 2869 utilitatem

226 2903 480 2959 hominis
509 2907 696 2958 creata
724 2903 856 2957 sint.
887 2902 1204 2972 Trigesima
1232 2902 1418 2973 prima
1447 2905 1487 2968 ²,
1522 2917 1625 2956 nec
1650 2902 1774 2972 ipsa
1803 2919 1929 2956 mea

227 2997 336 3058 est,
369 2992 466 3046 sed
510 2991 795 3047 Ciceronis
844 2991 1093 3060 (Tullius,
1133 2993 1206 3044 De
1250 2990 1430 3058 Ofﬁc.,
1477 2989 1570 3042 lib.
1609 2993 1688 3052 l):
1730 3006 1928 3044 verum

226 3079 367 3151 quia
396 3083 451 3134 et
474 3079 597 3134 haec
625 3094 728 3151 per
755 3095 846 3133 me
877 3077 1126 3132 innotuit
1165 3077 1458 3146 fratribus,
1488 3076 1637 3131 inter
1664 3077 1772 3131 ista
1801 3094 1930 3149 quae

225 3168 576 3240 colligebant
605 3167 953 3238 scripserunt
981 3182 1130 3232 eam,
1178 3166 1431 3220 volentes
1460 3182 1624 3220 nosse
1654 3168 1928 3238 quemad-

225 3256 469 3312 modum
493 3255 730 3310 virtutes
759 3253 938 3309 animi
963 3254 1032 3308 ab
1070 3249 1391 3308 illo'divisaz
1421 3270 1485 3308 ac
1513 3253 1763 3310 deﬁnita:
1793 3255 1924 3310 sint.

225 3344 544 3415 Trigesima
573 3343 842 3409 secunda,
874 3347 1064 3397 utrum
1092 3359 1214 3396 rem
1244 3341 1402 3396 illam
1431 3341 1574 3396 alius
1605 3342 1715 3397 alio
1746 3343 1928 3415 magis

228 3433 536 3503 intelligat,
579 3436 750 3503 atque
776 3431 856 3485 ita
884 3431 1136 3502 ejusdem
1169 3430 1252 3485 rei
1280 3446 1384 3501 per
1411 3429 1641 3484 inﬁnitu
1673 3435 1822 3486 meat
1848 3431 1930 3485 in-

227 3521 568 3594 telligentia.
627 3519 942 3591 Trigesima
1009 3518 1199 3585 tertia,
1257 3518 1326 3572 de
1381 3523 1556 3573 metu.
1617 3519 1930 3590 Trigesima

226 3614 433 3682 quarta
470 3613 666 3663 utrum
724 3625 842 3662 non
894 3607 1047 3662 aliud
1094 3606 1400 3661 amandum
1443 3607 1516 3661 sit
1560 3623 1731 3678 quam
1773 3612 1929 3662 metu

224 3713 442 3753 carere.
477 3695 792 3767 Trigesima
834 3695 1054 3767 quinta,
1087 3694 1224 3766 quid
1254 3694 1564 3748 amandum
1597 3694 1688 3748 sit.
1723 3696 1786 3748 ln
1817 3711 1929 3766 qua

223 3785 370 3840 illud
399 3784 549 3856 quod
574 3783 714 3852 dixi,
739 3783 800 3837 id
827 3799 938 3838 esse
967 3782 1281 3849 amandum,
1311 3783 1455 3850 quod
1483 3783 1624 3836 nihil
1663 3787 1741 3836 est
1768 3782 1929 3836 aliud

223 3873 442 3940 habere,
477 3888 640 3942 quam
668 3886 841 3939 nosse,
867 3887 986 3924 non
1030 3869 1165 3924 satis
1197 3870 1470 3940 approbo.
1525 3871 1718 3940 Neque
1769 3871 1927 3924 enim

225 3964 413 4018 Deum
443 3976 556 4014 non
583 3959 891 4024 habebant,
926 3958 1132 4028 quibus
1161 3957 1376 4012 dictum
1410 3961 1512 4011 est.
1547 3961 1776 4013 Nescitis
1797 3961 1929 4028 quia

224 4049 484 4117 templum
532 4049 624 4101 Dei
671 4049 798 4100 estis
827 4061 940 4114 vos,
971 4050 1020 4098 et
1048 4046 1291 4114 Spiritus
1322 4047 1416 4098 Dei
1455 4046 1668 4099 habitat
1693 4048 1748 4098 in
1777 4047 1927 4101 vobis

224 4137 277 4206 (1
324 4137 451 4191 Cor.
513 4152 592 4202 ιιι,
647 4135 726 4201 l6)
778 4149 880 4188 nec
909 4137 1101 4188 tamen
1141 4149 1271 4187 eum
1326 4137 1622 4201 noverant,
1670 4135 1758 4189 vel
1810 4151 1928 4189 non

223 4224 372 4279 sicut
399 4223 716 4278 noscendus
745 4225 829 4277 est
872 4225 1163 4276 noverant.
1198 4223 1339 4275 Item
1371 4222 1524 4292 quod
1576 4221 1713 4285 dixi,
1766 4226 1928 4278 Nemo

223 4315 403 4382 igitur
456 4313 666 4367 beatam
713 4313 883 4366 vitam
930 4313 1098 4376 novit,
1130 4315 1179 4364 et
1214 4311 1376 4364 miser
1425 4314 1523 4378 est,
1555 4310 1734 4376 Novit,
1793 4311 1924 4377 dixi,

225 4401 520 4474 quomodo
549 4400 835 4455 noscenda
861 4403 962 4454 est.
998 4400 1140 4453 Nam
1171 4397 1299 4470 quis
1318 4413 1444 4452 eam
1469 4397 1698 4468 penitus
1728 4399 1926 4466 nescit,

225 4509 428 4548 eorum
461 4493 739 4548 duntaxat
771 4491 872 4563 qui
895 4491 1018 4562 jam
1050 4491 1271 4544 ratione
1296 4493 1535 4544 utuntur
1561 4489 1926 4561 quandoqui-

223 4581 360 4637 dem
398 4581 589 4636 beatos
616 4596 673 4634 se
714 4596 833 4634 esse
863 4579 1007 4634 velle
1038 4582 1320 4632 noverunt
1345 4579 1372 4632 ‘i
1397 4577 1709 4648 Trigesima
1753 4582 1924 4645 sexta,

225 4670 301 4725 de
328 4669 632 4724 nutrienda
661 4668 955 4722 charitate.
991 4667 1096 4721 Ubi
1127 4667 1282 4722 dixi:
1335 4670 1472 4721 Deus
1511 4669 1683 4734 igitur
1723 4671 1771 4721 et
1800 4669 1926 4720 ani-

224 4774 348 4813 mus
379 4773 482 4828 quo
511 4762 748 4825 amatur,
780 4757 1022 4812 charitas
1055 4757 1273 4826 proprie
1307 4755 1510 4808 dicitur
1534 4757 1930 4824 purgatissima

225 4850 280 4900 et
319 4851 704 4906 consummata.
737 4847 788 4900 si
815 4846 954 4899 nihil
986 4845 1141 4898 aliud
1170 4847 1406 4898 amatur.
1457 4842 1615 4906 Quod
1649 4841 1695 4894 si
1733 4857 1929 4895 verum

224 4938 334 5000 est,
366 4934 655 5004 quomodo
687 4949 825 5004 ergo
855 4933 1160 5004 Apostolus
1192 4932 1274 4986 ait
1303 4947 1315 4985 :
1349 4933 1508 4985 Nemo
1538 4946 1775 4999 unquam
1806 4946 1926 4984 car-

226 5039 348 5078 nem
380 5037 533 5076 suam
549 5021 669 5075 odio
683 5022 1101 5092 habuit(Ephes.
1133 5037 1185 5087 v,
1205 5020 1322 5090 ‘29).
1353 5020 1417 5072 Et
1439 5034 1501 5071 ex
1531 5019 1638 5072 hoc
1663 5018 1930 5072 admonet

227 5114 297 5168 ut
324 5109 638 5181 diligantur
668 5125 890 5164 uxores.
921 5109 1030 5164 Sed
1069 5109 1198 5164 ideo
1229 5108 1443 5163 dictum
1477 5109 1576 5174 est,
1605 5109 1826 5184 proprie
1855 5107 1932 5161 di-

300 5310 314 5342 ¹
339 5307 473 5365 Ann,
492 5307 574 5354 Er.
597 5309 649 5354 et
669 5306 787 5353 Mss.
803 5319 911 5353 non
927 5304 1432 5363 deterioreshabcnt,
1448 5301 1511 5352 de
1526 5303 1688 5354 Trina
1701 5306 1928 5353 unitate.

297 5369 318 5404 9
355 5369 446 5416 Hic
478 5367 827 5416 Lovanienses
856 5367 1067 5414 titulum
1100 5367 1373 5414 sententia:
1395 5367 1578 5428 prima:
1605 5366 1692 5414 lib.
1718 5368 1769 5414 2t
1808 5365 1931 5414 Sen-

233 5433 364 5480 tent.
398 5431 482 5479 Sic
505 5431 874 5492 interponunt:
897 5443 1032 5482 xxxi,
1054 5431 1301 5492 Eumrqui
1330 5431 1384 5476 ut
1400 5429 1699 5492 ίυυη-υευιι,
1717 5429 1932 5492 beatum

231 5504 361 5556 esse.
388 5494 497 5556 ljec
522 5489 658 5556 ipsa'
671 5504 784 5556 mea
803 5491 1366 5556 est.l_nterpolatiouem
1382 5490 1676 5541 deteximus
1695 5489 1930 5538 subsidio

236 5554 369 5613 Am,
399 5553 483 5603 Er.
510 5553 564 5603 et
585 5554 846 5602 veriorum
880 5553 1001 5601 Mss.

1709 323 1922 381 LIBER
1995 325 2279 385 PRIMUS.

3640 340 3747 392 626

2058 448 2210 502 lectio
2241 449 2466 517 dicitur,
2501 453 2774 522 quoniam
2803 468 2933 507 caro
2963 452 3220 524 diligitur
3249 455 3502 526 quidem,
3533 471 3636 510 nec
3664 459 3747 511 ta-

2054 549 2189 588 men
2219 537 2470 607 proprie,
2505 538 2602 593 scd
2656 543 2892 610 propter
2937 539 3188 594 animam
3234 541 3324 594 cui
3380 542 3632 612 subjacet
3675 543 3747 598 ad

2052 637 2238 676 usum.
2276 625 2417 679 Nam
2445 625 2549 678 etsi
2579 631 2816 697 propter
2851 626 3093 698 seipsam
3123 628 3346 683 videtur
3385 629 3566 701 diligi.
3613 646 3744 685 cum

2051 727 2175 765 eam
2197 713 2464 767 nolumus
2494 730 2612 768 esse
2644 714 2978 780 deformem,
3004 716 3070 770 ad
3094 716 3246 770 aliud
3267 717 3630 772 referendum
3661 723 3745 772 est

2049 799 2218 853 decus
2249 801 2392 870 ejus,
2421 801 2487 855 ad
2519 801 2662 856 illud
2692 802 2903 857 scilicet
2933 821 2966 857 a
2996 819 3109 875 quo
3140 804 3342 858 decora
3371 810 3503 859 sunt
3527 806 3742 860 omnia.

2047 886 2362 958 Trigesima
2391 888 2652 957 septima,
2673 888 2743 943 de
2765 905 2990 960 semper
3008 895 3160 944 nato.
3195 891 3508 962 Trigesima
3529 897 3741 959 octava,

2048 975 2115 1028 de
2127 975 2576 1031 conformatione
2589 977 2813 1032 animm.
2830 978 3143 1048 Trigesima
3155 996 3327 1046 nona,
3343 981 3413 1035 de
3435 981 3739 1036 alimentis.

2047 1065 2202 1128 Quad
2213 1065 2512 1136 ragesima,
2539 1082 2666 1120 cum
2683 1065 3004 1120 animarum
3023 1071 3224 1121 natura
3238 1084 3351 1122 una
3366 1068 3456 1131 sit,
3472 1069 3623 1122 unde
3643 1069 3744 1122 ho-

2047 1153 2268 1207 minum
2302 1153 2540 1207 diversm
2561 1155 2896 1208 voluntates.
2913 1155 3354 1225 Quadragesima
3374 1155 3583 1226 prima,
3610 1173 3740 1210 cum

2047 1239 2238 1294 omnia
2259 1242 2404 1295 Deus
2415 1241 2812 1312 tecerit,quare
2825 1259 2941 1296 non
2955 1243 3251 1314 aequaliter
3261 1245 3476 1298 fecerit.
3492 1244 3646 1308 Quad
3657 1261 3741 1298 ra-

2045 1327 2262 1398 gesima
2276 1330 2543 1397 secunda,
2557 1330 3040 1400 quemadmodum
3058 1331 3154 1385 Dei
3167 1331 3455 1402 Sapientia
3471 1331 3742 1386 Dominus

2042 1418 2201 1470 Jesus
2230 1417 2482 1472 Christus
2503 1418 2629 1472 etin
2655 1421 2814 1472 utero
2841 1419 3039 1473 matris
3064 1419 3235 1474 fuerit
3255 1423 3311 1474 et
3326 1419 3386 1473 in
3406 1419 3577 1474 caelis.
3599 1420 3742 1484 Qua-

2044 1505 2360 1575 dragesim'a
2377 1505 2745 1576 tertia,quare
2763 1505 2936 1560 Filius
2955 1507 3055 1561 Dei
3069 1506 3128 1561 in
3140 1507 3374 1562 homine
3388 1505 3672 1577 apparuit,
3687 1509 3744 1561 et

2043 1592 2286 1662 Spiritus
2317 1599 2544 1647 sanctus
2575 1594 2634 1647 in
2661 1595 2924 1649 columba
2955 1596 3146 1663 (Math.
3178 1612 3259 1660 ιιι,
3282 1594 3386 1664 16).
3419 1594 3741 1664 Quadrage-

2043 1680 2186 1734 sima
2198 1685 2420 1751 quarta,
2435 1697 2610 1752 quare
2625 1685 2783 1736 tanto
2797 1686 2926 1750 post
2937 1683 3090 1736 venit
3105 1682 3375 1736 Dominus
3397 1682 3423 1735 ,Ι
3429 1697 3556 1734 esus
3581 1679 3741 1735 Chri-

2043 1772 2185 1822 stus.
2217 1768 2318 1822 Ubi
2340 1784 2470 1822 cum
2487 1769 2713 1839 generis
2734 1770 2975 1823 humani
2996 1774 3271 1840 tanquam
3292 1768 3465 1822 unius
3490 1767 3739 1820 hominis

2043 1857 2232 1906 aetates
2265 1868 2788 1913 commemorarem,
2808 1854 2921 1907 dixi
2949 1857 3082 1908 :Nec
3095 1855 3526 1923 oportuitvenire
3541 1853 3739 1906 divini-

2041 1945 2126 1995 tus
2156 1943 2499 2007 magistrum,
2519 1942 2674 2008 cujus
2693 1944 2993 1995 imitatione
3015 1944 3074 1995 in
3093 1956 3263 1995 mores
3289 1943 3516 2010 optimos
3535 1942 3738 2006 forma-

2039 2034 2209 2094 retur,
2237 2031 2348 2083 nisi
2377 2033 2607 2097 tempore
2628 2029 2952 2097 juventutis-.
2982 2030 3046 2083 Et
3075 2028 3307 2096 adjunxi
3327 2028 3392 2082 ad
3418 2028 3526 2081 hoc
3551 2027 3736 2080 valere

2041 2120 2194 2186 quod
2238 2117 2539 2186 Apostolus
2569 2117 2723 2186 dicit,
2764 2116 2868 2171 sub
2901 2119 3047 2188 Lege
3077 2120 3354 2186 tanquam
3385 2114 3488 2168 sub
3546 2113 3739 2185 paeda-

2040 2220 2187 2275 gogo
2217 2205 2452 2276 parvulo
2482 2205 2788 2260 custoditos
2828 2204 3030 2274 (Galat.
3087 2221 3171 2271 ιιι,
3218 2204 3335 2272 23).
3395 2202 3504 2256 Sed
3551 2204 3740 2271 potest

2041 2308 2266 2347 movere
2297 2308 2398 2346 cur
2427 2292 2561 2346 alibi
2581 2292 2912 2353 dixerimus,
2929 2291 3213 2347 Christum
3229 2291 3286 2344 in
3301 2289 3526 2361 generis
3541 2289 3740 2342 huma-

2041 2380 2099 2433 ni
2131 2386 2287 2434 sexta
2317 2385 2484 2434 (etate
2504 2386 2782 2451 tanquam
2812 2380 2871 2433 in
2897 2385 3188 2433 senectute
3211 2378 3428 2431 venisse
3453 2377 3590 2444 (Lib.
3628 2379 3646 2429 l
3673 2375 3740 2430 de

2041 2467 2181 2523 Gen.
2221 2473 2408 2523 contra
2435 2469 2697 2534 Manich.,
2729 2483 2782 2522 c.
2818 2470 2909 2534 23,
2935 2483 2990 2520 η.
3023 2467 3132 2533 40).
3177 2467 3292 2519 Hoc
3320 2480 3454 2534 ergo
3485 2463 3635 2534 quod
3664 2462 3734 2516 de

2035 2556 2333 2626 juventute
2388 2555 2601 2610 dictum
2632 2560 2734 2620 est,
2769 2555 2839 2608 ad
2884 2552 3138 2624 vigorem
3177 2553 3569 2622 terroremque
3599 2549 3737 2604 ﬁdei

2039 2644 2302 2706 refertur,
2337 2659 2467 2714 quae
2499 2659 2600 2712 per
2629 2643 2994 2697 dilectionem
3025 2644 3327 2712 operatur;
3373 2639 3514 2693 illud
3544 2641 3737 2692 autem

2039 2732 2107 2785 de
2137 2731 2543 2799 senectute,.ad
2564 2735 2883 2800 temporum
2909 2744 3233 2783 numerum.
3259 2729 3450 2782 Potest
3463 2726 3616 2780 enim
3647 2725 3737 2780 in-

2038 2818 2216 2890 telligi
2247 2826 2554 2889 utrumque
2587 2819 2645 2872 in
2685 2817 3052 2873 universitate
3081 2815 3404 2881 hominum,
3437 2814 3589 2886 quod
3617 2830 3738 2868 non

2043 2911 2226 2978 potest
2264 2907 2322 2961 in
2355 2908 2614 2961 aetatibus
2660 2907 3056 2977 singulorum:
3091 2905 3237 2959 sicut
3261 2904 3320 2958 in
3349 2919 3586 2973 corpore
3616 2918 3731 2957 non

2036 2997 2222 3065 potest
2251 3010 2370 3047 esse
2402 2993 2569 3047 simul
2611 2997 2664 3046 et
2687 2994 2956 3064 juventus
3005 2997 3060 3046 et
3107 2997 3390 3059 senectus,
3438 2991 3499 3044 in
3541 2989 3736 3044 animo

2039 3086 2228 3136 autem
2261 3085 2478 3153 potest;
2513 3082 2609 3135 illa
2655 3085 2892 3152 propter
2940 3079 3311 3150 alacritatem,
3355 3079 3462 3133 ista
3499 3082 3737 3150 propter

2038 3155 2393 3242 gravitatem.
2457 3169 2898 3240 Quadragesima
2939 3169 3141 3240 quinta
3190 3169 3456 3223 adversus
3515 3167 3734 3222 mathe~

2037 3258 2292 3312 maticos.
2322 3257 2767 3327 Quadragesima
2797 3260 2970 3323 sexta,
3005 3257 3074 3311 de
3099 3257 3258 3311 ideis.
3291 3253 3736 3326 Quadragesima

2039 3345 2305 3417 septima,
2333 3351 2530 3399 utrum
2561 3346 2867 3416 aliquando
2896 3344 3266 3416 cogitationes
3290 3347 3512 3398 nostras
3541 3343 3734 3397 videre

2039 3435 2342 3505 possimus.
2379 3433 2484 3488 Ubi
2514 3433 2666 3504 quod
2697 3433 2832 3500 dixi,
2865 3435 3109 3502 angelica
3131 3447 3376 3502 corpora,
3409 3431 3600 3501 qualia
3639 3445 3735 3485 nos

2037 3538 2317 3593 speramus
2351 3523 2649 3588 habituros,
2683 3521 3020 3576 lucidissima
3045 3526 3206 3589 atque
3232 3521 3460 3574 ztherea
3488 3534 3597 3573 esse
3621 3534 3733 3573 cre-

2037 3612 2276 3666 dendum
2302 3615 2379 3665 est
2403 3627 2416 3677 ;
2449 3611 2496 3664 si
2521 3610 2627 3664 hoc
2649 3610 2771 3664 sine
2793 3609 3064 3663 membris
3093 3625 3221 3679 quze
3252 3624 3404 3662 nunc
3433 3607 3732 3669 habemus,

2037 3703 2093 3753 et
2140 3699 2261 3752 sine
2306 3697 2641 3764 substantia,
2701 3697 2961 3768 quamvis
3016 3694 3482 3766 incorruptibilis,
3538 3679 3732 3748 tamen

2037 3786 2218 3840 carnis
2274 3784 2599 3855 accipiatdr,
2655 3790 2894 3838 erratur.
2960 3784 3133 3838 Multo
3183 3788 3370 3836 autem
3426 3782 3630 3836 melius
3674 3781 3732 3835 in

2037 3890 2206 3944 opere
2239 3873 2308 3926 de
2355 3871 2590 3926 Civitate
2638 3873 2754 3940 Dei,
2791 3871 3031 3938 quaestio
3075 3870 3181 3924 ista
3220 3874 3460 3924 tractata
3511 3873 3612 3934 est,
3663 3869 3734 3922 de

2035 3961 2290 4016 videndis
2317 3959 2758 4030 cogitationibus
2793 3959 2998 4013 nostris
3029 3960 3168 4026 (Lib.
3203 3961 3292 4017 22.
3342 3973 3387 4012 c.
3429 3957 3536 4027 29).
3583 3957 3732 4020 Qua-

2035 4047 2354 4118 dragesima
2386 4051 2600 4106 octava,
2623 4046 2690 4099 de
2705 4044 3084 4099 credibilibus.
3101 4041 3544 4111 Quadragesima
3559 4056 3734 4108 noua,

2035 4153 2210 4208 quare
2242 4134 2345 4189 filii
2369 4134 2536 4188 Israel
2564 4133 2956 4187 sacrificabant
2977 4131 3556 4200 visibiliterpecorum
3579 4128 3734 4182 victi-

2037 4241 2176 4280 mas.
2197 4222 2703 4295 Quinquagesima,
2720 4222 2788 4276 de
2809 4220 3132 4292 azqualitate
3148 4218 3290 4273 Filii.
3320 4215 3734 4287 Quinquagesi-

2037 4327 2126 4363 ma
2147 4310 2437 4382 prima,de
2469 4309 2702 4363 homine
2731 4310 2876 4363 facto
2907 4309 2973 4362 ad
3005 4307 3315 4378 imaginem
3337 4309 3391 4360 et
3413 4303 3735 4359 similitudi-

2037 4415 2166 4452 nem
2200 4397 2320 4452 Dei.
2354 4397 2457 4452 Ubi
2489 4397 2625 4467 quid
2657 4401 2756 4460 est,
2792 4397 2939 4468 quod
2972 4395 3107 4461 dixi,
3136 4397 3300 4450 Homo
3338 4395 3452 4448 sine
3486 4395 3602 4446 vita
3631 4407 3736 4446 non

2036 4492 2172 4541 recte
2187 4487 2524 4556 appellatur;
2549 4501 2676 4539 cum
2694 4485 3098 4539 dicaturhomo
3112 4483 3282 4537 etiam
3297 4482 3534 4535 cadaver
3554 4480 3736 4534 homi-

2035 4575 2162 4629 nis?
2176 4576 2319 4644 Ergo
2335 4575 2531 4628 saltem
2547 4573 2734 4628 dicere
2755 4572 2947 4636 debui,
2982 4573 3102 4626 Non
3126 4570 3354 4641 proprie
3369 4569 3610 4632 dicitur;
3636 4567 3736 4622 ubi

2038 4662 2174 4729 dixi,
2205 4677 2308 4716 non
2336 4665 2475 4716 recte
2504 4661 2723 4715 dicitur.
2753 4662 2894 4715 Item
2923 4658 3038 4714 dixi
3064 4675 3076 4712 :
3112 4661 3291 4728 Neque
3324 4660 3514 4711 inscite
3536 4656 3734 4710 distin-

2036 4753 2240 4818 guitur,
2277 4750 2420 4818 quod
2449 4749 2605 4802 aliud
2632 4751 2705 4803 sit
2729 4750 2907 4814 imago
2938 4751 2987 4801 et
3016 4745 3314 4800 similitudo
3342 4746 3456 4807 Dei,
3487 4742 3643 4798 aliud
3658 4741 3737 4821 ad

2037 4840 2327 4906 imaginem
2357 4841 2406 4890 et
2449 4836 2861 4890 similitudinem
2891 4837 3005 4899 Dei,
3038 4835 3176 4888 sicut
3218 4834 3480 4887 hominem
3529 4833 3736 4897 factum

2038 4927 2351 4994 accipimus.
2379 4923 2539 4988 Quod
2562 4921 3224 4992 nonitaintelligendum
3255 4925 3358 4985 est,
3384 4917 3543 4990 quasi
3563 4919 3736 4972 homo

2037 5031 2153 5068 non
2184 5013 2404 5066 dicatur
2442 5012 2632 5082 imago
2694 5010 2813 5076 Dei,
2873 5026 3003 5064 cum
3055 5009 3205 5064 dicat
3251 5007 3568 5078 Apostolus,
3636 5005 3737 5057 Vir

2040 5101 2256 5172 quidem
2284 5115 2388 5154 non
2415 5099 2565 5153 debet
2589 5099 2766 5152 velare
2793 5101 2975 5167 caput,
3009 5112 3128 5151 cum
3157 5099 3230 5151 sit
3255 5098 3432 5162 imago
3461 5097 3511 5145 et
3556 5091 3735 5156 gloria

2040 5191 2134 5244 Dei
2164 5190 2212 5256 (Ι
2271 5189 2391 5244 For.
2424 5203 2500 5250 x1,
2547 5189 2648 5257 ‘7):
2696 5187 2791 5240 sed
2835 5185 3042 5240 dicitur
3092 5184 3264 5238 etiam
3308 5182 3376 5235 ad
3424 5176 3734 5247 imaginem

2042 5277 2160 5342 Dei,
2192 5276 2344 5348 quod
2379 5275 2714 5345 Unigenitus
2753 5290 2869 5329 non
2921 5273 3147 5338 dicitur,
3189 5269 3288 5340 qui
3336 5263 3730 5322 tantummodo

2039 5366 2228 5436 imago
2258 5368 2360 5430 est,
2377 5380 2491 5418 non
2509 5363 2575 5418 ad
2592 5363 2922 5434 imaginem.
2953 5354 3437 5428 Quinquagesima
3458 5348 3732 5417 secunda,

2041 5454 2110 5509 de
2139 5470 2206 5508 eo
2239 5453 2393 5525 quod
2441 5453 2658 5508 dictum
2700 5455 2805 5517 est,
2856 5451 3075 5504 Pwnitet
3115 5460 3196 5498 me
3236 5443 3426 5509 fecisse
3470 5440 3734 5493 hominem

2043 5543 2192 5608 (Gen.
2230 5558 2301 5602 γι.
2346 5545 2398 5608 6,
2429 5543 2502 5610 '7).
2541 5536 3026 5612 Quinquagesima
3057 5530 3240 5597 tertia,
3273 5530 3340 5584 de
3381 5543 3519 5582 auro
3552 5528 3607 5580 et
3638 5541 3731 5580 ar-
