4062 6352
306 318 405 372 627

302 439 475 507 gente
496 430 652 505 quod
680 429 951 486 Israelita:
985 430 1057 483 ab
1112 427 1367 499 Egyptis
1412 429 1757 497 acceperunt
1798 424 1995 493 (Exod.

304 540 386 586 ιιι,
416 525 523 588 22;
564 526 614 576 et
641 536 739 588 xu,
768 520 879 590 3‘5).
913 516 1395 589 Quinquagesima
1411 519 1635 586 quarta,
1654 516 1723 568 de
1754 530 1819 567 eo
1851 512 2002 585 quod

1463 300 2122 362 BETRACTATIONUM
2161 298 2216 355 S.
2276 295 2684 355 AUGUSTINI.

2115 422 2302 492 seipse
2322 436 2438 475 non
2467 419 2646 490 possit
2672 418 2782 472 hoc
2809 416 3015 482 dicere,
3046 420 3103 472 et
3119 419 3327 471 caetera
3353 412 3372 449 ⁸
3401 430 3580 485 usque
3602 413 3672 469 ad
3697 427 3849 468 eum

2115 510 2304 564 locum
2335 507 2432 563 ubi
2467 508 2682 563 dictum
2715 510 2821 573 est,
2870 508 3035 561 Miser
3082 520 3175 571 ego
3224 506 3395 569 homo,
3428 505 3553 573 quis
3584 517 3670 556 me
3706 502 3853 556 libe-

3731 293 3850 346 6’28

304 611 581 682 scriptum
627 614 731 676 est,
769 610 909 663 Mihi
947 612 1123 662 autem
1174 607 1447 660 adhaerere
1502 606 1627 669 Deo,
1676 602 1871 656 bonum
1928 604 2007 654 est
2115 599 2263 653 rabit
2293 598 2358 652 de
2409 611 2628 666 corpore
2672 596 2862 649 mortis
2904 594 3067 663 hujus
3113 594 3214 663 (Id.
3258 609 3356 658 vn,
3409 592 3583 658 14-24)
3619 591 3647 645 ?
3677 590 3847 661 quod

308 700 478 769 (Psal.
531 714 700 761 Lxxu,
759 698 889 767 28):
949 695 1054 750 Ubi
1106 694 1260 765 quod
1322 692 1459 759 dixi,
1514 690 1666 757 Quod
1712 693 1889 744 autem
1931 692 2009 741 est

308 786 458 843 omni
486 789 671 841 anima
691 786 902 852 melius,
932 784 994 838 id
1033 786 1200 838 Deum
1244 782 1494 848 dicimus,
1539 778 1725 849 magis
1770 775 1881 832 dici
1910 776 2008 829 de-

307 874 455 943 buit,
516 873 684 930 Omni
737 877 926 927 creato
984 870 1190 942 spiritu
1246 869 1468 924 melius.
1525 864 2013 938 Quinquagesima

314 962 533 1034 quinta,
566 962 633 1015 de
657 976 725 1015 eo
747 960 900 1031 quod
931 959 1205 1030 scriptum
1233 962 1336 1024 est,
1386 958 1683 1024 Sexaginta
1712 958 1836 1009 sunt
1864 954 2009 1019 regi-

2120 692 2317 758 postea
2345 684 2540 752 didici,
2574 684 2719 738 sicut
2740 684 2864 755 jam
2912 698 3039 737 sum
3084 685 3215 736 aute
3265 681 3573 735 confessus.
3610 681 3849 734 Rursus

2120 790 2407 846 exponens
2435 772 2589 846 quod
2612 772 2694 827 ait
2712 772 3034 842 Apostolus,
3069 772 3274 840 Corpus
3306 770 3523 838 quidem
3554 772 3848 823 mortuum

2125 868 2451 933 estqropter
2490 864 2771 932 peccatum
2804 860 2903 925 (Id.
2937 875 3055 926 vm,
3099 858 3221 929 l0):
3255 860 3549 925 Mortuum,
3580 858 3846 925 inquam,

2121 967 2312 1021 corpus
2343 951 2497 1017 dicit,
2528 949 2794 1018 quamdiu
2824 949 2930 1003 tale
2956 951 3036 1001 est
3064 950 3124 1001 ut
3152 946 3456 1013 indigentia
3483 960 3670 999 rerum
3697 949 3847 998 tem-

312 1032 412 1116 naz,
449 1051 717 1117 octoginta
746 1046 1068 1111 concubine,
1100 1048 1151 1099 et
1199 1044 1601 1098 adulescentula
1643 1056 1874 1110 quarum
1907 1054 2014 1094 non
2117 1042 2392 1113 poralium
2420 1040 2657 1093 molestet
2684 1038 2941 1091 animam.
2975 1035 3081 1091 Sed
3104 1035 3285 1090 multo
3317 1033 3522 1089 melius
3547 1032 3697 1087 mihi
3720 1048 3848 1102 po-

312 1143 390 1193 est
420 1151 669 1192 numerus
720 1134 895 1206 (Cant.
947 1150 1024 1202 v1,
1070 1134 1144 1201 ’7).
1192 1130 1681 1202 Quinquagesima
1722 1133 1898 1195 sexta,
1942 1128 2013 1182 de

310 1225 475 1281 annis
490 1223 868 1297 quadraginta
883 1237 977 1275 sex
990 1219 1257 1274 aediﬁcati
1286 1218 1503 1289 templi.
1530 1216 2016 1289 Quinquagesima

316 1314 579 1384 septima,
635 1312 705 1365 de
760 1314 989 1363 centum
1036 1306 1455 1380 quinquaginta
1508 1306 1692 1360 tribus
1740 1304 2011 1375 piscibus.

318 1399 805 1472 Quinquagesima
831 1403 1045 1462 octava,
1079 1396 1146 1450 de
1175 1397 1391 1451 Joanne
1423 1393 1688 1464 Baptista.
1721 1392 2015 1462 Quinqua-

317 1489 534 1561 gesima
561 1503 732 1554 nona,
762 1486 831 1540 de
851 1486 1045 1540 decem
1072 1482 1407 1554 virginibus.
1442 1482 1823 1551 Sexagesima,
1848 1480 1913 1534 de
1934 1479 2019 1533 die

317 1581 495 1631 autem
521 1580 571 1630 et
600 1576 733 1629 hora
759 1589 909 1628 nemo
938 1576 1059 1639 scit,
1115 1587 1283 1641 neque
1315 1571 1515 1639 Angeli
1548 1572 1815 1636 caelorum,
1848 1583 2021 1637 neque

319 1666 490 1719 Filius
568 1664 816 1726 hominis,
875 1663 988 1715 nisi
1040 1662 1202 1715 Pater
1257 1661 1400 1714 solus
1449 1659 1645 1729 (Math.
1696 1674 1847 1723 xxiv,
1911 1659 2019 1718 36).

318 1750 678 1821 Sexagesima
702 1749 908 1820 prima,
941 1748 1010 1802 de
1050 1764 1116 1801 eo
1144 1747 1299 1819 quod
1330 1746 1609 1816 scriptum
1639 1750 1723 1799 est
1746 1744 1807 1799 in
1836 1745 2021 1799 Evan-

322 1838 493 1910 gelio,
526 1837 720 1892 turbas
751 1835 1060 1892 Dominum
1080 1835 1152 1889 in
1180 1838 1373 1889 monte
1413 1833 1631 1904 pavisse
1664 1833 1732 1887 de
1763 1832 2018 1903 quinque

230 1992 239 2005 κ
324 1926 567 1998 panibus
599 1926 708 1995 (Id.
741 1941 851 1992 xxv,
909 1922 1113 1993 15-21).
1148 1922 1253 1977 Ubi
1304 1922 1458 1993 quod
1488 1921 1624 1987 dixi,
1675 1921 1808 1975 duos
1847 1923 2024 1990 pisces

327 2014 464 2069 duas
496 2013 625 2069 illas
654 2014 965 2081 signiﬁcare
986 2025 1269 2081 personas,
1300 2012 1507 2079 regiam
1537 2011 1737 2064 scilicet
1778 2012 1827 2063 et
1855 2023 2028 2064 sacer-

331 2102 583 2167 dotalem,
615 2101 690 2155 ad
719 2115 855 2169 quas
884 2102 1048 2154 etiam
1082 2102 1427 2153 sacrosancta
1457 2086 1554 2152 illa
1582 2099 1762 2151 unctio
1788 2097 2026 2165 pertine-

334 2190 464 2256 bat;
496 2188 801 2244 dicendum
836 2187 1026 2259 potius
1063 2187 1190 2252 fuit,
1223 2186 1461 2240 Maxime
1492 2185 1831 2256 pertinebat,
1884 2199 2027 2255 quo-

330 2276 490 2331 niam
519 2281 725 2331 unctos
758 2274 1067 2345 aliquando
1105 2272 1352 2343 legimus
1401 2277 1457 2326 et
1511 2272 1839 2343 Prophetas.
1892 2272 2031 2325 Item

334 2364 490 2436 quod
521 2363 659 2431 dixi,
690 2365 864 2419 Lucas
892 2364 989 2432 qui
1019 2366 1277 2430 tanquam
1316 2360 1683 2415 ascendentem
1709 2364 1828 2429 post
1868 2360 2034 2413 aboli-

338 2454 534 2508 tionem
560 2457 898 2522 peccatorum
928 2450 1255 2504 sacerdotem
1281 2449 1551 2504 Christum
1580 2450 1899 2512 insinuavit,
1938 2462 2035 2515 per

337 2541 556 2596 Nathan
578 2539 820 2593 ascendit
845 2538 919 2591 ad
954 2537 1127 2592 David
1163 2538 1313 2602 (Luc.
1348 2552 1427 2603 ιιι,
1481 2535 1605 2605 3t):
1647 2537 1777 2603 quia
1814 2536 2035 2590 Nathan

330 2629 602 2700 propheta
645 2629 843 2682 missus
886 2630 1023 2690 erat,
1072 2625 1226 2693 cujus
1273 2625 1604 2692 correptione
1641 2622 1820 2676 David
1860 2622 2034 2689 ipsius

332 2718 544 2787 peccati
572 2717 914 2771 abolitionem
932 2713 1238 2783 paenitendo
1267 2714 1601 2781 impetravit,
1626 2727 1744 2764 non
1776 2710 1855 2763 sic
1891 2709 2035 2763 acci-

341 2805 618 2878 piendum
648 2808 733 2858 est
759 2807 1035 2874 tanquam
1063 2801 1186 2873 ipse
1240 2800 1415 2856 fuerit
1467 2799 1691 2854 Nathan
1737 2798 2036 2869 propheta,

342 2892 443 2965 qui
467 2892 617 2947 ﬁlius
648 2890 855 2947 David:
890 2889 1025 2962 quia
1052 2905 1157 2944 nec
1181 2888 1273 2943 hic
1304 2888 1517 2943 dictum
1576 2891 1678 2954 est,
1731 2886 1866 2957 quia
1916 2885 2038 2955 ipse

340 2982 620 3053 propheta
667 2979 875 3035 missus
925 2983 1087 3046 erat;
1136 2978 1231 3032 sed
1263 2976 1478 3032 dictum
1510 2980 1613 3040 est,
1648 2978 1779 3045 quia
1819 2976 2039 3031 Nathan

339 3070 606 3141 propheta
634 3071 830 3123 missus
860 3071 999 3133 erat,
1031 3069 1095 3119 ut
1123 3064 1460 3137 mysterium
1490 3080 1607 3118 non
1634 3064 1691 3117 in
1717 3063 1914 3117 eodem
1935 3062 2037 3116 ho-

350 3158 528 3225 mine,
558 3157 656 3211 sed
684 3156 745 3210 in
773 3154 971 3210 eodem
1002 3153 1238 3208 nomine
1264 3151 1633 3222 intelligatur.
1681 3149 2043 3221 Sexagesima

347 3244 613 3310 secunda,
644 3244 715 3298 de
744 3260 810 3297 eo
836 3242 988 3314 quod
1021 3240 1297 3312 scriptum
1325 3245 1409 3295 est
1436 3241 1496 3294 in
1527 3238 1854 3310 Evangelio,
1890 3236 2043 3309 quod

346 3332 661 3402 baptizabat
688 3333 853 3385 Jesus
895 3331 1075 3399 plures
1125 3345 1287 3397 quam
1330 3333 1589 3394 Joannes;
1640 3328 1885 3396 quamvis
1928 3329 2044 3396 ipse

346 3436 450 3475 non
478 3420 800 3489 baptizaret,
832 3418 926 3472 sed
955 3416 1214 3486 discipuli
1238 3417 1353 3485 ejus
1392 3417 1563 3484 (Joan.
1599 3432 1671 3483 ιν,
1724 3420 1773 3481 1,
1820 3416 1890 3483 2).
1940 3413 2044 3469 Ubi

348 3508 505 3579 quod
534 3506 670 3572 dixi,
690 3508 857 3561 Latro
883 3506 974 3559 ille
1002 3507 1091 3558 cui
1115 3504 1317 3558 dictum
1339 3508 1452 3571 est;
1483 3524 1505 3553 ι
1540 3505 1713 3559 Amen
1742 3503 1861 3557 dico
1908 3503 2040 3570 tibi;

350 3614 378 3647 ι(
410 3596 566 3650 hodie
592 3610 793 3648 mecum
822 3595 925 3647 eris
960 3595 1020 3647 in
1044 3593 1305 3661 paradiso
1328 3611 1355 3643 »
1388 3592 1541 3661 (Luc,
1598 3608 1757 3646 xxm.
1799 3591 1887 3662 43)
1911 3609 1927 3655 ;
1951 3592 2047 3661 qui

349 3700 441 3738 nec
470 3686 648 3753 ipsum
680 3684 1005 3751 baptismum
1038 3686 1345 3750 acceperat:
1394 3682 1501 3735 hoc
1554 3681 1787 3752 quidem
1820 3684 1875 3735 et
1907 3680 2046 3734 alios

352 3776 481 3826 ante
511 3786 614 3826 nos
641 3775 885 3825 rectores
915 3773 1123 3824 sanctae
1156 3768 1414 3823 Ecclesiae
1437 3769 1693 3839 posuisse
1722 3768 1783 3822 in
1812 3767 1929 3822 suis
1959 3768 2048 3822 lit-

347 3860 483 3914 teris
538 3859 863 3914 invenimus
909 3858 1021 3929 (a);
1070 3857 1170 3913 sed
1234 3858 1442 3929 quibus
1505 3856 1867 3912 documentis
1914 3855 2047 3910 satis

356 3948 533 4018 possit
572 3947 793 4002 ostendi
823 3948 973 4017 quod
1006 3962 1122 4001 non
1167 3946 1339 4000 fuerit
1383 3945 1700 4016 baptizatus
1745 3944 1842 3998 ille
1879 3945 2046 4013 latro,

353 4037 575 4108 ignoro.
599 4038 677 4091 De
707 4052 820 4107 qua
846 4051 908 4089 re
935 4035 991 4088 in
1012 4034 1419 4105 posterioribus
1442 4034 1787 4104 quibusdam
1813 4047 2048 4102 opuscu-

353 4124 422 4179 lis
450 4124 658 4179 nostris
691 4122 1021 4193 diligentius
1049 4121 1403 4192 disputatum
1443 4125 1546 4187 est,
1596 4120 1843 4175 maxime
1873 4120 1934 4172 in
1982 4133 2048 4171 eo

353 4212 512 4283 quod
542 4211 609 4265 ad
643 4209 1001 4264 Vincentium
1032 4209 1313 4263 Victorem
1343 4210 1412 4263 de
1429 4207 1649 4262 Animae
1670 4207 1900 4278 Origine
1922 4204 2051 4260 scri-

354 4299 574 4371 psimus
595 4297 737 4367 (Lib.
762 4301 812 4363 3,
837 4297 1129 4351 deAnimz
1143 4297 1293 4363 Orig.
1326 4311 1374 4350 ο.
1398 4299 1450 4362 9,
1473 4311 1528 4351 n.
1552 4294 1662 4365 43).
1686 4294 2048 4364 Sexagesima

356 4386 546 4455 tertia,
572 4385 641 4439 de
662 4384 862 4438 Verbo.
887 4382 1247 4452 Sexagesima
1277 4386 1499 4453 quarta,
1516 4382 1584 4436 de
1597 4381 1834 4436 muliere
1864 4382 2053 4437 Sama-

353 4473 559 4528 ritana.
599 4470 963 4542 Sexagesima
999 4469 1221 4541 quinta,
1262 4471 1331 4524 de
1377 4469 1793 4523 resurrectione
1834 4468 2048 4524 Lazari.

352 4559 712 4631 Sexagesima
731 4563 905 4626 sexta,
920 4558 989 4613 de
1001 4574 1067 4613 eo
1080 4575 1152 4629 qu
1162 4558 1233 4613 od
1246 4557 1457 4628 scriptu
1467 4573 1520 4611 m
1538 4562 1641 4624 est,
1662 4558 1751 4612 An
1766 4559 2051 4624 ignoratis,

355 4651 562 4716 fratres
582 4646 894 4715 (scientibus
921 4648 1063 4701 enim
1085 4647 1271 4715 Legem
1285 4646 1513 4715 loquor),
1530 4648 1661 4713 quia
1683 4647 1791 4700 Lex
1813 4645 2054 4698 domina-

359 4742 451 4792 tur
462 4737 687 4802 homini,
701 4736 759 4789 in
771 4739 1033 4804 quantum
1051 4740 1255 4803 tempus
1267 4728 1435 4789 viv‘it?
1447 4749 1626 4804 usque
1640 4732 1708 4787 ad
1722 4747 1854 4785 eum
1867 4731 2055 4786 locum

357 4824 418 4880 in
451 4839 565 4896 quo
578 4822 851 4894 scriptum
866 4827 985 4877 est:
1022 4824 1332 4891 Viviﬁcabit
1353 4826 1402 4877 et
1430 4821 1686 4875 mortalia
1713 4836 1938 4890 corpora
1966 4835 2054 4873 ve-

355 4918 477 4970 stra
492 4926 589 4981 per
599 4911 992 4965 inhabitantem
1004 4911 1267 4980 Spiritum
1281 4911 1395 4979 ejus
1409 4912 1467 4964 in
1484 4910 1631 4966 vobis
1650 4911 1813 4980 (Rom.
1836 4925 2054 4975 vu-vxu,

361 5000 468 5072 ll).
499 4998 605 5055 Ubi
633 4998 775 5052 illud
800 4998 953 5069 quod
978 4998 1057 5052 ait
1096 5000 1420 5068 Apostolus,
1451 4999 1660 5054 Scimus
1704 5001 1884 5051 autem
1925 4998 2058 5065 quia

357 5088 472 5145 Lea;
489 5087 796 5159 spiritualis
816 5090 920 5140 est:
942 5101 1035 5153 ego
1050 5092 1225 5141 autem
1239 5087 1475 5141 carnalis
1499 5101 1636 5151 sum,
1656 5100 1937 5155 exponere
1958 5100 2057 5138 vo-

356 5179 503 5246 lens,
550 5173 684 5241 dixi,
735 5173 804 5229 Id
844 5176 921 5227 est
972 5175 1129 5226 carni
1175 5175 1464 5237 consentio,
1509 5173 1747 5227 nondum
1774 5173 2061 5241 spirituali

363 5267 550 5334 gratia
576 5264 874 5318 liberatus:
907 5260 1057 5332 quod
1088 5276 1201 5313 non
1235 5260 1312 5313 sic
1342 5260 1735 5330 accipiendum
1763 5264 1864 5322 est,
1896 5259 2059 5331 quasi

252 5342 259 5345 ⁷
365 5351 681 5422 spiritualis
707 5350 883 5406 homo
906 5349 1028 5421 jam
1058 5349 1163 5403 sub
1194 5348 1377 5418 gratia
1405 5348 1957 5418 constitutus,etiam
1987 5348 2056 5404 de

428 5550 503 5611 (a)
533 5550 674 5601 Inter
692 5563 783 5600 eos
803 5549 1094 5614 Cyprianus
1113 5548 1259 5612 Epist
1284 5551 1361 5607 75,
1382 5549 1447 5598 ad
1471 5549 1809 5599 Jubaianum.

2124 1135 2243 1184 slea
2276 1128 2459 1181 visum
2487 1131 2590 1195 est,
2622 1125 2747 1181 ideo
2775 1126 3072 1179 mortuum
3115 1138 3321 1193 corpus
3375 1122 3612 1188 dictum,
3664 1118 3839 1191 quod

2124 1217 2330 1271 habeat
2341 1216 2464 1285 jam
2494 1214 2777 1268 moriendi
2805 1212 3222 1278 necessitatem,
3254 1225 3429 1282 quam
3459 1225 3576 1264 non
3617 1209 3842 1263 habuit

2128 1310 2258 1360 ante
2284 1307 2597 1376 peccatum.
2631 1301 2994 1372 Sexagesima
3015 1300 3279 1370 septima,
3311 1300 3381 1353 de
3412 1314 3481 1353 eo
3510 1297 3666 1369 quod
3701 1296 3852 1350 scri-

2126 1399 2289 1466 ptum
2320 1397 2426 1460 est,
2457 1393 2725 1445 Eristimo
2754 1392 2893 1445 enim
2923 1389 3069 1459 quod
3111 1388 3355 1456 indignae
3401 1389 3513 1442 sint
3548 1387 3848 1455 passiones

2132 1483 2293 1551 hujus
2320 1483 2571 1549 temporis
2598 1481 2672 1534 ad
2712 1481 2964 1547 futuram
2994 1479 3229 1545 gloriam
3257 1492 3376 1546 qua
3408 1476 3740 1531 revelabitur
3790 1477 3855 1528 in

2130 1572 2322 1636 nobis;
2354 1584 2532 1639 usque
2560 1568 2629 1622 ad
2677 1568 2734 1621 id
2766 1567 2920 1638 quod
2952 1566 3170 1620 dictum
3219 1569 3321 1631 est,
3367 1565 3471 1633 Spe
3518 1566 3658 1617 enim
3696 1564 3857 1617 salvi

2131 1659 2272 1727 facti
2335 1671 2520 1713 sumus
2594 1656 2752 1727 (Ibid.
2836 1654 3034 1722 18-24).
3114 1652 3221 1707 Ubi
3293 1668 3423 1707 cum
3493 1666 3856 1721 exponerem

2134 1746 2286 1818 quod
2315 1744 2591 1815 scriptum
2622 1748 2726 1804 est,
2769 1746 2838 1799 Et
2862 1746 2984 1812 ipsa
3012 1746 3265 1797 creatura
3314 1740 3635 1795 liberabitur
3659 1755 3696 1793 a
3724 1754 3851 1793 ser-

2134 1836 2305 1890 vitute
2333 1836 2618 1899 interitus;
2652 1832 2767 1886 dixi
2791 1834 2893 1886 :Et
2910 1834 3031 1900 ipsa
3045 1836 3317 1897 creatura,
3347 1830 3408 1883 id
3435 1831 3639 1898 estipse
3666 1829 3858 1894 homo,

2138 1939 2261 1978 cum
2287 1923 2408 1992 jam
2445 1921 2725 1988 signaculo
2763 1922 3024 1986 imaginis
3065 1924 3290 1989 propter
3326 1921 3603 1988 peccatum
3644 1918 3860 1971 amisso

2137 2014 2397 2066 remansit
2428 2009 2796 2063 tantummodo
2825 2013 3097 2062 creatura.
3131 2006 3292 2071 Quod
3316 2022 3432 2060 non
3461 2005 3539 2059 ita
3570 2004 3861 2075 accipien-

2139 2101 2277 2155 dum
2302 2103 2386 2153 est
2406 2096 2569 2170 quasi
2589 2100 2772 2150 totum
2799 2095 3055 2149 amiserit
3073 2095 3247 2148 homo
3265 2093 3418 2165 quod
3442 2093 3693 2148 habebat
3711 2093 3864 2147 ima-

2141 2186 2290 2258 ginis
2333 2185 2450 2239 Dei.
2500 2185 2639 2239 Nam
2678 2183 2725 2237 si
2768 2182 3003 2237 omnino
3036 2198 3152 2235 non
3194 2180 3497 2251 amisisset,
3542 2195 3659 2234 non
3701 2183 3862 2235 esset

2139 2278 2376 2348 propter
2405 2273 2557 2344 quod
2590 2272 2900 2327 diceretur.
2933 2272 3330 2338 Reformamini
3352 2272 3410 2324 in
3437 2271 3675 2324 novitate
3702 2284 3859 2323 men-

2144 2368 2212 2418 tis
2236 2368 2424 2417 vestrze
2453 2363 2619 2431 (Rom.
2652 2377 2748 2428 xu,
2782 2363 2831 2430 2)
2857 2365 2970 2428 ;et,
3003 2362 3062 2413 in
3091 2360 3328 2414 eamdem
3346 2361 3637 2427 imaginem
3659 2362 3861 2412 trans-

2142 2455 2446 2520 formamur
2480 2451 2553 2519 (II
2584 2450 2703 2505 Cor.
2737 2466 2820 2516 ιιι,
2858 2449 2939 2517 18)
2966 2466 2977 2503 :
3006 2448 3101 2502 sed
3134 2463 3386 2514 rursum,
3418 2446 3465 2500 si
3492 2450 3676 2501 totum
3706 2446 3859 2501 ami-

2147 2540 2327 2605 sisset,
2359 2538 2501 2592 nihil
2547 2542 2807 2591 maneret
2851 2537 3002 2590 unde
3057 2536 3365 2602 diceretur,
3423 2536 3748 2605 Quanquam
3797 2536 3862 2589 in

2146 2631 2383 2696 imagine
2425 2627 2659 2680 ambulet
2709 2627 2882 2693 homo,
2928 2631 3104 2680 tamen
3131 2640 3267 2679 vane
3297 2624 3651 2679 conturbatur
3678 2625 3857 2691 (Psal.

2146 2733 2375 2782 xxxvm,
2395 2716 2469 2781 7).
2494 2717 2635 2769 Item
2658 2715 2809 2785 quod
2831 2714 2967 2779 dixi,
2985 2715 3351 2783 spiritualiter
3365 2728 3597 2767 summos
3618 2714 3862 2781 Angelos

2147 2807 2348 2871 vivere,
2383 2806 2594 2872 inﬁmos
2622 2819 2745 2857 vero
2767 2804 3081 2856 animaliter
3108 2821 3123 2869 ;
3153 2800 3421 2856 audacius
3438 2801 3649 2856 dictum
3673 2806 3760 2854 est
3789 2802 3862 2855 de

2148 2891 2360 2946 inﬁmis
2391 2906 2562 2961 quam
2595 2894 2659 2944 ut
2687 2889 2863 2961 possit
2891 2891 2976 2943 vel
3005 2889 3310 2960 Scripturis
3340 2889 3564 2953 sanctis,
3597 2889 3687 2943 vel
3716 2888 3865 2960 ipsis

2149 2981 2321 3035 rebus
2369 2977 2628 3033 ostendi:
2680 2978 2817 3049 quia
2864 2978 2970 3032 etsi
3011 2978 3249 3032 forsitan
3282 2981 3490 3049 potest,
3521 2976 3865 3032 difﬁcillime

2150 3072 2356 3140 potest.
2390 3066 2749 3136 Sexagesima
2780 3069 2993 3127 octava,
3041 3065 3112 3120 de
3144 3082 3211 3119 eo
3242 3065 3396 3136 quod
3429 3064 3705 3136 scriptum
3738 3069 3860 3119 est:

2153 3157 2195 3212 0
2226 3157 2396 3221 homo,
2428 3159 2486 3209 tu
2507 3155 2629 3223 quis
2659 3168 2733 3221 es,
2767 3155 2863 3222 qui
2890 3154 3214 3223 respondeas
3256 3155 3360 3207 Deo
3388 3151 3561 3222 (Rom.
3601 3169 3678 3214 ιχ.
3721 3154 3868 3221 20)?

2156 3242 2260 3299 Ubi
2292 3242 2442 3298 dixi:
2489 3242 2627 3309 Quia
2649 3244 2865 3297 etiamsi
2888 3237 3182 3296 'levioribus
3216 3242 3444 3311 quisque
3477 3243 3739 3310 peccatis,
3762 3246 3866 3296 aut

2154 3337 2288 3388 certe
2314 3333 2559 3401 quamvis
2580 3331 2921 3398 gravioribus
2943 3335 2993 3384 et
3012 3331 3216 3391 multis.
3239 3334 3416 3384 tamen
3434 3344 3629 3397 magno
3652 3330 3865 3395 gemitu

2154 3425 2203 3476 et
2236 3421 2414 3474 dolore
2437 3419 2736 3489 pamitendi
2763 3418 3138 3473 misericordia
3167 3420 3265 3473 Dei
3287 3418 3485 3483 dignus
3506 3418 3680 3483 fuerit
3705 3437 3722 3483 ;
3752 3432 3865 3472 non

2155 3511 2329 3577 ipsius
2360 3513 2455 3574 est,
2486 3510 2582 3576 qui
2609 3508 2659 3561 si
2676 3507 3091 3575 relinqueretur.
3122 3507 3388 3571 interiret,
3429 3505 3524 3560 sed
3550 3507 3863 3559 miserentis

2158 3598 2272 3660 Dei,
2319 3597 2415 3664 qui
2453 3596 2569 3664 ejus
2622 3594 2875 3663 precibus
2915 3594 3295 3663 doloribusque
3335 3594 3582 3648 subvenit
3655 3596 3862 3647 Parum

2157 3688 2233 3738 est
2261 3685 2399 3737 enim
2428 3684 2579 3747 velle,
2608 3685 2721 3737 nisi
2748 3686 2886 3737 Deus
2928 3684 3281 3748 misereatur;
3312 3682 3406 3735 sed
3454 3686 3592 3735 Deus
3620 3697 3728 3736 non
3757 3684 3861 3735 mi-

2156 3777 2361 3828 seretur
2389 3774 2485 3839 qui
2510 3772 2582 3824 ad
2608 3786 2793 3840 pacem
2819 3774 2991 3837 vocat,
3023 3772 3135 3824 nisi
3158 3771 3407 3825 voluntas
3422 3772 3761 3839 przecesserit
3782 3770 3862 3823 ad

2152 3877 2359 3932 pacem.
2396 3862 2508 3914 Hoc
2540 3859 2757 3913 dictum
2779 3863 2861 3913 est
2880 3862 3008 3929 post
3034 3858 3450 3929 pmnitentiam.
3485 3859 3626 3912 Nam
3648 3862 3733 3911 est
3753 3858 3862 3913 mi-

2158 3948 2461 4004 sericordia
2494 3947 2590 4001 Dei
2629 3947 2800 4001 etiam
2848 3947 3033 4017 ipsam
3075 3946 3434 4017 praeveniens
3482 3946 3863 4007 voluntatem,

2160 4053 2287 4109 qua:
2317 4036 2364 4089 si
2392 4051 2506 4090 non
2534 4039 2698 4101 esset,
2731 4051 2847 4089 non
2875 4039 3299 4107 praepararetur
3325 4034 3585 4089 voluntas
3615 4050 3649 4088 a
3670 4034 3867 4087 Domi-

2161 4142 2262 4180 no.
2301 4124 2385 4179 Ad
2415 4138 2539 4177 eam
2593 4122 3043 4178 misericordiam
3081 4122 3329 4194 pertinet
3376 4124 3432 4176 et
3469 4121 3592 4193 ipsa
3640 4121 3867 4176 vocatio

2162 4230 2289 4287 quas
2313 4212 2483 4267 etiam
2521 4212 2695 4266 fidem
2743 4212 3038 4283 praevenit.
3084 4213 3162 4266 De
3201 4226 3314 4282 qua
3339 4210 3512 4281 paulo
3561 4213 3693 4280 post
3731 4225 3870 4264 cum

2161 4316 2390 4372 agerem
2422 4298 2574 4354 dixi:
2626 4302 2746 4355 Haec
2789 4304 2967 4354 autem
3010 4301 3217 4354 vocalia
3248 4312 3366 4367 quae
3394 4300 3507 4352 sive
3546 4299 3605 4351 in
3631 4298 3870 4365 singulis

2163 4389 2486 4451 hominibus,
2516 4390 2628 4441 sive
2658 4390 2714 4441 in
2739 4389 2958 4457 populis
2989 4392 3152 4457 atque
3179 4389 3237 4441 in
3266 4388 3385 4455 ipso
3408 4400 3598 4453 genere
3627 4386 3870 4440 humano

2158 4494 2258 4548 per
2288 4482 2581 4545 temporum
2610 4478 3039 4545 opportunitates
3061 4480 3337 4545 operatur,
3368 4476 3493 4529 altas
3512 4473 3872 4543 etprofundae

2162 4564 2522 4621 ordinationis
2552 4568 2647 4617 est.
2671 4564 2786 4628 Quo
2804 4566 3039 4633 pertinet
3069 4566 3232 4618 etiam
3248 4562 3409 4632 illud,
3434 4583 3457 4612 ι
3476 4564 3539 4617 In
3557 4566 3705 4616 utero
3735 4575 3869 4616 san-

2169 4674 2197 4703 ‹‹
2226 4653 2460 4721 ctiﬁcavi
2491 4657 2581 4704 te»
2617 4650 2826 4720 (Jerem.
2869 4669 2907 4716 ι,
2932 4653 2978 4722 5)
3008 4668 3021 4719 ;
3056 4655 3143 4718 Et,
3179 4670 3208 4702 ι(
3237 4652 3367 4707 Cum
3394 4665 3530 4705 esses
3560 4651 3617 4703 in
3644 4650 3871 4704 renibus

2169 4764 2192 4793 ι
2221 4743 2402 4811 patris
2420 4741 2516 4803 tui,
2533 4740 2654 4793 vidi
2684 4744 2767 4805 te;
2789 4761 2810 4789 ι
2831 4743 2916 4803 Et,
2936 4761 2958 4790 ι
2974 4741 3134 4796 Iacob
3156 4740 3348 4803 dilexi,
3372 4742 3521 4794 Esau
3541 4741 3721 4793 autem
3743 4738 3871 4793 odio

2167 4830 2390 4885 habui»
2426 4828 2596 4897 (Rom.
2658 4845 2732 4895 1x,
2796 4831 2893 4895 13;
2944 4831 3179 4884 Malach.
3215 4846 3252 4896 ι,
3310 4831 3361 4895 2,
3412 4829 3491 4898 3),
3544 4831 3593 4881 et
3651 4831 3868 4881 caetera.

2166 4916 2431 4984 Quamvis
2450 4916 2842 4971 testimonium
2864 4917 3028 4981 illud,
3049 4918 3178 4973 Cum
3204 4931 3341 4971 esses
3370 4918 3429 4971 in
3457 4915 3664 4971 retibus
3680 4916 3870 4984 patris

2169 5010 2270 5076 tui,
2300 5006 2417 5061 vidi
2449 5010 2531 5072 te;
2565 5004 2715 5059 unde
2744 5004 2884 5059 mihi
2918 5011 3190 5077 tanquam
3224 5004 3500 5076 scriptum
3538 5003 3632 5070 sit,
3671 5018 3871 5057 occur-

2169 5096 2327 5161 rerit,
2358 5092 2572 5147 nescio.
2610 5091 2969 5163 Sexagesima
3005 5110 3179 5161 nona,
3208 5093 3277 5147 de
3308 5109 3375 5147 eo
3401 5091 3553 5164 quod
3584 5089 3870 5160 scriptum

2234 5239 2247 5272 ι
2276 5233 2419 5305 Editi
2437 5250 2453 5284 :
2475 5230 2641 5279 Possit
2662 5229 2768 5281 ha’c
2780 5232 2976 5305 dicere,
2993 5231 3353 5305 Vennmdatus
3367 5243 3489 5282 sum
3503 5230 3842 5305 sublpeecato
3858 5245 3871 5288 ;

2206 5297 2307 5349 uad
2332 5294 2471 5347 enim
2484 5305 2789 5355 operornon
2803 5297 3056 5355 intelligo.
3083 5299 3201 5345 Non
3221 5298 3361 5344 enim
3374 5292 3515 5356 quod
3531 5292 3648 5343 volo
3673 5292 3875 5341 bonum

2210 5374 2268 5410 oc
2290 5358 2665 5419 ago;sedquod
2680 5356 2763 5405 odi
2785 5358 2989 5406 malum
3010 5357 3148 5407 illud
3160 5356 3318 5419 facio.
3351 5357 3617 5419 etchtera
3645 5365 3765 5415 qua?
3791 5366 3875 5404 se-

2169 5416 2416 5486 quuntur
2426 5416 2595 5483 usque
2607 5419 2677 5470 ad
2685 5431 2807 5486 eum
2832 5419 3022 5486 locum.
3040 5420 3144 5467 Nos
3160 5416 3335 5486 autem
3365 5416 3450 5486 hic
3463 5416 3686 5486 meliore
3696 5429 3745 5486 ιιι
3760 5429 3873 5486 ma-

2171 5478 2562 5553 nuscriptorum
2592 5479 2764 5553 verbis
2800 5482 3019 5532 servatis
3047 5481 3312 5536 omnibus,
3339 5478 3543 5541 reliqua
3564 5478 3874 5540 postulante

2172 5558 2327 5595 sensu
2357 5556 2473 5595 1000
2502 5556 2782 5594 ωονιιιιιιδ.

4039 552 4041 684 ι
