  <div class='ocr_page' id='page_1' title='image "/cluster/home/n/w/nwhite01/storage/ocr_20150623/32/umn.31951002477326y/326.png"; bbox 0 0 4062 6360; ppageno 0'>
   <div class='ocr_carea' id='block_1_1' title="bbox 187 304 294 357">
    <p class='ocr_par' dir='ltr' id='par_1_1' title="bbox 187 304 294 357">
     <span class='ocr_line' id='line_1_1' title="bbox 187 304 294 357; baseline 0 0"><span class='ocrx_word' id='word_1_1' title='bbox 187 304 294 357; x_wconf 79' lang='lat'><strong>629</strong></span> 
     </span>
    </p>
   </div>
   <div class='ocr_carea' id='block_1_2' title="bbox 176 602 1874 671">
    <p class='ocr_par' dir='ltr' id='par_1_2' title="bbox 176 602 1874 671">
     <span class='ocr_line' id='line_1_2' title="bbox 176 602 1874 671; baseline 0.004 -19"><span class='ocrx_word' id='word_1_2' title='bbox 176 602 355 654; x_wconf 85' lang='lat' dir='ltr'><strong><em>stolus</em></strong></span> <span class='ocrx_word' id='word_1_3' title='bbox 393 602 559 655; x_wconf 81' lang='lat' dir='ltr'><strong><em>dicit:</em></strong></span> <span class='ocrx_word' id='word_1_4' title='bbox 596 602 868 671; x_wconf 84' lang='lat' dir='ltr'><strong><em>Absorpta</em></strong></span> <span class='ocrx_word' id='word_1_5' title='bbox 888 608 965 656; x_wconf 89' lang='lat' dir='ltr'><strong><em>est</em></strong></span> <span class='ocrx_word' id='word_1_6' title='bbox 1010 618 1151 657; x_wconf 89' lang='lat' dir='ltr'><strong><em>mors</em></strong></span> <span class='ocrx_word' id='word_1_7' title='bbox 1191 606 1249 657; x_wconf 88' lang='lat' dir='ltr'><strong><em>in</em></strong></span> <span class='ocrx_word' id='word_1_8' title='bbox 1277 607 1580 659; x_wconf 85' lang='lat' dir='ltr'><strong><em>victoriam.</em></strong></span> <span class='ocrx_word' id='word_1_9' title='bbox 1635 605 1736 659; x_wconf 87' lang='lat' dir='ltr'><strong><em>Ubi</em></strong></span> <span class='ocrx_word' id='word_1_10' title='bbox 1760 609 1874 671; x_wconf 90' lang='lat' dir='ltr'><strong><em>est,</em></strong></span> 
     </span>
    </p>
   </div>
   <div class='ocr_carea' id='block_1_3' title="bbox 177 690 1879 757">
    <p class='ocr_par' dir='ltr' id='par_1_3' title="bbox 177 690 1879 757">
     <span class='ocr_line' id='line_1_3' title="bbox 177 690 1879 757; baseline 0.004 -16"><span class='ocrx_word' id='word_1_11' title='bbox 177 703 342 754; x_wconf 87' lang='lat' dir='ltr'><strong><em>mors,</em></strong></span> <span class='ocrx_word' id='word_1_12' title='bbox 369 692 631 743; x_wconf 79' lang='lat' dir='ltr'><strong><em>contentio</em></strong></span> <span class='ocrx_word' id='word_1_13' title='bbox 653 693 787 743; x_wconf 87' lang='lat' dir='ltr'><strong><em>tua?</em></strong></span> <span class='ocrx_word' id='word_1_14' title='bbox 803 690 899 743; x_wconf 91' lang='lat' dir='ltr'><strong><em>ubi</em></strong></span> <span class='ocrx_word' id='word_1_15' title='bbox 916 695 994 745; x_wconf 88' lang='lat' dir='ltr'><strong><em>est</em></strong></span> <span class='ocrx_word' id='word_1_16' title='bbox 1020 706 1181 757; x_wconf 90' lang='lat' dir='ltr'><strong><em>mors,</em></strong></span> <span class='ocrx_word' id='word_1_17' title='bbox 1207 694 1419 747; x_wconf 88' lang='lat' dir='ltr'><strong><em>aculeus</em></strong></span> <span class='ocrx_word' id='word_1_18' title='bbox 1451 696 1616 747; x_wconf 90' lang='lat' dir='ltr'><strong><em>tuus?</em></strong></span> <span class='ocrx_word' id='word_1_19' title='bbox 1647 694 1879 748; x_wconf 83' lang='lat' dir='ltr'><strong><em>Aculeus</em></strong></span> 
     </span>
    </p>
   </div>
   <div class='ocr_carea' id='block_1_4' title="bbox 172 779 1874 849">
    <p class='ocr_par' dir='ltr' id='par_1_4' title="bbox 172 779 1874 849">
     <span class='ocr_line' id='line_1_4' title="bbox 172 779 1874 849; baseline 0.004 -20"><span class='ocrx_word' id='word_1_20' title='bbox 172 780 356 830; x_wconf 87' lang='lat' dir='ltr'><strong><em>autem</em></strong></span> <span class='ocrx_word' id='word_1_21' title='bbox 376 779 564 831; x_wconf 89' lang='lat' dir='ltr'><strong><em>mortis</em></strong></span> <span class='ocrx_word' id='word_1_22' title='bbox 582 782 878 846; x_wconf 87' lang='lat' dir='ltr'><strong><em>peccatum,</em></strong></span> <span class='ocrx_word' id='word_1_23' title='bbox 900 781 1076 833; x_wconf 84' lang='lat' dir='ltr'><strong><em>virtus</em></strong></span> <span class='ocrx_word' id='word_1_24' title='bbox 1101 795 1223 834; x_wconf 77' lang='lat' dir='ltr'><strong><em>vero</em></strong></span> <span class='ocrx_word' id='word_1_25' title='bbox 1240 783 1448 848; x_wconf 88' lang='lat' dir='ltr'><strong><em>peccati</em></strong></span> <span class='ocrx_word' id='word_1_26' title='bbox 1471 782 1557 834; x_wconf 78' lang='lat' dir='ltr'><strong><em>lea:</em></strong></span> <span class='ocrx_word' id='word_1_27' title='bbox 1580 781 1759 849; x_wconf 65' lang='lat' dir='ltr'><strong><em>(Ibid,</em></strong></span> <span class='ocrx_word' id='word_1_28' title='bbox 1788 783 1874 849; x_wconf 72' lang='grc'><strong><em>54,</em></strong></span> 
     </span>
    </p>
   </div>
   <div class='ocr_carea' id='block_1_5' title="bbox 173 864 1874 938">
    <p class='ocr_par' dir='ltr' id='par_1_5' title="bbox 173 864 1874 938">
     <span class='ocr_line' id='line_1_5' title="bbox 173 864 1874 938; baseline 0.004 -21"><span class='ocrx_word' id='word_1_29' title='bbox 173 865 286 932; x_wconf 85' lang='grc'><strong>55).</strong></span> <span class='ocrx_word' id='word_1_30' title='bbox 333 864 760 934; x_wconf 88' lang='lat' dir='ltr'><strong><em>Septuagesima</em></strong></span> <span class='ocrx_word' id='word_1_31' title='bbox 798 866 1005 937; x_wconf 88' lang='lat' dir='ltr'><strong><em>prima,</em></strong></span> <span class='ocrx_word' id='word_1_32' title='bbox 1062 867 1131 921; x_wconf 91' lang='lat' dir='ltr'><strong><em>de</em></strong></span> <span class='ocrx_word' id='word_1_33' title='bbox 1161 884 1226 921; x_wconf 91' lang='lat' dir='ltr'><strong><em>eo</em></strong></span> <span class='ocrx_word' id='word_1_34' title='bbox 1262 868 1417 938; x_wconf 91' lang='lat' dir='ltr'><strong><em>quod</em></strong></span> <span class='ocrx_word' id='word_1_35' title='bbox 1443 868 1715 938; x_wconf 87' lang='lat' dir='ltr'><strong><em>scriptum</em></strong></span> <span class='ocrx_word' id='word_1_36' title='bbox 1754 874 1874 925; x_wconf 90' lang='lat' dir='ltr'><strong><em>est:</em></strong></span> 
     </span>
    </p>
   </div>
   <div class='ocr_carea' id='block_1_6' title="bbox 171 955 1878 1026">
    <p class='ocr_par' dir='ltr' id='par_1_6' title="bbox 171 955 1878 1026">
     <span class='ocr_line' id='line_1_6' title="bbox 171 955 1878 1026; baseline 0.003 -19"><span class='ocrx_word' id='word_1_37' title='bbox 171 955 406 1008; x_wconf 80' lang='lat' dir='ltr'><strong><em>Invicem</em></strong></span> <span class='ocrx_word' id='word_1_38' title='bbox 430 968 592 1007; x_wconf 88' lang='lat' dir='ltr'><strong><em>onera</em></strong></span> <span class='ocrx_word' id='word_1_39' title='bbox 608 959 798 1009; x_wconf 83' lang='lat' dir='ltr'><strong><em>.vestra</em></strong></span> <span class='ocrx_word' id='word_1_40' title='bbox 838 959 1071 1025; x_wconf 82' lang='lat' dir='ltr'><strong><em>portate,</em></strong></span> <span class='ocrx_word' id='word_1_41' title='bbox 1103 961 1153 1009; x_wconf 88' lang='lat' dir='ltr'><strong><em>et</em></strong></span> <span class='ocrx_word' id='word_1_42' title='bbox 1183 958 1260 1010; x_wconf 89' lang='lat' dir='ltr'><strong><em>sic</em></strong></span> <span class='ocrx_word' id='word_1_43' title='bbox 1301 957 1666 1026; x_wconf 85' lang='lat' dir='ltr'><strong><em>adimplebitis</em></strong></span> <span class='ocrx_word' id='word_1_44' title='bbox 1714 959 1878 1025; x_wconf 87' lang='lat' dir='ltr'><strong><em>legem</em></strong></span> 
     </span>
    </p>
   </div>
   <div class='ocr_carea' id='block_1_7' title="bbox 172 1040 1876 1115">
    <p class='ocr_par' dir='ltr' id='par_1_7' title="bbox 172 1040 1876 1115">
     <span class='ocr_line' id='line_1_7' title="bbox 172 1040 1876 1115; baseline 0.002 -18"><span class='ocrx_word' id='word_1_45' title='bbox 172 1042 383 1097; x_wconf 78' lang='lat' dir='ltr'><strong><em>Christi</em></strong></span> <span class='ocrx_word' id='word_1_46' title='bbox 438 1040 639 1111; x_wconf 89' lang='lat' dir='ltr'><strong><em>(Galat.</em></strong></span> <span class='ocrx_word' id='word_1_47' title='bbox 710 1059 785 1109; x_wconf 81' lang='lat' dir='ltr'><strong><em>v1,</em></strong></span> <span class='ocrx_word' id='word_1_48' title='bbox 842 1043 917 1113; x_wconf 82' lang='lat'><strong><em>2).</em></strong></span> <span class='ocrx_word' id='word_1_49' title='bbox 974 1043 1401 1115; x_wconf 89' lang='lat' dir='ltr'><strong><em>Scptuagesima</em></strong></span> <span class='ocrx_word' id='word_1_50' title='bbox 1467 1045 1735 1112; x_wconf 90' lang='lat' dir='ltr'><strong><em>secunda,</em></strong></span> <span class='ocrx_word' id='word_1_51' title='bbox 1806 1046 1876 1100; x_wconf 88' lang='lat' dir='ltr'><strong><em>de</em></strong></span> 
     </span>
    </p>
   </div>
   <div class='ocr_carea' id='block_1_8' title="bbox 175 1128 1879 1203">
    <p class='ocr_par' dir='ltr' id='par_1_8' title="bbox 175 1128 1879 1203">
     <span class='ocr_line' id='line_1_8' title="bbox 175 1128 1879 1203; baseline 0.004 -23"><span class='ocrx_word' id='word_1_52' title='bbox 175 1128 539 1198; x_wconf 85' lang='lat' dir='ltr'><strong><em>temporibus</em></strong></span> <span class='ocrx_word' id='word_1_53' title='bbox 585 1129 833 1183; x_wconf 57' lang='lat' dir='ltr'><strong><em>aeternis.</em></strong></span> <span class='ocrx_word' id='word_1_54' title='bbox 867 1130 1292 1200; x_wconf 81' lang='lat' dir='ltr'><strong><em>Septuagesima</em></strong></span> <span class='ocrx_word' id='word_1_55' title='bbox 1316 1132 1501 1199; x_wconf 88' lang='lat' dir='ltr'><strong><em>tertia,</em></strong></span> <span class='ocrx_word' id='word_1_56' title='bbox 1531 1132 1601 1186; x_wconf 90' lang='lat' dir='ltr'><strong><em>de</em></strong></span> <span class='ocrx_word' id='word_1_57' title='bbox 1632 1148 1696 1186; x_wconf 91' lang='lat' dir='ltr'><strong><em>eo</em></strong></span> <span class='ocrx_word' id='word_1_58' title='bbox 1726 1132 1879 1203; x_wconf 89' lang='lat' dir='ltr'><strong><em>quod</em></strong></span> 
     </span>
    </p>
   </div>
   <div class='ocr_carea' id='block_1_9' title="bbox 172 1215 1872 1289">
    <p class='ocr_par' dir='ltr' id='par_1_9' title="bbox 172 1215 1872 1289">
     <span class='ocr_line' id='line_1_9' title="bbox 172 1215 1872 1289; baseline 0.004 -21"><span class='ocrx_word' id='word_1_59' title='bbox 172 1215 453 1286; x_wconf 88' lang='lat' dir='ltr'><strong><em>scriptum</em></strong></span> <span class='ocrx_word' id='word_1_60' title='bbox 498 1220 620 1271; x_wconf 89' lang='lat' dir='ltr'><strong><em>est:</em></strong></span> <span class='ocrx_word' id='word_1_61' title='bbox 668 1220 738 1272; x_wconf 88' lang='lat' dir='ltr'><strong><em>Et</em></strong></span> <span class='ocrx_word' id='word_1_62' title='bbox 788 1218 978 1272; x_wconf 89' lang='lat' dir='ltr'><strong><em>habitu</em></strong></span> <span class='ocrx_word' id='word_1_63' title='bbox 1017 1221 1265 1273; x_wconf 81' lang='lat' dir='ltr'><strong><em>inventus</em></strong></span> <span class='ocrx_word' id='word_1_64' title='bbox 1313 1224 1376 1273; x_wconf 90' lang='lat' dir='ltr'><strong><em>ut</em></strong></span> <span class='ocrx_word' id='word_1_65' title='bbox 1416 1221 1567 1273; x_wconf 91' lang='lat' dir='ltr'><strong><em>homo</em></strong></span> <span class='ocrx_word' id='word_1_66' title='bbox 1614 1221 1872 1289; x_wconf 81' lang='lat' dir='ltr'><strong><em>(Philipp.</em></strong></span> 
     </span>
    </p>
   </div>
   <div class='ocr_carea' id='block_1_10' title="bbox 174 1304 1878 1377">
    <p class='ocr_par' dir='ltr' id='par_1_10' title="bbox 174 1304 1878 1377">
     <span class='ocr_line' id='line_1_10' title="bbox 174 1304 1878 1377; baseline 0.002 -20"><span class='ocrx_word' id='word_1_67' title='bbox 174 1321 237 1371; x_wconf 87' lang='grc' dir='ltr'><strong><em>ιι,</em></strong></span> <span class='ocrx_word' id='word_1_68' title='bbox 265 1304 337 1371; x_wconf 89' lang='lat'><strong><em>7).</em></strong></span> <span class='ocrx_word' id='word_1_69' title='bbox 367 1305 797 1375; x_wconf 86' lang='lat' dir='ltr'><strong><em>Septuagesima</em></strong></span> <span class='ocrx_word' id='word_1_70' title='bbox 825 1311 1047 1377; x_wconf 88' lang='lat' dir='ltr'><strong><em>quarta,</em></strong></span> <span class='ocrx_word' id='word_1_71' title='bbox 1091 1306 1159 1361; x_wconf 92' lang='lat' dir='ltr'><strong><em>de</em></strong></span> <span class='ocrx_word' id='word_1_72' title='bbox 1189 1322 1256 1361; x_wconf 89' lang='lat' dir='ltr'><strong><em>eo</em></strong></span> <span class='ocrx_word' id='word_1_73' title='bbox 1287 1306 1443 1377; x_wconf 90' lang='lat' dir='ltr'><strong><em>quod</em></strong></span> <span class='ocrx_word' id='word_1_74' title='bbox 1478 1306 1756 1377; x_wconf 90' lang='lat' dir='ltr'><strong><em>scriptum</em></strong></span> <span class='ocrx_word' id='word_1_75' title='bbox 1793 1313 1878 1362; x_wconf 88' lang='lat' dir='ltr'><strong><em>est</em></strong></span> 
     </span>
    </p>
   </div>
   <div class='ocr_carea' id='block_1_11' title="bbox 171 1390 1876 1464">
    <p class='ocr_par' dir='ltr' id='par_1_11' title="bbox 171 1390 1876 1464">
     <span class='ocr_line' id='line_1_11' title="bbox 171 1390 1876 1464; baseline 0.003 -19"><span class='ocrx_word' id='word_1_76' title='bbox 171 1390 234 1445; x_wconf 90' lang='lat' dir='ltr'><strong><em>in</em></strong></span> <span class='ocrx_word' id='word_1_77' title='bbox 269 1392 518 1462; x_wconf 90' lang='lat' dir='ltr'><strong><em>Epistola</em></strong></span> <span class='ocrx_word' id='word_1_78' title='bbox 546 1392 708 1447; x_wconf 85' lang='lat' dir='ltr'><strong><em>Pauli</em></strong></span> <span class='ocrx_word' id='word_1_79' title='bbox 737 1394 811 1448; x_wconf 92' lang='lat' dir='ltr'><strong><em>ad</em></strong></span> <span class='ocrx_word' id='word_1_80' title='bbox 843 1395 1232 1449; x_wconf 75' lang='lat' dir='ltr'><strong><em>Golossenses:</em></strong></span> <span class='ocrx_word' id='word_1_81' title='bbox 1264 1396 1327 1449; x_wconf 88' lang='lat' dir='ltr'><strong><em>In</em></strong></span> <span class='ocrx_word' id='word_1_82' title='bbox 1356 1410 1460 1464; x_wconf 86' lang='lat' dir='ltr'><strong><em>quo</em></strong></span> <span class='ocrx_word' id='word_1_83' title='bbox 1492 1396 1746 1450; x_wconf 82' lang='lat' dir='ltr'><strong><em>habemus</em></strong></span> <span class='ocrx_word' id='word_1_84' title='bbox 1781 1411 1876 1450; x_wconf 86' lang='lat' dir='ltr'><strong><em>re-</em></strong></span> 
     </span>
    </p>
   </div>
   <div class='ocr_carea' id='block_1_12' title="bbox 172 1480 1876 1553">
    <p class='ocr_par' dir='ltr' id='par_1_12' title="bbox 172 1480 1876 1553">
     <span class='ocr_line' id='line_1_12' title="bbox 172 1480 1876 1553; baseline 0.002 -19"><span class='ocrx_word' id='word_1_85' title='bbox 172 1480 531 1549; x_wconf 85' lang='lat' dir='ltr'><strong><em>demptionem</em></strong></span> <span class='ocrx_word' id='word_1_86' title='bbox 572 1486 622 1536; x_wconf 89' lang='lat' dir='ltr'><strong><em>et</em></strong></span> <span class='ocrx_word' id='word_1_87' title='bbox 667 1483 1031 1539; x_wconf 80' lang='lat' dir='ltr'><strong><em>remissionem</em></strong></span> <span class='ocrx_word' id='word_1_88' title='bbox 1067 1487 1425 1553; x_wconf 88' lang='lat' dir='ltr'><strong><em>peccatorum,</em></strong></span> <span class='ocrx_word' id='word_1_89' title='bbox 1461 1485 1557 1551; x_wconf 88' lang='lat' dir='ltr'><strong><em>qui</em></strong></span> <span class='ocrx_word' id='word_1_90' title='bbox 1592 1488 1671 1537; x_wconf 91' lang='lat' dir='ltr'><strong><em>est</em></strong></span> <span class='ocrx_word' id='word_1_91' title='bbox 1699 1485 1876 1551; x_wconf 87' lang='lat' dir='ltr'><strong><em>imago</em></strong></span> 
     </span>
    </p>
   </div>
   <div class='ocr_carea' id='block_1_13' title="bbox 172 1568 1873 1641">
    <p class='ocr_par' dir='ltr' id='par_1_13' title="bbox 172 1568 1873 1641">
     <span class='ocr_line' id='line_1_13' title="bbox 172 1568 1873 1641; baseline 0.002 -18"><span class='ocrx_word' id='word_1_92' title='bbox 172 1571 271 1623; x_wconf 93' lang='lat' dir='ltr'><strong><em>Dei</em></strong></span> <span class='ocrx_word' id='word_1_93' title='bbox 291 1570 584 1624; x_wconf 86' lang='lat' dir='ltr'><strong><em>invisibilis</em></strong></span> <span class='ocrx_word' id='word_1_94' title='bbox 612 1568 842 1641; x_wconf 88' lang='lat' dir='ltr'><strong><em>(Coloss.</em></strong></span> <span class='ocrx_word' id='word_1_95' title='bbox 875 1587 914 1637; x_wconf 82' lang='lat'><strong><em>1,</em></strong></span> <span class='ocrx_word' id='word_1_96' title='bbox 952 1572 1036 1637; x_wconf 82' lang='grc'><strong>14,</strong></span> <span class='ocrx_word' id='word_1_97' title='bbox 1072 1569 1181 1640; x_wconf 79' lang='grc'><strong>15).</strong></span> <span class='ocrx_word' id='word_1_98' title='bbox 1201 1570 1630 1640; x_wconf 89' lang='lat' dir='ltr'><strong><em>Septuagesima</em></strong></span> <span class='ocrx_word' id='word_1_99' title='bbox 1652 1571 1873 1641; x_wconf 88' lang='lat' dir='ltr'><strong><em>quinta,</em></strong></span> 
     </span>
    </p>
   </div>
   <div class='ocr_carea' id='block_1_14' title="bbox 170 1657 1878 1730">
    <p class='ocr_par' dir='ltr' id='par_1_14' title="bbox 170 1657 1878 1730">
     <span class='ocr_line' id='line_1_14' title="bbox 170 1657 1878 1730; baseline 0.002 -19"><span class='ocrx_word' id='word_1_100' title='bbox 170 1657 245 1711; x_wconf 91' lang='lat' dir='ltr'><strong><em>de</em></strong></span> <span class='ocrx_word' id='word_1_101' title='bbox 275 1657 608 1712; x_wconf 65' lang='lat' dir='ltr'><strong><em>haereditate</em></strong></span> <span class='ocrx_word' id='word_1_102' title='bbox 652 1658 774 1712; x_wconf 87' lang='lat' dir='ltr'><strong><em>Dei.</em></strong></span> <span class='ocrx_word' id='word_1_103' title='bbox 816 1658 1247 1728; x_wconf 88' lang='lat' dir='ltr'><strong><em>Septuagesima</em></strong></span> <span class='ocrx_word' id='word_1_104' title='bbox 1287 1662 1461 1722; x_wconf 84' lang='lat' dir='ltr'><strong><em>sexta,</em></strong></span> <span class='ocrx_word' id='word_1_105' title='bbox 1506 1659 1574 1713; x_wconf 88' lang='lat' dir='ltr'><strong><em>de</em></strong></span> <span class='ocrx_word' id='word_1_106' title='bbox 1606 1675 1672 1713; x_wconf 94' lang='lat' dir='ltr'><strong><em>eo</em></strong></span> <span class='ocrx_word' id='word_1_107' title='bbox 1720 1660 1878 1730; x_wconf 90' lang='lat' dir='ltr'><strong><em>quod</em></strong></span> 
     </span>
    </p>
   </div>
   <div class='ocr_carea' id='block_1_15' title="bbox 171 1746 1878 1815">
    <p class='ocr_par' dir='ltr' id='par_1_15' title="bbox 171 1746 1878 1815">
     <span class='ocr_line' id='line_1_15' title="bbox 171 1746 1878 1815; baseline 0.002 -17"><span class='ocrx_word' id='word_1_108' title='bbox 171 1746 468 1815; x_wconf 83' lang='lat' dir='ltr'><strong><em>apostolus</em></strong></span> <span class='ocrx_word' id='word_1_109' title='bbox 508 1746 748 1800; x_wconf 76' lang='lat' dir='ltr'><strong><em>Iacobus</em></strong></span> <span class='ocrx_word' id='word_1_110' title='bbox 783 1746 950 1800; x_wconf 81' lang='lat' dir='ltr'><strong><em>dicit:</em></strong></span> <span class='ocrx_word' id='word_1_111' title='bbox 999 1748 1091 1802; x_wconf 86' lang='lat' dir='ltr'><strong><em>Vis</em></strong></span> <span class='ocrx_word' id='word_1_112' title='bbox 1123 1751 1300 1801; x_wconf 87' lang='lat' dir='ltr'><strong><em>autem</em></strong></span> <span class='ocrx_word' id='word_1_113' title='bbox 1339 1749 1492 1812; x_wconf 86' lang='lat' dir='ltr'><strong><em>scire,</em></strong></span> <span class='ocrx_word' id='word_1_114' title='bbox 1522 1763 1551 1801; x_wconf 90' lang='grc' dir='ltr'>ο</span> <span class='ocrx_word' id='word_1_115' title='bbox 1581 1748 1731 1802; x_wconf 86' lang='lat' dir='ltr'><strong><em>homo</em></strong></span> <span class='ocrx_word' id='word_1_116' title='bbox 1761 1750 1878 1802; x_wconf 87' lang='lat' dir='ltr'><strong><em>ina-</em></strong></span> 
     </span>
    </p>
   </div>
   <div class='ocr_carea' id='block_1_16' title="bbox 170 1833 1876 1904">
    <p class='ocr_par' dir='ltr' id='par_1_16' title="bbox 170 1833 1876 1904">
     <span class='ocr_line' id='line_1_16' title="bbox 170 1833 1876 1904; baseline 0.001 -17"><span class='ocrx_word' id='word_1_117' title='bbox 170 1836 279 1900; x_wconf 87' lang='lat' dir='ltr'><strong><em>nis,</em></strong></span> <span class='ocrx_word' id='word_1_118' title='bbox 310 1837 440 1902; x_wconf 87' lang='lat' dir='ltr'><strong><em>quia</em></strong></span> <span class='ocrx_word' id='word_1_119' title='bbox 467 1834 600 1903; x_wconf 75' lang='lat' dir='ltr'><strong><em>ﬁdes</em></strong></span> <span class='ocrx_word' id='word_1_120' title='bbox 629 1837 746 1889; x_wconf 90' lang='lat' dir='ltr'><strong><em>sine</em></strong></span> <span class='ocrx_word' id='word_1_121' title='bbox 792 1835 1040 1903; x_wconf 86' lang='lat' dir='ltr'><strong><em>operibus</em></strong></span> <span class='ocrx_word' id='word_1_122' title='bbox 1098 1836 1270 1889; x_wconf 87' lang='lat' dir='ltr'><strong><em>otiosa</em></strong></span> <span class='ocrx_word' id='word_1_123' title='bbox 1299 1839 1376 1889; x_wconf 89' lang='lat' dir='ltr'><strong><em>est</em></strong></span> <span class='ocrx_word' id='word_1_124' title='bbox 1426 1833 1639 1904; x_wconf 88' lang='lat' dir='ltr'><strong><em>(Jacobi</em></strong></span> <span class='ocrx_word' id='word_1_125' title='bbox 1666 1851 1725 1900; x_wconf 82' lang='grc' dir='ltr'><strong><em>ιι,</em></strong></span> <span class='ocrx_word' id='word_1_126' title='bbox 1747 1836 1831 1901; x_wconf 90' lang='grc'><strong><em>20)</em></strong></span> <span class='ocrx_word' id='word_1_127' title='bbox 1849 1834 1876 1889; x_wconf 76' lang='lat'><strong><em>?</em></strong></span> 
     </span>
    </p>
   </div>
   <div class='ocr_carea' id='block_1_17' title="bbox 168 1922 1877 1993">
    <p class='ocr_par' dir='ltr' id='par_1_17' title="bbox 168 1922 1877 1993">
     <span class='ocr_line' id='line_1_17' title="bbox 168 1922 1877 1993; baseline 0 -16"><span class='ocrx_word' id='word_1_128' title='bbox 168 1923 604 1993; x_wconf 88' lang='lat' dir='ltr'><strong><em>Septuagesima</em></strong></span> <span class='ocrx_word' id='word_1_129' title='bbox 648 1922 912 1992; x_wconf 90' lang='lat' dir='ltr'><strong><em>septima,</em></strong></span> <span class='ocrx_word' id='word_1_130' title='bbox 961 1923 1029 1977; x_wconf 90' lang='lat' dir='ltr'><strong><em>de</em></strong></span> <span class='ocrx_word' id='word_1_131' title='bbox 1059 1922 1293 1988; x_wconf 84' lang='lat' dir='ltr'><strong><em>timore;</em></strong></span> <span class='ocrx_word' id='word_1_132' title='bbox 1339 1927 1535 1976; x_wconf 90' lang='lat' dir='ltr'><strong><em>utrum</em></strong></span> <span class='ocrx_word' id='word_1_133' title='bbox 1581 1926 1877 1992; x_wconf 87' lang='lat' dir='ltr'><strong><em>peccatum</em></strong></span> 
     </span>
    </p>
   </div>
   <div class='ocr_carea' id='block_1_18' title="bbox 170 2008 1876 2081">
    <p class='ocr_par' dir='ltr' id='par_1_18' title="bbox 170 2008 1876 2081">
     <span class='ocr_line' id='line_1_18' title="bbox 170 2008 1876 2081; baseline 0.001 -18"><span class='ocrx_word' id='word_1_134' title='bbox 170 2010 265 2064; x_wconf 90' lang='lat' dir='ltr'><strong><em>sit.</em></strong></span> <span class='ocrx_word' id='word_1_135' title='bbox 294 2010 724 2081; x_wconf 87' lang='lat' dir='ltr'><strong><em>Septuagesima</em></strong></span> <span class='ocrx_word' id='word_1_136' title='bbox 753 2016 966 2078; x_wconf 84' lang='lat' dir='ltr'><strong><em>octava,</em></strong></span> <span class='ocrx_word' id='word_1_137' title='bbox 999 2011 1068 2066; x_wconf 89' lang='lat' dir='ltr'><strong><em>de</em></strong></span> <span class='ocrx_word' id='word_1_138' title='bbox 1096 2010 1517 2081; x_wconf 81' lang='lat' dir='ltr'><strong><em>pulchritudine</em></strong></span> <span class='ocrx_word' id='word_1_139' title='bbox 1547 2008 1876 2065; x_wconf 88' lang='lat' dir='ltr'><strong><em>simulacro-</em></strong></span> 
     </span>
    </p>
   </div>
   <div class='ocr_carea' id='block_1_19' title="bbox 168 2098 1874 2169">
    <p class='ocr_par' dir='ltr' id='par_1_19' title="bbox 168 2098 1874 2169">
     <span class='ocr_line' id='line_1_19' title="bbox 168 2098 1874 2169; baseline 0.001 -20"><span class='ocrx_word' id='word_1_140' title='bbox 168 2112 324 2151; x_wconf 89' lang='lat' dir='ltr'><strong><em>rum.</em></strong></span> <span class='ocrx_word' id='word_1_141' title='bbox 373 2098 801 2168; x_wconf 86' lang='lat' dir='ltr'><strong><em>Septuagesima</em></strong></span> <span class='ocrx_word' id='word_1_142' title='bbox 839 2115 1013 2167; x_wconf 91' lang='lat' dir='ltr'><strong><em>nona,</em></strong></span> <span class='ocrx_word' id='word_1_143' title='bbox 1055 2115 1230 2169; x_wconf 89' lang='lat' dir='ltr'><strong><em>quare</em></strong></span> <span class='ocrx_word' id='word_1_144' title='bbox 1266 2098 1418 2169; x_wconf 83' lang='lat' dir='ltr'><strong><em>magi</em></strong></span> <span class='ocrx_word' id='word_1_145' title='bbox 1455 2098 1764 2152; x_wconf 84' lang='lat' dir='ltr'><strong><em>Pharaonis</em></strong></span> <span class='ocrx_word' id='word_1_146' title='bbox 1794 2099 1874 2151; x_wconf 85' lang='lat' dir='ltr'><strong><em>fe-</em></strong></span> 
     </span>
    </p>
   </div>
   <div class='ocr_carea' id='block_1_20' title="bbox 168 2184 1877 2256">
    <p class='ocr_par' dir='ltr' id='par_1_20' title="bbox 168 2184 1877 2256">
     <span class='ocr_line' id='line_1_20' title="bbox 168 2184 1877 2256; baseline 0.001 -18"><span class='ocrx_word' id='word_1_147' title='bbox 168 2190 371 2239; x_wconf 88' lang='lat' dir='ltr'><strong><em>cerunt</em></strong></span> <span class='ocrx_word' id='word_1_148' title='bbox 412 2185 689 2240; x_wconf 85' lang='lat' dir='ltr'><strong><em>miracula</em></strong></span> <span class='ocrx_word' id='word_1_149' title='bbox 721 2186 986 2256; x_wconf 73' lang='lat' dir='ltr'><strong><em>quaedam</em></strong></span> <span class='ocrx_word' id='word_1_150' title='bbox 1032 2186 1177 2240; x_wconf 88' lang='lat' dir='ltr'><strong><em>sicut</em></strong></span> <span class='ocrx_word' id='word_1_151' title='bbox 1223 2188 1436 2255; x_wconf 80' lang='lat' dir='ltr'><strong><em>Moyses</em></strong></span> <span class='ocrx_word' id='word_1_152' title='bbox 1480 2184 1725 2239; x_wconf 79' lang='lat' dir='ltr'><strong><em>famulus</em></strong></span> <span class='ocrx_word' id='word_1_153' title='bbox 1779 2184 1877 2239; x_wconf 90' lang='lat' dir='ltr'><strong><em>Dei</em></strong></span> 
     </span>
    </p>
   </div>
   <div class='ocr_carea' id='block_1_21' title="bbox 167 2272 1866 2343">
    <p class='ocr_par' dir='ltr' id='par_1_21' title="bbox 167 2272 1866 2343">
     <span class='ocr_line' id='line_1_21' title="bbox 167 2272 1866 2343; baseline 0.001 -16"><span class='ocrx_word' id='word_1_154' title='bbox 167 2272 373 2341; x_wconf 66' lang='lat' dir='ltr'><strong><em>(Emod.</em></strong></span> <span class='ocrx_word' id='word_1_155' title='bbox 407 2290 504 2342; x_wconf 82' lang='lat' dir='ltr'><strong><em>vn,</em></strong></span> <span class='ocrx_word' id='word_1_156' title='bbox 534 2277 642 2339; x_wconf 91' lang='grc'>22).</span> <span class='ocrx_word' id='word_1_157' title='bbox 682 2275 1054 2343; x_wconf 89' lang='lat' dir='ltr'><strong><em>Octogesima,</em></strong></span> <span class='ocrx_word' id='word_1_158' title='bbox 1097 2274 1363 2327; x_wconf 90' lang='lat' dir='ltr'><strong><em>adversus</em></strong></span> <span class='ocrx_word' id='word_1_159' title='bbox 1404 2272 1866 2343; x_wconf 84' lang='lat' dir='ltr'><strong><em>Apollinaristas.</em></strong></span> 
     </span>
    </p>
   </div>
   <div class='ocr_carea' id='block_1_22' title="bbox 169 2360 1876 2432">
    <p class='ocr_par' dir='ltr' id='par_1_22' title="bbox 169 2360 1876 2432">
     <span class='ocr_line' id='line_1_22' title="bbox 169 2360 1876 2432; baseline -0.001 -16"><span class='ocrx_word' id='word_1_160' title='bbox 169 2362 531 2432; x_wconf 86' lang='lat' dir='ltr'><strong><em>Octogesima</em></strong></span> <span class='ocrx_word' id='word_1_161' title='bbox 559 2362 767 2432; x_wconf 88' lang='lat' dir='ltr'><strong><em>prima,</em></strong></span> <span class='ocrx_word' id='word_1_162' title='bbox 798 2363 867 2417; x_wconf 90' lang='lat' dir='ltr'><strong><em>de</em></strong></span> <span class='ocrx_word' id='word_1_163' title='bbox 904 2362 1348 2431; x_wconf 86' lang='lat' dir='ltr'><strong><em>Quadragesima</em></strong></span> <span class='ocrx_word' id='word_1_164' title='bbox 1374 2364 1430 2416; x_wconf 90' lang='lat' dir='ltr'><strong><em>et</em></strong></span> <span class='ocrx_word' id='word_1_165' title='bbox 1458 2360 1876 2432; x_wconf 85' lang='lat' dir='ltr'><strong><em>Quinquagesi-</em></strong></span> 
     </span>
    </p>
   </div>
   <div class='ocr_carea' id='block_1_23' title="bbox 170 2450 1871 2522">
    <p class='ocr_par' dir='ltr' id='par_1_23' title="bbox 170 2450 1871 2522">
     <span class='ocr_line' id='line_1_23' title="bbox 170 2450 1871 2522; baseline -0.001 -17"><span class='ocrx_word' id='word_1_166' title='bbox 170 2467 288 2505; x_wconf 89' lang='lat' dir='ltr'><strong><em>ma.</em></strong></span> <span class='ocrx_word' id='word_1_167' title='bbox 330 2450 688 2521; x_wconf 91' lang='lat' dir='ltr'><strong><em>Octogesima</em></strong></span> <span class='ocrx_word' id='word_1_168' title='bbox 726 2452 990 2517; x_wconf 87' lang='lat' dir='ltr'><strong><em>secunda,</em></strong></span> <span class='ocrx_word' id='word_1_169' title='bbox 1030 2452 1098 2506; x_wconf 94' lang='lat' dir='ltr'><strong><em>de</em></strong></span> <span class='ocrx_word' id='word_1_170' title='bbox 1146 2468 1213 2505; x_wconf 92' lang='lat' dir='ltr'><strong><em>eo</em></strong></span> <span class='ocrx_word' id='word_1_171' title='bbox 1252 2450 1406 2522; x_wconf 89' lang='lat' dir='ltr'><strong><em>quod</em></strong></span> <span class='ocrx_word' id='word_1_172' title='bbox 1444 2450 1719 2520; x_wconf 89' lang='lat' dir='ltr'><strong><em>scriptum</em></strong></span> <span class='ocrx_word' id='word_1_173' title='bbox 1751 2453 1871 2504; x_wconf 85' lang='lat' dir='ltr'><strong><em>est:</em></strong></span> 
     </span>
    </p>
   </div>
   <div class='ocr_carea' id='block_1_24' title="bbox 170 2539 1877 2609">
    <p class='ocr_par' dir='ltr' id='par_1_24' title="bbox 170 2539 1877 2609">
     <span class='ocr_line' id='line_1_24' title="bbox 170 2539 1877 2609; baseline -0.001 -16"><span class='ocrx_word' id='word_1_174' title='bbox 170 2540 343 2605; x_wconf 85' lang='lat' dir='ltr'><strong><em>Quem</em></strong></span> <span class='ocrx_word' id='word_1_175' title='bbox 381 2541 522 2593; x_wconf 88' lang='lat' dir='ltr'><strong><em>enim</em></strong></span> <span class='ocrx_word' id='word_1_176' title='bbox 573 2540 759 2608; x_wconf 78' lang='lat' dir='ltr'><strong><em>diligit</em></strong></span> <span class='ocrx_word' id='word_1_177' title='bbox 798 2542 1052 2594; x_wconf 87' lang='lat' dir='ltr'><strong><em>Dominus</em></strong></span> <span class='ocrx_word' id='word_1_178' title='bbox 1094 2542 1348 2609; x_wconf 84' lang='lat' dir='ltr'><strong><em>corripit;</em></strong></span> <span class='ocrx_word' id='word_1_179' title='bbox 1406 2539 1646 2607; x_wconf 87' lang='lat' dir='ltr'><strong><em>ﬂagellat</em></strong></span> <span class='ocrx_word' id='word_1_180' title='bbox 1699 2541 1877 2592; x_wconf 91' lang='lat' dir='ltr'><strong><em>autem</em></strong></span> 
     </span>
    </p>
   </div>
   <div class='ocr_carea' id='block_1_25' title="bbox 1566 302 2273 362">
    <p class='ocr_par' dir='ltr' id='par_1_25' title="bbox 1566 302 2273 362">
     <span class='ocr_line' id='line_1_25' title="bbox 1566 302 2273 362; baseline 0 -3"><span class='ocrx_word' id='word_1_181' title='bbox 1566 310 1574 317; x_wconf 89' lang='lat'>&#39;</span> <span class='ocrx_word' id='word_1_182' title='bbox 1607 303 1821 362; x_wconf 82' lang='lat' dir='ltr'><strong><em>LIBER</em></strong></span> <span class='ocrx_word' id='word_1_183' title='bbox 1888 302 2273 361; x_wconf 82' lang='lat' dir='ltr'><strong><em>SECUNDUS.</em></strong></span> 
     </span>
    </p>
   </div>
   <div class='ocr_carea' id='block_1_26' title="bbox 180 424 1882 496">
    <p class='ocr_par' dir='ltr' id='par_1_26' title="bbox 180 424 1882 496">
     <span class='ocr_line' id='line_1_26' title="bbox 180 424 1882 496; baseline 0.002 -20"><span class='ocrx_word' id='word_1_184' title='bbox 180 426 303 477; x_wconf 89' lang='lat' dir='ltr'><strong><em>est:</em></strong></span> <span class='ocrx_word' id='word_1_185' title='bbox 344 426 488 478; x_wconf 87' lang='lat' dir='ltr'><strong><em>Tunc</em></strong></span> <span class='ocrx_word' id='word_1_186' title='bbox 520 429 569 479; x_wconf 91' lang='lat' dir='ltr'><strong><em>et</em></strong></span> <span class='ocrx_word' id='word_1_187' title='bbox 595 426 710 494; x_wconf 86' lang='lat' dir='ltr'><strong><em>ipse</em></strong></span> <span class='ocrx_word' id='word_1_188' title='bbox 730 425 902 479; x_wconf 86' lang='lat' dir='ltr'><strong><em>Filius</em></strong></span> <span class='ocrx_word' id='word_1_189' title='bbox 923 424 1193 494; x_wconf 85' lang='lat' dir='ltr'><strong><em>subjectus</em></strong></span> <span class='ocrx_word' id='word_1_190' title='bbox 1222 428 1326 481; x_wconf 91' lang='lat' dir='ltr'><strong><em>erit</em></strong></span> <span class='ocrx_word' id='word_1_191' title='bbox 1344 428 1395 481; x_wconf 89' lang='lat' dir='ltr'><strong><em>ei</em></strong></span> <span class='ocrx_word' id='word_1_192' title='bbox 1418 428 1515 496; x_wconf 88' lang='lat' dir='ltr'><strong><em>qui</em></strong></span> <span class='ocrx_word' id='word_1_193' title='bbox 1538 427 1625 482; x_wconf 85' lang='lat' dir='ltr'><strong><em>illi</em></strong></span> <span class='ocrx_word' id='word_1_194' title='bbox 1653 427 1882 496; x_wconf 85' lang='lat' dir='ltr'><strong><em>subjecit</em></strong></span> 
     </span>
    </p>
   </div>
   <div class='ocr_carea' id='block_1_27' title="bbox 177 514 1882 588">
    <p class='ocr_par' dir='ltr' id='par_1_27' title="bbox 177 514 1882 588">
     <span class='ocr_line' id='line_1_27' title="bbox 177 514 1882 588; baseline 0.002 -21"><span class='ocrx_word' id='word_1_195' title='bbox 177 514 362 567; x_wconf 88' lang='lat' dir='ltr'><strong><em>omnia</em></strong></span> <span class='ocrx_word' id='word_1_196' title='bbox 388 514 430 582; x_wconf 81' lang='grc' dir='ltr'><strong><em>(Ι</em></strong></span> <span class='ocrx_word' id='word_1_197' title='bbox 462 515 580 570; x_wconf 83' lang='lat' dir='ltr'><strong><em>Cor.</em></strong></span> <span class='ocrx_word' id='word_1_198' title='bbox 608 531 694 576; x_wconf 85' lang='lat' dir='ltr'><strong><em>xv,</em></strong></span> <span class='ocrx_word' id='word_1_199' title='bbox 727 515 837 583; x_wconf 83' lang='lat'><strong><em>28).</em></strong></span> <span class='ocrx_word' id='word_1_200' title='bbox 872 515 1319 584; x_wconf 81' lang='lat' dir='ltr'><strong><em>Septuagesima,</em></strong></span> <span class='ocrx_word' id='word_1_201' title='bbox 1352 517 1421 570; x_wconf 92' lang='lat' dir='ltr'><strong><em>de</em></strong></span> <span class='ocrx_word' id='word_1_202' title='bbox 1452 533 1518 570; x_wconf 88' lang='lat' dir='ltr'><strong><em>eo</em></strong></span> <span class='ocrx_word' id='word_1_203' title='bbox 1554 518 1707 588; x_wconf 90' lang='lat' dir='ltr'><strong><em>quod</em></strong></span> <span class='ocrx_word' id='word_1_204' title='bbox 1733 518 1882 586; x_wconf 78' lang='lat' dir='ltr'><strong><em>Apo-</em></strong></span> 
     </span>
    </p>
   </div>
   <div class='ocr_carea' id='block_1_28' title="bbox 1177 2780 2681 2907">
    <p class='ocr_par' dir='ltr' id='par_1_28' title="bbox 1177 2780 2681 2907">
     <span class='ocr_line' id='line_1_28' title="bbox 1177 2780 2681 2907; baseline -0.003 -1"><span class='ocrx_word' id='word_1_205' title='bbox 1177 2785 1690 2907; x_wconf 79' lang='lat' dir='ltr'>LIBER</span> <span class='ocrx_word' id='word_1_206' title='bbox 1770 2780 2681 2904; x_wconf 83' lang='lat' dir='ltr'><strong><em>SECUNDUS.</em></strong></span> 
     </span>
    </p>
   </div>
   <div class='ocr_carea' id='block_1_29' title="bbox 3585 309 3689 365">
    <p class='ocr_par' dir='ltr' id='par_1_29' title="bbox 3585 309 3689 365">
     <span class='ocr_line' id='line_1_29' title="bbox 3585 309 3689 365; baseline 0.01 -1"><span class='ocrx_word' id='word_1_207' title='bbox 3585 309 3689 365; x_wconf 82' lang='lat'><strong><em>630</em></strong></span> 
     </span>
    </p>
   </div>
   <div class='ocr_carea' id='block_1_30' title="bbox 1995 427 3690 501">
    <p class='ocr_par' dir='ltr' id='par_1_30' title="bbox 1995 427 3690 501">
     <span class='ocr_line' id='line_1_30' title="bbox 1995 427 3690 501; baseline 0.002 -20"><span class='ocrx_word' id='word_1_208' title='bbox 1995 441 2202 481; x_wconf 89' lang='lat' dir='ltr'><strong><em>omnem</em></strong></span> <span class='ocrx_word' id='word_1_209' title='bbox 2231 427 2406 495; x_wconf 83' lang='lat' dir='ltr'><strong><em>ﬁlium</em></strong></span> <span class='ocrx_word' id='word_1_210' title='bbox 2434 442 2591 497; x_wconf 88' lang='lat' dir='ltr'><strong><em>quem</em></strong></span> <span class='ocrx_word' id='word_1_211' title='bbox 2625 428 2817 496; x_wconf 81' lang='lat' dir='ltr'><strong><em>recipit</em></strong></span> <span class='ocrx_word' id='word_1_212' title='bbox 2842 428 3024 496; x_wconf 86' lang='lat' dir='ltr'><strong><em>(Hebr.</em></strong></span> <span class='ocrx_word' id='word_1_213' title='bbox 3066 442 3164 482; x_wconf 82' lang='lat' dir='ltr'><strong><em>xu.</em></strong></span> <span class='ocrx_word' id='word_1_214' title='bbox 3197 431 3269 492; x_wconf 85' lang='lat'><strong><em>6).</em></strong></span> <span class='ocrx_word' id='word_1_215' title='bbox 3329 429 3690 501; x_wconf 87' lang='lat' dir='ltr'><strong><em>Octogesima</em></strong></span> 
     </span>
    </p>
   </div>
   <div class='ocr_carea' id='block_1_31' title="bbox 1991 514 3687 587">
    <p class='ocr_par' dir='ltr' id='par_1_31' title="bbox 1991 514 3687 587">
     <span class='ocr_line' id='line_1_31' title="bbox 1991 514 3687 587; baseline 0.002 -19"><span class='ocrx_word' id='word_1_216' title='bbox 1991 514 2178 580; x_wconf 88' lang='lat' dir='ltr'><strong><em>tertia,</em></strong></span> <span class='ocrx_word' id='word_1_217' title='bbox 2201 515 2269 571; x_wconf 91' lang='lat' dir='ltr'><strong><em>de</em></strong></span> <span class='ocrx_word' id='word_1_218' title='bbox 2293 515 2582 586; x_wconf 88' lang='lat' dir='ltr'><strong><em>conjugio,</em></strong></span> <span class='ocrx_word' id='word_1_219' title='bbox 2600 515 2661 569; x_wconf 93' lang='lat' dir='ltr'><strong><em>in</em></strong></span> <span class='ocrx_word' id='word_1_220' title='bbox 2682 530 2749 570; x_wconf 90' lang='lat' dir='ltr'><strong><em>eo</em></strong></span> <span class='ocrx_word' id='word_1_221' title='bbox 2765 516 2919 587; x_wconf 91' lang='lat' dir='ltr'><strong><em>quod</em></strong></span> <span class='ocrx_word' id='word_1_222' title='bbox 2950 515 3227 571; x_wconf 87' lang='lat' dir='ltr'><strong><em>Dominus</em></strong></span> <span class='ocrx_word' id='word_1_223' title='bbox 3247 515 3328 571; x_wconf 92' lang='lat' dir='ltr'><strong><em>ait</em></strong></span> <span class='ocrx_word' id='word_1_224' title='bbox 3350 533 3363 570; x_wconf 95' lang='lat'><strong><em>:</em></strong></span> <span class='ocrx_word' id='word_1_225' title='bbox 3388 517 3450 572; x_wconf 93' lang='lat' dir='ltr'><strong><em>Si</em></strong></span> <span class='ocrx_word' id='word_1_226' title='bbox 3468 519 3590 586; x_wconf 84' lang='lat' dir='ltr'><strong><em>quis</em></strong></span> <span class='ocrx_word' id='word_1_227' title='bbox 3605 518 3687 572; x_wconf 86' lang='lat' dir='ltr'><strong><em>di-</em></strong></span> 
     </span>
    </p>
   </div>
   <div class='ocr_carea' id='block_1_32' title="bbox 1988 605 3683 675">
    <p class='ocr_par' dir='ltr' id='par_1_32' title="bbox 1988 605 3683 675">
     <span class='ocr_line' id='line_1_32' title="bbox 1988 605 3683 675; baseline 0.002 -19"><span class='ocrx_word' id='word_1_228' title='bbox 1988 605 2198 657; x_wconf 86' lang='lat' dir='ltr'><strong><em>miserit</em></strong></span> <span class='ocrx_word' id='word_1_229' title='bbox 2218 618 2442 658; x_wconf 66' lang='lat' dir='ltr'><strong><em>utorem</em></strong></span> <span class='ocrx_word' id='word_1_230' title='bbox 2466 618 2621 657; x_wconf 90' lang='lat' dir='ltr'><strong><em>suam</em></strong></span> <span class='ocrx_word' id='word_1_231' title='bbox 2648 608 2871 673; x_wconf 70' lang='lat' dir='ltr'><strong><em>excepta</em></strong></span> <span class='ocrx_word' id='word_1_232' title='bbox 2898 618 3064 658; x_wconf 89' lang='lat' dir='ltr'><strong><em>causa</em></strong></span> <span class='ocrx_word' id='word_1_233' title='bbox 3085 606 3465 671; x_wconf 84' lang='lat' dir='ltr'><strong><em>fornicationis</em></strong></span> <span class='ocrx_word' id='word_1_234' title='bbox 3489 606 3683 675; x_wconf 82' lang='lat' dir='ltr'><strong><em>(Math.</em></strong></span> 
     </span>
    </p>
   </div>
   <div class='ocr_carea' id='block_1_33' title="bbox 1986 691 3681 763">
    <p class='ocr_par' dir='ltr' id='par_1_33' title="bbox 1986 691 3681 763">
     <span class='ocr_line' id='line_1_33' title="bbox 1986 691 3681 763; baseline 0.001 -18"><span class='ocrx_word' id='word_1_235' title='bbox 1986 706 2097 757; x_wconf 74' lang='lat' dir='ltr'><strong><em>xxx,</em></strong></span> <span class='ocrx_word' id='word_1_236' title='bbox 2128 691 2201 761; x_wconf 90' lang='lat'><strong><em>9).</em></strong></span> <span class='ocrx_word' id='word_1_237' title='bbox 2235 692 2350 745; x_wconf 83' lang='lat' dir='ltr'><strong><em>Hoc</em></strong></span> <span class='ocrx_word' id='word_1_238' title='bbox 2371 706 2516 762; x_wconf 89' lang='lat' dir='ltr'><strong><em>opus</em></strong></span> <span class='ocrx_word' id='word_1_239' title='bbox 2543 691 2624 745; x_wconf 91' lang='lat' dir='ltr'><strong><em>sic</em></strong></span> <span class='ocrx_word' id='word_1_240' title='bbox 2637 691 2837 762; x_wconf 90' lang='lat' dir='ltr'><strong><em>incipit</em></strong></span> <span class='ocrx_word' id='word_1_241' title='bbox 2860 707 2873 746; x_wconf 96' lang='lat'><strong><em>:</em></strong></span> <span class='ocrx_word' id='word_1_242' title='bbox 2899 695 3088 747; x_wconf 81' lang='lat' dir='ltr'><strong><em>Utrum</em></strong></span> <span class='ocrx_word' id='word_1_243' title='bbox 3112 694 3300 747; x_wconf 89' lang='lat' dir='ltr'><strong><em>anima</em></strong></span> <span class='ocrx_word' id='word_1_244' title='bbox 3326 707 3362 747; x_wconf 92' lang='lat' dir='ltr'><strong><em>a</em></strong></span> <span class='ocrx_word' id='word_1_245' title='bbox 3382 692 3569 763; x_wconf 90' lang='lat' dir='ltr'><strong><em>seipsa</em></strong></span> <span class='ocrx_word' id='word_1_246' title='bbox 3589 691 3681 747; x_wconf 88' lang='lat' dir='ltr'><strong><em>sit.</em></strong></span> 
     </span>
    </p>
   </div>
   <div class='ocr_carea' id='block_1_34' title="bbox 2597 781 3075 836">
    <p class='ocr_par' dir='ltr' id='par_1_34' title="bbox 2597 781 3075 836">
     <span class='ocr_line' id='line_1_34' title="bbox 2597 781 3075 836; baseline 0.004 -2"><span class='ocrx_word' id='word_1_247' title='bbox 2597 781 2821 835; x_wconf 84' lang='lat' dir='ltr'><strong><em>CAPUT</em></strong></span> <span class='ocrx_word' id='word_1_248' title='bbox 2872 782 3075 836; x_wconf 80' lang='lat' dir='ltr'><strong><em>XXVII.</em></strong></span> 
     </span>
    </p>
   </div>
   <div class='ocr_carea' id='block_1_35' title="bbox 2445 868 3221 935">
    <p class='ocr_par' dir='ltr' id='par_1_35' title="bbox 2445 868 3221 935">
     <span class='ocr_line' id='line_1_35' title="bbox 2445 868 3221 935; baseline 0.003 -13"><span class='ocrx_word' id='word_1_249' title='bbox 2445 869 2522 922; x_wconf 90' lang='lat' dir='ltr'><strong><em>De</em></strong></span> <span class='ocrx_word' id='word_1_250' title='bbox 2550 868 2851 935; x_wconf 85' lang='lat' dir='ltr'><strong><em>Mendacio,</em></strong></span> <span class='ocrx_word' id='word_1_251' title='bbox 2888 869 3023 923; x_wconf 88' lang='lat' dir='ltr'><strong><em>liber</em></strong></span> <span class='ocrx_word' id='word_1_252' title='bbox 3062 883 3221 924; x_wconf 88' lang='lat' dir='ltr'><strong><em>unus.</em></strong></span> 
     </span>
    </p>
   </div>
   <div class='ocr_carea' id='block_1_36' title="bbox 2056 954 3676 1028">
    <p class='ocr_par' dir='ltr' id='par_1_36' title="bbox 2056 954 3676 1028">
     <span class='ocr_line' id='line_1_36' title="bbox 2056 954 3676 1028; baseline 0.001 -19"><span class='ocrx_word' id='word_1_253' title='bbox 2056 957 2199 1010; x_wconf 87' lang='lat' dir='ltr'><strong><em>Item</em></strong></span> <span class='ocrx_word' id='word_1_254' title='bbox 2219 954 2288 1010; x_wconf 93' lang='lat' dir='ltr'><strong><em>de</em></strong></span> <span class='ocrx_word' id='word_1_255' title='bbox 2320 955 2607 1010; x_wconf 85' lang='lat' dir='ltr'><strong><em>Mendacio</em></strong></span> <span class='ocrx_word' id='word_1_256' title='bbox 2639 955 2837 1026; x_wconf 82' lang='lat' dir='ltr'><strong><em>scripsi</em></strong></span> <span class='ocrx_word' id='word_1_257' title='bbox 2865 956 3098 1023; x_wconf 89' lang='lat' dir='ltr'><strong><em>librum,</em></strong></span> <span class='ocrx_word' id='word_1_258' title='bbox 3129 957 3228 1028; x_wconf 91' lang='lat' dir='ltr'><strong><em>qui</em></strong></span> <span class='ocrx_word' id='word_1_259' title='bbox 3254 955 3361 1012; x_wconf 89' lang='lat' dir='ltr'><strong><em>etsi</em></strong></span> <span class='ocrx_word' id='word_1_260' title='bbox 3401 971 3532 1011; x_wconf 90' lang='lat' dir='ltr'><strong><em>cum</em></strong></span> <span class='ocrx_word' id='word_1_261' title='bbox 3571 955 3676 1010; x_wconf 67' lang='lat' dir='ltr'><strong><em>alio</em></strong></span> 
     </span>
    </p>
   </div>
   <div class='ocr_carea' id='block_1_37' title="bbox 1984 1042 3677 1115">
    <p class='ocr_par' dir='ltr' id='par_1_37' title="bbox 1984 1042 3677 1115">
     <span class='ocr_line' id='line_1_37' title="bbox 1984 1042 3677 1115; baseline 0 -19"><span class='ocrx_word' id='word_1_262' title='bbox 1984 1059 2096 1114; x_wconf 87' lang='lat' dir='ltr'><strong><em>quo</em></strong></span> <span class='ocrx_word' id='word_1_263' title='bbox 2126 1043 2317 1098; x_wconf 88' lang='lat' dir='ltr'><strong><em>labore</em></strong></span> <span class='ocrx_word' id='word_1_264' title='bbox 2349 1043 2708 1115; x_wconf 84' lang='lat' dir='ltr'><strong><em>intelligitur,</em></strong></span> <span class='ocrx_word' id='word_1_265' title='bbox 2730 1044 2905 1098; x_wconf 83' lang='lat' dir='ltr'><strong><em>habet</em></strong></span> <span class='ocrx_word' id='word_1_266' title='bbox 2932 1048 3126 1099; x_wconf 90' lang='lat' dir='ltr'><strong><em>tamen</em></strong></span> <span class='ocrx_word' id='word_1_267' title='bbox 3145 1060 3264 1100; x_wconf 90' lang='lat' dir='ltr'><strong><em>non</em></strong></span> <span class='ocrx_word' id='word_1_268' title='bbox 3292 1044 3556 1099; x_wconf 82' lang='lat' dir='ltr'><strong><em>inutilem</em></strong></span> <span class='ocrx_word' id='word_1_269' title='bbox 3583 1042 3677 1096; x_wconf 92' lang='lat' dir='ltr'><strong><em>in-</em></strong></span> 
     </span>
    </p>
   </div>
   <div class='ocr_carea' id='block_1_38' title="bbox 1981 1129 3672 1203">
    <p class='ocr_par' dir='ltr' id='par_1_38' title="bbox 1981 1129 3672 1203">
     <span class='ocr_line' id='line_1_38' title="bbox 1981 1129 3672 1203; baseline -0.001 -17"><span class='ocrx_word' id='word_1_270' title='bbox 1981 1131 2138 1202; x_wconf 81' lang='lat' dir='ltr'><strong><em>genii</em></strong></span> <span class='ocrx_word' id='word_1_271' title='bbox 2162 1136 2219 1186; x_wconf 91' lang='lat' dir='ltr'><strong><em>et</em></strong></span> <span class='ocrx_word' id='word_1_272' title='bbox 2246 1131 2454 1186; x_wconf 91' lang='lat' dir='ltr'><strong><em>mentis</em></strong></span> <span class='ocrx_word' id='word_1_273' title='bbox 2480 1131 2963 1196; x_wconf 82' lang='lat' dir='ltr'><strong><em>exercitationem,</em></strong></span> <span class='ocrx_word' id='word_1_274' title='bbox 2993 1132 3292 1203; x_wconf 83' lang='lat' dir='ltr'><strong><em>magisque</em></strong></span> <span class='ocrx_word' id='word_1_275' title='bbox 3316 1131 3572 1187; x_wconf 88' lang='lat' dir='ltr'><strong><em>moribus</em></strong></span> <span class='ocrx_word' id='word_1_276' title='bbox 3598 1129 3672 1185; x_wconf 89' lang='lat' dir='ltr'><strong><em>ad</em></strong></span> 
     </span>
    </p>
   </div>
   <div class='ocr_carea' id='block_1_39' title="bbox 1982 1218 3678 1291">
    <p class='ocr_par' dir='ltr' id='par_1_39' title="bbox 1982 1218 3678 1291">
     <span class='ocr_line' id='line_1_39' title="bbox 1982 1218 3678 1291; baseline -0.001 -18"><span class='ocrx_word' id='word_1_277' title='bbox 1982 1220 2359 1290; x_wconf 81' lang='lat' dir='ltr'><strong><em>veriloquium</em></strong></span> <span class='ocrx_word' id='word_1_278' title='bbox 2378 1219 2733 1291; x_wconf 91' lang='lat' dir='ltr'><strong><em>diligendum</em></strong></span> <span class='ocrx_word' id='word_1_279' title='bbox 2752 1219 2996 1289; x_wconf 80' lang='lat' dir='ltr'><strong><em>proﬁcit.</em></strong></span> <span class='ocrx_word' id='word_1_280' title='bbox 3022 1222 3181 1275; x_wconf 83' lang='lat' dir='ltr'><strong><em>Hunc</em></strong></span> <span class='ocrx_word' id='word_1_281' title='bbox 3201 1235 3429 1291; x_wconf 89' lang='lat' dir='ltr'><strong><em>quoque</em></strong></span> <span class='ocrx_word' id='word_1_282' title='bbox 3452 1218 3678 1273; x_wconf 81' lang='lat' dir='ltr'><strong><em>auferre</em></strong></span> 
     </span>
    </p>
   </div>
   <div class='ocr_carea' id='block_1_40' title="bbox 1982 1307 3680 1378">
    <p class='ocr_par' dir='ltr' id='par_1_40' title="bbox 1982 1307 3680 1378">
     <span class='ocr_line' id='line_1_40' title="bbox 1982 1307 3680 1378; baseline -0.001 -18"><span class='ocrx_word' id='word_1_283' title='bbox 1982 1311 2291 1361; x_wconf 88' lang='lat' dir='ltr'><strong><em>statueram</em></strong></span> <span class='ocrx_word' id='word_1_284' title='bbox 2320 1307 2388 1362; x_wconf 90' lang='lat' dir='ltr'><strong><em>de</em></strong></span> <span class='ocrx_word' id='word_1_285' title='bbox 2418 1307 2704 1377; x_wconf 86' lang='lat' dir='ltr'><strong><em>cpusculis</em></strong></span> <span class='ocrx_word' id='word_1_286' title='bbox 2737 1307 2897 1377; x_wconf 89' lang='lat' dir='ltr'><strong><em>meis,</em></strong></span> <span class='ocrx_word' id='word_1_287' title='bbox 2929 1307 3065 1378; x_wconf 84' lang='lat' dir='ltr'><strong><em>quia</em></strong></span> <span class='ocrx_word' id='word_1_288' title='bbox 3088 1311 3145 1362; x_wconf 91' lang='lat' dir='ltr'><strong><em>et</em></strong></span> <span class='ocrx_word' id='word_1_289' title='bbox 3173 1308 3445 1362; x_wconf 88' lang='lat' dir='ltr'><strong><em>obscurus</em></strong></span> <span class='ocrx_word' id='word_1_290' title='bbox 3475 1310 3531 1361; x_wconf 90' lang='lat' dir='ltr'><strong><em>et</em></strong></span> <span class='ocrx_word' id='word_1_291' title='bbox 3576 1321 3680 1359; x_wconf 90' lang='lat' dir='ltr'><strong><em>an-</em></strong></span> 
     </span>
    </p>
   </div>
   <div class='ocr_carea' id='block_1_41' title="bbox 1979 1395 3683 1465">
    <p class='ocr_par' dir='ltr' id='par_1_41' title="bbox 1979 1395 3683 1465">
     <span class='ocr_line' id='line_1_41' title="bbox 1979 1395 3683 1465; baseline -0.002 -15"><span class='ocrx_word' id='word_1_292' title='bbox 1979 1395 2313 1465; x_wconf 86' lang='lat' dir='ltr'><strong><em>fractuosus,</em></strong></span> <span class='ocrx_word' id='word_1_293' title='bbox 2344 1398 2401 1450; x_wconf 92' lang='lat' dir='ltr'><strong><em>et</em></strong></span> <span class='ocrx_word' id='word_1_294' title='bbox 2438 1396 2671 1450; x_wconf 90' lang='lat' dir='ltr'><strong><em>omnino</em></strong></span> <span class='ocrx_word' id='word_1_295' title='bbox 2704 1397 2976 1451; x_wconf 89' lang='lat' dir='ltr'><strong><em>molestus</em></strong></span> <span class='ocrx_word' id='word_1_296' title='bbox 3007 1396 3151 1450; x_wconf 88' lang='lat' dir='ltr'><strong><em>mihi</em></strong></span> <span class='ocrx_word' id='word_1_297' title='bbox 3199 1396 3519 1461; x_wconf 84' lang='lat' dir='ltr'><strong><em>videbatur,</em></strong></span> <span class='ocrx_word' id='word_1_298' title='bbox 3551 1408 3683 1463; x_wconf 90' lang='lat' dir='ltr'><strong><em>pro-</em></strong></span> 
     </span>
    </p>
   </div>
   <div class='ocr_carea' id='block_1_42' title="bbox 1980 1479 3685 1554">
    <p class='ocr_par' dir='ltr' id='par_1_42' title="bbox 1980 1479 3685 1554">
     <span class='ocr_line' id='line_1_42' title="bbox 1980 1479 3685 1554; baseline -0.002 -16"><span class='ocrx_word' id='word_1_299' title='bbox 1980 1488 2109 1554; x_wconf 89' lang='lat' dir='ltr'><strong><em>pter</em></strong></span> <span class='ocrx_word' id='word_1_300' title='bbox 2132 1483 2288 1554; x_wconf 90' lang='lat' dir='ltr'><strong><em>quod</em></strong></span> <span class='ocrx_word' id='word_1_301' title='bbox 2315 1499 2448 1537; x_wconf 91' lang='lat' dir='ltr'><strong><em>eum</em></strong></span> <span class='ocrx_word' id='word_1_302' title='bbox 2475 1499 2579 1538; x_wconf 91' lang='lat' dir='ltr'><strong><em>nec</em></strong></span> <span class='ocrx_word' id='word_1_303' title='bbox 2596 1483 2907 1538; x_wconf 88' lang='lat' dir='ltr'><strong><em>edideram.</em></strong></span> <span class='ocrx_word' id='word_1_304' title='bbox 2935 1484 3150 1539; x_wconf 88' lang='lat' dir='ltr'><strong><em>Deinde</em></strong></span> <span class='ocrx_word' id='word_1_305' title='bbox 3179 1499 3311 1538; x_wconf 90' lang='lat' dir='ltr'><strong><em>cum</em></strong></span> <span class='ocrx_word' id='word_1_306' title='bbox 3334 1485 3534 1553; x_wconf 86' lang='lat' dir='ltr'><strong><em>postea</em></strong></span> <span class='ocrx_word' id='word_1_307' title='bbox 3549 1479 3685 1535; x_wconf 88' lang='lat' dir='ltr'><strong><em>scri-</em></strong></span> 
     </span>
    </p>
   </div>
   <div class='ocr_carea' id='block_1_43' title="bbox 1981 1568 3684 1642">
    <p class='ocr_par' dir='ltr' id='par_1_43' title="bbox 1981 1568 3684 1642">
     <span class='ocr_line' id='line_1_43' title="bbox 1981 1568 3684 1642; baseline -0.001 -18"><span class='ocrx_word' id='word_1_308' title='bbox 1981 1571 2219 1642; x_wconf 87' lang='lat' dir='ltr'><strong><em>psissem</em></strong></span> <span class='ocrx_word' id='word_1_309' title='bbox 2238 1571 2505 1629; x_wconf 88' lang='lat' dir='ltr'><strong><em>alterum.</em></strong></span> <span class='ocrx_word' id='word_1_310' title='bbox 2525 1571 2687 1641; x_wconf 89' lang='lat' dir='ltr'><strong><em>cujus</em></strong></span> <span class='ocrx_word' id='word_1_311' title='bbox 2706 1571 2926 1634; x_wconf 86' lang='lat' dir='ltr'><strong><em>titulus.</em></strong></span> <span class='ocrx_word' id='word_1_312' title='bbox 2944 1575 3048 1636; x_wconf 89' lang='lat' dir='ltr'><strong><em>est,</em></strong></span> <span class='ocrx_word' id='word_1_313' title='bbox 3072 1573 3281 1627; x_wconf 81' lang='lat' dir='ltr'><strong><em>Contra</em></strong></span> <span class='ocrx_word' id='word_1_314' title='bbox 3302 1568 3684 1635; x_wconf 88' lang='lat' dir='ltr'><strong><em>Mendacium,</em></strong></span> 
     </span>
    </p>
   </div>
   <div class='ocr_carea' id='block_1_44' title="bbox 1981 1658 3682 1729">
    <p class='ocr_par' dir='ltr' id='par_1_44' title="bbox 1981 1658 3682 1729">
     <span class='ocr_line' id='line_1_44' title="bbox 1981 1658 3682 1729; baseline -0.002 -16"><span class='ocrx_word' id='word_1_315' title='bbox 1981 1660 2163 1713; x_wconf 89' lang='lat' dir='ltr'><strong><em>multo</em></strong></span> <span class='ocrx_word' id='word_1_316' title='bbox 2193 1658 2376 1729; x_wconf 89' lang='lat' dir='ltr'><strong><em>magis</em></strong></span> <span class='ocrx_word' id='word_1_317' title='bbox 2399 1658 2574 1714; x_wconf 90' lang='lat' dir='ltr'><strong><em>istum</em></strong></span> <span class='ocrx_word' id='word_1_318' title='bbox 2598 1675 2717 1714; x_wconf 93' lang='lat' dir='ltr'><strong><em>non</em></strong></span> <span class='ocrx_word' id='word_1_319' title='bbox 2748 1676 2869 1713; x_wconf 88' lang='lat' dir='ltr'><strong><em>esse</em></strong></span> <span class='ocrx_word' id='word_1_320' title='bbox 2898 1660 3260 1714; x_wconf 85' lang='lat' dir='ltr'><strong><em>decreveram</em></strong></span> <span class='ocrx_word' id='word_1_321' title='bbox 3291 1662 3349 1713; x_wconf 90' lang='lat' dir='ltr'><strong><em>et</em></strong></span> <span class='ocrx_word' id='word_1_322' title='bbox 3369 1658 3682 1729; x_wconf 89' lang='lat' dir='ltr'><strong><em>jusseram,</em></strong></span> 
     </span>
    </p>
   </div>
   <div class='ocr_carea' id='block_1_45' title="bbox 1981 1744 3683 1817">
    <p class='ocr_par' dir='ltr' id='par_1_45' title="bbox 1981 1744 3683 1817">
     <span class='ocr_line' id='line_1_45' title="bbox 1981 1744 3683 1817; baseline -0.002 -16"><span class='ocrx_word' id='word_1_323' title='bbox 1981 1747 2081 1802; x_wconf 94' lang='lat' dir='ltr'><strong><em>sed</em></strong></span> <span class='ocrx_word' id='word_1_324' title='bbox 2100 1763 2219 1801; x_wconf 93' lang='lat' dir='ltr'><strong><em>non</em></strong></span> <span class='ocrx_word' id='word_1_325' title='bbox 2261 1750 2346 1801; x_wconf 89' lang='lat' dir='ltr'><strong><em>est</em></strong></span> <span class='ocrx_word' id='word_1_326' title='bbox 2371 1746 2606 1801; x_wconf 82' lang='lat' dir='ltr'><strong><em>factum.</em></strong></span> <span class='ocrx_word' id='word_1_327' title='bbox 2639 1748 2836 1817; x_wconf 87' lang='lat' dir='ltr'><strong><em>Itaque</em></strong></span> <span class='ocrx_word' id='word_1_328' title='bbox 2865 1746 2925 1800; x_wconf 93' lang='lat' dir='ltr'><strong><em>in</em></strong></span> <span class='ocrx_word' id='word_1_329' title='bbox 2967 1746 3073 1800; x_wconf 91' lang='lat' dir='ltr'><strong><em>ista</em></strong></span> <span class='ocrx_word' id='word_1_330' title='bbox 3103 1744 3507 1800; x_wconf 85' lang='lat' dir='ltr'><strong><em>retractatione</em></strong></span> <span class='ocrx_word' id='word_1_331' title='bbox 3535 1759 3683 1814; x_wconf 88' lang='lat' dir='ltr'><strong><em>opu-</em></strong></span> 
     </span>
    </p>
   </div>
   <div class='ocr_carea' id='block_1_46' title="bbox 1981 1830 3681 1902">
    <p class='ocr_par' dir='ltr' id='par_1_46' title="bbox 1981 1830 3681 1902">
     <span class='ocr_line' id='line_1_46' title="bbox 1981 1830 3681 1902; baseline -0.002 -13"><span class='ocrx_word' id='word_1_332' title='bbox 1981 1836 2268 1889; x_wconf 91' lang='lat' dir='ltr'><strong><em>sculorum</em></strong></span> <span class='ocrx_word' id='word_1_333' title='bbox 2296 1850 2558 1889; x_wconf 90' lang='lat' dir='ltr'><strong><em>meorum</em></strong></span> <span class='ocrx_word' id='word_1_334' title='bbox 2606 1850 2736 1888; x_wconf 91' lang='lat' dir='ltr'><strong><em>cum</em></strong></span> <span class='ocrx_word' id='word_1_335' title='bbox 2766 1850 2897 1888; x_wconf 90' lang='lat' dir='ltr'><strong><em>eum</em></strong></span> <span class='ocrx_word' id='word_1_336' title='bbox 2927 1833 3259 1888; x_wconf 90' lang='lat' dir='ltr'><strong><em>incolumen</em></strong></span> <span class='ocrx_word' id='word_1_337' title='bbox 3315 1830 3681 1902; x_wconf 84' lang='lat' dir='ltr'><strong><em>reperissem,</em></strong></span> 
     </span>
    </p>
   </div>
   <div class='ocr_carea' id='block_1_47' title="bbox 1983 1918 3676 1992">
    <p class='ocr_par' dir='ltr' id='par_1_47' title="bbox 1983 1918 3676 1992">
     <span class='ocr_line' id='line_1_47' title="bbox 1983 1918 3676 1992; baseline -0.002 -16"><span class='ocrx_word' id='word_1_338' title='bbox 1983 1923 2155 1977; x_wconf 88' lang='lat' dir='ltr'><strong><em>etiam</em></strong></span> <span class='ocrx_word' id='word_1_339' title='bbox 2198 1922 2391 1992; x_wconf 90' lang='lat' dir='ltr'><strong><em>ipsum</em></strong></span> <span class='ocrx_word' id='word_1_340' title='bbox 2435 1925 2806 1975; x_wconf 86' lang='lat' dir='ltr'><strong><em>retractatum</em></strong></span> <span class='ocrx_word' id='word_1_341' title='bbox 2842 1935 3075 1975; x_wconf 89' lang='lat' dir='ltr'><strong><em>manere</em></strong></span> <span class='ocrx_word' id='word_1_342' title='bbox 3112 1919 3393 1991; x_wconf 56' lang='lat' dir='ltr'><strong><em>praecepi:</em></strong></span> <span class='ocrx_word' id='word_1_343' title='bbox 3428 1918 3676 1974; x_wconf 83' lang='lat' dir='ltr'><strong><em>maxime</em></strong></span> 
     </span>
    </p>
   </div>
   <div class='ocr_carea' id='block_1_48' title="bbox 1982 2007 3676 2082">
    <p class='ocr_par' dir='ltr' id='par_1_48' title="bbox 1982 2007 3676 2082">
     <span class='ocr_line' id='line_1_48' title="bbox 1982 2007 3676 2082; baseline -0.002 -17"><span class='ocrx_word' id='word_1_344' title='bbox 1982 2011 2116 2082; x_wconf 90' lang='lat' dir='ltr'><strong><em>quia</em></strong></span> <span class='ocrx_word' id='word_1_345' title='bbox 2135 2011 2194 2065; x_wconf 91' lang='lat' dir='ltr'><strong><em>in</em></strong></span> <span class='ocrx_word' id='word_1_346' title='bbox 2214 2027 2279 2064; x_wconf 91' lang='lat' dir='ltr'><strong><em>eo</em></strong></span> <span class='ocrx_word' id='word_1_347' title='bbox 2298 2010 2576 2065; x_wconf 88' lang='lat' dir='ltr'><strong><em>nonnulla</em></strong></span> <span class='ocrx_word' id='word_1_348' title='bbox 2595 2012 2727 2064; x_wconf 90' lang='lat' dir='ltr'><strong><em>sunt</em></strong></span> <span class='ocrx_word' id='word_1_349' title='bbox 2745 2008 3115 2075; x_wconf 89' lang='lat' dir='ltr'><strong><em>neccessaria,</em></strong></span> <span class='ocrx_word' id='word_1_350' title='bbox 3136 2024 3268 2080; x_wconf 77' lang='lat' dir='ltr'><strong><em>quas</em></strong></span> <span class='ocrx_word' id='word_1_351' title='bbox 3290 2008 3352 2062; x_wconf 93' lang='lat' dir='ltr'><strong><em>in</em></strong></span> <span class='ocrx_word' id='word_1_352' title='bbox 3372 2008 3471 2062; x_wconf 91' lang='lat' dir='ltr'><strong><em>illo</em></strong></span> <span class='ocrx_word' id='word_1_353' title='bbox 3496 2007 3676 2062; x_wconf 86' lang='lat' dir='ltr'><strong><em>altero</em></strong></span> 
     </span>
    </p>
   </div>
   <div class='ocr_carea' id='block_1_49' title="bbox 1979 2095 3680 2167">
    <p class='ocr_par' dir='ltr' id='par_1_49' title="bbox 1979 2095 3680 2167">
     <span class='ocr_line' id='line_1_49' title="bbox 1979 2095 3680 2167; baseline -0.002 -14"><span class='ocrx_word' id='word_1_354' title='bbox 1979 2115 2099 2154; x_wconf 92' lang='lat' dir='ltr'><strong><em>non</em></strong></span> <span class='ocrx_word' id='word_1_355' title='bbox 2128 2102 2278 2152; x_wconf 88' lang='lat' dir='ltr'><strong><em>sunt.</em></strong></span> <span class='ocrx_word' id='word_1_356' title='bbox 2313 2100 2620 2167; x_wconf 88' lang='lat' dir='ltr'><strong><em>Propterea</em></strong></span> <span class='ocrx_word' id='word_1_357' title='bbox 2642 2113 2777 2151; x_wconf 87' lang='lat' dir='ltr'><strong><em>vero</em></strong></span> <span class='ocrx_word' id='word_1_358' title='bbox 2805 2096 2958 2151; x_wconf 87' lang='lat' dir='ltr'><strong><em>illius</em></strong></span> <span class='ocrx_word' id='word_1_359' title='bbox 2987 2095 3284 2166; x_wconf 89' lang='lat' dir='ltr'><strong><em>inscriptio</em></strong></span> <span class='ocrx_word' id='word_1_360' title='bbox 3326 2100 3431 2159; x_wconf 87' lang='lat' dir='ltr'><strong><em>est,</em></strong></span> <span class='ocrx_word' id='word_1_361' title='bbox 3465 2095 3680 2150; x_wconf 84' lang='lat' dir='ltr'><strong><em>Contra</em></strong></span> 
     </span>
    </p>
   </div>
   <div class='ocr_carea' id='block_1_50' title="bbox 1983 2181 3683 2252">
    <p class='ocr_par' dir='ltr' id='par_1_50' title="bbox 1983 2181 3683 2252">
     <span class='ocr_line' id='line_1_50' title="bbox 1983 2181 3683 2252; baseline -0.003 -11"><span class='ocrx_word' id='word_1_362' title='bbox 1983 2186 2366 2252; x_wconf 87' lang='lat' dir='ltr'><strong><em>Mendacium;</em></strong></span> <span class='ocrx_word' id='word_1_363' title='bbox 2411 2184 2576 2240; x_wconf 86' lang='lat' dir='ltr'><strong><em>istius</em></strong></span> <span class='ocrx_word' id='word_1_364' title='bbox 2622 2188 2835 2252; x_wconf 88' lang='lat' dir='ltr'><strong><em>autem,</em></strong></span> <span class='ocrx_word' id='word_1_365' title='bbox 2885 2186 2963 2239; x_wconf 92' lang='lat' dir='ltr'><strong><em>De</em></strong></span> <span class='ocrx_word' id='word_1_366' title='bbox 3029 2183 3349 2240; x_wconf 84' lang='lat' dir='ltr'><strong><em>Mendacio:</em></strong></span> <span class='ocrx_word' id='word_1_367' title='bbox 3406 2181 3683 2252; x_wconf 89' lang='lat' dir='ltr'><strong><em>quoniam</em></strong></span> 
     </span>
    </p>
   </div>
   <div class='ocr_carea' id='block_1_51' title="bbox 1982 2270 3684 2345">
    <p class='ocr_par' dir='ltr' id='par_1_51' title="bbox 1982 2270 3684 2345">
     <span class='ocr_line' id='line_1_51' title="bbox 1982 2270 3684 2345; baseline -0.002 -17"><span class='ocrx_word' id='word_1_368' title='bbox 1982 2290 2085 2345; x_wconf 88' lang='lat' dir='ltr'><strong><em>per</em></strong></span> <span class='ocrx_word' id='word_1_369' title='bbox 2102 2273 2266 2328; x_wconf 91' lang='lat' dir='ltr'><strong><em>illum</em></strong></span> <span class='ocrx_word' id='word_1_370' title='bbox 2287 2278 2469 2328; x_wconf 92' lang='lat' dir='ltr'><strong><em>totum</em></strong></span> <span class='ocrx_word' id='word_1_371' title='bbox 2492 2273 2848 2344; x_wconf 83' lang='lat' dir='ltr'><strong><em>oppugnatio</em></strong></span> <span class='ocrx_word' id='word_1_372' title='bbox 2868 2276 2951 2327; x_wconf 90' lang='lat' dir='ltr'><strong><em>est</em></strong></span> <span class='ocrx_word' id='word_1_373' title='bbox 2973 2276 3168 2342; x_wconf 91' lang='lat' dir='ltr'><strong><em>aperta</em></strong></span> <span class='ocrx_word' id='word_1_374' title='bbox 3186 2270 3499 2340; x_wconf 89' lang='lat' dir='ltr'><strong><em>mendacii;</em></strong></span> <span class='ocrx_word' id='word_1_375' title='bbox 3520 2270 3684 2325; x_wconf 80' lang='lat' dir='ltr'><strong><em>istius</em></strong></span> 
     </span>
    </p>
   </div>
   <div class='ocr_carea' id='block_1_52' title="bbox 1982 2358 3685 2432">
    <p class='ocr_par' dir='ltr' id='par_1_52' title="bbox 1982 2358 3685 2432">
     <span class='ocr_line' id='line_1_52' title="bbox 1982 2358 3685 2432; baseline -0.002 -16"><span class='ocrx_word' id='word_1_376' title='bbox 1982 2368 2181 2417; x_wconf 90' lang='lat' dir='ltr'><strong><em>autem</em></strong></span> <span class='ocrx_word' id='word_1_377' title='bbox 2212 2377 2424 2432; x_wconf 89' lang='lat' dir='ltr'><strong><em>magna</em></strong></span> <span class='ocrx_word' id='word_1_378' title='bbox 2467 2378 2600 2431; x_wconf 88' lang='lat' dir='ltr'><strong><em>pars</em></strong></span> <span class='ocrx_word' id='word_1_379' title='bbox 2627 2361 2689 2415; x_wconf 94' lang='lat' dir='ltr'><strong><em>in</em></strong></span> <span class='ocrx_word' id='word_1_380' title='bbox 2717 2360 3108 2432; x_wconf 88' lang='lat' dir='ltr'><strong><em>inquisitionis</em></strong></span> <span class='ocrx_word' id='word_1_381' title='bbox 3146 2358 3533 2430; x_wconf 88' lang='lat' dir='ltr'><strong><em>disputatione</em></strong></span> <span class='ocrx_word' id='word_1_382' title='bbox 3564 2373 3685 2412; x_wconf 88' lang='lat' dir='ltr'><strong><em>ver-</em></strong></span> 
     </span>
    </p>
   </div>
   <div class='ocr_carea' id='block_1_53' title="bbox 1985 2440 3681 2515">
    <p class='ocr_par' dir='ltr' id='par_1_53' title="bbox 1985 2440 3681 2515">
     <span class='ocr_line' id='line_1_53' title="bbox 1985 2440 3681 2515; baseline -0.005 -12"><span class='ocrx_word' id='word_1_383' title='bbox 1985 2453 2161 2503; x_wconf 89' lang='lat' dir='ltr'><strong><em>satur.</em></strong></span> <span class='ocrx_word' id='word_1_384' title='bbox 2207 2448 2295 2503; x_wconf 85' lang='lat' dir='ltr'><strong><em>Ad</em></strong></span> <span class='ocrx_word' id='word_1_385' title='bbox 2338 2448 2603 2503; x_wconf 90' lang='lat' dir='ltr'><strong><em>eumdem</em></strong></span> <span class='ocrx_word' id='word_1_386' title='bbox 2651 2450 2846 2503; x_wconf 88' lang='lat' dir='ltr'><strong><em>tamen</em></strong></span> <span class='ocrx_word' id='word_1_387' title='bbox 2891 2446 3069 2501; x_wconf 86' lang='lat' dir='ltr'><strong><em>ﬁnem</em></strong></span> <span class='ocrx_word' id='word_1_388' title='bbox 3110 2448 3351 2515; x_wconf 88' lang='lat' dir='ltr'><strong><em>uterque</em></strong></span> <span class='ocrx_word' id='word_1_389' title='bbox 3394 2440 3681 2513; x_wconf 80' lang='lat' dir='ltr'><strong><em>dirigitur.</em></strong></span> 
     </span>
    </p>
   </div>
   <div class='ocr_carea' id='block_1_54' title="bbox 1980 2529 3684 2607">
    <p class='ocr_par' dir='ltr' id='par_1_54' title="bbox 1980 2529 3684 2607">
     <span class='ocr_line' id='line_1_54' title="bbox 1980 2529 3684 2607; baseline -0.005 -15"><span class='ocrx_word' id='word_1_390' title='bbox 1980 2537 2084 2592; x_wconf 89' lang='lat' dir='ltr'><strong><em>Hic</em></strong></span> <span class='ocrx_word' id='word_1_391' title='bbox 2113 2536 2260 2592; x_wconf 90' lang='lat' dir='ltr'><strong><em>liber</em></strong></span> <span class='ocrx_word' id='word_1_392' title='bbox 2312 2536 2391 2591; x_wconf 90' lang='lat' dir='ltr'><strong><em>sic</em></strong></span> <span class='ocrx_word' id='word_1_393' title='bbox 2411 2535 2612 2607; x_wconf 89' lang='lat' dir='ltr'><strong><em>incipit</em></strong></span> <span class='ocrx_word' id='word_1_394' title='bbox 2643 2538 2866 2605; x_wconf 83' lang='lat' dir='ltr'><strong><em>:Magna</em></strong></span> <span class='ocrx_word' id='word_1_395' title='bbox 2893 2536 3118 2605; x_wconf 76' lang='lat' dir='ltr'><strong><em>quaestio</em></strong></span> <span class='ocrx_word' id='word_1_396' title='bbox 3146 2538 3224 2589; x_wconf 89' lang='lat' dir='ltr'><strong><em>est</em></strong></span> <span class='ocrx_word' id='word_1_397' title='bbox 3270 2532 3336 2587; x_wconf 88' lang='lat' dir='ltr'><strong><em>de</em></strong></span> <span class='ocrx_word' id='word_1_398' title='bbox 3379 2529 3684 2586; x_wconf 85' lang='lat' dir='ltr'><strong><em>Mendacio</em></strong></span> 
     </span>
    </p>
   </div>
   <div class='ocr_carea' id='block_1_55' title="bbox 1005 2983 2850 3047">
    <p class='ocr_par' dir='ltr' id='par_1_55' title="bbox 1005 2983 2850 3047">
     <span class='ocr_line' id='line_1_55' title="bbox 1005 2983 2850 3047; baseline -0.007 -8"><span class='ocrx_word' id='word_1_399' title='bbox 1005 2994 1066 3038; x_wconf 83' lang='lat' dir='ltr'><strong><em>IN</em></strong></span> <span class='ocrx_word' id='word_1_400' title='bbox 1114 2992 1231 3047; x_wconf 85' lang='lat' dir='ltr'><strong>QUO</strong></span> <span class='ocrx_word' id='word_1_401' title='bbox 1278 2988 1752 3037; x_wconf 78' lang='lat' dir='ltr'><strong><em>RETRAC&#39;I‘AN&#39;I‘UR</em></strong></span> <span class='ocrx_word' id='word_1_402' title='bbox 1797 2986 1956 3031; x_wconf 77' lang='lat' dir='ltr'><strong><em>LIBRI</em></strong></span> <span class='ocrx_word' id='word_1_403' title='bbox 2004 2986 2156 3040; x_wconf 77' lang='lat' dir='ltr'><strong>QUOS</strong></span> <span class='ocrx_word' id='word_1_404' title='bbox 2202 2984 2466 3031; x_wconf 76' lang='lat' dir='ltr'><strong><em>SCRIPSIT</em></strong></span> <span class='ocrx_word' id='word_1_405' title='bbox 2513 2983 2850 3031; x_wconf 82' lang='lat' dir='ltr'><strong>EPISCOPUS.</strong></span> 
     </span>
    </p>
   </div>
   <div class='ocr_carea' id='block_1_56' title="bbox 740 3224 1302 3283">
    <p class='ocr_par' dir='ltr' id='par_1_56' title="bbox 740 3224 1302 3283">
     <span class='ocr_line' id='line_1_56' title="bbox 740 3224 1302 3283; baseline -0.007 0"><span class='ocrx_word' id='word_1_406' title='bbox 740 3227 960 3283; x_wconf 78' lang='lat' dir='ltr'><strong>CAPUT</strong></span> <span class='ocrx_word' id='word_1_407' title='bbox 1000 3224 1302 3279; x_wconf 83' lang='lat' dir='ltr'><strong><em>PRIMUM.</em></strong></span> 
     </span>
    </p>
   </div>
   <div class='ocr_carea' id='block_1_57' title="bbox 592 3312 1455 3386">
    <p class='ocr_par' dir='ltr' id='par_1_57' title="bbox 592 3312 1455 3386">
     <span class='ocr_line' id='line_1_57' title="bbox 592 3312 1455 3386; baseline -0.007 -14"><span class='ocrx_word' id='word_1_408' title='bbox 592 3318 683 3372; x_wconf 83' lang='lat' dir='ltr'><strong><em>Ad</em></strong></span> <span class='ocrx_word' id='word_1_409' title='bbox 710 3317 1145 3386; x_wconf 82' lang='lat' dir='ltr'><strong><em>Simplicianum,</em></strong></span> <span class='ocrx_word' id='word_1_410' title='bbox 1174 3314 1303 3368; x_wconf 85' lang='lat' dir='ltr'><strong><em>libri</em></strong></span> <span class='ocrx_word' id='word_1_411' title='bbox 1330 3312 1455 3367; x_wconf 89' lang='lat' dir='ltr'><strong><em>duo.</em></strong></span> 
     </span>
    </p>
   </div>
   <div class='ocr_carea' id='block_1_58' title="bbox 252 3396 1873 3476">
    <p class='ocr_par' dir='ltr' id='par_1_58' title="bbox 252 3396 1873 3476">
     <span class='ocr_line' id='line_1_58' title="bbox 252 3396 1873 3476; baseline -0.007 -13"><span class='ocrx_word' id='word_1_412' title='bbox 252 3412 299 3462; x_wconf 83' lang='lat' dir='ltr'><strong><em>l.</em></strong></span> <span class='ocrx_word' id='word_1_413' title='bbox 346 3407 644 3462; x_wconf 88' lang='lat' dir='ltr'><strong><em>Librorum</em></strong></span> <span class='ocrx_word' id='word_1_414' title='bbox 680 3422 822 3476; x_wconf 91' lang='lat' dir='ltr'><strong><em>quos</em></strong></span> <span class='ocrx_word' id='word_1_415' title='bbox 862 3404 1160 3474; x_wconf 90' lang='lat' dir='ltr'><strong><em>episcopus</em></strong></span> <span class='ocrx_word' id='word_1_416' title='bbox 1199 3398 1502 3467; x_wconf 84' lang='lat' dir='ltr'><strong><em>elaboravi,</em></strong></span> <span class='ocrx_word' id='word_1_417' title='bbox 1541 3396 1715 3469; x_wconf 89' lang='lat' dir='ltr'><strong><em>primi</em></strong></span> <span class='ocrx_word' id='word_1_418' title='bbox 1760 3396 1873 3451; x_wconf 91' lang='lat' dir='ltr'><strong><em>duo</em></strong></span> 
     </span>
    </p>
   </div>
   <div class='ocr_carea' id='block_1_59' title="bbox 168 3485 1873 3566">
    <p class='ocr_par' dir='ltr' id='par_1_59' title="bbox 168 3485 1873 3566">
     <span class='ocr_line' id='line_1_59' title="bbox 168 3485 1873 3566; baseline -0.008 -15"><span class='ocrx_word' id='word_1_419' title='bbox 168 3500 313 3551; x_wconf 87' lang='lat' dir='ltr'><strong><em>sunt</em></strong></span> <span class='ocrx_word' id='word_1_420' title='bbox 340 3496 409 3549; x_wconf 91' lang='lat' dir='ltr'><strong><em>ad</em></strong></span> <span class='ocrx_word' id='word_1_421' title='bbox 434 3494 868 3566; x_wconf 88' lang='lat' dir='ltr'><strong><em>Simplicianum</em></strong></span> <span class='ocrx_word' id='word_1_422' title='bbox 901 3491 1158 3546; x_wconf 73' lang='lat' dir='ltr'><strong><em>Ecclesia:</em></strong></span> <span class='ocrx_word' id='word_1_423' title='bbox 1187 3487 1620 3545; x_wconf 84' lang='lat' dir='ltr'><strong><em>Mediolanensis</em></strong></span> <span class='ocrx_word' id='word_1_424' title='bbox 1651 3485 1873 3540; x_wconf 89' lang='lat' dir='ltr'><strong><em>antisti-</em></strong></span> 
     </span>
    </p>
   </div>
   <div class='ocr_carea' id='block_1_60' title="bbox 168 3572 1875 3655">
    <p class='ocr_par' dir='ltr' id='par_1_60' title="bbox 168 3572 1875 3655">
     <span class='ocr_line' id='line_1_60' title="bbox 168 3572 1875 3655; baseline -0.008 -15"><span class='ocrx_word' id='word_1_425' title='bbox 168 3590 316 3651; x_wconf 89' lang='lat' dir='ltr'><strong><em>tem,</em></strong></span> <span class='ocrx_word' id='word_1_426' title='bbox 348 3585 445 3655; x_wconf 89' lang='lat' dir='ltr'><strong><em>qui</em></strong></span> <span class='ocrx_word' id='word_1_427' title='bbox 471 3583 797 3638; x_wconf 87' lang='lat' dir='ltr'><strong><em>beatissimo</em></strong></span> <span class='ocrx_word' id='word_1_428' title='bbox 838 3579 1103 3635; x_wconf 87' lang='lat' dir='ltr'><strong><em>successit</em></strong></span> <span class='ocrx_word' id='word_1_429' title='bbox 1147 3578 1469 3640; x_wconf 81' lang='lat' dir='ltr'><strong><em>Ambrosio,</em></strong></span> <span class='ocrx_word' id='word_1_430' title='bbox 1522 3576 1590 3630; x_wconf 88' lang='lat' dir='ltr'><strong><em>de</em></strong></span> <span class='ocrx_word' id='word_1_431' title='bbox 1640 3572 1875 3629; x_wconf 84' lang='lat' dir='ltr'><strong><em>diversis</em></strong></span> 
     </span>
    </p>
   </div>
   <div class='ocr_carea' id='block_1_61' title="bbox 168 3660 1875 3746">
    <p class='ocr_par' dir='ltr' id='par_1_61' title="bbox 168 3660 1875 3746">
     <span class='ocr_line' id='line_1_61' title="bbox 168 3660 1875 3746; baseline -0.008 -18"><span class='ocrx_word' id='word_1_432' title='bbox 168 3673 606 3746; x_wconf 65' lang='lat' dir='ltr'><strong><em>quaestionibus,</em></strong></span> <span class='ocrx_word' id='word_1_433' title='bbox 637 3686 881 3741; x_wconf 88' lang='lat' dir='ltr'><strong><em>quarum</em></strong></span> <span class='ocrx_word' id='word_1_434' title='bbox 906 3670 1044 3723; x_wconf 90' lang='lat' dir='ltr'><strong><em>duas</em></strong></span> <span class='ocrx_word' id='word_1_435' title='bbox 1076 3685 1140 3722; x_wconf 83' lang='lat' dir='ltr'><strong><em>ex</em></strong></span> <span class='ocrx_word' id='word_1_436' title='bbox 1170 3667 1420 3737; x_wconf 83' lang='lat' dir='ltr'><strong><em>Epistola</em></strong></span> <span class='ocrx_word' id='word_1_437' title='bbox 1447 3663 1605 3719; x_wconf 88' lang='lat' dir='ltr'><strong><em>Pauli</em></strong></span> <span class='ocrx_word' id='word_1_438' title='bbox 1634 3660 1875 3732; x_wconf 89' lang='lat' dir='ltr'><strong><em>apostoli</em></strong></span> 
     </span>
    </p>
   </div>
   <div class='ocr_carea' id='block_1_62' title="bbox 165 3750 1872 3829">
    <p class='ocr_par' dir='ltr' id='par_1_62' title="bbox 165 3750 1872 3829">
     <span class='ocr_line' id='line_1_62' title="bbox 165 3750 1872 3829; baseline -0.009 -12"><span class='ocrx_word' id='word_1_439' title='bbox 165 3763 245 3817; x_wconf 85' lang='lat' dir='ltr'><strong><em>ad</em></strong></span> <span class='ocrx_word' id='word_1_440' title='bbox 274 3764 580 3825; x_wconf 79' lang='lat' dir='ltr'><strong><em>Romanos,</em></strong></span> <span class='ocrx_word' id='word_1_441' title='bbox 614 3760 674 3813; x_wconf 91' lang='lat' dir='ltr'><strong><em>iu</em></strong></span> <span class='ocrx_word' id='word_1_442' title='bbox 703 3759 955 3829; x_wconf 91' lang='lat' dir='ltr'><strong><em>primum</em></strong></span> <span class='ocrx_word' id='word_1_443' title='bbox 986 3756 1196 3811; x_wconf 88' lang='lat' dir='ltr'><strong><em>librum</em></strong></span> <span class='ocrx_word' id='word_1_444' title='bbox 1220 3754 1458 3809; x_wconf 88' lang='lat' dir='ltr'><strong><em>contuli.</em></strong></span> <span class='ocrx_word' id='word_1_445' title='bbox 1482 3755 1694 3806; x_wconf 82' lang='lat' dir='ltr'><strong><em>Harum</em></strong></span> <span class='ocrx_word' id='word_1_446' title='bbox 1716 3750 1872 3820; x_wconf 88' lang='lat' dir='ltr'><strong><em>prior</em></strong></span> 
     </span>
    </p>
   </div>
   <div class='ocr_carea' id='block_1_63' title="bbox 169 3841 1874 3919">
    <p class='ocr_par' dir='ltr' id='par_1_63' title="bbox 169 3841 1874 3919">
     <span class='ocr_line' id='line_1_63' title="bbox 169 3841 1874 3919; baseline -0.009 -14"><span class='ocrx_word' id='word_1_447' title='bbox 169 3856 263 3906; x_wconf 84' lang='lat' dir='ltr'><strong><em>cst</em></strong></span> <span class='ocrx_word' id='word_1_448' title='bbox 293 3851 361 3904; x_wconf 90' lang='lat' dir='ltr'><strong><em>de</em></strong></span> <span class='ocrx_word' id='word_1_449' title='bbox 392 3866 456 3903; x_wconf 87' lang='lat' dir='ltr'><strong><em>eo</em></strong></span> <span class='ocrx_word' id='word_1_450' title='bbox 487 3849 637 3919; x_wconf 88' lang='lat' dir='ltr'><strong><em>quod</em></strong></span> <span class='ocrx_word' id='word_1_451' title='bbox 681 3846 956 3915; x_wconf 88' lang='lat' dir='ltr'><strong><em>scriptum</em></strong></span> <span class='ocrx_word' id='word_1_452' title='bbox 986 3849 1086 3910; x_wconf 89' lang='lat' dir='ltr'><strong><em>est,</em></strong></span> <span class='ocrx_word' id='word_1_453' title='bbox 1129 3844 1271 3910; x_wconf 85' lang='lat' dir='ltr'><strong><em>Quid</em></strong></span> <span class='ocrx_word' id='word_1_454' title='bbox 1307 3858 1429 3910; x_wconf 88' lang='lat' dir='ltr'><strong><em>ergo</em></strong></span> <span class='ocrx_word' id='word_1_455' title='bbox 1460 3842 1735 3893; x_wconf 84' lang='lat' dir='ltr'><strong><em>dicemus?</em></strong></span> <span class='ocrx_word' id='word_1_456' title='bbox 1763 3841 1874 3892; x_wconf 66' lang='lat' dir='ltr'><strong><em>Leu:</em></strong></span> 
     </span>
    </p>
   </div>
   <div class='ocr_carea' id='block_1_64' title="bbox 158 3927 1875 4009">
    <p class='ocr_par' dir='ltr' id='par_1_64' title="bbox 158 3927 1875 4009">
     <span class='ocr_line' id='line_1_64' title="bbox 158 3927 1875 4009; baseline -0.009 -16"><span class='ocrx_word' id='word_1_457' title='bbox 158 3942 450 4009; x_wconf 80' lang='lat' dir='ltr'><strong><em>peceatum</em></strong></span> <span class='ocrx_word' id='word_1_458' title='bbox 479 3940 595 3989; x_wconf 80' lang='lat' dir='ltr'><strong><em>est?</em></strong></span> <span class='ocrx_word' id='word_1_459' title='bbox 621 3934 809 3995; x_wconf 72' lang='lat' dir='ltr'><strong><em>Absit;</em></strong></span> <span class='ocrx_word' id='word_1_460' title='bbox 842 3947 1021 4001; x_wconf 89' lang='lat' dir='ltr'><strong><em>usque</em></strong></span> <span class='ocrx_word' id='word_1_461' title='bbox 1058 3931 1129 3984; x_wconf 90' lang='lat' dir='ltr'><strong><em>ad</em></strong></span> <span class='ocrx_word' id='word_1_462' title='bbox 1171 3930 1311 3983; x_wconf 89' lang='lat' dir='ltr'><strong><em>illud</em></strong></span> <span class='ocrx_word' id='word_1_463' title='bbox 1336 3928 1435 3982; x_wconf 91' lang='lat' dir='ltr'><strong><em>ubi</em></strong></span> <span class='ocrx_word' id='word_1_464' title='bbox 1464 3927 1544 3980; x_wconf 83' lang='lat' dir='ltr'><strong><em>ait</em></strong></span> <span class='ocrx_word' id='word_1_465' title='bbox 1573 3943 1586 3980; x_wconf 97' lang='lat'><strong><em>:</em></strong></span> <span class='ocrx_word' id='word_1_466' title='bbox 1630 3927 1767 3990; x_wconf 86' lang='lat' dir='ltr'><strong><em>Quis</em></strong></span> <span class='ocrx_word' id='word_1_467' title='bbox 1796 3940 1875 3978; x_wconf 90' lang='lat' dir='ltr'><strong><em>me</em></strong></span> 
     </span>
    </p>
   </div>
   <div class='ocr_carea' id='block_1_65' title="bbox 166 4016 1875 4090">
    <p class='ocr_par' dir='ltr' id='par_1_65' title="bbox 166 4016 1875 4090">
     <span class='ocr_line' id='line_1_65' title="bbox 166 4016 1875 4090; baseline -0.009 -10"><span class='ocrx_word' id='word_1_468' title='bbox 166 4026 429 4081; x_wconf 81' lang='lat' dir='ltr'><strong><em>liberabit</em></strong></span> <span class='ocrx_word' id='word_1_469' title='bbox 460 4025 524 4076; x_wconf 89' lang='lat' dir='ltr'><strong><em>de</em></strong></span> <span class='ocrx_word' id='word_1_470' title='bbox 545 4037 760 4090; x_wconf 83' lang='lat' dir='ltr'><strong><em>corpore</em></strong></span> <span class='ocrx_word' id='word_1_471' title='bbox 776 4020 961 4073; x_wconf 86' lang='lat' dir='ltr'><strong><em>mortis</em></strong></span> <span class='ocrx_word' id='word_1_472' title='bbox 990 4018 1191 4086; x_wconf 80' lang='lat' dir='ltr'><strong><em>hujus?</em></strong></span> <span class='ocrx_word' id='word_1_473' title='bbox 1220 4018 1414 4072; x_wconf 86' lang='lat' dir='ltr'><strong><em>Gratia</em></strong></span> <span class='ocrx_word' id='word_1_474' title='bbox 1443 4017 1539 4069; x_wconf 87' lang='lat' dir='ltr'><strong><em>Dei</em></strong></span> <span class='ocrx_word' id='word_1_475' title='bbox 1562 4030 1661 4083; x_wconf 88' lang='lat' dir='ltr'><strong><em>per</em></strong></span> <span class='ocrx_word' id='word_1_476' title='bbox 1687 4016 1875 4069; x_wconf 88' lang='lat' dir='ltr'><strong><em>Jesum</em></strong></span> 
     </span>
    </p>
   </div>
   <div class='ocr_carea' id='block_1_66' title="bbox 164 4102 1877 4175">
    <p class='ocr_par' dir='ltr' id='par_1_66' title="bbox 164 4102 1877 4175">
     <span class='ocr_line' id='line_1_66' title="bbox 164 4102 1877 4175; baseline -0.01 -5"><span class='ocrx_word' id='word_1_477' title='bbox 164 4115 449 4171; x_wconf 83' lang='lat' dir='ltr'><strong><em>Christum</em></strong></span> <span class='ocrx_word' id='word_1_478' title='bbox 494 4111 774 4164; x_wconf 86' lang='lat' dir='ltr'><strong><em>Dominum</em></strong></span> <span class='ocrx_word' id='word_1_479' title='bbox 812 4112 1052 4162; x_wconf 88' lang='lat' dir='ltr'><strong><em>nostrum</em></strong></span> <span class='ocrx_word' id='word_1_480' title='bbox 1100 4107 1267 4175; x_wconf 87' lang='lat' dir='ltr'><strong><em>(Rom.</em></strong></span> <span class='ocrx_word' id='word_1_481' title='bbox 1308 4120 1401 4170; x_wconf 81' lang='lat' dir='ltr'><strong><em>vn,</em></strong></span> <span class='ocrx_word' id='word_1_482' title='bbox 1433 4102 1616 4172; x_wconf 77' lang='lat'><strong><em>7-25).</em></strong></span> <span class='ocrx_word' id='word_1_483' title='bbox 1652 4103 1714 4155; x_wconf 90' lang='lat' dir='ltr'><strong><em>In</em></strong></span> <span class='ocrx_word' id='word_1_484' title='bbox 1764 4116 1877 4171; x_wconf 89' lang='lat' dir='ltr'><strong><em>qua</em></strong></span> 
     </span>
    </p>
   </div>
   <div class='ocr_carea' id='block_1_67' title="bbox 166 4194 1875 4270">
    <p class='ocr_par' dir='ltr' id='par_1_67' title="bbox 166 4194 1875 4270">
     <span class='ocr_line' id='line_1_67' title="bbox 166 4194 1875 4270; baseline -0.009 -13"><span class='ocrx_word' id='word_1_485' title='bbox 166 4204 275 4258; x_wconf 89' lang='lat' dir='ltr'><strong><em>illa</em></strong></span> <span class='ocrx_word' id='word_1_486' title='bbox 298 4198 551 4270; x_wconf 83' lang='lat' dir='ltr'><strong><em>Apostoli</em></strong></span> <span class='ocrx_word' id='word_1_487' title='bbox 581 4197 767 4261; x_wconf 88' lang='lat' dir='ltr'><strong><em>verba,</em></strong></span> <span class='ocrx_word' id='word_1_488' title='bbox 801 4198 913 4250; x_wconf 71' lang='lat' dir='ltr'><strong><em>Lex</em></strong></span> <span class='ocrx_word' id='word_1_489' title='bbox 942 4195 1248 4263; x_wconf 87' lang='lat' dir='ltr'><strong><em>spiritualis</em></strong></span> <span class='ocrx_word' id='word_1_490' title='bbox 1278 4196 1381 4253; x_wconf 89' lang='lat' dir='ltr'><strong><em>est;</em></strong></span> <span class='ocrx_word' id='word_1_491' title='bbox 1419 4206 1511 4257; x_wconf 90' lang='lat' dir='ltr'><strong><em>ego</em></strong></span> <span class='ocrx_word' id='word_1_492' title='bbox 1542 4194 1720 4243; x_wconf 86' lang='lat' dir='ltr'><strong><em>autem</em></strong></span> <span class='ocrx_word' id='word_1_493' title='bbox 1749 4204 1875 4242; x_wconf 85' lang='lat' dir='ltr'><strong><em>car-</em></strong></span> 
     </span>
    </p>
   </div>
   <div class='ocr_carea' id='block_1_68' title="bbox 166 4276 1874 4355">
    <p class='ocr_par' dir='ltr' id='par_1_68' title="bbox 166 4276 1874 4355">
     <span class='ocr_line' id='line_1_68' title="bbox 166 4276 1874 4355; baseline -0.01 -9"><span class='ocrx_word' id='word_1_494' title='bbox 166 4292 321 4346; x_wconf 79' lang='lat' dir='ltr'><strong><em>nalis</em></strong></span> <span class='ocrx_word' id='word_1_495' title='bbox 350 4304 490 4355; x_wconf 89' lang='lat' dir='ltr'><strong><em>sum,</em></strong></span> <span class='ocrx_word' id='word_1_496' title='bbox 524 4290 611 4339; x_wconf 88' lang='lat' dir='ltr'><strong><em>etc</em></strong></span> <span class='ocrx_word' id='word_1_497' title='bbox 644 4325 657 4352; x_wconf 92' lang='lat'><strong><em>,</em></strong></span> <span class='ocrx_word' id='word_1_498' title='bbox 681 4284 889 4355; x_wconf 88' lang='lat' dir='ltr'><strong><em>quibus</em></strong></span> <span class='ocrx_word' id='word_1_499' title='bbox 913 4298 1041 4336; x_wconf 88' lang='lat' dir='ltr'><strong><em>caro</em></strong></span> <span class='ocrx_word' id='word_1_500' title='bbox 1060 4285 1259 4335; x_wconf 86' lang='lat' dir='ltr'><strong><em>contra</em></strong></span> <span class='ocrx_word' id='word_1_501' title='bbox 1279 4279 1543 4351; x_wconf 85' lang='lat' dir='ltr'><strong><em>spiritum</em></strong></span> <span class='ocrx_word' id='word_1_502' title='bbox 1565 4276 1874 4346; x_wconf 74' lang='lat' dir='ltr'><strong><em>confligere</em></strong></span> 
     </span>
    </p>
   </div>
   <div class='ocr_carea' id='block_1_69' title="bbox 172 4364 1875 4441">
    <p class='ocr_par' dir='ltr' id='par_1_69' title="bbox 172 4364 1875 4441">
     <span class='ocr_line' id='line_1_69' title="bbox 172 4364 1875 4441; baseline -0.009 -9"><span class='ocrx_word' id='word_1_503' title='bbox 172 4377 520 4441; x_wconf 85' lang='lat' dir='ltr'><strong><em>ostenditur,</em></strong></span> <span class='ocrx_word' id='word_1_504' title='bbox 552 4390 618 4427; x_wconf 90' lang='lat' dir='ltr'><strong><em>eo</em></strong></span> <span class='ocrx_word' id='word_1_505' title='bbox 650 4372 819 4426; x_wconf 90' lang='lat' dir='ltr'><strong><em>modo</em></strong></span> <span class='ocrx_word' id='word_1_506' title='bbox 850 4370 1107 4441; x_wconf 79' lang='lat' dir='ltr'><strong><em>exposui,</em></strong></span> <span class='ocrx_word' id='word_1_507' title='bbox 1150 4372 1422 4440; x_wconf 85' lang='lat' dir='ltr'><strong><em>tanquam</em></strong></span> <span class='ocrx_word' id='word_1_508' title='bbox 1458 4367 1629 4421; x_wconf 89' lang='lat' dir='ltr'><strong><em>homo</em></strong></span> <span class='ocrx_word' id='word_1_509' title='bbox 1660 4364 1875 4419; x_wconf 87' lang='lat' dir='ltr'><strong><em>descri-</em></strong></span> 
     </span>
    </p>
   </div>
   <div class='ocr_carea' id='block_1_70' title="bbox 170 4455 1875 4530">
    <p class='ocr_par' dir='ltr' id='par_1_70' title="bbox 170 4455 1875 4530">
     <span class='ocr_line' id='line_1_70' title="bbox 170 4455 1875 4530; baseline -0.007 -13"><span class='ocrx_word' id='word_1_510' title='bbox 170 4464 348 4517; x_wconf 81' lang='lat' dir='ltr'><strong><em>batur</em></strong></span> <span class='ocrx_word' id='word_1_511' title='bbox 375 4463 557 4517; x_wconf 88' lang='lat' dir='ltr'><strong><em>adhuc</em></strong></span> <span class='ocrx_word' id='word_1_512' title='bbox 577 4461 680 4515; x_wconf 90' lang='lat' dir='ltr'><strong><em>sub</em></strong></span> <span class='ocrx_word' id='word_1_513' title='bbox 702 4462 862 4530; x_wconf 87' lang='lat' dir='ltr'><strong><em>Lege,</em></strong></span> <span class='ocrx_word' id='word_1_514' title='bbox 889 4458 1146 4513; x_wconf 88' lang='lat' dir='ltr'><strong><em>nondum</em></strong></span> <span class='ocrx_word' id='word_1_515' title='bbox 1173 4458 1278 4512; x_wconf 88' lang='lat' dir='ltr'><strong><em>sub</em></strong></span> <span class='ocrx_word' id='word_1_516' title='bbox 1309 4456 1493 4528; x_wconf 89' lang='lat' dir='ltr'><strong><em>gratia</em></strong></span> <span class='ocrx_word' id='word_1_517' title='bbox 1513 4455 1875 4510; x_wconf 86' lang='lat' dir='ltr'><strong><em>constitutus.</em></strong></span> 
     </span>
    </p>
   </div>
   <div class='ocr_carea' id='block_1_71' title="bbox 178 4541 1879 4621">
    <p class='ocr_par' dir='ltr' id='par_1_71' title="bbox 178 4541 1879 4621">
     <span class='ocr_line' id='line_1_71' title="bbox 178 4541 1879 4621; baseline -0.007 -14"><span class='ocrx_word' id='word_1_518' title='bbox 178 4554 373 4621; x_wconf 85' lang='lat' dir='ltr'><strong><em>Longe</em></strong></span> <span class='ocrx_word' id='word_1_519' title='bbox 403 4552 556 4605; x_wconf 87' lang='lat' dir='ltr'><strong><em>enim</em></strong></span> <span class='ocrx_word' id='word_1_520' title='bbox 595 4553 789 4620; x_wconf 86' lang='lat' dir='ltr'><strong><em>postea</em></strong></span> <span class='ocrx_word' id='word_1_521' title='bbox 822 4547 993 4602; x_wconf 87' lang='lat' dir='ltr'><strong><em>etiam</em></strong></span> <span class='ocrx_word' id='word_1_522' title='bbox 1022 4546 1333 4616; x_wconf 89' lang='lat' dir='ltr'><strong><em>spiritualis</em></strong></span> <span class='ocrx_word' id='word_1_523' title='bbox 1366 4544 1615 4599; x_wconf 82' lang='lat' dir='ltr'><strong><em>hominis</em></strong></span> <span class='ocrx_word' id='word_1_524' title='bbox 1656 4544 1732 4613; x_wconf 88' lang='lat' dir='ltr'><strong><em>(et</em></strong></span> <span class='ocrx_word' id='word_1_525' title='bbox 1771 4541 1879 4595; x_wconf 88' lang='lat' dir='ltr'><strong><em>hoc</em></strong></span> 
     </span>
    </p>
   </div>
   <div class='ocr_carea' id='block_1_72' title="bbox 174 4629 1879 4711">
    <p class='ocr_par' dir='ltr' id='par_1_72' title="bbox 174 4629 1879 4711">
     <span class='ocr_line' id='line_1_72' title="bbox 174 4629 1879 4711; baseline -0.006 -18"><span class='ocrx_word' id='word_1_526' title='bbox 174 4638 557 4711; x_wconf 87' lang='lat' dir='ltr'><strong><em>probabilius)</em></strong></span> <span class='ocrx_word' id='word_1_527' title='bbox 586 4654 705 4692; x_wconf 88' lang='lat' dir='ltr'><strong><em>esse</em></strong></span> <span class='ocrx_word' id='word_1_528' title='bbox 736 4652 896 4708; x_wconf 86' lang='lat' dir='ltr'><strong><em>posse</em></strong></span> <span class='ocrx_word' id='word_1_529' title='bbox 918 4635 1016 4689; x_wconf 91' lang='lat' dir='ltr'><strong><em>illa</em></strong></span> <span class='ocrx_word' id='word_1_530' title='bbox 1032 4636 1200 4688; x_wconf 86' lang='lat' dir='ltr'><strong><em>verba</em></strong></span> <span class='ocrx_word' id='word_1_531' title='bbox 1223 4633 1482 4705; x_wconf 82' lang='lat' dir='ltr'><strong><em>cognovi.</em></strong></span> <span class='ocrx_word' id='word_1_532' title='bbox 1510 4630 1794 4686; x_wconf 86' lang='lat' dir='ltr'><strong><em>Posterior</em></strong></span> <span class='ocrx_word' id='word_1_533' title='bbox 1819 4629 1879 4683; x_wconf 90' lang='lat' dir='ltr'><strong><em>in</em></strong></span> 
     </span>
    </p>
   </div>
   <div class='ocr_carea' id='block_1_73' title="bbox 171 4720 1875 4796">
    <p class='ocr_par' dir='ltr' id='par_1_73' title="bbox 171 4720 1875 4796">
     <span class='ocr_line' id='line_1_73' title="bbox 171 4720 1875 4796; baseline -0.008 -13"><span class='ocrx_word' id='word_1_534' title='bbox 171 4730 287 4783; x_wconf 85' lang='lat' dir='ltr'><strong><em>hoc</em></strong></span> <span class='ocrx_word' id='word_1_535' title='bbox 315 4726 461 4781; x_wconf 88' lang='lat' dir='ltr'><strong><em>libro</em></strong></span> <span class='ocrx_word' id='word_1_536' title='bbox 494 4725 731 4796; x_wconf 63' lang='lat' dir='ltr'><strong><em>quaestio</em></strong></span> <span class='ocrx_word' id='word_1_537' title='bbox 758 4729 858 4786; x_wconf 86' lang='lat' dir='ltr'><strong><em>est,</em></strong></span> <span class='ocrx_word' id='word_1_538' title='bbox 880 4723 948 4777; x_wconf 90' lang='lat' dir='ltr'><strong><em>ab</em></strong></span> <span class='ocrx_word' id='word_1_539' title='bbox 970 4739 1035 4777; x_wconf 92' lang='lat' dir='ltr'><strong><em>eo</em></strong></span> <span class='ocrx_word' id='word_1_540' title='bbox 1054 4724 1173 4775; x_wconf 90' lang='lat' dir='ltr'><strong><em>loco</em></strong></span> <span class='ocrx_word' id='word_1_541' title='bbox 1198 4721 1294 4775; x_wconf 90' lang='lat' dir='ltr'><strong><em>ubi</em></strong></span> <span class='ocrx_word' id='word_1_542' title='bbox 1314 4721 1413 4786; x_wconf 90' lang='lat' dir='ltr'><strong><em>ait,</em></strong></span> <span class='ocrx_word' id='word_1_543' title='bbox 1439 4722 1553 4774; x_wconf 83' lang='lat' dir='ltr'><strong><em>Non</em></strong></span> <span class='ocrx_word' id='word_1_544' title='bbox 1577 4720 1747 4773; x_wconf 87' lang='lat' dir='ltr'><strong><em>solum</em></strong></span> <span class='ocrx_word' id='word_1_545' title='bbox 1778 4733 1875 4770; x_wconf 85' lang='lat' dir='ltr'><strong><em>uu-</em></strong></span> 
     </span>
    </p>
   </div>
   <div class='ocr_carea' id='block_1_74' title="bbox 174 4804 1878 4878">
    <p class='ocr_par' dir='ltr' id='par_1_74' title="bbox 174 4804 1878 4878">
     <span class='ocr_line' id='line_1_74' title="bbox 174 4804 1878 4878; baseline -0.009 -8"><span class='ocrx_word' id='word_1_546' title='bbox 174 4820 306 4878; x_wconf 82' lang='lat' dir='ltr'><strong><em>tem,</em></strong></span> <span class='ocrx_word' id='word_1_547' title='bbox 328 4813 424 4868; x_wconf 87' lang='lat' dir='ltr'><strong><em>sed</em></strong></span> <span class='ocrx_word' id='word_1_548' title='bbox 447 4817 496 4866; x_wconf 89' lang='lat' dir='ltr'><strong><em>et</em></strong></span> <span class='ocrx_word' id='word_1_549' title='bbox 520 4813 750 4867; x_wconf 81' lang='lat' dir='ltr'><strong><em>Rebecca</em></strong></span> <span class='ocrx_word' id='word_1_550' title='bbox 777 4826 843 4864; x_wconf 70' lang='lat' dir='ltr'><strong><em>ex</em></strong></span> <span class='ocrx_word' id='word_1_551' title='bbox 866 4824 970 4863; x_wconf 90' lang='lat' dir='ltr'><strong><em>uno</em></strong></span> <span class='ocrx_word' id='word_1_552' title='bbox 1000 4807 1280 4862; x_wconf 87' lang='lat' dir='ltr'><strong><em>concubitu</em></strong></span> <span class='ocrx_word' id='word_1_553' title='bbox 1302 4806 1500 4859; x_wconf 86' lang='lat' dir='ltr'><strong><em>habens</em></strong></span> <span class='ocrx_word' id='word_1_554' title='bbox 1531 4807 1682 4858; x_wconf 88' lang='lat' dir='ltr'><strong><em>Isaac</em></strong></span> <span class='ocrx_word' id='word_1_555' title='bbox 1698 4804 1878 4870; x_wconf 87' lang='lat' dir='ltr'><strong><em>patris</em></strong></span> 
     </span>
    </p>
   </div>
   <div class='ocr_carea' id='block_1_75' title="bbox 171 4890 1878 4971">
    <p class='ocr_par' dir='ltr' id='par_1_75' title="bbox 171 4890 1878 4971">
     <span class='ocr_line' id='line_1_75' title="bbox 171 4890 1878 4971; baseline -0.009 -14"><span class='ocrx_word' id='word_1_556' title='bbox 171 4903 372 4965; x_wconf 79' lang='lat' dir='ltr'><strong><em>nostri;</em></strong></span> <span class='ocrx_word' id='word_1_557' title='bbox 400 4916 577 4971; x_wconf 90' lang='lat' dir='ltr'><strong><em>usque</em></strong></span> <span class='ocrx_word' id='word_1_558' title='bbox 598 4900 664 4953; x_wconf 88' lang='lat' dir='ltr'><strong><em>ad</em></strong></span> <span class='ocrx_word' id='word_1_559' title='bbox 686 4898 830 4953; x_wconf 89' lang='lat' dir='ltr'><strong><em>illud</em></strong></span> <span class='ocrx_word' id='word_1_560' title='bbox 852 4897 949 4950; x_wconf 89' lang='lat' dir='ltr'><strong><em>ubi</em></strong></span> <span class='ocrx_word' id='word_1_561' title='bbox 968 4896 1073 4949; x_wconf 87' lang='lat' dir='ltr'><strong><em>ait:</em></strong></span> <span class='ocrx_word' id='word_1_562' title='bbox 1098 4897 1223 4952; x_wconf 86' lang='lat' dir='ltr'><strong><em>Nisi</em></strong></span> <span class='ocrx_word' id='word_1_563' title='bbox 1238 4896 1492 4949; x_wconf 85' lang='lat' dir='ltr'><strong><em>Dominus</em></strong></span> <span class='ocrx_word' id='word_1_564' title='bbox 1508 4891 1732 4946; x_wconf 87' lang='lat' dir='ltr'><strong><em>sabaoth</em></strong></span> <span class='ocrx_word' id='word_1_565' title='bbox 1752 4890 1878 4943; x_wconf 85' lang='lat' dir='ltr'><strong><em>reli-</em></strong></span> 
     </span>
    </p>
   </div>
   <div class='ocr_carea' id='block_1_76' title="bbox 174 4980 1881 5061">
    <p class='ocr_par' dir='ltr' id='par_1_76' title="bbox 174 4980 1881 5061">
     <span class='ocr_line' id='line_1_76' title="bbox 174 4980 1881 5061; baseline -0.007 -18"><span class='ocrx_word' id='word_1_566' title='bbox 174 4992 381 5061; x_wconf 87' lang='lat' dir='ltr'><strong><em>quisset</em></strong></span> <span class='ocrx_word' id='word_1_567' title='bbox 402 4989 553 5043; x_wconf 86' lang='lat' dir='ltr'><strong><em>nobis</em></strong></span> <span class='ocrx_word' id='word_1_568' title='bbox 578 5003 771 5052; x_wconf 88' lang='lat' dir='ltr'><strong><em>semen,</em></strong></span> <span class='ocrx_word' id='word_1_569' title='bbox 804 4989 942 5041; x_wconf 86' lang='lat' dir='ltr'><strong><em>sicut</em></strong></span> <span class='ocrx_word' id='word_1_570' title='bbox 968 4985 1197 5039; x_wconf 84' lang='lat' dir='ltr'><strong><em>Sodoma</em></strong></span> <span class='ocrx_word' id='word_1_571' title='bbox 1224 4984 1363 5049; x_wconf 85' lang='lat' dir='ltr'><strong><em>facti</em></strong></span> <span class='ocrx_word' id='word_1_572' title='bbox 1385 4994 1635 5045; x_wconf 75' lang='lat' dir='ltr'><strong><em>essemus,</em></strong></span> <span class='ocrx_word' id='word_1_573' title='bbox 1667 4984 1714 5032; x_wconf 88' lang='lat' dir='ltr'><strong><em>et</em></strong></span> <span class='ocrx_word' id='word_1_574' title='bbox 1743 4980 1881 5031; x_wconf 85' lang='lat' dir='ltr'><strong><em>sicut</em></strong></span> 
     </span>
    </p>
   </div>
   <div class='ocr_carea' id='block_1_77' title="bbox 177 5066 1881 5141">
    <p class='ocr_par' dir='ltr' id='par_1_77' title="bbox 177 5066 1881 5141">
     <span class='ocr_line' id='line_1_77' title="bbox 177 5066 1881 5141; baseline -0.011 -6"><span class='ocrx_word' id='word_1_575' title='bbox 177 5078 479 5135; x_wconf 85' lang='lat' dir='ltr'><strong><em>Gomorrha</em></strong></span> <span class='ocrx_word' id='word_1_576' title='bbox 498 5077 696 5130; x_wconf 80' lang='lat' dir='ltr'><strong><em>similes</em></strong></span> <span class='ocrx_word' id='word_1_577' title='bbox 712 5077 1001 5141; x_wconf 84' lang='lat' dir='ltr'><strong><em>fuissemus</em></strong></span> <span class='ocrx_word' id='word_1_578' title='bbox 1024 5072 1124 5141; x_wconf 83' lang='lat' dir='ltr'><strong><em>(1d.</em></strong></span> <span class='ocrx_word' id='word_1_579' title='bbox 1150 5086 1220 5137; x_wconf 80' lang='lat' dir='ltr'><strong><em>1x,</em></strong></span> <span class='ocrx_word' id='word_1_580' title='bbox 1246 5071 1445 5136; x_wconf 81' lang='grc'><strong>10-29).</strong></span> <span class='ocrx_word' id='word_1_581' title='bbox 1466 5068 1532 5121; x_wconf 92' lang='lat' dir='ltr'><strong><em>In</em></strong></span> <span class='ocrx_word' id='word_1_582' title='bbox 1550 5066 1708 5136; x_wconf 89' lang='lat' dir='ltr'><strong><em>cujus</em></strong></span> <span class='ocrx_word' id='word_1_583' title='bbox 1730 5081 1881 5135; x_wconf 74' lang='lat' dir='ltr'><strong><em>quo:-</em></strong></span> 
     </span>
    </p>
   </div>
   <div class='ocr_carea' id='block_1_78' title="bbox 178 5152 1882 5229">
    <p class='ocr_par' dir='ltr' id='par_1_78' title="bbox 178 5152 1882 5229">
     <span class='ocr_line' id='line_1_78' title="bbox 178 5152 1882 5229; baseline -0.009 -9"><span class='ocrx_word' id='word_1_584' title='bbox 178 5166 383 5222; x_wconf 85' lang='lat' dir='ltr'><strong><em>stionis</em></strong></span> <span class='ocrx_word' id='word_1_585' title='bbox 404 5165 682 5218; x_wconf 87' lang='lat' dir='ltr'><strong><em>solutione</em></strong></span> <span class='ocrx_word' id='word_1_586' title='bbox 704 5163 1023 5216; x_wconf 86' lang='lat' dir='ltr'><strong><em>laboratum</em></strong></span> <span class='ocrx_word' id='word_1_587' title='bbox 1045 5165 1127 5213; x_wconf 85' lang='lat' dir='ltr'><strong><em>est</em></strong></span> <span class='ocrx_word' id='word_1_588' title='bbox 1150 5158 1383 5229; x_wconf 87' lang='lat' dir='ltr'><strong><em>quidem</em></strong></span> <span class='ocrx_word' id='word_1_589' title='bbox 1406 5172 1507 5226; x_wconf 93' lang='lat' dir='ltr'><strong><em>pro</em></strong></span> <span class='ocrx_word' id='word_1_590' title='bbox 1533 5154 1713 5208; x_wconf 85' lang='lat' dir='ltr'><strong><em>libero</em></strong></span> <span class='ocrx_word' id='word_1_591' title='bbox 1736 5152 1882 5205; x_wconf 83' lang='lat' dir='ltr'><strong><em>arbi-</em></strong></span> 
     </span>
    </p>
   </div>
   <div class='ocr_carea' id='block_1_79' title="bbox 176 5239 1879 5315">
    <p class='ocr_par' dir='ltr' id='par_1_79' title="bbox 176 5239 1879 5315">
     <span class='ocr_line' id='line_1_79' title="bbox 176 5239 1879 5315; baseline -0.011 -4"><span class='ocrx_word' id='word_1_592' title='bbox 176 5256 290 5311; x_wconf 89' lang='lat' dir='ltr'><strong><em>trio</em></strong></span> <span class='ocrx_word' id='word_1_593' title='bbox 320 5253 626 5308; x_wconf 83' lang='lat' dir='ltr'><strong><em>voluntatis</em></strong></span> <span class='ocrx_word' id='word_1_594' title='bbox 655 5253 952 5313; x_wconf 74' lang='lat' dir='ltr'><strong><em>humanze;</em></strong></span> <span class='ocrx_word' id='word_1_595' title='bbox 986 5248 1079 5301; x_wconf 86' lang='lat' dir='ltr'><strong><em>sed</em></strong></span> <span class='ocrx_word' id='word_1_596' title='bbox 1112 5247 1242 5299; x_wconf 84' lang='lat' dir='ltr'><strong><em>vicit</em></strong></span> <span class='ocrx_word' id='word_1_597' title='bbox 1271 5245 1368 5300; x_wconf 87' lang='lat' dir='ltr'><strong><em>Dei</em></strong></span> <span class='ocrx_word' id='word_1_598' title='bbox 1389 5243 1605 5315; x_wconf 84' lang='lat' dir='ltr'><strong><em>gratia:</em></strong></span> <span class='ocrx_word' id='word_1_599' title='bbox 1641 5258 1742 5295; x_wconf 92' lang='lat' dir='ltr'><strong><em>nec</em></strong></span> <span class='ocrx_word' id='word_1_600' title='bbox 1769 5239 1879 5294; x_wconf 87' lang='lat' dir='ltr'><strong><em>nisi</em></strong></span> 
     </span>
    </p>
   </div>
   <div class='ocr_carea' id='block_1_80' title="bbox 178 5329 1879 5412">
    <p class='ocr_par' dir='ltr' id='par_1_80' title="bbox 178 5329 1879 5412">
     <span class='ocr_line' id='line_1_80' title="bbox 178 5329 1879 5412; baseline -0.011 -13"><span class='ocrx_word' id='word_1_601' title='bbox 178 5344 251 5399; x_wconf 87' lang='lat' dir='ltr'><strong><em>ad</em></strong></span> <span class='ocrx_word' id='word_1_602' title='bbox 276 5342 413 5397; x_wconf 87' lang='lat' dir='ltr'><strong><em>illud</em></strong></span> <span class='ocrx_word' id='word_1_603' title='bbox 426 5340 613 5412; x_wconf 87' lang='lat' dir='ltr'><strong><em>potuit</em></strong></span> <span class='ocrx_word' id='word_1_604' title='bbox 628 5337 934 5409; x_wconf 85' lang='lat' dir='ltr'><strong><em>perveniri,</em></strong></span> <span class='ocrx_word' id='word_1_605' title='bbox 950 5341 1010 5390; x_wconf 91' lang='lat' dir='ltr'><strong><em>ut</em></strong></span> <span class='ocrx_word' id='word_1_606' title='bbox 1029 5334 1411 5406; x_wconf 85' lang='lat' dir='ltr'><strong><em>liquidissima</em></strong></span> <span class='ocrx_word' id='word_1_607' title='bbox 1429 5331 1659 5385; x_wconf 85' lang='lat' dir='ltr'><strong><em>veritate</em></strong></span> <span class='ocrx_word' id='word_1_608' title='bbox 1673 5329 1879 5384; x_wconf 76' lang='lat' dir='ltr'><strong><em>dixisse</em></strong></span> 
     </span>
    </p>
   </div>
   <div class='ocr_carea' id='block_1_81' title="bbox 178 5418 1882 5501">
    <p class='ocr_par' dir='ltr' id='par_1_81' title="bbox 178 5418 1882 5501">
     <span class='ocr_line' id='line_1_81' title="bbox 178 5418 1882 5501; baseline -0.008 -16"><span class='ocrx_word' id='word_1_609' title='bbox 178 5431 533 5501; x_wconf 85' lang='lat' dir='ltr'><strong><em>intelligatur</em></strong></span> <span class='ocrx_word' id='word_1_610' title='bbox 575 5427 901 5497; x_wconf 83' lang='lat' dir='ltr'><strong><em>Apostolus,</em></strong></span> <span class='ocrx_word' id='word_1_611' title='bbox 947 5426 1075 5490; x_wconf 84' lang='lat' dir='ltr'><strong><em>Quis</em></strong></span> <span class='ocrx_word' id='word_1_612' title='bbox 1124 5425 1265 5477; x_wconf 87' lang='lat' dir='ltr'><strong><em>enim</em></strong></span> <span class='ocrx_word' id='word_1_613' title='bbox 1314 5427 1361 5475; x_wconf 90' lang='lat' dir='ltr'><strong><em>te</em></strong></span> <span class='ocrx_word' id='word_1_614' title='bbox 1406 5422 1704 5475; x_wconf 80' lang='lat' dir='ltr'><strong><em>discernit?</em></strong></span> <span class='ocrx_word' id='word_1_615' title='bbox 1748 5418 1882 5487; x_wconf 82' lang='lat' dir='ltr'><strong><em>quid</em></strong></span> 
     </span>
    </p>
   </div>
   <div class='ocr_carea' id='block_1_82' title="bbox 181 5508 1877 5585">
    <p class='ocr_par' dir='ltr' id='par_1_82' title="bbox 181 5508 1877 5585">
     <span class='ocr_line' id='line_1_82' title="bbox 181 5508 1877 5585; baseline -0.009 -10"><span class='ocrx_word' id='word_1_616' title='bbox 181 5523 361 5575; x_wconf 84' lang='lat' dir='ltr'><strong><em>autem</em></strong></span> <span class='ocrx_word' id='word_1_617' title='bbox 404 5519 564 5573; x_wconf 84' lang='lat' dir='ltr'><strong><em>habes</em></strong></span> <span class='ocrx_word' id='word_1_618' title='bbox 609 5515 752 5585; x_wconf 84' lang='lat' dir='ltr'><strong><em>quod</em></strong></span> <span class='ocrx_word' id='word_1_619' title='bbox 796 5530 900 5569; x_wconf 91' lang='lat' dir='ltr'><strong><em>non</em></strong></span> <span class='ocrx_word' id='word_1_620' title='bbox 940 5514 1233 5582; x_wconf 84' lang='lat' dir='ltr'><strong><em>accepisti?</em></strong></span> <span class='ocrx_word' id='word_1_621' title='bbox 1276 5512 1336 5567; x_wconf 90' lang='lat' dir='ltr'><strong><em>Si</em></strong></span> <span class='ocrx_word' id='word_1_622' title='bbox 1386 5515 1562 5565; x_wconf 88' lang='lat' dir='ltr'><strong><em>autem</em></strong></span> <span class='ocrx_word' id='word_1_623' title='bbox 1602 5508 1877 5577; x_wconf 85' lang='lat' dir='ltr'><strong><em>accepisti,</em></strong></span> 
     </span>
    </p>
   </div>
   <div class='ocr_carea' id='block_1_83' title="bbox 1981 3211 3679 3290">
    <p class='ocr_par' dir='ltr' id='par_1_83' title="bbox 1981 3211 3679 3290">
     <span class='ocr_line' id='line_1_83' title="bbox 1981 3211 3679 3290; baseline -0.004 -17"><span class='ocrx_word' id='word_1_624' title='bbox 1981 3219 2117 3290; x_wconf 86' lang='lat' dir='ltr'><strong><em>quid</em></strong></span> <span class='ocrx_word' id='word_1_625' title='bbox 2146 3218 2403 3287; x_wconf 85' lang='lat' dir='ltr'><strong><em>gloriaris</em></strong></span> <span class='ocrx_word' id='word_1_626' title='bbox 2434 3218 2596 3289; x_wconf 86' lang='lat' dir='ltr'><strong><em>quasi</em></strong></span> <span class='ocrx_word' id='word_1_627' title='bbox 2622 3231 2730 3272; x_wconf 88' lang='lat' dir='ltr'><strong><em>non</em></strong></span> <span class='ocrx_word' id='word_1_628' title='bbox 2767 3216 3032 3286; x_wconf 86' lang='lat' dir='ltr'><strong><em>acceperis</em></strong></span> <span class='ocrx_word' id='word_1_629' title='bbox 3064 3213 3108 3287; x_wconf 95' lang='grc' dir='ltr'><strong><em>(Ι</em></strong></span> <span class='ocrx_word' id='word_1_630' title='bbox 3130 3214 3251 3272; x_wconf 87' lang='lat' dir='ltr'><strong><em>Cor.</em></strong></span> <span class='ocrx_word' id='word_1_631' title='bbox 3280 3228 3353 3280; x_wconf 80' lang='lat' dir='ltr'><strong><em>xv,</em></strong></span> <span class='ocrx_word' id='word_1_632' title='bbox 3382 3211 3438 3284; x_wconf 89' lang='lat'><strong><em>7)</em></strong></span> <span class='ocrx_word' id='word_1_633' title='bbox 3457 3215 3486 3268; x_wconf 83' lang='lat'><strong><em>?</em></strong></span> <span class='ocrx_word' id='word_1_634' title='bbox 3515 3212 3679 3278; x_wconf 89' lang='lat' dir='ltr'><strong><em>Quod</em></strong></span> 
     </span>
    </p>
   </div>
   <div class='ocr_carea' id='block_1_84' title="bbox 1980 3300 3677 3375">
    <p class='ocr_par' dir='ltr' id='par_1_84' title="bbox 1980 3300 3677 3375">
     <span class='ocr_line' id='line_1_84' title="bbox 1980 3300 3677 3375; baseline -0.002 -17"><span class='ocrx_word' id='word_1_635' title='bbox 1980 3307 2174 3361; x_wconf 89' lang='lat' dir='ltr'><strong><em>volens</em></strong></span> <span class='ocrx_word' id='word_1_636' title='bbox 2206 3305 2376 3360; x_wconf 89' lang='lat' dir='ltr'><strong><em>etiam</em></strong></span> <span class='ocrx_word' id='word_1_637' title='bbox 2396 3309 2612 3374; x_wconf 86' lang='lat' dir='ltr'><strong><em>martyr</em></strong></span> <span class='ocrx_word' id='word_1_638' title='bbox 2638 3303 2952 3375; x_wconf 85' lang='lat' dir='ltr'><strong><em>Cyprianus</em></strong></span> <span class='ocrx_word' id='word_1_639' title='bbox 2986 3302 3308 3369; x_wconf 90' lang='lat' dir='ltr'><strong><em>ostendere,</em></strong></span> <span class='ocrx_word' id='word_1_640' title='bbox 3339 3300 3446 3355; x_wconf 91' lang='lat' dir='ltr'><strong><em>hoc</em></strong></span> <span class='ocrx_word' id='word_1_641' title='bbox 3491 3303 3677 3355; x_wconf 85' lang='lat' dir='ltr'><strong><em>totum</em></strong></span> 
     </span>
    </p>
   </div>
   <div class='ocr_carea' id='block_1_85' title="bbox 1982 3388 3677 3467">
    <p class='ocr_par' dir='ltr' id='par_1_85' title="bbox 1982 3388 3677 3467">
     <span class='ocr_line' id='line_1_85' title="bbox 1982 3388 3677 3467; baseline -0.003 -19"><span class='ocrx_word' id='word_1_642' title='bbox 1982 3394 2105 3467; x_wconf 91' lang='lat' dir='ltr'><strong><em>ipso</em></strong></span> <span class='ocrx_word' id='word_1_643' title='bbox 2160 3394 2327 3449; x_wconf 87' lang='lat' dir='ltr'><strong><em>titulo</em></strong></span> <span class='ocrx_word' id='word_1_644' title='bbox 2387 3391 2664 3459; x_wconf 83' lang='lat' dir='ltr'><strong><em>deﬁnivit,</em></strong></span> <span class='ocrx_word' id='word_1_645' title='bbox 2714 3392 2935 3446; x_wconf 86' lang='lat' dir='ltr'><strong><em>dicens:</em></strong></span> <span class='ocrx_word' id='word_1_646' title='bbox 2985 3393 3050 3445; x_wconf 89' lang='lat' dir='ltr'><strong><em>In</em></strong></span> <span class='ocrx_word' id='word_1_647' title='bbox 3099 3390 3249 3444; x_wconf 90' lang='lat' dir='ltr'><strong><em>nullo</em></strong></span> <span class='ocrx_word' id='word_1_648' title='bbox 3303 3388 3677 3457; x_wconf 73' lang='lat' dir='ltr'><strong><em>gloriandum,</em></strong></span> 
     </span>
    </p>
   </div>
   <div class='ocr_carea' id='block_1_86' title="bbox 1983 3476 3534 3554">
    <p class='ocr_par' dir='ltr' id='par_1_86' title="bbox 1983 3476 3534 3554">
     <span class='ocr_line' id='line_1_86' title="bbox 1983 3476 3534 3554; baseline -0.005 -16"><span class='ocrx_word' id='word_1_649' title='bbox 1983 3482 2199 3554; x_wconf 81' lang='lat' dir='ltr'><strong><em>quando</em></strong></span> <span class='ocrx_word' id='word_1_650' title='bbox 2228 3486 2471 3537; x_wconf 89' lang='lat' dir='ltr'><strong><em>nostrum</em></strong></span> <span class='ocrx_word' id='word_1_651' title='bbox 2500 3481 2640 3535; x_wconf 89' lang='lat' dir='ltr'><strong><em>nihil</em></strong></span> <span class='ocrx_word' id='word_1_652' title='bbox 2666 3484 2742 3534; x_wconf 91' lang='lat' dir='ltr'><strong><em>est</em></strong></span> <span class='ocrx_word' id='word_1_653' title='bbox 2774 3480 2992 3550; x_wconf 80' lang='lat' dir='ltr'><strong><em>(Cypr.,</em></strong></span> <span class='ocrx_word' id='word_1_654' title='bbox 3029 3478 3122 3532; x_wconf 87' lang='lat' dir='ltr'><strong><em>lib.</em></strong></span> <span class='ocrx_word' id='word_1_655' title='bbox 3154 3479 3206 3543; x_wconf 88' lang='lat'><strong><em>3,</em></strong></span> <span class='ocrx_word' id='word_1_656' title='bbox 3237 3478 3433 3532; x_wconf 88' lang='lat' dir='ltr'><strong><em>testim.</em></strong></span> <span class='ocrx_word' id='word_1_657' title='bbox 3457 3476 3534 3545; x_wconf 68' lang='grc'><strong><em>4).</em></strong></span> 
     </span>
    </p>
   </div>
   <div class='ocr_carea' id='block_1_87' title="bbox 2051 3563 3674 3637">
    <p class='ocr_par' dir='ltr' id='par_1_87' title="bbox 2051 3563 3674 3637">
     <span class='ocr_line' id='line_1_87' title="bbox 2051 3563 3674 3637; baseline -0.004 -12"><span class='ocrx_word' id='word_1_658' title='bbox 2051 3573 2103 3625; x_wconf 91' lang='grc'>2.</span> <span class='ocrx_word' id='word_1_659' title='bbox 2137 3571 2201 3625; x_wconf 90' lang='lat' dir='ltr'><strong><em>In</em></strong></span> <span class='ocrx_word' id='word_1_660' title='bbox 2232 3570 2474 3624; x_wconf 90' lang='lat' dir='ltr'><strong><em>secundo</em></strong></span> <span class='ocrx_word' id='word_1_661' title='bbox 2504 3569 2650 3623; x_wconf 91' lang='lat' dir='ltr'><strong><em>libro</em></strong></span> <span class='ocrx_word' id='word_1_662' title='bbox 2681 3570 2995 3623; x_wconf 90' lang='lat' dir='ltr'><strong><em>tractantur</em></strong></span> <span class='ocrx_word' id='word_1_663' title='bbox 3031 3570 3253 3620; x_wconf 69' lang='lat' dir='ltr'><strong><em>caetera:</em></strong></span> <span class='ocrx_word' id='word_1_664' title='bbox 3300 3563 3674 3637; x_wconf 67' lang='lat' dir='ltr'><strong><em>qumstiones,</em></strong></span> 
     </span>
    </p>
   </div>
   <div class='ocr_carea' id='block_1_88' title="bbox 1983 3652 3675 3729">
    <p class='ocr_par' dir='ltr' id='par_1_88' title="bbox 1983 3652 3675 3729">
     <span class='ocr_line' id='line_1_88' title="bbox 1983 3652 3675 3729; baseline -0.004 -16"><span class='ocrx_word' id='word_1_665' title='bbox 1983 3662 2038 3713; x_wconf 87' lang='lat' dir='ltr'><strong><em>et</em></strong></span> <span class='ocrx_word' id='word_1_666' title='bbox 2093 3674 2194 3729; x_wconf 93' lang='lat' dir='ltr'><strong><em>pro</em></strong></span> <span class='ocrx_word' id='word_1_667' title='bbox 2233 3662 2424 3712; x_wconf 90' lang='lat' dir='ltr'><strong><em>nostra</em></strong></span> <span class='ocrx_word' id='word_1_668' title='bbox 2475 3657 2998 3728; x_wconf 85' lang='lat' dir='ltr'><strong><em>quantulacumque</em></strong></span> <span class='ocrx_word' id='word_1_669' title='bbox 3045 3652 3310 3708; x_wconf 88' lang='lat' dir='ltr'><strong><em>facultate</em></strong></span> <span class='ocrx_word' id='word_1_670' title='bbox 3354 3653 3675 3720; x_wconf 84' lang='lat' dir='ltr'><strong><em>solvuntur,</em></strong></span> 
     </span>
    </p>
   </div>
   <div class='ocr_carea' id='block_1_89' title="bbox 1983 3740 3675 3817">
    <p class='ocr_par' dir='ltr' id='par_1_89' title="bbox 1983 3740 3675 3817">
     <span class='ocr_line' id='line_1_89' title="bbox 1983 3740 3675 3817; baseline -0.002 -19"><span class='ocrx_word' id='word_1_671' title='bbox 1983 3763 2111 3817; x_wconf 64' lang='lat' dir='ltr'><strong><em>quae</em></strong></span> <span class='ocrx_word' id='word_1_672' title='bbox 2141 3750 2274 3800; x_wconf 91' lang='lat' dir='ltr'><strong><em>sunt</em></strong></span> <span class='ocrx_word' id='word_1_673' title='bbox 2304 3761 2500 3799; x_wconf 90' lang='lat' dir='ltr'><strong><em>omnes</em></strong></span> <span class='ocrx_word' id='word_1_674' title='bbox 2529 3745 2597 3799; x_wconf 92' lang='lat' dir='ltr'><strong><em>de</em></strong></span> <span class='ocrx_word' id='word_1_675' title='bbox 2639 3744 2915 3814; x_wconf 90' lang='lat' dir='ltr'><strong><em>scriptura</em></strong></span> <span class='ocrx_word' id='word_1_676' title='bbox 2941 3759 3070 3814; x_wconf 66' lang='lat' dir='ltr'><strong><em>qua:</em></strong></span> <span class='ocrx_word' id='word_1_677' title='bbox 3115 3743 3448 3811; x_wconf 86' lang='lat' dir='ltr'><strong><em>Regnorum</em></strong></span> <span class='ocrx_word' id='word_1_678' title='bbox 3477 3740 3675 3810; x_wconf 89' lang='lat' dir='ltr'><strong><em>appel-</em></strong></span> 
     </span>
    </p>
   </div>
   <div class='ocr_carea' id='block_1_90' title="bbox 1982 3825 3677 3902">
    <p class='ocr_par' dir='ltr' id='par_1_90' title="bbox 1982 3825 3677 3902">
     <span class='ocr_line' id='line_1_90' title="bbox 1982 3825 3677 3902; baseline -0.005 -14"><span class='ocrx_word' id='word_1_679' title='bbox 1982 3836 2154 3889; x_wconf 87' lang='lat' dir='ltr'><strong><em>latur.</em></strong></span> <span class='ocrx_word' id='word_1_680' title='bbox 2188 3835 2395 3887; x_wconf 83' lang='lat' dir='ltr'><strong><em>Harum</em></strong></span> <span class='ocrx_word' id='word_1_681' title='bbox 2432 3832 2619 3902; x_wconf 87' lang='lat' dir='ltr'><strong><em>prima</em></strong></span> <span class='ocrx_word' id='word_1_682' title='bbox 2648 3835 2733 3885; x_wconf 88' lang='lat' dir='ltr'><strong><em>est</em></strong></span> <span class='ocrx_word' id='word_1_683' title='bbox 2756 3831 2825 3884; x_wconf 90' lang='lat' dir='ltr'><strong><em>de</em></strong></span> <span class='ocrx_word' id='word_1_684' title='bbox 2874 3845 2940 3883; x_wconf 91' lang='lat' dir='ltr'><strong><em>eo</em></strong></span> <span class='ocrx_word' id='word_1_685' title='bbox 2970 3828 3123 3898; x_wconf 88' lang='lat' dir='ltr'><strong><em>quod</em></strong></span> <span class='ocrx_word' id='word_1_686' title='bbox 3162 3825 3438 3897; x_wconf 88' lang='lat' dir='ltr'><strong><em>scriptum</em></strong></span> <span class='ocrx_word' id='word_1_687' title='bbox 3464 3830 3573 3895; x_wconf 87' lang='lat' dir='ltr'><strong><em>est,</em></strong></span> <span class='ocrx_word' id='word_1_688' title='bbox 3604 3829 3677 3881; x_wconf 92' lang='lat' dir='ltr'><strong><em>Et</em></strong></span> 
     </span>
    </p>
   </div>
   <div class='ocr_carea' id='block_1_91' title="bbox 1982 3912 3674 3988">
    <p class='ocr_par' dir='ltr' id='par_1_91' title="bbox 1982 3912 3674 3988">
     <span class='ocr_line' id='line_1_91' title="bbox 1982 3912 3674 3988; baseline -0.003 -15"><span class='ocrx_word' id='word_1_689' title='bbox 1982 3920 2179 3973; x_wconf 86' lang='lat' dir='ltr'><strong><em>insiliit</em></strong></span> <span class='ocrx_word' id='word_1_690' title='bbox 2224 3922 2451 3988; x_wconf 84' lang='lat' dir='ltr'><strong><em>spiritus</em></strong></span> <span class='ocrx_word' id='word_1_691' title='bbox 2503 3920 2716 3973; x_wconf 88' lang='lat' dir='ltr'><strong><em>Domini</em></strong></span> <span class='ocrx_word' id='word_1_692' title='bbox 2768 3920 2827 3971; x_wconf 83' lang='lat' dir='ltr'><strong><em>in</em></strong></span> <span class='ocrx_word' id='word_1_693' title='bbox 2875 3918 3008 3972; x_wconf 80' lang='lat' dir='ltr'><strong><em>Saul</em></strong></span> <span class='ocrx_word' id='word_1_694' title='bbox 3051 3915 3095 3985; x_wconf 86' lang='grc' dir='ltr'><strong><em>(Ι</em></strong></span> <span class='ocrx_word' id='word_1_695' title='bbox 3123 3918 3253 3981; x_wconf 84' lang='lat' dir='ltr'><strong><em>Reg.</em></strong></span> <span class='ocrx_word' id='word_1_696' title='bbox 3287 3930 3342 3979; x_wconf 83' lang='lat' dir='ltr'><strong><em>x,</em></strong></span> <span class='ocrx_word' id='word_1_697' title='bbox 3381 3912 3495 3982; x_wconf 90' lang='grc'><strong>10);</strong></span> <span class='ocrx_word' id='word_1_698' title='bbox 3542 3929 3674 3968; x_wconf 90' lang='lat' dir='ltr'><strong><em>cum</em></strong></span> 
     </span>
    </p>
   </div>
   <div class='ocr_carea' id='block_1_92' title="bbox 1983 4000 3677 4076">
    <p class='ocr_par' dir='ltr' id='par_1_92' title="bbox 1983 4000 3677 4076">
     <span class='ocr_line' id='line_1_92' title="bbox 1983 4000 3677 4076; baseline -0.004 -14"><span class='ocrx_word' id='word_1_699' title='bbox 1983 4007 2119 4062; x_wconf 90' lang='lat' dir='ltr'><strong><em>alibi</em></strong></span> <span class='ocrx_word' id='word_1_700' title='bbox 2145 4007 2383 4074; x_wconf 91' lang='lat' dir='ltr'><strong><em>dicatur,</em></strong></span> <span class='ocrx_word' id='word_1_701' title='bbox 2416 4010 2484 4061; x_wconf 88' lang='lat' dir='ltr'><strong><em>Et</em></strong></span> <span class='ocrx_word' id='word_1_702' title='bbox 2512 4008 2739 4076; x_wconf 88' lang='lat' dir='ltr'><strong><em>spiritus</em></strong></span> <span class='ocrx_word' id='word_1_703' title='bbox 2765 4006 2982 4059; x_wconf 89' lang='lat' dir='ltr'><strong><em>Domini</em></strong></span> <span class='ocrx_word' id='word_1_704' title='bbox 3010 4004 3185 4057; x_wconf 87' lang='lat' dir='ltr'><strong><em>malus</em></strong></span> <span class='ocrx_word' id='word_1_705' title='bbox 3232 4004 3292 4055; x_wconf 90' lang='lat' dir='ltr'><strong><em>in</em></strong></span> <span class='ocrx_word' id='word_1_706' title='bbox 3341 4002 3474 4057; x_wconf 74' lang='grc' dir='ltr'><strong><em>δαιὶί</em></strong></span> <span class='ocrx_word' id='word_1_707' title='bbox 3507 4000 3677 4072; x_wconf 83' lang='lat' dir='ltr'><strong><em>(Ibid.</em></strong></span> 
     </span>
    </p>
   </div>
   <div class='ocr_carea' id='block_1_93' title="bbox 1981 4090 3678 4165">
    <p class='ocr_par' dir='ltr' id='par_1_93' title="bbox 1981 4090 3678 4165">
     <span class='ocr_line' id='line_1_93' title="bbox 1981 4090 3678 4165; baseline -0.005 -14"><span class='ocrx_word' id='word_1_708' title='bbox 1981 4113 2093 4164; x_wconf 73' lang='lat' dir='ltr'><strong><em>xw,</em></strong></span> <span class='ocrx_word' id='word_1_709' title='bbox 2123 4095 2227 4165; x_wconf 66' lang='grc'><strong>14).</strong></span> <span class='ocrx_word' id='word_1_710' title='bbox 2266 4096 2445 4160; x_wconf 86' lang='lat' dir='ltr'><strong><em>Quam</em></strong></span> <span class='ocrx_word' id='word_1_711' title='bbox 2475 4111 2604 4149; x_wconf 89' lang='lat' dir='ltr'><strong><em>cum</em></strong></span> <span class='ocrx_word' id='word_1_712' title='bbox 2635 4108 2999 4164; x_wconf 80' lang='lat' dir='ltr'><strong><em>exponerem,</em></strong></span> <span class='ocrx_word' id='word_1_713' title='bbox 3033 4090 3185 4145; x_wconf 78' lang='lat' dir='ltr'><strong><em>dixi:</em></strong></span> <span class='ocrx_word' id='word_1_714' title='bbox 3222 4090 3477 4156; x_wconf 84' lang='lat' dir='ltr'><strong><em>Quamvis</em></strong></span> <span class='ocrx_word' id='word_1_715' title='bbox 3516 4090 3588 4143; x_wconf 89' lang='lat' dir='ltr'><strong><em>sit</em></strong></span> <span class='ocrx_word' id='word_1_716' title='bbox 3616 4090 3678 4142; x_wconf 91' lang='lat' dir='ltr'><strong><em>in</em></strong></span> 
     </span>
    </p>
   </div>
   <div class='ocr_carea' id='block_1_94' title="bbox 1982 4177 3675 4254">
    <p class='ocr_par' dir='ltr' id='par_1_94' title="bbox 1982 4177 3675 4254">
     <span class='ocr_line' id='line_1_94' title="bbox 1982 4177 3675 4254; baseline -0.004 -16"><span class='ocrx_word' id='word_1_717' title='bbox 1982 4185 2241 4254; x_wconf 83' lang='lat' dir='ltr'><strong><em>cujusque</em></strong></span> <span class='ocrx_word' id='word_1_718' title='bbox 2263 4188 2524 4254; x_wconf 89' lang='lat' dir='ltr'><strong><em>potestate</em></strong></span> <span class='ocrx_word' id='word_1_719' title='bbox 2552 4182 2689 4253; x_wconf 86' lang='lat' dir='ltr'><strong><em>quid</em></strong></span> <span class='ocrx_word' id='word_1_720' title='bbox 2734 4182 2883 4247; x_wconf 86' lang='lat' dir='ltr'><strong><em>velit,</em></strong></span> <span class='ocrx_word' id='word_1_721' title='bbox 2917 4195 3024 4234; x_wconf 91' lang='lat' dir='ltr'><strong><em>non</em></strong></span> <span class='ocrx_word' id='word_1_722' title='bbox 3068 4183 3146 4233; x_wconf 86' lang='lat' dir='ltr'><strong><em>est</em></strong></span> <span class='ocrx_word' id='word_1_723' title='bbox 3177 4182 3354 4233; x_wconf 90' lang='lat' dir='ltr'><strong><em>tamen</em></strong></span> <span class='ocrx_word' id='word_1_724' title='bbox 3384 4179 3444 4231; x_wconf 88' lang='lat' dir='ltr'><strong><em>in</em></strong></span> <span class='ocrx_word' id='word_1_725' title='bbox 3490 4177 3675 4246; x_wconf 88' lang='lat' dir='ltr'><strong><em>cujus-</em></strong></span> 
     </span>
    </p>
   </div>
   <div class='ocr_carea' id='block_1_95' title="bbox 1985 4263 3679 4342">
    <p class='ocr_par' dir='ltr' id='par_1_95' title="bbox 1985 4263 3679 4342">
     <span class='ocr_line' id='line_1_95' title="bbox 1985 4263 3679 4342; baseline -0.006 -16"><span class='ocrx_word' id='word_1_726' title='bbox 1985 4288 2148 4342; x_wconf 89' lang='lat' dir='ltr'><strong><em>quam</em></strong></span> <span class='ocrx_word' id='word_1_727' title='bbox 2172 4275 2433 4340; x_wconf 91' lang='lat' dir='ltr'><strong><em>potestate</em></strong></span> <span class='ocrx_word' id='word_1_728' title='bbox 2452 4269 2589 4339; x_wconf 66' lang='lat' dir='ltr'><strong><em>qui}</em></strong></span> <span class='ocrx_word' id='word_1_729' title='bbox 2597 4271 2771 4339; x_wconf 87' lang='lat' dir='ltr'><strong><em>possit</em></strong></span> <span class='ocrx_word' id='word_1_730' title='bbox 2803 4267 2940 4336; x_wconf 91' lang='lat' dir='ltr'><strong><em>(Lib.</em></strong></span> <span class='ocrx_word' id='word_1_731' title='bbox 2964 4269 3020 4336; x_wconf 84' lang='lat'><strong><em>2,</em></strong></span> <span class='ocrx_word' id='word_1_732' title='bbox 3045 4271 3234 4335; x_wconf 71' lang='lat' dir='ltr'><strong><em>quaest.</em></strong></span> <span class='ocrx_word' id='word_1_733' title='bbox 3264 4266 3337 4334; x_wconf 92' lang='grc'><strong><em>1).</em></strong></span> <span class='ocrx_word' id='word_1_734' title='bbox 3364 4263 3530 4328; x_wconf 90' lang='lat' dir='ltr'><strong><em>Quod</em></strong></span> <span class='ocrx_word' id='word_1_735' title='bbox 3551 4263 3679 4318; x_wconf 90' lang='lat' dir='ltr'><strong><em>ideo</em></strong></span> 
     </span>
    </p>
   </div>
   <div class='ocr_carea' id='block_1_96' title="bbox 1986 4353 3678 4430">
    <p class='ocr_par' dir='ltr' id='par_1_96' title="bbox 1986 4353 3678 4430">
     <span class='ocr_line' id='line_1_96' title="bbox 1986 4353 3678 4430; baseline -0.007 -15"><span class='ocrx_word' id='word_1_736' title='bbox 1986 4360 2197 4415; x_wconf 90' lang='lat' dir='ltr'><strong><em>dictum</em></strong></span> <span class='ocrx_word' id='word_1_737' title='bbox 2227 4362 2328 4425; x_wconf 85' lang='lat' dir='ltr'><strong><em>est,</em></strong></span> <span class='ocrx_word' id='word_1_738' title='bbox 2355 4358 2489 4430; x_wconf 86' lang='lat' dir='ltr'><strong><em>quia</em></strong></span> <span class='ocrx_word' id='word_1_739' title='bbox 2506 4373 2622 4411; x_wconf 93' lang='lat' dir='ltr'><strong><em>non</em></strong></span> <span class='ocrx_word' id='word_1_740' title='bbox 2646 4355 2888 4410; x_wconf 89' lang='lat' dir='ltr'><strong><em>dicimus</em></strong></span> <span class='ocrx_word' id='word_1_741' title='bbox 2917 4370 3040 4408; x_wconf 90' lang='lat' dir='ltr'><strong><em>esse</em></strong></span> <span class='ocrx_word' id='word_1_742' title='bbox 3063 4353 3124 4407; x_wconf 90' lang='lat' dir='ltr'><strong><em>in</em></strong></span> <span class='ocrx_word' id='word_1_743' title='bbox 3158 4355 3438 4424; x_wconf 88' lang='lat' dir='ltr'><strong><em>potestate</em></strong></span> <span class='ocrx_word' id='word_1_744' title='bbox 3468 4355 3678 4418; x_wconf 90' lang='lat' dir='ltr'><strong><em>nostra,</em></strong></span> 
     </span>
    </p>
   </div>
   <div class='ocr_carea' id='block_1_97' title="bbox 1986 4437 3688 4519">
    <p class='ocr_par' dir='ltr' id='par_1_97' title="bbox 1986 4437 3688 4519">
     <span class='ocr_line' id='line_1_97' title="bbox 1986 4437 3688 4519; baseline -0.007 -17"><span class='ocrx_word' id='word_1_745' title='bbox 1986 4448 2097 4502; x_wconf 90' lang='lat' dir='ltr'><strong><em>nisi</em></strong></span> <span class='ocrx_word' id='word_1_746' title='bbox 2125 4447 2297 4519; x_wconf 91' lang='lat' dir='ltr'><strong><em>quod,</em></strong></span> <span class='ocrx_word' id='word_1_747' title='bbox 2332 4463 2462 4501; x_wconf 89' lang='lat' dir='ltr'><strong><em>cum</em></strong></span> <span class='ocrx_word' id='word_1_748' title='bbox 2490 4446 2774 4512; x_wconf 88' lang='lat' dir='ltr'><strong><em>volumus,</em></strong></span> <span class='ocrx_word' id='word_1_749' title='bbox 2804 4444 2895 4510; x_wconf 83' lang='lat' dir='ltr'><strong><em>ﬁt;</em></strong></span> <span class='ocrx_word' id='word_1_750' title='bbox 2929 4442 3029 4496; x_wconf 90' lang='lat' dir='ltr'><strong><em>ubi</em></strong></span> <span class='ocrx_word' id='word_1_751' title='bbox 3057 4441 3217 4512; x_wconf 91' lang='lat' dir='ltr'><strong><em>prius</em></strong></span> <span class='ocrx_word' id='word_1_752' title='bbox 3246 4445 3304 4495; x_wconf 89' lang='lat' dir='ltr'><strong><em>et</em></strong></span> <span class='ocrx_word' id='word_1_753' title='bbox 3337 4437 3580 4493; x_wconf 80' lang='lat' dir='ltr'><strong><em>maxime</em></strong></span> <span class='ocrx_word' id='word_1_754' title='bbox 3602 4439 3688 4491; x_wconf 87' lang='lat' dir='ltr'><strong><em>est</em></strong></span> 
     </span>
    </p>
   </div>
   <div class='ocr_carea' id='block_1_98' title="bbox 1986 4522 3682 4605">
    <p class='ocr_par' dir='ltr' id='par_1_98' title="bbox 1986 4522 3682 4605">
     <span class='ocr_line' id='line_1_98' title="bbox 1986 4522 3682 4605; baseline -0.008 -15"><span class='ocrx_word' id='word_1_755' title='bbox 1986 4535 2176 4605; x_wconf 89' lang='lat' dir='ltr'><strong><em>ipsum</em></strong></span> <span class='ocrx_word' id='word_1_756' title='bbox 2218 4534 2388 4589; x_wconf 86' lang='lat' dir='ltr'><strong><em>velle.</em></strong></span> <span class='ocrx_word' id='word_1_757' title='bbox 2438 4531 2569 4588; x_wconf 89' lang='lat' dir='ltr'><strong><em>Sine</em></strong></span> <span class='ocrx_word' id='word_1_758' title='bbox 2632 4532 2748 4585; x_wconf 89' lang='lat' dir='ltr'><strong><em>ullo</em></strong></span> <span class='ocrx_word' id='word_1_759' title='bbox 2796 4529 3008 4602; x_wconf 87' lang='lat' dir='ltr'><strong><em>quippe</em></strong></span> <span class='ocrx_word' id='word_1_760' title='bbox 3058 4527 3357 4583; x_wconf 83' lang='lat' dir='ltr'><strong><em>intervallo</em></strong></span> <span class='ocrx_word' id='word_1_761' title='bbox 3404 4522 3682 4596; x_wconf 85' lang='lat' dir='ltr'><strong><em>temporis</em></strong></span> 
     </span>
    </p>
   </div>
   <div class='ocr_carea' id='block_1_99' title="bbox 1986 4608 3690 4692">
    <p class='ocr_par' dir='ltr' id='par_1_99' title="bbox 1986 4608 3690 4692">
     <span class='ocr_line' id='line_1_99' title="bbox 1986 4608 3690 4692; baseline -0.008 -18"><span class='ocrx_word' id='word_1_762' title='bbox 1986 4624 2195 4692; x_wconf 79' lang='lat' dir='ltr'><strong><em>praesto</em></strong></span> <span class='ocrx_word' id='word_1_763' title='bbox 2244 4624 2329 4672; x_wconf 89' lang='lat' dir='ltr'><strong><em>est</em></strong></span> <span class='ocrx_word' id='word_1_764' title='bbox 2382 4618 2639 4672; x_wconf 88' lang='lat' dir='ltr'><strong><em>voluntas</em></strong></span> <span class='ocrx_word' id='word_1_765' title='bbox 2682 4615 2826 4687; x_wconf 90' lang='lat' dir='ltr'><strong><em>ipsa,</em></strong></span> <span class='ocrx_word' id='word_1_766' title='bbox 2886 4630 3018 4668; x_wconf 91' lang='lat' dir='ltr'><strong><em>cum</em></strong></span> <span class='ocrx_word' id='word_1_767' title='bbox 3063 4613 3365 4677; x_wconf 88' lang='lat' dir='ltr'><strong><em>volumus;</em></strong></span> <span class='ocrx_word' id='word_1_768' title='bbox 3402 4609 3499 4663; x_wconf 82' lang='lat' dir='ltr'><strong><em>sed</em></strong></span> <span class='ocrx_word' id='word_1_769' title='bbox 3541 4608 3690 4663; x_wconf 85' lang='lat' dir='ltr'><strong><em>hanc</em></strong></span> 
     </span>
    </p>
   </div>
   <div class='ocr_carea' id='block_1_100' title="bbox 1989 4696 3688 4779">
    <p class='ocr_par' dir='ltr' id='par_1_100' title="bbox 1989 4696 3688 4779">
     <span class='ocr_line' id='line_1_100' title="bbox 1989 4696 3688 4779; baseline -0.008 -17"><span class='ocrx_word' id='word_1_770' title='bbox 1989 4724 2218 4779; x_wconf 90' lang='lat' dir='ltr'><strong><em>quoque</em></strong></span> <span class='ocrx_word' id='word_1_771' title='bbox 2267 4706 2335 4761; x_wconf 92' lang='lat' dir='ltr'><strong><em>ad</em></strong></span> <span class='ocrx_word' id='word_1_772' title='bbox 2363 4707 2505 4760; x_wconf 88' lang='lat' dir='ltr'><strong><em>bene</em></strong></span> <span class='ocrx_word' id='word_1_773' title='bbox 2552 4702 2858 4757; x_wconf 87' lang='lat' dir='ltr'><strong><em>vivendum</em></strong></span> <span class='ocrx_word' id='word_1_774' title='bbox 2908 4700 3153 4773; x_wconf 88' lang='lat' dir='ltr'><strong><em>desuper</em></strong></span> <span class='ocrx_word' id='word_1_775' title='bbox 3191 4696 3501 4768; x_wconf 90' lang='lat' dir='ltr'><strong><em>accipimus</em></strong></span> <span class='ocrx_word' id='word_1_776' title='bbox 3531 4699 3688 4768; x_wconf 87' lang='lat' dir='ltr'><strong><em>pote-</em></strong></span> 
     </span>
    </p>
   </div>
   <div class='ocr_carea' id='block_1_101' title="bbox 1989 4783 3687 4865">
    <p class='ocr_par' dir='ltr' id='par_1_101' title="bbox 1989 4783 3687 4865">
     <span class='ocr_line' id='line_1_101' title="bbox 1989 4783 3687 4865; baseline -0.005 -14"><span class='ocrx_word' id='word_1_777' title='bbox 1989 4801 2212 4862; x_wconf 89' lang='lat' dir='ltr'><strong><em>statem,</em></strong></span> <span class='ocrx_word' id='word_1_778' title='bbox 2238 4810 2367 4849; x_wconf 88' lang='lat' dir='ltr'><strong><em>cum</em></strong></span> <span class='ocrx_word' id='word_1_779' title='bbox 2397 4796 2751 4865; x_wconf 57' lang='lat' dir='ltr'><strong><em>praeparatur</em></strong></span> <span class='ocrx_word' id='word_1_780' title='bbox 2782 4789 3045 4844; x_wconf 88' lang='lat' dir='ltr'><strong><em>voluntas</em></strong></span> <span class='ocrx_word' id='word_1_781' title='bbox 3076 4803 3108 4841; x_wconf 87' lang='lat' dir='ltr'><strong><em>a</em></strong></span> <span class='ocrx_word' id='word_1_782' title='bbox 3135 4785 3398 4841; x_wconf 90' lang='lat' dir='ltr'><strong><em>Domino.</em></strong></span> <span class='ocrx_word' id='word_1_783' title='bbox 3425 4783 3687 4842; x_wconf 72' lang='lat' dir='ltr'><strong><em>Secunda</em></strong></span> 
     </span>
    </p>
   </div>
   <div class='ocr_carea' id='block_1_102' title="bbox 1989 4869 3693 4957">
    <p class='ocr_par' dir='ltr' id='par_1_102' title="bbox 1989 4869 3693 4957">
     <span class='ocr_line' id='line_1_102' title="bbox 1989 4869 3693 4957; baseline -0.01 -16"><span class='ocrx_word' id='word_1_784' title='bbox 1989 4886 2230 4957; x_wconf 63' lang='lat' dir='ltr'><strong><em>qumstio</em></strong></span> <span class='ocrx_word' id='word_1_785' title='bbox 2280 4888 2383 4950; x_wconf 89' lang='lat' dir='ltr'><strong><em>est,</em></strong></span> <span class='ocrx_word' id='word_1_786' title='bbox 2416 4879 2700 4953; x_wconf 89' lang='lat' dir='ltr'><strong><em>quomodo</em></strong></span> <span class='ocrx_word' id='word_1_787' title='bbox 2746 4877 2963 4933; x_wconf 88' lang='lat' dir='ltr'><strong><em>dictum</em></strong></span> <span class='ocrx_word' id='word_1_788' title='bbox 3011 4873 3104 4942; x_wconf 90' lang='lat' dir='ltr'><strong><em>sit,</em></strong></span> <span class='ocrx_word' id='word_1_789' title='bbox 3152 4876 3377 4929; x_wconf 82' lang='lat' dir='ltr'><strong><em>Pcenitet</em></strong></span> <span class='ocrx_word' id='word_1_790' title='bbox 3422 4888 3502 4927; x_wconf 88' lang='lat' dir='ltr'><strong><em>me</em></strong></span> <span class='ocrx_word' id='word_1_791' title='bbox 3548 4869 3693 4940; x_wconf 82' lang='lat' dir='ltr'><strong><em>quod</em></strong></span> 
     </span>
    </p>
   </div>
   <div class='ocr_carea' id='block_1_103' title="bbox 1988 4960 3688 5039">
    <p class='ocr_par' dir='ltr' id='par_1_103' title="bbox 1988 4960 3688 5039">
     <span class='ocr_line' id='line_1_103' title="bbox 1988 4960 3688 5039; baseline -0.01 -8"><span class='ocrx_word' id='word_1_792' title='bbox 1988 4975 2351 5031; x_wconf 88' lang='lat' dir='ltr'><strong><em>constituerim</em></strong></span> <span class='ocrx_word' id='word_1_793' title='bbox 2372 4986 2548 5039; x_wconf 89' lang='lat' dir='ltr'><strong><em>regem</em></strong></span> <span class='ocrx_word' id='word_1_794' title='bbox 2576 4969 2708 5025; x_wconf 71' lang='lat' dir='ltr'><strong><em>Sai‘il</em></strong></span> <span class='ocrx_word' id='word_1_795' title='bbox 2737 4967 2785 5039; x_wconf 89' lang='grc' dir='ltr'><strong><em>(Ι</em></strong></span> <span class='ocrx_word' id='word_1_796' title='bbox 2815 4969 2945 5033; x_wconf 86' lang='lat' dir='ltr'><strong><em>Reg.</em></strong></span> <span class='ocrx_word' id='word_1_797' title='bbox 2977 4980 3070 5031; x_wconf 81' lang='lat' dir='ltr'><strong><em>xv,</em></strong></span> <span class='ocrx_word' id='word_1_798' title='bbox 3108 4964 3220 5033; x_wconf 85' lang='lat' dir='ltr'><strong><em>ll).</em></strong></span> <span class='ocrx_word' id='word_1_799' title='bbox 3272 4960 3460 5017; x_wconf 84' lang='lat' dir='ltr'><strong><em>Tertia</em></strong></span> <span class='ocrx_word' id='word_1_800' title='bbox 3493 4965 3688 5014; x_wconf 91' lang='lat' dir='ltr'><strong><em>utrum</em></strong></span> 
     </span>
    </p>
   </div>
   <div class='ocr_carea' id='block_1_104' title="bbox 1990 5045 3694 5134">
    <p class='ocr_par' dir='ltr' id='par_1_104' title="bbox 1990 5045 3694 5134">
     <span class='ocr_line' id='line_1_104' title="bbox 1990 5045 3694 5134; baseline -0.011 -16"><span class='ocrx_word' id='word_1_801' title='bbox 1990 5063 2224 5134; x_wconf 90' lang='lat' dir='ltr'><strong><em>spiritus</em></strong></span> <span class='ocrx_word' id='word_1_802' title='bbox 2271 5058 2600 5114; x_wconf 89' lang='lat' dir='ltr'><strong><em>immundus</em></strong></span> <span class='ocrx_word' id='word_1_803' title='bbox 2632 5055 2731 5126; x_wconf 88' lang='lat' dir='ltr'><strong><em>qui</em></strong></span> <span class='ocrx_word' id='word_1_804' title='bbox 2774 5057 2897 5108; x_wconf 86' lang='lat' dir='ltr'><strong><em>erat</em></strong></span> <span class='ocrx_word' id='word_1_805' title='bbox 2940 5052 3001 5107; x_wconf 91' lang='lat' dir='ltr'><strong><em>in</em></strong></span> <span class='ocrx_word' id='word_1_806' title='bbox 3038 5050 3390 5123; x_wconf 87' lang='lat' dir='ltr'><strong><em>pythonissa,</em></strong></span> <span class='ocrx_word' id='word_1_807' title='bbox 3438 5045 3694 5119; x_wconf 86' lang='lat' dir='ltr'><strong><em>potuerit</em></strong></span> 
     </span>
    </p>
   </div>
   <div class='ocr_carea' id='block_1_105' title="bbox 1990 5140 3692 5222">
    <p class='ocr_par' dir='ltr' id='par_1_105' title="bbox 1990 5140 3692 5222">
     <span class='ocr_line' id='line_1_105' title="bbox 1990 5140 3692 5222; baseline -0.012 -17"><span class='ocrx_word' id='word_1_808' title='bbox 1990 5168 2157 5222; x_wconf 83' lang='lat' dir='ltr'><strong><em>agere</em></strong></span> <span class='ocrx_word' id='word_1_809' title='bbox 2186 5155 2251 5203; x_wconf 89' lang='lat' dir='ltr'><strong><em>ut</em></strong></span> <span class='ocrx_word' id='word_1_810' title='bbox 2270 5147 2496 5203; x_wconf 89' lang='lat' dir='ltr'><strong><em>Samuel</em></strong></span> <span class='ocrx_word' id='word_1_811' title='bbox 2522 5162 2556 5199; x_wconf 89' lang='lat' dir='ltr'><strong><em>a</em></strong></span> <span class='ocrx_word' id='word_1_812' title='bbox 2587 5145 2752 5199; x_wconf 76' lang='lat' dir='ltr'><strong><em>Saule</em></strong></span> <span class='ocrx_word' id='word_1_813' title='bbox 2780 5142 3086 5209; x_wconf 89' lang='lat' dir='ltr'><strong><em>videretur,</em></strong></span> <span class='ocrx_word' id='word_1_814' title='bbox 3111 5143 3167 5194; x_wconf 90' lang='lat' dir='ltr'><strong><em>et</em></strong></span> <span class='ocrx_word' id='word_1_815' title='bbox 3192 5140 3519 5222; x_wconf 80' lang='lat' dir='ltr'><strong><em>loqueretur</em></strong></span> <span class='ocrx_word' id='word_1_816' title='bbox 3561 5148 3692 5186; x_wconf 90' lang='lat' dir='ltr'><strong><em>cum</em></strong></span> 
     </span>
    </p>
   </div>
   <div class='ocr_carea' id='block_1_106' title="bbox 1991 5220 3691 5305">
    <p class='ocr_par' dir='ltr' id='par_1_106' title="bbox 1991 5220 3691 5305">
     <span class='ocr_line' id='line_1_106' title="bbox 1991 5220 3691 5305; baseline -0.013 -12"><span class='ocrx_word' id='word_1_817' title='bbox 1991 5220 2056 5293; x_wconf 81' lang='lat' dir='ltr'><strong><em>eo</em></strong></span> <span class='ocrx_word' id='word_1_818' title='bbox 2090 5238 2246 5305; x_wconf 82' lang='lat' dir='ltr'><strong><em>(Ibid.</em></strong></span> <span class='ocrx_word' id='word_1_819' title='bbox 2277 5252 2465 5301; x_wconf 83' lang='lat' dir='ltr'><strong><em>xxvm,</em></strong></span> <span class='ocrx_word' id='word_1_820' title='bbox 2495 5235 2672 5302; x_wconf 79' lang='grc'><strong><em>7-20).</em></strong></span> <span class='ocrx_word' id='word_1_821' title='bbox 2707 5232 2936 5297; x_wconf 85' lang='lat' dir='ltr'><strong><em>Quarta,</em></strong></span> <span class='ocrx_word' id='word_1_822' title='bbox 2986 5227 3056 5283; x_wconf 87' lang='lat' dir='ltr'><strong><em>de</em></strong></span> <span class='ocrx_word' id='word_1_823' title='bbox 3104 5243 3171 5281; x_wconf 90' lang='lat' dir='ltr'><strong><em>eo</em></strong></span> <span class='ocrx_word' id='word_1_824' title='bbox 3216 5223 3369 5296; x_wconf 89' lang='lat' dir='ltr'><strong><em>quod</em></strong></span> <span class='ocrx_word' id='word_1_825' title='bbox 3416 5220 3691 5291; x_wconf 90' lang='lat' dir='ltr'><strong><em>scriptum</em></strong></span> 
     </span>
    </p>
   </div>
   <div class='ocr_carea' id='block_1_107' title="bbox 1992 5308 3691 5386">
    <p class='ocr_par' dir='ltr' id='par_1_107' title="bbox 1992 5308 3691 5386">
     <span class='ocr_line' id='line_1_107' title="bbox 1992 5308 3691 5386; baseline -0.012 -4"><span class='ocrx_word' id='word_1_826' title='bbox 1992 5332 2103 5382; x_wconf 89' lang='lat' dir='ltr'><strong><em>est:</em></strong></span> <span class='ocrx_word' id='word_1_827' title='bbox 2137 5326 2375 5381; x_wconf 87' lang='lat' dir='ltr'><strong><em>Intravit</em></strong></span> <span class='ocrx_word' id='word_1_828' title='bbox 2402 5338 2501 5377; x_wconf 71' lang='lat' dir='ltr'><strong><em>rem</em></strong></span> <span class='ocrx_word' id='word_1_829' title='bbox 2529 5319 2783 5386; x_wconf 86' lang='lat' dir='ltr'><strong><em>David,et</em></strong></span> <span class='ocrx_word' id='word_1_830' title='bbox 2819 5317 2959 5373; x_wconf 89' lang='lat' dir='ltr'><strong><em>sedit</em></strong></span> <span class='ocrx_word' id='word_1_831' title='bbox 2988 5319 3113 5370; x_wconf 89' lang='lat' dir='ltr'><strong><em>ante</em></strong></span> <span class='ocrx_word' id='word_1_832' title='bbox 3145 5313 3427 5368; x_wconf 87' lang='lat' dir='ltr'><strong><em>Dominum</em></strong></span> <span class='ocrx_word' id='word_1_833' title='bbox 3452 5308 3521 5374; x_wconf 90' lang='lat' dir='ltr'><strong><em>(ll</em></strong></span> <span class='ocrx_word' id='word_1_834' title='bbox 3558 5309 3691 5374; x_wconf 77' lang='lat' dir='ltr'><strong><em>Reg.</em></strong></span> 
     </span>
    </p>
   </div>
   <div class='ocr_carea' id='block_1_108' title="bbox 1994 5396 3693 5485">
    <p class='ocr_par' dir='ltr' id='par_1_108' title="bbox 1994 5396 3693 5485">
     <span class='ocr_line' id='line_1_108' title="bbox 1994 5396 3693 5485; baseline -0.014 -15"><span class='ocrx_word' id='word_1_835' title='bbox 1994 5433 2091 5485; x_wconf 85' lang='lat' dir='ltr'><strong><em>vu,</em></strong></span> <span class='ocrx_word' id='word_1_836' title='bbox 2139 5413 2243 5484; x_wconf 86' lang='lat' dir='ltr'><strong><em>l8).</em></strong></span> <span class='ocrx_word' id='word_1_837' title='bbox 2296 5411 2528 5480; x_wconf 84' lang='lat' dir='ltr'><strong><em>Quinta,</em></strong></span> <span class='ocrx_word' id='word_1_838' title='bbox 2576 5409 2646 5464; x_wconf 89' lang='lat' dir='ltr'><strong><em>de</em></strong></span> <span class='ocrx_word' id='word_1_839' title='bbox 2675 5424 2742 5462; x_wconf 89' lang='lat' dir='ltr'><strong><em>eo</em></strong></span> <span class='ocrx_word' id='word_1_840' title='bbox 2771 5406 2923 5478; x_wconf 85' lang='lat' dir='ltr'><strong><em>quod</em></strong></span> <span class='ocrx_word' id='word_1_841' title='bbox 2974 5402 3116 5459; x_wconf 87' lang='lat' dir='ltr'><strong><em>dixit</em></strong></span> <span class='ocrx_word' id='word_1_842' title='bbox 3153 5398 3337 5454; x_wconf 76' lang='lat' dir='ltr'><strong><em>Elius:</em></strong></span> <span class='ocrx_word' id='word_1_843' title='bbox 3370 5396 3693 5485; x_wconf 76' lang='lat' dir='ltr'><strong><em>O_Domine,</em></strong></span> 
     </span>
    </p>
   </div>
   <div class='ocr_carea' id='block_1_109' title="bbox 1998 5483 3690 5572">
    <p class='ocr_par' dir='ltr' id='par_1_109' title="bbox 1998 5483 3690 5572">
     <span class='ocr_line' id='line_1_109' title="bbox 1998 5483 3690 5572; baseline -0.013 -13"><span class='ocrx_word' id='word_1_844' title='bbox 1998 5483 2147 5559; x_wconf 86' lang='lat' dir='ltr'><strong><em>testis</em></strong></span> <span class='ocrx_word' id='word_1_845' title='bbox 2178 5483 2338 5572; x_wconf 74' lang='lat' dir='ltr'><strong><em>huius</em></strong></span> <span class='ocrx_word' id='word_1_846' title='bbox 2380 5500 2556 5555; x_wconf 67' lang='lat' dir='ltr'><strong><em>viduae</em></strong></span> <span class='ocrx_word' id='word_1_847' title='bbox 2598 5513 2717 5553; x_wconf 85' lang='lat' dir='ltr'><strong><em>cum</em></strong></span> <span class='ocrx_word' id='word_1_848' title='bbox 2746 5510 2856 5567; x_wconf 84' lang='lat' dir='ltr'><strong><em>qua</em></strong></span> <span class='ocrx_word' id='word_1_849' title='bbox 2890 5509 2984 5563; x_wconf 86' lang='lat' dir='ltr'><strong><em>ego</em></strong></span> <span class='ocrx_word' id='word_1_850' title='bbox 3013 5488 3255 5546; x_wconf 88' lang='lat' dir='ltr'><strong><em>inhabito</em></strong></span> <span class='ocrx_word' id='word_1_851' title='bbox 3293 5483 3445 5557; x_wconf 86' lang='lat' dir='ltr'><strong><em>apud</em></strong></span> <span class='ocrx_word' id='word_1_852' title='bbox 3480 5483 3690 5555; x_wconf 84' lang='lat' dir='ltr'><strong><em>ipsam:</em></strong></span> 
     </span>
    </p>
   </div>
  </div>
