4062 6362
437 292 530 344 631
1570 284 2225 343 RETBACTATIONUM
2279 286 2332 341 S.
2393 279 2802 340 AUGUSTINI.

433 413 493 465 tu
520 410 659 464 male
683 409 866 476 fecisti
905 409 1142 465 occidere
1183 407 1360 479 ﬁlium
1393 411 1508 480 ejus
1538 409 1632 479 (III
1668 412 1798 478 Reg.
1841 425 1972 475 xvn,
2009 409 2121 478 20).

435 499 549 552 Hoc
576 513 720 569 opus
745 497 824 552 sic
848 497 1084 569 incipit:
1119 500 1502 556 Gratissimum
1515 499 1701 569 plane.

1118 588 1342 642 CAPUT
1386 587 1456 642 Il.

435 676 645 730 Contra
674 676 973 746 Epistolam
995 691 1158 746 quam
1189 679 1382 730 vocant
1409 675 1786 741 Fundamenti,
1814 674 1947 728 liber
1968 689 2126 728 unus.

507 764 676 818 Liber
720 768 914 818 contra
964 764 1270 835 Epistolam
1339 763 1656 830 Manicbaai,
1707 779 1880 834 quam
1931 766 2131 817 vocant

438 851 814 906 Fundamenti
854 852 1136 923 principia
1182 853 1307 923 ejus
1365 853 1483 908 sola
1526 851 1849 923 redarguit;
1923 851 2020 906 sed
2069 850 2129 904 in

433 940 649 994 caeteris
691 941 844 997 illius
880 944 1182 1013 partibus‘
1216 942 1610 997 annotationes
1659 941 1755 996 ubi
1806 941 2124 1007 videbatur,

433 1027 614 1082 afﬁxas
638 1033 788 1099 sunt,
819 1031 1028 1102 quibus
1059 1035 1176 1085 tota
1225 1031 1595 1101 subvertitur,
1626 1035 1683 1086 et
1730 1029 1938 1102 quibus
1983 1045 2129 1083 com-

433 1131 720 1187 monerer,
742 1117 790 1172 si
819 1119 1049 1191 quando
1077 1123 1274 1174 contra
1300 1123 1481 1174 totam
1510 1118 1755 1174 scribere
1785 1117 2121 1174 vacavisset.

437 1203 535 1258 llic
560 1204 706 1260 liber
725 1206 805 1261 sic
831 1205 1065 1278 incipit:
1103 1210 1276 1262 Unum
1303 1223 1488 1262 verum
1523 1211 1709 1262 Deum.

1103 1295 1327 1350 CAPUT
1366 1295 1460 1350 Ill.

787 1385 860 1438 De
887 1383 1073 1451 Agone
1101 1385 1429 1450 Christiano,
1454 1383 1588 1437 liber
1607 1397 1769 1440 unus.

506 1470 672 1526 Liber
688 1470 757 1525 de
776 1472 975 1542 Agone
993 1471 1309 1526 Christiano
1325 1471 1594 1526 fratribus
1615 1471 1675 1526 in
1694 1470 1924 1542 eloquio
1947 1469 2130 1525 latino

432 1559 734 1613 ineruditis
744 1558 949 1614 humili
960 1575 1222 1614 sermone
1234 1559 1588 1630 conscriptus
1600 1563 1702 1625 est,
1720 1559 1854 1613 ﬁdei
1868 1558 2130 1629 regulam

433 1646 752 1715 continens,
793 1652 852 1701 et
902 1652 1184 1718 praecepta
1218 1647 1464 1703 vivendi.
1511 1649 1575 1702 In
1621 1664 1735 1718 quo
1777 1645 1923 1701 illud
1969 1646 2123 1717 posi-

435 1740 558 1789 tum
583 1739 687 1800 est,
707 1736 810 1790 Nec
827 1749 912 1788 eos
931 1735 1246 1803 audiamus,
1268 1738 1366 1805 qui
1386 1738 1569 1790 carnis
1591 1738 2028 1790 resurrectionem
2045 1737 2134 1802 fu-

433 1827 613 1876 turam
628 1827 846 1888 negant,
868 1827 917 1876 et
933 1828 1342 1878 commemorant
1355 1823 1500 1892 quod
1516 1826 1596 1878 ait
1617 1825 1890 1894 apostolus
1905 1824 2130 1888 Paulus,

435 1930 462 1962 «
486 1926 610 1964 caro
629 1915 680 1964 et
697 1913 921 1978 sanguis
935 1927 1160 1979 regnum
1172 1914 1270 1966 Dei
1278 1927 1384 1966 non
1400 1913 1780 1981 possidebunt;
1803 1931 1829 1964 η
1853 1928 1959 1966 ηοη
1975 1915 2130 1965 intel-

433 2000 651 2065 ligentes
683 1999 826 2067 quod
853 2001 968 2068 ipse
981 1999 1121 2054 dicit
1149 2000 1461 2069 Apostolus.
1486 2019 1513 2050 α
1539 2001 1757 2070 Oportet
1775 2001 2124 2069 corruptibile

435 2089 528 2141 hoc
557 2087 779 2141 induere
802 2089 1280 2157 incorruptionem,
1323 2093 1374 2143 et
1411 2092 1636 2144 mortale
1655 2091 1750 2144 hoc
1779 2090 2001 2143 induere
2029 2091 2133 2142 im-

434 2176 818 2230 mortalitatem
841 2197 863 2225 ι
891 2174 936 2244 (I
959 2177 1088 2232 Cor.
1111 2191 1201 2237 xv,
1228 2178 1316 2243 50,
1341 2178 1459 2246 53);
1491 2193 1606 2232 cum
1636 2180 1777 2232 enim
1804 2179 1897 2232 hoc
1924 2179 2134 2244 factum

431 2265 621 2329 fuerit,
646 2265 768 2332 jam
796 2279 904 2318 non
940 2266 1044 2318 erit
1085 2279 1208 2319 caro
1237 2269 1288 2318 et
1314 2268 1561 2334 sanguis,
1595 2266 1690 2319 sed
1707 2267 1910 2320 caeleste
1938 2280 2132 2334 corpus

436 2352 594 2420 (Cap.
635 2353 725 2421 32,
770 2367 826 2406 η.
862 2353 976 2415 34);
1011 2367 1127 2406 non
1151 2351 1229 2406 sic
1258 2353 1655 2422 accipiendum
1685 2358 1788 2419 est,
1821 2353 1984 2424 quasi
2009 2369 2132 2406 car-

435 2439 522 2493 nis
552 2455 668 2494 non
695 2439 770 2494 sit
796 2439 989 2494 futura
1028 2440 1364 2504 substantia,
1405 2441 1499 2495 sed
1535 2441 1718 2494 carnis
1747 2445 1805 2496 et
1833 2441 2132 2510 sanguinis

435 2526 670 2581 nomine
716 2527 902 2598 ipsam
929 2528 1354 2599 corruptionem
1396 2529 1581 2583 carnis
1623 2535 1679 2582 et
1709 2527 2008 2600 sanguinis
2037 2528 2126 2582 in-

434 2614 776 2686 telligendus
807 2619 889 2669 est
914 2617 1222 2686 Apostolus
1259 2633 1646 2686 nuncupasse;
1689 2633 1819 2688 quae
1851 2617 2046 2687 utique
2070 2615 2130 2670 in

434 2718 613 2774 regno
631 2702 729 2758 illo
751 2719 865 2758 non
887 2705 1013 2770 erit,
1037 2705 1137 2759 ubi
1155 2721 1285 2759 caro
1303 2704 1756 2776 incorruptibilis
1776 2704 1903 2759 erit.
1927 2704 2132 2769 Quam-

435 2791 518 2845 vis
539 2795 594 2846 et
643 2791 811 2846 aliter
840 2793 1019 2863 possit
1047 2793 1314 2864 intelligi,
1343 2797 1408 2848 ut
1435 2809 1664 2849 carnem
1688 2799 1744 2848 et
1792 2793 2132 2864 sanguinem

435 2895 610 2948 opera
640 2879 825 2934 carnis
863 2885 920 2935 et
943 2881 1236 2949 sanguinis
1266 2881 1472 2937 dixisse
1502 2881 1846 2952 accipiamus
1889 2883 2131 2952 Aposto-

436 2967 574 3032 lum,
595 2970 650 3021 et
661 2983 754 3022 eos
767 2984 1009 3039 regnum
1023 2969 1122 3023 Dei
1133 2986 1249 3024 non
1261 2986 1641 3041 possessuros,
1667 2969 1765 3042 qui
1778 2986 2132 3040 perseveran-

434 3059 520 3110 ter
536 3055 644 3109 ista
661 3055 983 3112 dilexerint.
1010 3057 1110 3111 Hic
1130 3058 1274 3112 liber
1291 3058 1371 3112 sic
1392 3059 1622 3129 incipit:
1646 3060 1852 3116 Corona
1871 3061 2127 3114 victom‘ae.

1109 3147 1334 3200 CAPUT
1365 3148 1451 3201 IV.

698 3234 766 3284 Dc
798 3235 1059 3286 Doctrina
1087 3236 1424 3295 Christiana,
1447 3235 1578 3288 libri
1605 3239 1860 3303 quatuor.

511 3320 560 3371 1.
592 3316 783 3370 Libros
808 3319 878 3372 de
913 3321 1177 3374 Doctrina
1223 3320 1561 3387 Christiana,
1605 3338 1734 3376 cum
1765 3321 2129 3392 imperfectos

433 3405 860 3476 comperissem,
884 3408 1158 3476 perficere
1193 3410 1370 3463 malui
1400 3425 1572 3480 quam
1599 3410 1679 3464 eis
1710 3409 1788 3465 sic
1814 3410 2021 3466 relictis
2061 3412 2128 3466 ad

435 3493 544 3547 alia
574 3496 932 3550 retractanda
960 3497 1229 3553 transire.
1261 3497 1552 3568 Complevi
1593 3515 1729 3568 ergo
1763 3498 1997 3553 tertium
2027 3499 2129 3570 qui

433 3581 674 3651 scriptus
733 3583 918 3639 fuerat
984 3601 1165 3656 usque
1213 3586 1283 3640 ad
1348 3601 1480 3639 eum
1551 3587 1741 3640 locum
1812 3588 1974 3657 (Cap.
2033 3591 2127 3655 255,

434 3684 486 3722 η.
515 3665 630 3739 36),
663 3671 760 3725 ubi
789 3678 1302 3729 commemoratum
1329 3678 1412 3729 est
1441 3690 1506 3728 ex
1539 3675 1844 3746 Evangelio
1878 3676 2130 3732 testimo-

433 3756 593 3812 nium
657 3759 726 3812 de
783 3760 1042 3825 muliere,
1105 3778 1234 3833 qua!
1307 3762 1604 3817 abscondit
1658 3763 2008 3818 fermentum
2068 3765 2127 3819 in

430 3845 611 3901 tribus
657 3850 940 3904 mensuris
995 3849 1193 3906 farinae
1241 3852 1422 3907 donec
1459 3853 1902 3908 fermentaretur
1943 3857 2128 3909 totum

435 3936 578 4002 (Luc,
612 3952 732 4003 xm,
784 3938 895 4008 21).
924 3939 1128 3993 Addidi
1159 3940 1334 3995 etiam
1377 3941 1753 3997 novissimum
1783 3942 2014 4004 librum,
2067 3947 2124 3997 et

433 4028 680 4092 quatuor
709 4024 870 4078 libris
901 4043 1044 4096 opus
1075 4027 1217 4082 illud
1239 4028 1501 4098 implevi:
1535 4046 1780 4100 quorum
1811 4030 1982 4101 primi
2012 4035 2127 4085 tres

429 4111 699 4180 adjuvant
741 4117 806 4165 ut
834 4114 1142 4182 Scriptura:
1183 4115 1599 4186 intelligantur,
1651 4123 1890 4187 quartus
1933 4122 2126 4174 autem

431 4198 719 4265 quomodo
753 4214 883 4268 quae
911 4200 1282 4271 intelligimus
1311 4204 1651 4273 proferenda
1681 4204 1820 4259 sint.

500 4286 548 4335 2.
581 4286 645 4338 In
690 4287 937 4340 secundo
982 4304 1118 4342 sane
1161 4289 1305 4344 libro
1354 4291 1424 4345 de
1469 4295 1697 4347 auctore
1738 4292 1890 4360 libri,
1949 4310 2120 4365 quem

430 4369 621 4438 plures
675 4377 878 4426 vocant
934 4374 1282 4445 Sapientiam
1344 4377 1686 4445 Salomonis,
1735 4382 1886 4451 quod
1950 4382 2125 4437 etiam

429 4457 618 4528 ipsum
643 4459 786 4514 sicut
819 4462 1268 4518 Ecclesiasticum
1313 4467 1475 4520 Jesus
1511 4467 1707 4522 Sirach
1735 4466 1758 4501 ³
1807 4470 2123 4541 scripserit,

430 4560 548 4599 non
601 4546 681 4600 ita
734 4553 992 4604 constare
1041 4551 1186 4606 sicut
1236 4569 1268 4606 a
1327 4569 1420 4608 me
1463 4555 1678 4610 dictum
1741 4561 1826 4612 est
1869 4559 2018 4628 (Cap.
2069 4561 2122 4626 8,

428 4653 484 4692 η.
530 4641 639 4707 13),
673 4646 871 4710 postea
899 4643 1091 4713 didici,
1124 4650 1181 4698 et
1228 4646 1463 4701 ominno
1495 4648 1848 4718 probabilius
1869 4653 2122 4721 comperi

427 4742 546 4780 non
575 4742 694 4781 esse
722 4729 876 4784 hunc
901 4732 1023 4802 ejus
1070 4733 1200 4787 libri
1230 4739 1548 4791 auctorem.
1599 4737 1701 4792 Ubi
1750 4743 1942 4792 autem
1981 4741 2122 4808 dixi,

429 4815 526 4868 His
557 4817 928 4886 quadraginta
949 4827 1182 4889 quatuor
1210 4824 1365 4879 libris
1402 4827 1724 4881 Testamenti
1775 4829 1980 4883 Veteris
2011 4835 2124 4883 ter-

427 4900 671 4957 minatur
707 4910 1034 4976 auctoritas;
1061 4925 1128 4964 ex
1156 4913 1564 4968 consuetudine
1593 4931 1707 4985 qua
1723 4915 1842 4985 jam
1863 4916 2122 4987 loquitur

431 4990 691 5058 Ecclesia,
713 4993 884 5048 Vetus
899 4997 1348 5068 Testamentum,
1363 5002 1646 5072 appellavi
1667 5019 1680 5058 :
1699 5005 2002 5074 Apostolus
2027 5021 2124 5059 au-

489 5188 513 5261 t
528 5185 588 5261 In
603 5189 801 5261 septem
820 5187 938 5236 Mss.
962 5188 1036 5236 sic
1051 5188 1156 5261 fere
1173 5190 1365 5261 legitur
1383 5207 1394 5261 ς
1418 5193 1517 5242 Sed
1535 5197 1596 5244 in
1611 5195 1821 5261 ultimis
1837 5197 1991 5249 illius
2003 5212 2122 5261 par-

426 5246 564 5319 tibus
577 5246 853 5319 anfractus
863 5261 1058 5319 omnes,
1072 5251 1165 5319 ubi
1185 5246 1367 5319 uideng
1376 5258 1482 5313 tur,
1498 5268 1560 5319 e1
1564 5257 1704 5318 plosi
1715 5263 1844 5309 sunt
1860 5275 1871 5307 :
1888 5246 1983 5308 sed
1996 5246 2120 5310 etin

424 5310 785 5373 creterisAtin
815 5311 1053 5359 Parcensi
1072 5313 1316 5373 legebant
1336 5310 1710 5366 Lova'niehses:
1735 5320 1898 5370 Sedin
1912 5322 2120 5373 ultimis

561 5372 798 5447 partibus
811 5386 942 5446 cum
961 5369 1243 5435 anfractus
1265 5388 1462 5436 omnes,
1487 5379 1573 5428 ubi
1611 5369 1898 5441 videbatur,
1915 5369 2118 5447 emisi

423 5433 550 5488 sint,
572 5437 958 5485 annotationes.

489 5493 507 5526 ⁵
530 5493 644 5543 Am.
677 5495 803 5560 Lug.
835 5499 981 5556 Ven.,
1002 5501 1153 5549 Jesus
1175 5498 1321 5560 ﬁlius
1365 5501 1571 5551 Sirach.
1597 5503 1662 5551 Μ.

3881 280 3996 335 632

2237 411 2352 462 tem
2364 422 2482 462 non
2491 407 2714 462 videtur
2725 405 3010 477 appellare
3019 406 3192 460 Vetus
3201 406 3666 466 Testamentum,
3679 405 3809 459 nisi
3822 407 3989 477 quod

2238 497 2436 552 datum
2464 500 2550 550 est
2569 495 2630 549 in
2665 499 2858 549 monte
2878 493 3014 549 Sina
3038 495 3246 565 (Galat.
3274 511 3346 563 iv,
3379 495 3492 562 24).
3538 495 3606 548 Et
3629 493 3694 547 in
3717 509 3798 548 eo
3821 496 3988 565 quod

2237 585 2374 652 dixi,
2398 589 2469 640 De
2488 589 2783 654 temporum
2805 584 3033 638 historia
3057 588 3303 638 sanctum
3321 583 3678 638 Ambrosium
3701 585 3721 620 ¹
3750 585 3989 638 solvisse

2238 676 2581 743 quazstionem
2604 674 2764 742 (Cap.
2786 674 2877 737 28,
2907 689 2964 727 n.
2991 673 3106 740 43),
3130 676 3405 743 tanquam
3429 671 3720 726 coaetanei
3749 671 3989 727 fuerint

2237 764 2394 817 Plato
2423 765 2479 816 et
2505 761 2811 827 Jeremias;
2843 776 2934 815 me
2962 759 3165 815 fefellit
3193 759 3490 815 memoria.
3512 761 3663 815 Nam
3687 760 3849 832 quid
3883 761 3984 814 ille

2239 851 2309 906 de
2352 851 2458 905 bac
2500 866 2561 904 re
2617 848 2918 921 episcopus
2975 849 3205 918 dixerit,
3251 849 3310 903 in
3357 848 3502 904 libro
3548 849 3680 920 ejus
3721 849 3979 920 legitur,

2238 955 2411 1012 quem
2458 939 2528 994 de
2574 937 2966 1006 sacramentis,
3009 936 3123 990 sive
3165 937 3235 991 de
3283 936 3654 1008 philosophia
3703 937 3974 1008 scripsit.

2239 1029 2354 1084 Hoc
2383 1043 2526 1097 opus
2554 1025 2634 1080 sic
2654 1024 2889 1097 incipit:
2924 1026 3064 1082 Sunt
3091 1031 3358 1095 pracepta
3388 1025 3662 1095 quedam.

2928 1113 3152 1168 CAPUT
3192 1114 3254 1166 V.

2311 1205 2508 1260 Contra
2535 1205 2747 1258 Partem
2775 1204 2991 1268 Donati,
3025 1202 3156 1257 libri
3183 1201 3384 1256 duo.—
3417 1201 3572 1276 [Non
3602 1204 3902 1276 exstant.)

2311 1291 2454 1347 Sunt
2481 1291 2595 1346 duo
2626 1290 2757 1346 libri
2787 1289 2921 1355 mei,
2944 1304 3192 1361 quorum
3216 1289 3414 1344 titulus
3434 1294 3537 1357 est,
3571 1292 3801 1346 Contra
3835 1293 3976 1346 Par-

2240 1383 2354 1434 tem
2400 1378 2622 1434 Donati.
2660 1379 2724 1432 ln
2751 1393 2999 1450 quorum
3042 1377 3228 1448 primo
3255 1377 3413 1432 Gibro
3460 1377 3604 1445 dixi,
3653 1394 3788 1433 non
3823 1380 3974 1434 mihi

2240 1469 2461 1539 placere
2484 1467 2657 1521 ullius
2686 1464 2976 1521 secularis
3024 1465 3322 1537 potestatis
3363 1466 3586 1538 impetu
3630 1467 3972 1523 schismati-

2241 1573 2332 1610 cos
2357 1556 2428 1610 ad
2467 1555 2934 1611 communionem
2981 1556 3259 1610 violenter
3291 1555 3518 1611 arcturi.
3551 1558 3621 1612 Et
3644 1573 3787 1612 vere
3828 1563 3973 1612 tunc

2241 1644 2382 1700 mihi
2410 1660 2527 1699 non
2555 1645 2836 1715 placebat,
2867 1644 3141 1716 quoniam
3182 1644 3437 1699 nondum
3467 1649 3746 1716 expertus
3777 1662 3967 1714 eram,

2241 1735 2326 1788 vel
2347 1738 2627 1806 quantum
2647 1733 2782 1788 mali
2802 1748 3004 1788 eorum
3026 1733 3264 1789 auderet
3281 1733 3615 1805 impunitas,
3643 1736 3737 1790 vel
3772 1752 3969 1807 quan-

2243 1828 2365 1877 tum
2383 1822 2462 1876 eis
2482 1822 2541 1876 in
2557 1821 2760 1876 melius
2770 1821 3058 1877 mutandis
3073 1821 3327 1876 conferre
3340 1826 3530 1893 posset
3539 1822 3858 1893 diligentia
3875 1824 3967 1878 di-

2241 1911 2514 1982 sciplinae.
2532 1913 2646 1966 Hoc
2659 1927 2803 1982 opus
2825 1911 2902 1966 sic
2915 1909 3145 1981 incipit:
3170 1912 3430 1978 Quoniam
3449 1913 3758 1967 Donatistae
3779 1912 3963 1967 nobis.

2916 1998 3141 2053 CAPUT
3179 2000 3247 2054 Vl
3259 2039 3272 2053 .

2657 2088 3057 2154 Confessionum
3087 2087 3217 2142 libri
3244 2087 3519 2142 tredecim.

2319 2180 2364 2230 1.
2407 2175 2847 2230 Confessionum
2921 2191 3179 2230 mearum
3246 2176 3378 2230 libri
3427 2176 3729 2244 tredecim,
3784 2183 3846 2232 et
3899 2179 3966 2232 de

2243 2263 2405 2318 malis
2435 2268 2492 2317 et
2521 2264 2589 2318 de
2636 2263 2800 2318 bonis
2839 2263 2981 2318 meis
3031 2265 3211 2319 Deum
3239 2263 3472 2318 laudant
3512 2265 3745 2336 justum
3779 2271 3841 2320 et
3862 2266 3965 2320 bo-

2242 2368 2400 2418 num,
2435 2354 2605 2423 atque
2633 2351 2692 2406 in
2722 2367 2854 2406 eum
2884 2351 3132 2406 excitant
3153 2352 3472 2407 humanum
3501 2352 3880 2409 intellectum
3911 2361 3966 2410 et

2241 2440 2544 2507 affectum;
2585 2440 2818 2494 interim
2860 2440 3013 2512 quod
3053 2440 3125 2494 ad
3164 2455 3256 2495 me
3305 2440 3528 2511 attinet,
3582 2441 3696 2496 hoc
3751 2443 3816 2498 in
3869 2461 3962 2500 me

2244 2529 2506 2599 legerunt
2533 2544 2663 2583 cum
2705 2529 3109 2596 scriberentur,
3159 2533 3218 2583 et
3246 2533 3424 2599 agunt
3472 2545 3604 2584 cum
3651 2531 3954 2603 leguntur.

2242 2617 2388 2681 Quid
2435 2617 2503 2671 de
2542 2616 2652 2670 illis
2697 2616 2796 2670 alii
2843 2617 3110 2684 sentiant,
3147 2617 3258 2690 ipsi
3301 2617 3584 2685 viderint;
3621 2620 3833 2676 multis
3875 2626 3958 2676 ta-

2241 2721 2375 2758 men
2401 2704 2668 2759 fratribus
2708 2720 2804 2760 eos
2849 2705 3096 2759 multum
3137 2705 3417 2776 placuisse
3439 2711 3510 2761 'et
3541 2707 3778 2777 placere
3820 2711 3957 2765 scio.

2241 2795 2286 2846 A
2311 2792 2496 2862 primo
2541 2808 2721 2864 usque
2752 2793 2823 2847 ad
2863 2791 3150 2847 decimum
3193 2793 3263 2848 de
3308 2808 3400 2847 me
3447 2793 3646 2865 scripti
3692 2801 3870 2852 sunt:
3901 2798 3959 2850 in

2245 2879 2427 2933 tribus
2455 2879 2692 2943 caeteris,
2725 2879 2791 2934 de
2821 2879 3125 2950 Scripturis
3156 2881 3382 2950 sanctis,
3412 2882 3483 2936 ab
3514 2898 3582 2937 eo
3619 2883 3786 2954 quod
3817 2885 3957 2939 scri-

2240 2972 2402 3036 ptum
2456 2971 2560 3033 est,
2617 2970 2678 3022 In
2704 2966 2978 3037 principio
3021 2971 3153 3035 fecit
3202 2971 3340 3024 Deus
3388 2971 3574 3024 calum
3621 2975 3674 3024 et
3728 2977 3954 3036 terram,

2241 3071 2422 3126 usque
2452 3055 2523 3109 ad
2556 3055 2774 3110 sabbati
2800 3056 3058 3128 requiem
3089 3057 3241 3125 (Gen.
3269 3075 3305 3123 ι,
3344 3061 3361 3111 1
3386 3073 3400 3123 ;
3422 3075 3482 3124 ιι,
3507 3059 3580 3124 2.)
4060 3103 4062 3124 ,

2312 3148 2363 3198 2.
2406 3144 2469 3197 In
2491 3148 2692 3214 quarto
2724 3144 2888 3212 libro,
2921 3159 3053 3198 cum
3081 3144 3150 3198 de
3193 3145 3363 3198 amici
3392 3150 3579 3201 morte
3611 3146 3797 3202 animi
3841 3147 3952 3202 mei
4060 3153 4062 3168 '

2243 3231 2530 3286 miseriam
2556 3232 2877 3298 confiterer,
2930 3232 3123 3287 dicens
3148 3233 3302 3304 quod
3350 3233 3540 3288 anima
3587 3240 3782 3290 nostra
3837 3252 3951 3292 una

2241 3320 2663 3390 quodammodo
2692 3320 2839 3374 facta
2867 3321 3054 3375 fuerat
3081 3336 3144 3374 ex
3175 3321 3413 3388 duabus,
3445 3327 3495 3376 et
3523 3322 3664 3389 ideo,
3697 3326 3944 3394 inquam,

2237 3411 2380 3472 forte
2434 3410 2574 3462 mori
2618 3410 2932 3476 metuebam,
2989 3425 3054 3463 ne
3097 3414 3236 3464 totus
3293 3412 3384 3465 ille
3439 3417 3755 3480 moreretur,
3795 3430 3950 3482 quem

2241 3496 2464 3550 multum
2501 3511 2808 3551 amaveram
2844 3496 2996 3566 (Cap.
3017 3495 3104 3566 6):
3139 3513 3268 3568 quae
3295 3498 3435 3552 mihi
3459 3499 3619 3570 quasi
3653 3499 3948 3556 declama-

2241 3583 2319 3637 tio
2347 3583 2504 3650 levis,
2537 3601 2708 3654 quam
2739 3584 2925 3656 gravis
2965 3585 3243 3639 confessio
3281 3586 3522 3650 videtur,
3561 3590 3830 3659 quamvis
3861 3595 3944 3643 ut-

2241 3688 2486 3743 cumque
2517 3677 2834 3744 temperata
2863 3672 2935 3727 sit
2968 3674 3092 3728 haec
3132 3673 3346 3746 ineptia
3392 3675 3452 3728 in
3483 3692 3550 3729 eo
3595 3677 3734 3746 quid
3783 3679 3944 3733 addi-

2239 3763 2359 3814 tum
2391 3766 2491 3830 est,
2539 3763 2700 3827 forte.
2734 3763 2800 3816 Et
2826 3760 2886 3816 in
2936 3761 3081 3817 libro
3128 3763 3295 3817 tertio
3340 3763 3561 3818 decimo
3610 3765 3770 3836 quod
3810 3767 3941 3834 dixi,

2238 3851 2655 3904 Firmamentum
2683 3851 2892 3916 factum
2926 3853 3068 3906 inter
3094 3853 3408 3921 spirituales
3438 3867 3613 3924 aquas
3642 3857 3942 3923 superiores

2237 3942 2286 3990 et
2329 3939 2628 4006 corporales
2682 3940 2966 4005 inferiores
3011 3939 3166 4009 (Cap.
3219 3941 3346 4008 32);
3393 3955 3507 3994 non
3563 3941 3703 3995 satis
3759 3945 3942 3998 consi-

2239 4027 2358 4080 rate
2403 4025 2615 4080 dictum
2649 4030 2763 4081 est:
2794 4042 2884 4082 res
2929 4031 3124 4082 autem
3148 4027 3208 4082 in
3248 4027 3441 4082 abdito
3471 4033 3558 4084 est
3591 4029 3780 4085 valde.
3834 4033 3942 4088 Hoc

2237 4129 2380 4184 opus
2410 4113 2489 4167 sic
2517 4113 2758 4185 incipit:
2789 4117 3020 4183 Magnus
3047 4131 3120 4182 es,
3149 4118 3393 4170 Domine.

2889 4203 3116 4258 CAPUT
3156 4205 3280 4258 VII.

2349 4289 2550 4346 Contra
2580 4291 2838 4344 Faustum
2861 4292 3234 4358 manichazum,
3263 4292 3397 4346 libri
3424 4294 3658 4360 triginta
3689 4299 3816 4350 tres.

2312 4379 2358 4432 1.
2403 4377 2609 4431 Contra
2669 4378 2936 4432 Faustum
3001 4378 3378 4435 manichmum
3444 4381 3937 4452 blasphemantem

2238 4463 2442 4534 Legem
2479 4469 2536 4519 et
2573 4465 2902 4534 Prophetas,
2936 4469 2992 4520 et
3019 4483 3220 4522 eorum
3264 4469 3466 4538 Deum,
3505 4474 3561 4525 et
3591 4471 3937 4528 incarnatio-

2236 4565 2368 4604 nem
2400 4550 2634 4619 Christi;
2667 4552 2984 4623 Scripturas
3012 4558 3204 4610 autem
3230 4556 3372 4611 Novi
3407 4558 3777 4630 Testamenti,
3811 4561 3935 4633 qui-

2233 4637 2339 4692 bus
2369 4639 2744 4708 convincitur,
2766 4641 2996 4697 falsatas
3022 4659 3141 4698 esse
3157 4643 3464 4712 dicentem,
3484 4646 3688 4718 scripsi
3718 4651 3935 4719 grande

2234 4743 2405 4798 opus,
2461 4728 2644 4783 verbis
2696 4729 2818 4800 ejus
2872 4730 3176 4802 propositis
3232 4732 3476 4788 reddens
3528 4738 3933 4806 responsiones

2234 4832 2410 4873 meas.
2442 4817 2696 4888 Triginta
2727 4822 2784 4872 et
2810 4823 2923 4873 tres
2950 4819 3366 4891 disputationes
3398 4827 3557 4889 sunt;
3588 4839 3732 4894 quas
3775 4828 3933 4883 etiam

2230 4903 2404 4959 libros
2434 4921 2535 4960 cur
2577 4922 2691 4961 non
2726 4906 3015 4963 dixerim?
3046 4910 3188 4964 Nam
3228 4909 3333 4964 etsi
3369 4915 3503 4966 sunt
3537 4910 3596 4967 in
3635 4912 3722 4967 eis
3757 4915 3934 4988 aliqui

2230 4993 2552 5061 perbreves,
2580 4998 2776 5050 tamen
2813 4995 2943 5050 libri
2971 5001 3122 5052 sunt.
3175 4999 3328 5052 Unus
3350 5015 3484 5055 vero
3516 5016 3740 5069 eorum,
3775 5005 3874 5059 ubi
3904 5023 3933 5060 a

2229 5080 2393 5134 nobis
2445 5081 2747 5138 adversum
2797 5084 2919 5155 ejus
2974 5085 3418 5155 criminationes,
3471 5089 3930 5149 Patriarcbarum

2227 5167 2341 5222 vita
2372 5169 2716 5240 defenditur,
2744 5175 2918 5228 tantae
2956 5175 3300 5244 prolixitatis
3326 5180 3430 5244 est,
3464 5183 3697 5248 quantm
3745 5182 3932 5237 nullus

2227 5255 2344 5310 fere
2373 5256 2652 5312 librorum
2683 5275 2966 5318 meorum.

2297 5345 2349 5397 2.
2392 5343 2456 5396 In
2485 5342 2630 5398 libro
2662 5361 2799 5415 ergo
2839 5347 3008 5403 tertio
3043 5365 3172 5404 cum
3205 5351 3485 5406 solverem
3521 5354 3925 5424 quaestionem,

2291 5450 2302 5480 ί
2324 5443 2484 5515 _Editi_:
2504 5448 3150 5504 SecundumAmbrosium
3169 5455 3421 5515 solvisse;
3435 5456 3627 5507 atMss.
3649 5473 3662 5507 :
3681 5463 3759 5510 Sa
3775 5467 3928 5513 κιαι

2228 5508 2572 5560 Ambrosium.
