4062 6360
125 305 242 358 833

124 418 418 489 quomodo
461 419 717 492 potuerit
763 418 904 475 duos
943 421 1135 491 patres
1179 418 1390 475 habere
1433 421 1665 492 Ioseph,
1713 420 1832 476 dixi

126 507 370 577 quidem
401 508 545 578 quod
579 524 647 564 ea:
693 509 801 563 alio
845 513 1031 578 natus,
1077 509 1146 562 ab
1184 508 1292 563 alio
1337 511 1508 575 fuerit
1540 509 1831 579 adoptatus

122 595 266 666 (Cap
296 595 387 666 3);
434 597 533 652 sed
562 611 741 667 genus
770 612 998 668 quoque
1027 596 1348 667 adoptionis
1379 597 1565 652 dicere
1619 597 1828 652 debui:

126 683 211 739 sic
240 684 396 740 enim
430 689 592 740 sonat
621 686 768 757 quod
802 685 939 755 dixi,
967 691 1243 758 tanquam
1265 702 1394 740 eum
1416 686 1576 741 vivus
1602 687 1832 759 ad0pta-

127 773 282 827 verit
310 773 453 829 alius
483 776 662 844 pater.
693 775 813 828 'Lex
841 779 1034 829 autem
1072 773 1224 828 ﬁlios
1256 774 1429 829 etiam
1459 774 1700 830 mortuis
1739 775 1833 829 ad-

127 860 368 930 optabat
397 861 438 927 ',
453 860 663 931 jubens
693 864 756 914 ut
784 860 972 916 fratris
1013 861 1277 916 defuncto
1320 878 1514 917 semen
1536 879 1601 917 ex
1631 863 1832 918 eadem

127 948 310 1004 frater
347 964 604 1018 uxorem,
663 953 719 1004 et
747 949 909 1004 fratri
967 949 1232 1006 defuncto
1294 967 1492 1006 semen
1521 967 1588 1006 ex
1633 951 1833 1006 eadem

125 1037 427 1092 suscitaret
447 1037 624 1106 (Deut.
655 1055 783 1105 xxx,
813 1042 866 1106 5,
895 1039 946 1110 6)
983 1055 997 1094 :
1029 1055 1160 1111 quas
1210 1039 1464 1111 profecto
1494 1040 1564 1094 de
1601 1039 1834 1095 duobus

128 1123 305 1178 unius
334 1123 582 1179 hominis
607 1125 864 1196 patribus
893 1126 1212 1198 expeditior
1257 1126 1338 1181 ibi
1366 1126 1624 1182 redditur
1661 1126 1830 1182 ratio.

130 1212 355 1268 Uterini
385 1218 576 1268 autem
601 1214 801 1269 fratres
818 1215 1053 1271 fuerunt
1079 1216 1140 1270 in
1161 1214 1370 1287 quibus
1388 1215 1494 1270 hoc
1515 1215 1756 1286 contigit
1773 1219 1836 1270 ut

127 1301 304 1356 unius
331 1301 582 1358 defuncti
610 1303 712 1374 qui
739 1304 1049 1359 vocabatur
1078 1303 1220 1372 Heli,
1255 1303 1485 1359 duceret
1513 1305 1658 1359 alter
1682 1319 1826 1358 uxo-

128 1405 276 1456 rem,
299 1389 359 1446 id
378 1394 464 1445 est
485 1391 674 1458 Iacob,
707 1407 740 1445 a
755 1407 870 1462 quo
895 1392 1191 1447 Matthzeus
1221 1396 1416 1447 narrat
1435 1391 1692 1464 genitum
1715 1406 1834 1446 esse

127 1478 386 1549 Ioseph:
419 1479 516 1534 sed
567 1479 796 1534 uterino
850 1479 1011 1534 fratri
1076 1496 1178 1534 suo
1229 1497 1360 1534 eum
1387 1479 1623 1552 'genuit,
1673 1479 1834 1551 cujus

127 1565 316 1620 tilium
350 1567 524 1621 Lucas
553 1566 689 1621 dicit
714 1566 888 1621 fuisse
907 1567 1138 1638 Ioseph,
1163 1583 1278 1621 non
1309 1567 1508 1639 utique
1549 1565 1830 1638 genitum,

127 1654 230 1709 sed
261 1669 329 1708 ex
362 1655 507 1726 Lege
537 1654 887 1724 adoptivum.
926 1655 1036 1709 Hoc
1074 1655 1134 1708 in
1163 1671 1362 1710 eorum
1396 1654 1601 1710 litteris
1629 1655 1827 1709 inven-

127 1746 256 1796 tum
291 1747 396 1807 est,
430 1742 528 1814 qui
567 1742 780 1796 recenti
812 1742 1090 1797 memoria
1127 1747 1260 1813 post
1300 1743 1690 1799 ascensionem
1721 1745 1832 1799 Do-

124 1829 273 1885 mini
309 1830 377 1885 de
406 1830 511 1885 hac
541 1847 598 1885 re
627 1831 996 1902 scripserunt.
1031 1832 1171 1886 Nam
1221 1831 1395 1886 etiam
1441 1848 1654 1887 nomen
1683 1832 1834 1903 ejus-

125 1918 256 1973 dem
297 1918 554 1973 mulieris
585 1934 714 1990 quae
764 1917 987 1990 peperit
1031 1919 1202 1974 Iacob
1247 1924 1470 1990 patrem
1524 1919 1734 1990 Ioseph
1764 1920 1834 1974 de

125 2006 324 2078 priore
357 2007 560 2061 marito
596 2007 843 2073 Mathan,
875 2007 976 2078 qui
1013 2007 1121 2062 fuit
1161 2013 1324 2078 pater
1351 2007 1544 2076 Iacob,
1578 2023 1714 2062 avus
1740 2009 1834 2062 Io-

128 2095 293 2166 seph,
326 2095 640 2150 secundum
680 2096 1045 2163 Matthaaum;
1102 2099 1160 2149 et
1187 2095 1255 2150 de
1284 2094 1491 2150 marito
1520 2094 1835 2167 posteriore

131 2183 341 2239 Melchi
373 2183 597 2255 peperit
620 2183 765 2250 Heli,
793 2184 955 2254 cujus
982 2186 1104 2238 erat
1133 2183 1434 2253 adoptivus
1457 2183 1687 2254 Ioseph,
1717 2199 1836 2238 non

131 2272 318 2327 tacuit
347 2272 662 2326 Africanus.
690 2271 854 2336 Quod
899 2271 1152 2342 quidem,
1193 2287 1323 2326 cum
1355 2272 1559 2326 Fausto
1591 2287 1834 2342 respon-

129 2360 356 2424 derem,
392 2360 648 2414 nondum
677 2360 926 2429 legeram
953 2375 967 2426 ;
999 2359 1098 2414 sed
1118 2363 1309 2413 tamen
1339 2375 1442 2431 per
1470 2359 1836 2430 adoptionem

131 2447 392 2519 potuisse
423 2447 750 2518 contingere
780 2452 844 2502 ut
872 2463 1020 2501 unus
1058 2447 1231 2502 homo
1279 2448 1423 2503 duos
1474 2448 1711 2504 haberet
1735 2462 1836 2518 pa-

130 2542 265 2604 tres,
308 2535 568 2591 dubitare
598 2551 715 2590 non
753 2539 1033 2606 poteram.

204 2629 255 2680 3.
301 2626 364 2679 In
395 2623 734 2679 duodecimo
760 2628 816 2678 et
844 2623 1015 2678 tertio
1068 2621 1311 2690 decimo,
1353 2622 1422 2677 de
1453 2621 1573 2677 ﬁlio
1605 2623 1723 2677 Noe
1756 2639 1839 2677 se—

131 2714 327 2768 cundo
357 2713 458 2785 qui
505 2713 935 2784 est~appellatus
984 2711 1179 2778 Cham,
1228 2710 1307 2766 ita
1348 2711 1701 2782 disputatum
1732 2713 1833 2777 est,

133 2807 417 2874 tanquam
450 2817 565 2855 non
596 2800 655 2855 in
675 2801 794 2855 ﬁlio
824 2816 928 2855 suo
953 2800 1239 2865 Chanaan,
1268 2799 1414 2853 sicut
1432 2799 1720 2870 Scriptura
1745 2799 1839 2853 de-

134 2894 436 2954 monstrat,
463 2889 561 2944 sed
585 2889 645 2944 in
674 2889 858 2960 scipso
889 2888 1063 2944 fuerit
1082 2905 1114 2942 a
1134 2891 1294 2958 patre
1324 2887 1658 2941 maledictus
1690 2887 1834 2957 (Lib.

143 2982 222 3045 l2,
279 2993 331 3032 ο.
382 2982 489 3046 23;
545 2982 595 3033 et
632 2978 820 3045 lib.l3,
871 2992 918 3032 ο.
965 2976 1069 3046 l0).
1127 2977 1192 3030 In
1249 2979 1450 3046 quarto
1495 2974 1716 3030 decimo
1765 2975 1838 3029 de

136 3067 251 3121 sole
277 3069 342 3120 et
369 3066 502 3120 luna
531 3065 668 3120 talia
696 3065 847 3119 dicta
866 3066 1312 3134 sunt,tanquam
1331 3062 1601 3132 sentiant,
1632 3067 1689 3117 et
1709 3061 1839 3116 ideo

138 3156 394 3209 tolerent
448 3170 624 3208 vanos
678 3152 1006 3207 adoratores
1061 3167 1194 3206 suos
1233 3150 1386 3222 (Cap.
1433 3149 1840 3224 l2):quamvis

137 3243 311 3298 verba
336 3241 415 3297 ibi
445 3241 622 3312 accipi
648 3240 945 3313 possintab
975 3239 1210 3294 animali
1233 3239 1633 3308 adjnanimale
1660 3243 1842 3294 trans-

139 3331 275 3398 lata,
312 3331 483 3386 modo
519 3329 818 3385 locutionis
857 3328 955 3400 qui
979 3331 1210 3383 vocatur
1247 3343 1430 3399 graece
1465 3328 1842 3399 metaphora;

141 3419 290 3475 sicut
321 3419 388 3475 de
415 3418 558 3475 mari
588 3418 863 3490 scriptum
884 3422 970 3472 est
998 3417 1148 3489 quod
1169 3419 1370 3484 fremat
1391 3419 1451 3471 in
1471 3421 1620 3472 utero
1648 3418 1841 3471 matris

140 3524 272 3576 sua,
303 3509 482 3563 volens
514 3507 771 3578 progredi
790 3506 939 3573 (Job.
976 3508 1064 3573 38,
1088 3508 1142 3570 8,
1164 3521 1265 3561 sec.
1293 3506 1460 3574 LXX),
1483 3521 1612 3560 cum
1640 3504 1840 3576 utique

141 3613 262 3652 non
284 3598 494 3652 habeat
521 3597 894 3651 voluntatem.
924 3596 989 3649 In
1019 3593 1490 3666 undetrigesimo,
1527 3593 1710 3658 Absit,
1750 3595 1844 3646 in-

143 3701 332 3756 quam,
354 3689 414 3740 ut
441 3687 515 3741 sit
543 3687 602 3739 in
647 3683 897 3739 membris
951 3686 1258 3738 sanctorum
1305 3684 1469 3736 etiam
1518 3681 1844 3748 genitalibus

143 3774 337 3841 aliqua
365 3772 665 3842 turpitudo.
697 3774 962 3826 Dicuntur
981 3771 1200 3839 quidem
1236 3769 1544 3836 inhonesta,
1571 3770 1703 3838 quia
1730 3782 1838 3821 non

145 3861 343 3916 habent
372 3877 488 3916 eam
508 3861 732 3930 speciem
747 3859 969 3924 decoris,
997 3873 1161 3927 quam
1187 3857 1426 3912 membra
1449 3872 1568 3928 quae
1584 3859 1640 3910 in
1665 3869 1842 3926 prom-

137 3955 245 4019 ptu
287 3950 462 4004 locata
516 3951 643 4002 sunt
695 3948 844 4016 (Cap.
903 3945 991 4016 4):
1053 3945 1148 3999 sed
1196 3944 1548 4015 probabilior
1601 3943 1662 3997 in
1719 3939 1844 3995 aliis

144 4042 351 4110 postea
379 4035 601 4107 scriptis
629 4033 840 4088 nostris
871 4032 1091 4087 reddita
1116 4031 1263 4087 ratio
1277 4036 1382 4098 est,
1405 4047 1505 4085 cur
1532 4047 1598 4086 ea
1628 4029 1841 4086 dixerit

144 4125 322 4180 etiam
347 4123 648 4196 Apostolus
679 4121 980 4176 inhonesta
1025 4120 1068 4191 (I
1118 4121 1244 4177 Cor.
1292 4136 1393 4189 xu,
1444 4118 1559 4185 23),
1607 4121 1847 4189 propter

144 4215 337 4284 legem
367 4211 578 4266 scilicet
605 4211 664 4266 in
698 4208 968 4264 membris
1022 4209 1457 4280 repugnantem'
1498 4205 1611 4278 legi
1641 4205 1848 4260 mentis

92 4363 104 4372 _
146 4303 324 4374 (Rom.
354 4318 448 4370 vn,
480 4303 587 4370 23),
623 4315 750 4371 qua:
781 4298 851 4353 de
881 4301 1109 4369 peccato
1145 4296 1368 4364 accidit,
1400 4312 1517 4351 non
1556 4296 1624 4350 de
1663 4293 1849 4366 prima

146 4394 360 4445 nostrae
389 4388 748 4444 institutione
771 4391 1008 4442 naturae.
1042 4387 1158 4442 Hoc
1175 4401 1320 4457 opus
1349 4384 1427 4439 sic
1454 4383 1844 4455 incipitzFau-

146 4484 265 4534 stus
296 4477 520 4548 quidam
536 4479 669 4544 fuit.

789 4565 1016 4621 CAPUT
1059 4565 1204 4619 VIII.

427 4657 623 4712 Contra
646 4655 866 4709 Felicem
896 4654 1264 4719 manichavum,
1296 4651 1424 4705 libri
1445 4650 1570 4705 duo.

220 4743 820 4814 Cuutrajmauichmum
834 4740 1140 4813 quemdam
1153 4739 1385 4793 nomine
1409 4738 1672 4803 Felicem,
1707 4753 1849 4808 prae-

150 4837 311 4886 sente
348 4832 583 4902 populo,
615 4830 676 4884 in
707 4829 941 4884 ecclesia
970 4827 1142 4882 biduo
1174 4824 1479 4896 disputavi.
1525 4825 1847 4895 Hipponem

148 4921 365 4992 quippe
395 4923 648 4983 venerat,
677 4917 944 4971 eumdem
962 4915 1346 4970 semiuaturus
1375 4928 1628 4967 errorem
1653 4930 1666 4979 ;
1703 4928 1850 4966 unus

149 5009 306 5064 enim
338 5013 459 5063 erat
499 5023 565 5061 ex
603 5005 929 5060 doctoribus
976 5019 1197 5069 eorum,
1237 5003 1497 5074 quamvis
1531 5000 1849 5055 ineruditus

149 5097 481 5152 liberalibus
523 5092 745 5160 litteris,
810 5093 909 5150 sed
956 5096 1150 5146 tamen
1188 5090 1468 5146 versutior
1515 5092 1844 5144 Fortunato.

150 5185 315 5239 Gesta
339 5189 472 5238 sunt
509 5180 904 5246 ecclesiastica,
955 5180 1052 5235 sed
1089 5180 1240 5234 inter
1272 5195 1430 5233 meos
1485 5178 1662 5233 libros
1689 5193 1846 5232 com-

146 5277 443 5342 putantur.
475 5272 595 5324 Duo
618 5285 753 5339 ergo
783 5268 913 5322 libri
933 5273 1084 5335 sunt,
1113 5268 1172 5323 in
1192 5283 1436 5340 quorum
1462 5266 1710 5321 secundo
1730 5265 1842 5320 dis-

151 5364 416 5430 putatum
446 5364 531 5414 est
567 5358 635 5413 de
663 5357 845 5412 libero
876 5355 1184 5412 voluntatis
1214 5355 1469 5423 arbitrio,
1493 5355 1607 5410 sive
1634 5355 1702 5410 ad
1727 5371 1845 5408 ma-

220 5537 390 5597 lEdd.,
422 5537 661 5588 mortuos
682 5535 986 5599 adoptabat.
1022 5534 1204 5588 Verius
1235 5533 1375 5589 Mss,
1404 5535 1640 5582 mortuis.

1589 301 1796 357 LIBER
1831 300 2206 358 SECUNDUS.
2976 335 2985 344 -
3533 311 3632 364 63b

1944 422 2066 476 lum
2096 421 2474 493 operandam,
2525 422 2640 477 sive
2683 424 2753 479 ad
2780 424 2996 480 bonum
3027 441 3040 478 :
3073 427 3170 481 sed
3211 427 3282 482 de
3311 429 3492 499 gratia
3521 445 3637 502 qua

1943 526 2071 564 vere
2102 509 2267 564 liberi
2297 509 2459 580 fiunt,
2493 511 2563 566 de
2594 511 2800 584 quibus
2822 511 3096 584 scriptum
3128 518 3233 584 est,
3265 517 3327 571 Si
3345 532 3438 572 vos
3468 519 3635 573 Filius

1945 599 2411 666 liberaverit,tunc
2427 615 2547 653 vere
2576 600 2735 654 liberi
2753 602 2904 656 eritis
2917 603 3089 672 (Ioan.
3113 618 3228 667 vm,
3257 604 3370 673 36),
3403 603 3637 676 diligen-

1943 685 2055 740 tius
2083 686 2390 757 disputare,
2427 687 2696 758 quoniam
2725 689 2853 744 talis
2874 694 2996 745 erat
3011 706 3142 745 cum
3161 707 3276 762 quo
3303 691 3632 761 agebamus,

1944 775 2101 828 nulla
2129 790 2326 828 sumus
2352 776 2680 831 necessitate
2711 778 3010 849 compulsi.
3044 779 3159 834 Hoc
3189 796 3332 851 opus
3380 779 3458 834 sic
3486 779 3634 834 inci-

1943 864 2027 934 pit
2060 880 2073 916 :
2107 864 2338 918 Honorio
2364 864 2610 931 Augusto
2639 870 2850 921 sextum
2879 869 3108 936 consule,
3145 870 3372 939 septimo
3399 869 3523 925 idus
3550 869 3636 923 dc-

1943 951 2185 1007 cembris.

2615 1042 2841 1097 CAPUT
2873 1043 2960 1099 IX.

2362 1131 2435 1184 De
2458 1131 2673 1185 Natura
2710 1133 2862 1201 Boni,
2894 1132 3030 1186 liber
3056 1148 3215 1187 unus.

2016 1214 2181 1269 Liber
2209 1216 2279 1271 de
2309 1217 2520 1272 Natura
2550 1217 2692 1274 Boni
2720 1219 2990 1274 adversus
3025 1220 3362 1276 Manichaaos
3400 1225 3503 1288 est,
3537 1223 3637 1278 ubi

1945 1301 2262 1358 ostenditur
2308 1309 2571 1360 naturam
2624 1306 3152 1362 incommutabilem
3193 1310 3376 1364 Deum
3425 1325 3544 1365 esse
3574 1325 3638 1364 ac

1944 1404 2234 1444 summum
2263 1391 2502 1458 bonum,
2535 1398 2708 1464 atque
2748 1393 2818 1448 ab
2847 1393 2945 1449 illo
2984 1411 3104 1450 esse
3129 1398 3362 1450 caeteras
3405 1399 3636 1451 naturas

1945 1477 2058 1532 sive
2088 1478 2410 1550 spirituales
2440 1480 2556 1536 sive
2585 1482 2930 1552 corporales,
2949 1486 3118 1555 atque
3143 1499 3342 1539 omnes
3371 1484 3431 1538 in
3452 1500 3636 1556 quan-

1944 1569 2068 1620 tum
2098 1571 2316 1622 naturae
2335 1572 2488 1636 sunt,
2515 1568 2695 1624 bonas
2721 1585 2841 1624 esse
2871 1587 2884 1638 ;
2912 1574 2970 1626 et
2994 1571 3128 1643 quid
3143 1572 3231 1626 vel
3250 1572 3405 1626 unde
3426 1571 3497 1626 sit
3517 1587 3637 1627 ma-

1945 1657 2084 1723 lum,
2107 1661 2160 1711 et
2191 1663 2406 1729 quanta
2434 1659 2585 1714 mala
2606 1659 2895 1715 Manichaei
2921 1664 3141 1732 ponant
3170 1659 3230 1715 in
3258 1665 3466 1715 natura
3494 1660 3634 1716 boni

1945 1748 2000 1798 et
2020 1749 2231 1816 quanta
2248 1747 2398 1800 bona
2428 1746 2487 1801 in
2512 1752 2715 1801 natura
2745 1748 2900 1814 mali,
2929 1763 3071 1818 quas
3097 1751 3332 1801 naturas
3361 1747 3523 1802 ﬁnxit
3542 1762 3640 1800 er-

1944 1848 2040 1886 ror
2063 1832 2337 1904 ipsorum.
2372 1833 2470 1888 Hic
2507 1834 2652 1889 liber
2689 1835 2766 1888 sic
2814 1835 3052 1908 incipit:
3090 1835 3370 1891 Summum
3420 1834 3634 1901 bonum,

1946 1936 2048 1990 quo
2069 1924 2316 1990 superius
2343 1937 2450 1976 non
2478 1925 2577 1990 est,
2609 1924 2746 1976 Deus
2773 1927 2869 1977 est.

2634 2009 2857 2064 CAPUT
2895 2010 2956 2064 X.

2122 2098 2319 2154 Contra
2345 2097 2707 2154 Secundinum
2733 2100 3108 2167 manichamm,
3137 2097 3272 2152 liber
3301 2113 3458 2153 unus.

2015 2184 2369 2241 Secundinus
2398 2185 2654 2256 quidam,
2683 2202 2799 2240 non
2824 2202 2890 2240 ex
2929 2185 3010 2240 eis
3038 2201 3181 2257 quos
3206 2185 3498 2241 Manichaei
3519 2185 3641 2241 ele-

1946 2275 2086 2339 ctos,
2131 2273 2231 2328 sed
2258 2289 2326 2327 ex
2355 2273 2435 2328 eis
2465 2289 2610 2344 quos
2630 2273 2916 2328 auditores
2941 2278 3163 2341 vocant,
3196 2290 3366 2344 quem
3397 2290 3470 2328 ne
3498 2270 3641 2328 facie

1947 2360 2186 2430 quidem
2226 2377 2519 2425 noveram,
2555 2359 2780 2432 scripsit
2809 2360 2878 2415 ad
2907 2376 3000 2415 me
3025 2362 3180 2415 velut
3207 2360 3442 2428 amicus,
3467 2361 3644 2415 hono-

1948 2448 2102 2504 rifice
2135 2448 2450 2519 objurgans
2473 2449 2625 2520 quod
2651 2464 3046 2520 oppugnarem
3075 2447 3281 2503 litteris
3299 2448 3457 2503 illam
3478 2448 3638 2503 heare

1949 2536 2077 2604 sim,
2105 2541 2162 2592 et
2189 2537 2501 2592 admonens
2522 2553 2594 2591 ne
2641 2536 2907 2603 facerem,
2957 2542 3129 2608 atque
3174 2536 3245 2592 ad
3283 2552 3408 2591 eam
3455 2536 3646 2608 potius

1948 2625 2272 2680 sectandam
2303 2627 2628 2692 exhortans,
2669 2641 2800 2679 cum
2839 2625 2961 2697 ejus
3009 2624 3361 2690 defensione,
3403 2627 3459 2679 et
3512 2623 3648 2679 ﬁdei

1949 2709 2240 2769 catholica:
2269 2713 2730 2784 reprehensione.
2767 2701 2906 2768 Huic
2949 2712 3258 2785 respondi;
3299 2712 3395 2767 sed
3426 2711 3563 2782 quia
3585 2711 3649 2766 in

1950 2803 2204 2874 ejusdem
2232 2801 2491 2872 opusculi
2518 2801 2702 2871 capite
2727 2817 2845 2856 non
2875 2799 3041 2871 posui
3068 2801 3196 2872 quis
3225 2799 3317 2854 cui
3349 2799 3644 2862 scriberet,

1949 2905 2066 2944 non
2094 2889 2156 2942 in
2183 2887 2438 2959 epistolis
2475 2889 2637 2954 meis,
2673 2888 2770 2942 sed
2801 2887 2860 2940 in
2889 2887 3050 2942 libris
3105 2887 3370 2941 habetur.
3422 2886 3546 2940 Illic
3575 2886 3646 2940 ab

1951 2976 2174 3032 exordio
2203 2975 2525 3047 conscripta
2552 2980 2636 3030 est
2665 2974 2836 3029 etiam
2867 2974 2990 3044 ejus
3011 2973 3274 3044 epistola.
3313 2973 3490 3044 Hujus
3543 2988 3646 3028 au-
3728 3028 3738 3038 ,

1949 3069 2067 3120 tem
2112 3063 2418 3120 voluminis
2470 3063 2583 3118 mei
2636 3062 2835 3117 titulus
2875 3066 2983 3127 est,
3018 3061 3229 3117 Contra
3256 3059 3648 3116 Secundinum

1951 3151 2332 3209 manichmum
2362 3167 2376 3206 :
2407 3151 2578 3224 quod,
2610 3164 2740 3205 mea
2766 3147 3067 3217 sententia,
3099 3146 3365 3202 omnibus
3391 3163 3521 3218 quae
3546 3147 3646 3201 ad-

1951 3258 2144 3296 versus
2172 3241 2329 3295 illam
2385 3243 2604 3311 pestem
2641 3236 2885 3292 scribere
2922 3235 3106 3308 potui,
3151 3234 3313 3289 facile
3352 3250 3646 3306 prmpono.

1956 3331 2053 3386 Hic
2081 3329 2226 3385 liber
2252 3328 2332 3384 sic
2357 3327 2558 3399 incipit
2587 3343 2600 3381 :
2638 3328 2750 3381 Tua
2782 3328 2841 3379 in
2870 3341 2950 3379 me
2977 3324 3365 3378 benevolentia.

2625 3415 2849 3470 CAPUT
2881 3415 2972 3468 XI.

2100 3508 2300 3565 Contra
2326 3507 2599 3571 Hilarum,
2628 3503 2761 3558 liber
2786 3517 2946 3557 unus.
2979 3531 3041 3542 —
3077 3499 3228 3574 [Non
3261 3497 3490 3570 exstat.]

2025 3597 2178 3651 Inter
2212 3595 2335 3649 hac
2383 3593 2608 3649 Hilarus
2639 3592 2656 3628 ¹
2688 3590 2922 3662 quidam
2962 3588 3050 3643 vir
3085 3586 3441 3656 tribunitius,
3474 3585 3653 3640 laicus

1954 3683 2284 3748 catholicus,
2334 3681 2528 3736 nescio
2575 3680 2728 3734 unde
2785 3679 3056 3732 adversus
3111 3675 3214 3731 Dei
3242 3675 3556 3737 ministros,
3586 3679 3652 3730 ut

1955 3771 2080 3827 ﬁeri
2118 3758 2344 3836 assolet,
2394 3767 2670 3834 irritatus,
2721 3780 2940 3820 morem
2989 3763 3090 3836 qui
3139 3767 3277 3817 tunc
3324 3777 3446 3817 esse
3499 3761 3653 3832 apud

1957 3857 2358 3928 Carthaginem
2385 3859 2632 3927 coeperat
2675 3857 2738 3908 ut
2787 3850 2988 3923 hymni
3016 3851 3088 3906 ad
3121 3850 3298 3904 altare
3330 3847 3655 3904 dicerentur

1957 3948 2027 4004 de
2056 3946 2417 4002 Psalmorum
2448 3943 2618 4011 libro,
2645 3941 2761 3996 sive
2810 3944 2939 3994 ante
2969 3937 3341 4001 oblationem,
3377 3935 3491 3989 sive
3521 3949 3652 3988 cum

1957 4034 2394 4091 distribueretur
2417 4031 2631 4103 populo
2658 4028 2814 4101 quod
2843 4026 3044 4083 fuisset
3075 4026 3350 4091 oblatum,
3375 4021 3656 4078 maledica

1956 4120 2420 4195 reprehensione,
2452 4117 2798 4188 ubicumque
2815 4119 3058 4188 poterat,
3083 4113 3386 4178 lacerabat,
3403 4126 3656 4166 asserens

1959 4210 2083 4266 ﬁeri
2113 4225 2227 4264 non
2257 4211 2537 4280 oportere.
2572 4205 2714 4261 Huic
2742 4202 3036 4275 respondi,
3080 4201 3418 4270 jubentibus
3465 4197 3656 4254 fratri-

1957 4300 2064 4354 bus
2089 4303 2145 4353 et
2174 4301 2404 4352 vocatur
2440 4295 2586 4350 liber
2613 4293 2755 4365 ipse,
2788 4294 2998 4349 Contra
3048 4290 3326 4345 Hilarum.
3382 4287 3481 4342 Hic
3511 4286 3659 4342 liber

1959 4386 2038 4442 sic
2065 4385 2266 4456 incipit
2297 4401 2310 4439 :
2345 4384 2453 4450 Qui
2479 4383 2667 4438 dicunt
2715 4383 3033 4436 mentionem
3067 4379 3274 4436 Veteris
3307 4377 3651 4435 Testamenti.

2620 4471 2844 4525 CAPUT
2872 4469 2995 4524 XII.

2241 4563 2568 4629 Quaestiones
2605 4559 3040 4626 Evangeliorum,
3083 4555 3214 4611 libri
3245 4552 3372 4609 duo.

2029 4654 2171 4708 Sunt
2197 4649 2459 4723 quaedam
2489 4646 2868 4720 expositiones
2905 4643 3290 4717 quorumdam
3309 4641 3566 4696 locorum
3592 4653 3660 4694 ex

1963 4739 2260 4811 Evangelio
2301 4737 2616 4792 secundum
2661 4734 3008 4799 Matthaaum,
3033 4738 3090 4787 et
3118 4729 3243 4786 alite
3273 4728 3538 4785 similiter
3565 4743 3655 4781 se-

1960 4828 2212 4884 cundum
2243 4827 2448 4881 Lucam
2475 4841 2490 4892 ;
2514 4824 2573 4878 in
2603 4839 2784 4877 unum
2805 4823 3015 4876 librum
3031 4818 3168 4889 illae,
3199 4818 3260 4872 in
3279 4819 3522 4873 alterum
3537 4815 3660 4870 istae

1960 4917 2199 4972 redactae
2245 4917 2395 4970 sunt.
2439 4913 2659 4969 Titulus
2697 4909 2885 4982 operis
2931 4909 3104 4980 hujus
3143 4911 3227 4962 est
3259 4924 3272 4962 :
3305 4905 3659 4972 Qumstiones

1961 5003 2416 5076 Evangeliorum.
2448 5002 2555 5057 Sed
2580 5015 2756 5072 quare
2783 4999 2880 5054 illa
2899 4999 3018 5053 sola
3035 4998 3104 5053 de
3133 4994 3470 5068 supradictis
3489 5008 3658 5048 evan-

1961 5093 2155 5165 gelicis
2185 5091 2366 5147 Libris
2404 5088 2656 5162 exposita
2709 5086 2944 5156 fuerint,
3002 5101 3131 5157 quae
3179 5083 3270 5139 his
3300 5081 3459 5139 libris
3511 5078 3653 5134 meis

1960 5181 2342 5248 continentur,
2386 5183 2442 5234 et
2470 5195 2599 5251 quin
2627 5177 2734 5232 ista
2760 5176 2892 5238 sint,
2947 5175 3215 5246 prologus
3244 5187 3425 5236 meus,
3456 5167 3658 5236 adjun-

1959 5271 2063 5325 ctis
2091 5275 2263 5342 atque
2294 5265 2684 5324 annumeratis
2731 5263 2946 5320 eisdem
2995 5257 3429 5334 questionibus,
3461 5254 3542 5309 ita
3593 5257 3660 5308 ut

2028 5469 2049 5530 ’ί
2071 5467 2131 5516 In
2160 5463 2291 5516 Edd.
2310 5462 2590 5530 peribitur,
2608 5459 2878 5530 Hilarius,
2901 5459 2954 5529 et
3286 5451 3346 5502 In
3363 5451 3486 5500 Mss.
3509 5463 3656 5508 vero,

1963 5529 2205 5587 Hilarus,
2231 5530 2284 5577 et
2306 5526 2578 5578 Hilarum.
2615 5525 2676 5572 ut
2695 5523 2923 5585 lmprimi
2953 5523 3268 5566 curavimus.
