4062 6426
361 283 461 336 635

361 401 603 473 quisque
622 401 814 474 legere
845 402 998 474 quod
1028 402 1287 471 voluerit,
1333 418 1603 458 numeros
1641 406 1864 459 secutus
1892 403 2045 459 inve-

357 489 498 554 niat,
532 490 669 544 satis
700 490 933 545 indicat.
974 493 1037 545 In
1072 490 1260 562 primo
1300 507 1434 563 ergo
1482 492 1628 547 libro
1659 492 1882 563 (Quaest.
1936 493 2049 561 27),

361 577 419 632 in
447 594 514 633 eo
546 579 697 650 quod
728 579 980 650 positum
1011 584 1112 647 est,
1145 583 1429 634 Dominum
1458 596 1694 635 seorsum
1714 582 1918 636 duobus
1943 582 2054 635 dis-

361 668 557 737 cipulis
612 683 769 722 suam
834 669 1079 723 retulisse
1140 670 1447 737 passionem
1506 672 1713 731 (Matth.
1779 686 1871 735 xx,
1947 671 2050 739 t7),

362 756 711 811 mendositas
740 756 947 811 codicis
994 773 1096 810 nos
1126 757 1329 812 fefellit
1359 774 1372 811 :
1408 774 1543 812 nam
1586 759 1866 813 duodecim
1912 759 2055 812 scri-

361 848 527 916 ptum
556 848 675 912 est;
707 862 842 913 non,
873 846 1096 900 duobus.
1131 847 1194 900 In
1210 846 1457 901 secundo
1478 847 1623 901 libro
1653 848 1848 901 volens
1877 862 2053 917 expo-

363 948 499 987 nere
528 933 814 1004 quomodo
866 933 1009 987 duos
1050 939 1240 1003 patres
1285 934 1534 1005 potuerit
1571 935 1779 989 habere
1820 936 2052 1005 Joseph,

364 1019 524 1090 cujus
552 1021 754 1089 conjux
779 1020 927 1074 dicta
955 1025 1039 1075 est
1068 1020 1225 1091 virgo
1260 1021 1432 1077 Maria
1455 1038 1468 1089 ;
1510 1021 1650 1076 illud
1680 1023 1830 1093 quod
1858 1022 2053 1092 perhi-

361 1108 526 1162 betur
569 1108 803 1163 fratrem
849 1108 1075 1163 duxisse
1107 1109 1356 1163 defuncti
1393 1110 1581 1164 fratris
1609 1126 1871 1176 uxorem,
1904 1114 1971 1163 ut
2001 1109 2053 1163 ei

361 1212 555 1250 semen
587 1197 897 1251 secundum
934 1198 1117 1269 legem
1145 1197 1440 1252 suscitaret
1470 1198 1641 1267 (Deut.
1665 1214 1792 1260 xxv,
1828 1197 1899 1265 5),
1926 1196 2053 1252 ideo

363 1284 479 1339 dixi
515 1300 625 1340 esse
651 1288 944 1356 inﬁrmum,
972 1288 1227 1355 quoniam
1259 1289 1355 1354 qui
1384 1290 1708 1352 nasceretur,
1742 1301 1927 1340 nomen
1962 1285 2056 1337 ds-

360 1374 540 1439 functi
575 1375 687 1429 Lee:
741 1390 858 1429 eum
888 1375 1374 1444 jubebataccipere
1401 1375 1625 1445 (Quaest.
1678 1374 1728 1443 5)
1763 1388 1921 1428 :non
1975 1376 2059 1427 est

363 1476 581 1515 verum.
617 1463 835 1516 Nomen
853 1462 1006 1529 enim
1041 1463 1292 1518 defuncti
1315 1463 1458 1533 quod
1492 1462 1707 1517 dictum
1728 1464 1831 1531 est,
1854 1462 1925 1516 ad
1950 1460 2058 1515 hoc

365 1549 475 1603 Lex
505 1549 691 1604 valere
728 1550 1022 1621 preacepit,
1054 1556 1120 1605 ut
1149 1552 1271 1621 ejus
1301 1551 1452 1605 illius
1496 1551 1816 1617 diceretur;
1850 1565 1967 1603 non
1994 1552 2059 1603 ut

361 1635 471 1691 hoc
500 1638 653 1708 quod
682 1637 779 1694 ille
794 1643 1107 1693 .vocaretur
1137 1639 1229 1710 (a).
1257 1641 1371 1694 Hoc
1399 1655 1542 1710 opus
1580 1638 1658 1692 sic
1685 1637 1918 1710 incipit:
1946 1640 2058 1693 Hoc

269 1754 283 1767 ο
362 1738 495 1793 opus
515 1739 621 1779 non
650 1726 732 1780 ita
760 1728 1024 1797 scriptum
1054 1731 1151 1780 est.

1004 1830 1232 1885 CAPUT
1260 1831 1403 1886 XIII.

717 1917 1106 1972 Annotationes
1134 1920 1190 1972 in
1213 1920 1329 1985 Job,
1364 1918 1498 1972 liber
1532 1933 1691 1973 unus.

433 2001 600 2057 Liber
630 2004 792 2075 cujus
830 2009 913 2059 est
941 2005 1160 2068 titulus,
1193 2006 1606 2060 Annotationes
1626 2005 1687 2059 in
1714 2005 1837 2071 Job,
1864 2008 2056 2057 utrum

360 2105 522 2145 meus
550 2091 846 2147 habendus
868 2093 958 2160 sit,
988 2110 1060 2147 an
1081 2094 1272 2164 potius
1299 2110 1498 2148 eorum
1519 2094 1620 2165 qui
1648 2109 1761 2153 eas,
1790 2093 1932 2147 sicut
1952 2108 2055 2162 po-

366 2183 602 2235 tuerunt
619 2182 706 2235 vel
723 2182 1045 2250 voluerunt,
1080 2182 1426 2253 redegerunt
1453 2183 1512 2236 in
1540 2198 1723 2236 unum
1742 2197 1948 2251 corpus
1967 2180 2058 2234 de-

364 2266 604 2339 scriptas
632 2269 700 2323 de
727 2270 1007 2323 frontibus
1035 2270 1262 2337 codicis,
1294 2286 1410 2325 non
1440 2270 1603 2325 facile
1632 2269 1891 2324 dixerim.
1920 2269 2059 2323 Sua-

365 2372 462 2411 ves
492 2357 645 2411 enim
677 2358 1034 2429 paucissimis
1063 2358 1516 2430 intelligentibus
1542 2362 1692 2425 sunt,
1740 2358 1839 2428 qui
1867 2361 2061 2410 tamen

363 2460 594 2500 necesse
624 2452 710 2501 est
740 2447 1104 2502 offenduntur
1124 2449 1304 2501 multa
1332 2464 1447 2502 non
1477 2447 1857 2516 intelligentes
1886 2460 1898 2515 ;
1926 2445 2059 2517 quia

362 2548 466 2588 nec
487 2533 609 2604 ipsa
638 2535 809 2590 verba
838 2551 967 2606 quae
993 2540 1378 2607 exponuntur,
1408 2535 1488 2589 ita
1516 2535 1797 2605 descripta
1836 2538 1968 2587 sunt
1997 2533 2057 2587 in

362 2621 558 2676 multis
584 2622 742 2692 locis,
773 2627 835 2677 ut
863 2628 1135 2694 appareat
1150 2624 1285 2695 quid
1317 2628 1652 2694 exponetur.
1684 2622 1897 2677 Deinde
1926 2622 2056 2676 bre-

361 2708 589 2764 vitatem
619 2711 1028 2766 sententiarum
1067 2717 1225 2767 tanta
1275 2717 1465 2767 secuta
1495 2715 1579 2767 est
1631 2711 1964 2777 obscuritas,
1995 2714 2060 2766 ut

361 2813 486 2853 eam
516 2799 696 2854 lector
722 2799 811 2854 vix
832 2800 980 2854 ferre
1009 2800 1206 2871 possit,
1241 2816 1413 2872 quem
1437 2816 1665 2855 necesse
1695 2804 1781 2854 est
1809 2799 2058 2870 plurima

360 2903 474 2941 non
493 2887 781 2943 intellecta
802 2889 1062 2943 transire.
1089 2892 1512 2944 Postremotam
1536 2889 1874 2944 mendosum
1901 2904 2055 2942 com-

358 2974 478 3046 peri
510 2991 655 3047 opus
674 2975 865 3046 ipsum
894 2977 955 3031 in
979 2977 1264 3033 codicibus
1284 2977 1496 3032 nostris
1526 2981 1591 3032 ut
1614 2976 1918 3031 emendare
1939 2992 2056 3030 non

358 3078 605 3133 possem,
645 3080 749 3118 nec
780 3065 994 3120 editum
1034 3082 1068 3120 a
1095 3081 1188 3120 me
1218 3066 1327 3121 dici
1356 3066 1582 3132 vellem,
1637 3064 1748 3119 nisi
1777 3064 1913 3135 quia
1941 3063 2056 3117 scio

357 3150 558 3206 fratres
587 3152 641 3208 id
670 3154 906 3221 habere,
936 3170 1183 3224 quorum
1205 3154 1392 3208 studio
1420 3170 1533 3208 non
1554 3153 1743 3223 potuit
1764 3151 2055 3222 denegari.

359 3238 460 3293 Hic
488 3239 632 3295 liber
659 3240 739 3295 sic
760 3240 965 3311 incipit
997 3258 1010 3296 :
1040 3245 1285 3311 Etopera
1302 3257 1499 3310 magna
1523 3242 1741 3295 erantei
1766 3254 1928 3310 super
1956 3244 2057 3294 ter-

358 3341 478 3380 ram
491 3365 505 3381 ο

1010 3434 1235 3489 CAPUT
1266 3435 1403 3489 XIV.

639 3522 713 3575 De
740 3521 1151 3578 Catechizandis
1169 3523 1421 3591 rudibus,
1454 3520 1588 3576 liber
1608 3535 1766 3575 unus.

430 3608 521 3662 Est
552 3607 721 3663 etiam
754 3609 898 3664 liber
929 3616 1118 3665 noster
1146 3611 1214 3666 de
1245 3610 1669 3666 Catechizaudis
1691 3607 1927 3664 rudibus
1948 3608 2057 3663 hoc

358 3694 670 3766 ipsoLtitulo
694 3703 1065 3768 praenotatos.
1098 3701 1163 3754 In
1191 3716 1301 3771 quo
1334 3699 1478 3754 libro
1511 3699 1607 3753 ubi
1639 3698 1753 3762 dixi
1788 3714 1800 3752 :
1829 3700 1931 3755 Nec
1954 3714 2054 3752 an-

352 3785 501 3851 gelus
531 3788 629 3855 qui
647 3803 764 3841 cum
777 3788 1061 3857 spiritibus
1074 3789 1201 3843 aliis
1221 3789 1551 3843 satellitibus
1566 3790 1679 3842 suis
1701 3787 2054 3857 superbiendo

357 3871 593 3927 deseruit
622 3874 980 3929 obedientiam
1009 3878 1126 3943 Dei,
1159 3879 1209 3930 et
1235 3876 1483 3930 diabolus
1507 3878 1686 3942 factus
1715 3879 1810 3942 est,
1840 3873 2057 3942 aliquid

355 3963 536 4015 nocuit
563 3964 687 4029 Deo,
719 3963 814 4018 sed
842 3963 951 4017 sibi
977 3978 991 4015 :
1019 3966 1169 4018 novit
1200 3965 1340 4017 enim
1365 3966 1503 4017 Deus
1534 3962 1788 4016 ordinare
1812 3962 2055 4016 deseren-

353 4054 428 4104 tes
455 4065 509 4104 se
540 4052 751 4106 animas
777 4053 942 4120 (Cap.
981 4054 1067 4120 l8,
1114 4066 1170 4105 η.
1205 4053 1328 4121 30);
1362 4049 1791 4105 convenientius
1838 4049 2053 4103 dicere-

353 4140 467 4204 tur,
499 4137 566 4192 Se
598 4138 848 4208 spiritus,
897 4139 1169 4208 quoniam
1216 4138 1284 4191 de
1333 4137 1563 4207 Angelis
1615 4136 1911 4206 agebatur.
1956 4136 2055 4190 llic

356 4223 502 4278 liber
529 4224 608 4279 sic
635 4224 839 4297 incipit
869 4240 882 4281 :
914 4228 1105 4280 Petisti
1135 4242 1171 4279 a
1199 4242 1298 4294 me,
1330 4228 1509 4292 frater
1530 4226 1874 4291 Deogratias.

1022 4331 1246 4385 CAPUT
1283 4332 1388 4385 XV.

738 4421 814 4473 De
847 4419 1134 4487 Trinitate,
1167 4419 1298 4473 libri
1325 4418 1650 4488 quindecim.

433 4510 482 4561 1.
514 4505 707 4561 Libros
738 4507 808 4561 de
853 4506 1148 4576 Trinitate,
1198 4524 1326 4580 quas
1371 4508 1519 4562 Deus
1567 4512 1670 4575 est,
1730 4505 2054 4578 quindecim

359 4593 556 4665 scripsi
594 4610 697 4666 per
725 4595 940 4667 aliquot
969 4612 1167 4651 annos.
1226 4596 1331 4651 Sed
1373 4611 1504 4650 cum
1551 4610 1748 4650 eorum
1782 4594 2055 4648 duodeci-

358 4698 518 4736 mum
562 4684 816 4739 nondum
871 4683 1257 4757 perfecissem,
1318 4688 1372 4738 et
1404 4700 1501 4738 eos
1554 4682 1770 4738 diutius
1801 4686 2056 4736 tenerem

357 4787 528 4842 quam
560 4778 793 4843 possent
817 4774 1097 4828 sustinere
1142 4773 1241 4846 qui
1272 4773 1644 4828 vehementer
1672 4770 1797 4825 illos
1846 4771 2054 4825 habere

357 4859 682 4930 cupiebant,
710 4861 981 4916 subtracti
1011 4867 1144 4917 sunt
1173 4861 1318 4917 mihi
1348 4862 1539 4916 minus
1563 4860 1844 4915 emendati
1883 4876 2056 4931 quam

355 4947 630 5003 deberent
658 4964 722 5002 ac
768 4954 1019 5019 possent,
1093 4951 1323 5022 quando
1368 4966 1464 5004 eos
1512 4950 1679 5003 edere
1729 4948 2052 5003 voluissem.

355 5036 518 5102 Quod
546 5039 918 5109 posteaquam
949 5032 1222 5110 comperi,
1254 5037 1388 5110 quia
1427 5042 1484 5092 et
1534 5038 1644 5091 alia
1670 5053 1867 5091 eorum
1900 5036 2052 5109 apud

418 5194 490 5258 (ιι)
512 5196 684 5244 «Nam
701 5208 821 5243 cum
847 5195 982 5258 Booz
999 5195 1234 5258 duxisset
1247 5195 1387 5243 Ruth
1405 5199 1651 5244 utsemen
1665 5195 1914 5244 excitaret
1934 5208 2053 5258 pro-

358 5273 385 5304 «
405 5258 604 5320 pinquo
634 5271 756 5320 suo,
780 5257 867 5319 qui
899 5257 961 5305 de
989 5257 1078 5306 illa
1100 5260 1253 5320 natus
1282 5260 1383 5320 est,
1405 5270 1469 5305 ex
1500 5258 1713 5320 nomine
1734 5257 1944 5319 quidem
1972 5257 2056 5306 de-

357 5336 384 5363 ‹‹
404 5318 570 5392 {uncti
594 5318 911 5392 constitutus
924 5324 1020 5392 est,
1046 5319 1169 5392 quia
1185 5319 1319 5392 titius
1342 5318 1456 5392 ej‘u‘s
1481 5322 1560 5392 est
1582 5318 1781 5392 dictus;
1807 5323 1963 5392 atque
1983 5320 2055 5367 ita

363 5381 601 5429 «factum
617 5385 697 5429 est
714 5386 769 5429 ut
782 5394 977 5429 nomen
991 5379 1223 5428 defuncti
1242 5393 1350 5428 non
1366 5379 1627 5428 deleretur
1639 5393 1699 5427 ex
1722 5379 1916 5428 Israel":
1946 5394 2053 5428 non

362 5458 392 5506 (ί
408 5446 583 5506 tamen
603 5443 727 5506 ejus,
741 5443 961 5506 nomine
987 5442 1411 5506 appellutus_est.
1440 5458 1466 5487 ››
1505 5441 1663 5489 Plura
1696 5441 1747 5488 in
1771 5442 1915 5506 (hanc
1943 5455 2053 5490 rem

362 5501 412 5554 S.
446 5501 688 5568 August,
716 5504 806 5557 lib.
826 5508 852 5554 5
875 5501 1070 5566 Οιιιυέιζ
1102 5517 1258 5566 super
1286 5504 1513 5562 Denter.,
1545 5507 1730 5569 quaest.
1759 5505 1836 5553 46.

1494 278 2158 337 llETItACTATIONUM
2206 280 2260 335 S.
2319 277 2727 336 AUGUSTINI.

3798 281 3905 333 636

2159 418 2262 458 nos
2291 392 2635 475 exemplaria
2662 405 3075 469 remanserant,
3108 404 3420 457 statueram
3468 416 3569 457 eos
3587 402 3727 473 jam
3777 401 3905 473 ipse
3994 412 3995 473 1

2159 508 2277 548 non
2302 493 2485 558 edere,
2530 492 2625 546 sed
2665 491 2745 546 sic
2772 492 2983 547 habere
3027 491 3177 546 utin
3218 491 3328 545 alio
3362 490 3561 562 aliquo
3602 493 3902 560 opusculo

2160 596 2290 635 meo
2324 580 2459 652 quid
2492 579 2635 634 mihi
2683 580 2753 634 de
2783 579 2870 633 his
2906 579 3159 634 evenerit
3199 579 3448 633 dicerem
3483 595 3497 633 :
3532 579 3901 649 urgentibus

2163 674 2353 725 tamen
2378 668 2671 729 fratribus,
2704 667 2913 739 quibus
2946 668 3208 721 resistere
3230 683 3344 722 non
3365 667 3541 733 valui,
3578 667 3902 721 emendavi

2163 773 2259 812 eos
2288 761 2564 828 quantum
2578 756 2963 811 emendandos
2988 756 3201 826 putavi,
3235 758 3292 809 et
3310 755 3621 825 complevi,
3651 760 3717 809 et
3737 755 3897 810 edidi

2162 847 2483 917 adjungens
2513 846 2593 900 eis
2621 862 2654 899 a
2683 846 2866 916 capite
2895 846 3215 915 epistolam,
3248 860 3424 916 quam
3451 844 3662 914 scripsi
3692 843 3774 897 ad
3800 860 3898 897 ve~
3994 843 3995 879 ἶ

2162 935 2476 989 nerabilcm
2506 934 2805 989 Aurelium
2837 933 3165 1004 episcopum
3196 933 3669 1003 Carthaginensis
3701 933 3899 987 Eccle.

2163 1023 2295 1090 sire;
2321 1039 2433 1094 quo
2464 1027 2735 1093 tanquam
2766 1022 3002 1093 prologo
3032 1021 3270 1092 exposui
3283 1024 3353 1090 fet
3385 1022 3527 1092 quid
3549 1021 3891 1087 accidisset,

2164 1116 2219 1165 ct
2247 1112 2382 1182 quid
2410 1112 2595 1165 facere
2619 1127 2746 1164 mea
2784 1110 3128 1180 cogitatione
3156 1110 3486 1177 voluissem,
3504 1116 3565 1165 et
3585 1110 3739 1182 quid
3771 1109 3892 1164 fra-

2165 1204 2316 1255 trum
2344 1199 2615 1253 charitate
2645 1199 3021 1269 compellente
3045 1198 3324 1253 fecissem.

2233 1292 2285 1342 2.
2323 1289 2389 1342 In
2419 1303 2666 1359 quorum
2697 1287 2841 1342 libro
2873 1286 3171 1341 undecimo
3202 1302 3332 1340 cum
3359 1286 3429 1341 de
3456 1300 3708 1357 corpore
3741 1287 3890 1341 visi-

2166 1376 2265 1431 bili
2295 1392 2543 1447 agerem,
2574 1375 2710 1443 dixi,
2736 1377 2992 1442 Quocirca
3031 1375 3089 1429 id
3112 1390 3315 1441 amare,
3338 1375 3577 1429 alienari
3604 1379 3691 1429 est
3723 1376 3889 1445 (Cap.

2167 1470 2217 1533 5,
2248 1482 2304 1519 n.
2354 1467 2428 1534 9).
2463 1464 2625 1530 Quod
2654 1464 2967 1518 secundum
3016 1478 3148 1517 eum
3196 1478 3454 1517 amorem
3501 1463 3735 1517 dictum
3768 1468 3881 1529 est,

2166 1570 2279 1626 quo
2309 1554 2525 1625 aliquid
2552 1552 2631 1607 sic
2677 1557 2920 1621 amatur,
2947 1556 3011 1606 ut
3037 1568 3106 1606 eo
3137 1551 3377 1605 fruendo
3409 1551 3709 1605 existimet
3737 1551 3887 1605 bea-

2164 1647 2286 1697 tum
2318 1659 2375 1696 se
2414 1658 2534 1696 esse
2564 1642 2662 1713 qui
2687 1641 2792 1696 hoc
2821 1644 2993 1695 amat.
3030 1641 3170 1695 Nam
3217 1655 3338 1693 non
3389 1643 3475 1694 est
3511 1640 3794 1705 alienari,
3828 1640 3888 1695 in

2165 1730 2394 1785 laudem
2426 1730 2704 1785 Creatoris
2734 1746 2925 1784 amare
2958 1729 3204 1799 speciem
3234 1729 3616 1799 corporalem,
3655 1732 3725 1782 ut
3756 1728 3888 1800 ipso

2166 1824 2420 1873 creatore
2448 1820 2642 1873 fruens
2693 1819 2935 1890 quisque
2966 1833 3097 1872 vere
3140 1818 3339 1872 beatus
3382 1817 3476 1871 sit.
3514 1817 3798 1887 Itemque
3830 1818 3888 1870 in

2167 1908 2387 1973 eodem,
2444 1907 2546 1960 ubi
2603 1906 2737 1969 dixi,
2794 1909 2896 1962 Nec
2953 1921 3104 1959 avem
3165 1905 3574 1974 quadrupedem
3619 1908 3887 1971 memini,

2168 1999 2298 2064 quia
2326 2012 2430 2050 non
2458 1995 2604 2061 vidi;
2629 1995 2722 2049 sed
2756 1996 3111 2064 phantasiam
3152 1995 3313 2048 talem
3340 1995 3607 2060 facillime
3638 1996 3890 2059 intueor,

2167 2085 2295 2138 dum
2324 2087 2494 2139 alicui
2519 2087 2709 2152 formae
2745 2085 2974 2149 volatili,
3009 2085 3222 2151 qualem
3261 2082 3399 2149 vidi,
3448 2082 3705 2151 adjungo
3750 2084 3891 2136 alios

2167 2174 2298 2227 duos
2327 2174 2505 2242 pedes,
2541 2174 2725 2242 quales
2771 2172 2959 2225 itidem
3003 2171 3123 2225 vidi
3152 2172 3312 2240 (Cap.
3372 2173 3455 2233 l0,
3489 2186 3545 2224 η.
3606 2174 3721 2237 t7),
3763 2173 3890 2225 hac

2169 2261 2360 2315 dicens
2387 2277 2501 2315 non
2529 2261 2689 2331 potui
2718 2260 2964 2314 recolere
3010 2259 3261 2313 volatilia
3311 2259 3722 2330 quadrupedia
3753 2276 3887 2330 qua

2169 2349 2277 2402 Lex
2306 2350 2711 2401 commemorat
2741 2347 2930 2417 (Leuit.
2963 2363 3037 2409 x1,
3071 2346 3185 2416 20).
3229 2347 3421 2416 Neque
3450 2346 3609 2399 enim
3639 2362 3890 2417 compn-

2168 2441 2248 2491 tat
2275 2437 2334 2490 in
2371 2436 2610 2506 pedibus
2641 2436 2753 2489 duo
2802 2435 3121 2506 posteriora
3166 2450 3332 2489 crura
3364 2434 3572 2505 quibus
3630 2436 3887 2489 locusta:

2170 2525 2399 2591 saliunt,
2433 2538 2575 2595 quas
2606 2523 2741 2579 dicit
2784 2524 3044 2589 mundas,
3085 2526 3143 2577 et
3183 2522 3311 2576 ideo
3348 2522 3623 2577 discernit
3662 2523 3741 2577 ab
3773 2524 3887 2578 im-

2168 2615 2399 2668 mundis
2426 2614 2633 2667 talibus
2661 2612 3001 2678 volatilibus,
3035 2626 3165 2681 quaa
3193 2625 3308 2665 non
3338 2610 3551 2666 saliunt
3597 2610 3719 2664 illis
3748 2627 3883 2664 cru-

2167 2702 2341 2768 ribus,
2385 2702 2529 2756 sicut
2551 2705 2682 2755 sunt
2724 2700 3012 2755 scarabaei.
3048 2699 3255 2755 Omnia
3284 2698 3499 2769 quippe
3534 2698 3883 2770 hujusmodi

2170 2790 2417 2846 volatilia
2449 2789 2846 2861 quadrupedia
2874 2792 3147 2844 vocantur
3170 2787 3230 2841 iu
3262 2788 3427 2857 Lege.

2239 2884 2290 2935 3.
2325 2882 2389 2935 In
2419 2879 2754 2935 duodecimo
2804 2880 2961 2948 (Cap.
3017 2894 3073 2945 x,
3105 2892 3160 2931 n.
3224 2881 3329 2944 15),
3380 2876 3538 2930 velut
3592 2877 3882 2947 expositio

2166 2968 2470 3023 verborum
2533 2966 2807 3037 Apostoli,
2869 2965 2964 3021 ubi
3014 2966 3110 3031 ait,
3154 2966 3317 3021 Omne
3366 2969 3653 3035 peccatum
3706 2965 3881 3034 quod-

2169 3072 2392 3126 cumque
2415 3057 2605 3123 fecerit
2635 3057 2809 3125 homo,
2840 3060 2998 3109 castra
3028 3069 3219 3123 corpus
3247 3058 3345 3121 est,
3370 3069 3490 3107 non
3540 3052 3690 3107 mihi
3716 3053 3882 3107 satis-

2167 3145 2334 3212 facit;
2387 3160 2489 3200 nec
2528 3140 2608 3198 sic
2656 3147 2797 3215 puto
2836 3142 3279 3213 intelligendum
3333 3142 3485 3212 quod
3517 3141 3741 3195 dictum
3775 3145 3882 3207 est,

2169 3234 2277 3299 Qui
2304 3236 2481 3287 autem
2511 3234 2836 3301 fornicatur,
2861 3234 2919 3286 in
2938 3246 3130 3300 corpus
3156 3233 3444 3301 proprium
3470 3234 3658 3299 peccat
3692 3232 3734 3299 (Ι
3754 3232 3878 3287 Cor.

2166 3338 2241 3389 vr,
2277 3323 2386 3391 t8),
2430 3326 2703 3392 tanquam
2749 3321 2846 3376 ille
2900 3322 3008 3375 hoc
3038 3320 3224 3387 faciat,
3256 3320 3353 3391 qui
3398 3324 3641 3391 propter
3694 3319 3881 3390 adipi-

2167 3410 2372 3464 scenda
2404 3425 2471 3464 ea
2502 3426 2631 3480 quas
2664 3425 2766 3481 per
2795 3425 2999 3480 corpus
3031 3409 3376 3475 sentiuntur,
3401 3414 3463 3461 ut
3491 3408 3553 3461 in
3579 3406 3674 3461 his
3699 3407 3879 3461 tinem

2167 3498 2306 3553 boni
2335 3499 2421 3553 sui
2450 3502 2647 3567 ponat,
2709 3498 2924 3569 aliquid
2960 3497 3098 3567 agit.
3158 3499 3273 3552 Hoc
3301 3495 3456 3550 enim
3506 3496 3681 3566 longe
3709 3497 3882 3566 plura

2164 3591 2395 3658 peccata
2426 3586 2846 3658 complectitur,
2882 3602 3056 3657 quam
3098 3585 3200 3639 illa
3228 3584 3526 3639 fornicatio
3556 3599 3691 3655 qua:
3743 3600 3878 3638 con-

2166 3675 2359 3730 cubitu
2383 3678 2749 3746 perpetratur
2776 3674 2998 3740 illicito,
3030 3673 3099 3728 de
3130 3689 3243 3744 qua
3277 3673 3556 3738 locutum,
3599 3687 3740 3725 cum
3770 3672 3880 3726 hoc

2167 3764 2376 3831 dicere,
2410 3764 2745 3834 Apostolum
2784 3767 3039 3834 apparet.
3088 3765 3202 3817 Hoc
3250 3778 3413 3832 opus,
3465 3765 3707 3832 excepta
3753 3761 3881 3832 epi-

2167 3844 2310 3906 Stola
2339 3868 2469 3923 quae
2497 3856 2626 3923 post
2653 3853 2885 3905 modum
2919 3850 2986 3905 ad
3000 3852 3121 3921 ejus
3151 3856 3323 3921 caput
3347 3850 3621 3919 adjuncta
3651 3854 3762 3916 est,
3804 3850 3881 3903 sic

2166 3940 2364 4012 incipit
2393 3957 2407 3997 :
2441 3943 2697 3996 Lecturus
2728 3941 2833 3994 haec
2864 3955 2981 4010 qua
3009 3940 3074 3994 de
3106 3942 3376 3995 Trinitate
3404 3938 3755 3994 disserimus.

2812 4065 3041 4119 CAPUT
3074 4064 3208 4119 XVI.

2302 4158 2376 4209 De
2427 4155 2704 4214 Consensu
2745 4154 3241 4222 E-vangelistarum,
3290 4151 3419 4206 libri
3459 4154 3727 4221 quatuor.

2234 4263 2343 4315 Per
2368 4260 2596 4314 eosdem
2621 4276 2801 4314 annos
2834 4258 3041 4330 quibus
3071 4257 3348 4330 paulatim
3380 4256 3554 4310 libros
3591 4256 3662 4311 de
3695 4256 3880 4311 Trini-

2163 4352 2277 4403 tate
2306 4348 2612 4413 dictabam,
2641 4347 2842 4418 scripsi
2878 4351 2934 4401 et
2961 4346 3103 4400 alios
3132 4346 3329 4401 labore
3361 4345 3660 4413 continuo,
3695 4344 3878 4399 inter-

2163 4452 2382 4508 ponens
2407 4452 2504 4490 eos
2531 4437 2761 4490 illorum
2792 4434 3168 4505 temporibus,
3201 4435 3262 4488 in
3317 4433 3526 4505 quibus
3559 4438 3704 4487 sunt
3745 4432 3878 4487 libri

2166 4528 2411 4596 quatuor
2440 4525 2508 4578 de
2537 4525 2825 4578 Consensu
2858 4522 3368 4593 Evangelistarum,
3391 4524 3629 4593 propter
3657 4536 3760 4574 eos
3779 4521 3878 4592 qui

2163 4616 2440 4683 tanquam
2475 4610 2938 4666 dissentientibus
2977 4611 3398 4665 calumniantur
3428 4626 3441 4663 :
3471 4625 3725 4681 quorum
3757 4609 3875 4680 pri-

2164 4717 2291 4756 mus
2318 4700 2464 4755 liber
2495 4701 2762 4755 adversus
2783 4700 2914 4754 illos
2945 4700 3300 4769 conscriptus
3329 4702 3431 4764 est,
3466 4697 3568 4769 qui
3592 4701 3875 4768 tanquam

2165 4789 2412 4844 maxime
2435 4788 2753 4860 sapientem
2785 4787 3075 4842 Christum
3115 4787 3203 4841 vel
3232 4787 3523 4841 honorant
3565 4785 3658 4839 vel
3686 4784 3873 4839 hono-

2164 4894 2292 4932 rare
2346 4894 2404 4932 se
2430 4878 2694 4948 ﬁngunt;
2728 4879 2783 4930 et
2810 4875 2938 4948 ideo
2992 4874 3199 4929 nolunt
3253 4873 3556 4944 Evangelio
3594 4873 3872 4941 credere;

2164 4966 2298 5038 quia
2333 4982 2449 5021 non
2478 4966 2547 5020 ab
2569 4965 2693 5035 ipso
2724 4964 2820 5018 illa
2842 4963 3161 5033 conscripta
3182 4967 3330 5027 sunt,
3366 4962 3466 5015 sed
3491 4960 3561 5015 ab
3587 4960 3714 5031 ejus
3756 4960 3872 5016 dis-

2162 5055 2386 5126 cipulis,
2418 5070 2558 5125 quos
2599 5052 2929 5107 existimant
2975 5050 3030 5105 ei
3076 5050 3455 5121 divinitatem,
3502 5065 3619 5120 qua
3676 5050 3873 5103 crede-

2162 5147 2322 5198 retur
2349 5145 2520 5209 Deus,
2552 5157 2746 5196 errore
2782 5139 3069 5194 tribuisse.
3099 5140 3163 5193 In
3211 5155 3324 5209 quo
3356 5137 3499 5191 libro
3530 5136 3687 5207 quod
3734 5134 3873 5206 dixi,

2169 5234 2249 5286 Ea:
2292 5231 2575 5285 Abraham
2636 5232 2854 5298 cmpisse
2906 5232 3113 5295 gentem
3167 5228 3506 5281 Hebraeorum
3565 5224 3723 5296 (Cap.
3788 5228 3870 5291 14,

2163 5336 2221 5374 n.
2257 5319 2391 5386 21);
2420 5321 2503 5371 cst
2535 5316 2769 5387 quidem
2802 5321 2857 5371 et
2885 5317 2992 5370 hoc
3020 5314 3310 5381 credibile,
3344 5318 3408 5368 ut
3437 5313 3686 5379 Ilebrasi,
3720 5314 3875 5368 velut

2164 5404 2448 5471 Abrahaei,
2482 5404 2619 5458 dicti
2649 5420 2775 5458 esse
2823 5405 3161 5459 videantur:
3194 5403 3289 5456 sed
3325 5418 3392 5457 ex
3422 5401 3521 5455 illo
3562 5401 3758 5455 verius
3792 5402 3873 5456 in-

2162 5493 2500 5564 telliguntur
2529 5492 2821 5564 appellati,
2853 5492 2953 5564 qui
2991 5491 3296 5547 vocabatur
3355 5489 3560 5558 Heber,
3592 5493 3869 5562 tanquam
