4062 6356
46 300 156 351 637

50 420 293 476 Hebraei
319 422 431 494 (a),
467 426 550 481 de
579 440 693 495 qua
722 441 783 480 re
811 425 872 479 in
902 426 1046 480 libro
1074 429 1231 480 sexto
1274 425 1496 482 decimo
1539 428 1608 483 de
1655 426 1799 482 Civi-

48 513 176 563 tate
215 512 349 575 Dei,
388 514 543 568 satis
591 513 832 568 disserui
878 517 1026 585 (Cap.
1086 516 1193 585 11).
1248 517 1310 570 In
1355 517 1624 584 secundo,
1670 531 1800 570 cum

48 614 304 666 agerem
339 601 416 656 de
448 602 679 657 duobus
708 602 965 673 patribus
987 604 1218 673 Joseph,
1251 604 1321 658 ab
1350 605 1530 658 altero
1558 604 1672 659 dixi
1703 620 1800 675 ge-

50 686 283 755 nitum,
326 690 404 745 ab
434 692 623 746 altero
650 690 982 761 adoptatum
1023 692 1170 761 (Cap.
1224 694 1277 754 3,
1333 708 1389 746 η.
1437 692 1510 763 5).
1562 693 1670 747 Sed
1713 692 1799 747 di-

51 774 327 830 cendum
359 777 507 845 fuit,
534 777 698 832 alteri
727 778 1077 847 adoptatum.
1125 777 1401 832 Defuncto
1441 777 1616 842 enim,
1648 777 1799 848 quod

54 863 264 935 magis
289 866 663 921 credendum
681 870 783 932 est,
806 867 1119 922 secundum
1143 867 1349 937 Legem
1370 866 1552 920 fuerat
1572 867 1803 937 adopta-

50 954 194 1019 tus;
228 953 530 1023 quoniam
565 954 663 1025 qui
694 970 826 1008 eum
866 955 1084 1025 genuit,
1134 954 1257 1025 ejus
1298 960 1561 1021 matrem,
1610 954 1801 1009 fratris

54 1038 338 1095 defuncti
371 1043 689 1113 conjugem
716 1043 970 1096 duxerat.
1007 1044 1148 1098 Item
1179 1043 1276 1097 ubi
1311 1043 1448 1111 dixi,
1478 1046 1650 1098 Lucas
1678 1058 1801 1098 vero

58 1128 139 1181 ad
171 1125 596 1197 ipsum‘David
616 1146 717 1199 per
751 1132 991 1187 Natham
1034 1131 1297 1199 ascendit,
1336 1147 1436 1201 per
1479 1147 1633 1199 quem
1668 1146 1799 1200 pro-

54 1214 299 1283 phetam
342 1218 499 1270 Deus
527 1222 804 1286 peccatum
848 1219 997 1273 illius
1042 1221 1287 1288 expiavit
1323 1218 1473 1289 (Cap.
1510 1221 1563 1286 4,
1590 1235 1646 1273 n.
1684 1219 1801 1289 t2);

60 1316 176 1370 per
207 1302 387 1373 cujus
421 1304 682 1359 nominis
717 1307 1076 1376 prophetam,
1112 1306 1295 1360 dicere
1334 1306 1525 1374 debui,
1572 1321 1643 1359 ne
1689 1321 1801 1375 pu-

60 1394 305 1444 taretur
337 1390 504 1445 idem
536 1392 710 1447 fuisse
741 1394 934 1461 homo,
968 1411 1097 1449 cum
1127 1395 1268 1449 alter
1311 1394 1500 1460 fuerit,
1543 1393 1802 1464 quamvis

61 1481 124 1531 et
164 1477 301 1547 ipse
345 1479 468 1534 hoc
514 1487 837 1536 vocaretur.
891 1485 1006 1537 Hoc
1048 1498 1190 1553 opus
1233 1482 1311 1535 sic
1357 1481 1560 1553 incipit
1602 1484 1804 1536 :Inter

59 1581 252 1622 omnes
285 1568 529 1623 divinas
562 1552 929 1625 auctoritates.

731 1659 959 1713 CAPUT
1008 1660 1170 1714 XVII.

313 1747 531 1801 Contra
558 1748 859 1816 Epistolam
888 1749 1256 1814 Parmeniani,
1291 1746 1420 1802 libri
1451 1750 1575 1802 tres.

64 1856 67 1861 ·
139 1833 209 1886 In
258 1832 462 1887 tribus
512 1834 673 1888 libris
720 1840 917 1888 contra
947 1836 1250 1906 Epistolam
1296 1833 1658 1891 Parmeniani
1690 1836 1801 1889 Do-

64 1919 435 1974 natistarum
501 1921 963 1992 Carthaginensis
1032 1922 1284 1993 episcopi
1353 1923 1801 1993 successorisque

70 2008 311 2075 Donati,
348 2009 603 2079 qumstio
632 2026 837 2081 magna
868 2014 1125 2065 versatur
1146 2016 1201 2065 et
1228 2011 1468 2065 solvitur
1492 2026 1506 2064 :
1528 2015 1718 2065 utrum
1742 2010 1800 2063 in

63 2096 297 2150 unitate
350 2101 415 2151 et
470 2100 805 2153 eorumdem
852 2099 1252 2154 communione
1304 2099 1802 2153 Sacramentorum

59 2184 203 2238 mali
237 2185 664 2241 contaminent
690 2187 893 2256 bonos,
926 2192 982 2241 et
1006 2188 1491 2258 quemadmodum
1521 2204 1637 2242 non
1666 2203 1802 2241 con-

62 2274 363 2327 taminent
417 2274 777 2345 disputatur,
843 2280 1079 2346 propter
1140 2275 1447 2329 Ecclesiam
1501 2280 1616 2330 toto
1668 2275 1802 2329 orbe

64 2362 370 2430 diffusam,
405 2362 514 2417 cui
544 2363 945 2417 calumniando
974 2364 1218 2418 schisma
1254 2365 1530 2428 fecerunt,
1563 2364 1627 2418 In
1659 2379 1801 2434 quo-

66 2467 199 2506 rum
232 2451 390 2506 libro
426 2452 627 2520 tertio,
652 2469 780 2507 cum
829 2452 1201 2507 dissereretur
1243 2453 1525 2524 quomodo
1555 2452 1627 2506 sit
1655 2450 1802 2505 acci-

67 2539 367 2609 piendum
394 2540 561 2611 quod
597 2540 675 2595 ait
701 2542 1022 2611 Apostolus,
1056 2542 1284 2607 Auferte
1310 2542 1512 2595 malum
1544 2556 1610 2594 ea:
1652 2540 1802 2594 vobis

71 2630 212 2697 ipsis
243 2628 292 2694 (I
326 2629 463 2685 Cor.
500 2645 552 2694 γ,
590 2630 705 2697 13);
731 2630 867 2683 illud
898 2630 1051 2699 quod
1078 2629 1218 2697 dixi,
1258 2632 1321 2683 Ut
1348 2646 1414 2683 ea:
1444 2631 1614 2697 seipse
1653 2631 1803 2697 quis-
1880 2680 1895 2689 ,

71 2733 178 2786 que
208 2719 447 2784 auferat
483 2719 685 2771 malum
714 2718 869 2788 (Cap.
910 2721 958 2784 1,
991 2734 1046 2771 n.
1080 2718 1154 2788 2),
1189 2733 1305 2771 non
1336 2717 1414 2770 sic
1445 2733 1564 2770 esse
1594 2716 1803 2770 intelli-

75 2805 369 2874 gendum,
403 2804 509 2858 sed
540 2804 618 2859 sic
646 2805 838 2875 potius
866 2810 931 2859 ut
963 2806 1135 2860 homo
1180 2806 1366 2859 malus
1404 2806 1696 2859 auferatur
1735 2819 1803 2858 ex

74 2894 426 2947 hominibus
449 2893 637 2959 bonis,
671 2894 823 2965 quod
857 2894 923 2947 ﬁt
949 2910 1054 2963 per
1084 2893 1516 2947 ecclesiasticam
1548 2892 1799 2962 discipli-

76 2997 240 3048 nam,
273 2981 419 3035 satis
474 2996 658 3050 graeca
704 2981 903 3052 lingua
934 2981 1167 3047 indicat,
1196 2981 1296 3035 ubi
1344 2981 1466 3035 sine
1513 2980 1798 3050 ambigui-

77 3073 196 3123 tate
228 3069 592 3139 scripturum
624 3072 729 3137 est,
756 3073 822 3122 ut
849 3068 1222 3139 intelligatur,
1267 3070 1427 3122 Hunc
1461 3068 1678 3122 malum
1706 3067 1797 3136 (b),

86 3174 226 3225 non,
262 3159 385 3213 Hoc
415 3157 657 3223 malum,
691 3157 950 3227 quamvis
978 3161 1034 3211 et
1062 3156 1373 3211 secundum
1418 3156 1590 3210 istum
1634 3155 1802 3209 intel-

82 3248 303 3301 lectum
324 3245 732 3316 responderim
754 3245 1149 3299 Parmeniano.
1176 3247 1289 3300 Iloc
1310 3262 1451 3317 opus
1467 3246 1545 3300 sic
1568 3244 1801 3316 incipit:

82 3337 264 3391 Multa
294 3335 523 3404 quidem
546 3336 685 3389 alias
715 3335 971 3389 adversus
1009 3338 1332 3392 Donatistae.

730 3423 955 3477 CAPUT
994 3424 1182 3477 XVIII.

544 3512 618 3564 De
654 3512 949 3579 Baptismo,
983 3511 1112 3565 libri
1138 3516 1356 3580 septem.

160 3599 386 3653 Contra
437 3598 775 3665 Donatistas,
810 3598 1143 3653 auctoritate
1192 3598 1507 3654 beatissimi
1550 3598 1804 3670 episcopi

86 3691 144 3742 et
175 3687 456 3759 martyris
487 3686 754 3757 Cypriani
780 3704 837 3742 se
868 3688 1170 3742 defendere
1217 3688 1540 3751 molientes,
1586 3692 1804 3759 septem

87 3774 271 3830 libros
303 3776 376 3830 de
412 3775 699 3845 Baptismo
734 3775 965 3845 scripsi;
1002 3774 1060 3828 in
1106 3775 1313 3846 quibus
1343 3776 1512 3830 docui
1556 3776 1695 3830 nihil
1729 3776 1807 3830 sic

86 3865 281 3918 valere
313 3863 390 3917 ad
421 3863 761 3917 refellendos
792 3863 1130 3930 Donatistas,
1165 3867 1220 3917 et
1245 3864 1315 3918 ad
1342 3880 1540 3918 eorum
1572 3880 1804 3935 prorsus

87 3969 212 4016 ora,
236 3951 587 4018 claudenda,
607 3966 679 4006 ne
700 3951 963 4005 adversus
978 3951 1322 4006 Catholicam
1347 3953 1360 3988 ¹
1383 3968 1550 4005 suum
1565 3952 1807 4006 schisma

85 4040 429 4103 defendant,
463 4040 751 4109 quomodo
782 4038 997 4093 litteras
1018 4040 1342 4110 factumque
1365 4040 1651 4110 Cypriani.
1678 4041 1805 4096 Ubi-

85 4143 343 4199 cumque
375 4126 585 4195 [autem
624 4126 685 4181 in
732 4126 823 4182 his
865 4126 1023 4181 libris
1070 4128 1511 4182 commemoravi
1561 4128 1703 4198 (Lib.
1753 4133 1803 4197 1,

87 4238 135 4276 c.
179 4224 238 4276 l7
262 4239 278 4287 ;
305 4218 405 4273 lib.
439 4221 491 4287 3,
525 4234 570 4272 c.
610 4222 703 4289 18;
736 4222 784 4273 et
815 4218 909 4273 lib.
938 4221 993 4284 4,
1033 4234 1107 4273 cc.
1144 4222 1195 4286 3,
1244 4219 1321 4289 4),
1366 4221 1659 4274 Ecclesiam
1699 4237 1806 4275 non

92 4310 383 4364 habentem
408 4308 676 4362 maculam
722 4313 818 4363 aut
863 4323 1059 4375 rugam
1108 4308 1265 4377 (Eph.
1311 4324 1362 4374 v,
1398 4309 1517 4375 27);
1566 4324 1682 4362 non
1726 4309 1805 4364 sic

93 4395 502 4468 accipiendum
536 4401 620 4450 est
647 4397 810 4467 quasi
831 4397 953 4467 jam
976 4396 1066 4462 sit,
1091 4396 1189 4451 sed
1212 4412 1340 4467 quae
1362 4402 1720 4467 praaparatur
1743 4402 1805 4454 ut

96 4486 189 4552 sit,
223 4484 460 4557 quando
493 4485 790 4555 apparebit
812 4485 984 4540 etiam
1010 4484 1268 4556 gloriosa.
1312 4486 1473 4539 Nunc
1502 4484 1653 4539 enim
1674 4502 1805 4556 pro-

99 4578 226 4645 pter
258 4574 537 4645 quasdam
569 4573 921 4645 ignorantias
953 4578 1008 4627 et
1034 4572 1395 4627 infirmitates
1415 4572 1800 4627 membrorum

161 4670 178 4699 ι
199 4669 360 4724 Editi,
376 4681 438 4718 ne
452 4668 714 4719 adversus
724 4667 1053 4719 catholicam
1076 4668 1377 4719 Ecclesium.
1391 4668 1456 4717 At
1476 4682 1505 4715 a
1525 4669 1645 4717 Mss.
1661 4669 1805 4717 abest

100 4745 225 4789 vox,
245 4732 562 4780 Ecclesium.
580 4731 835 4780 Nimirum
854 4730 1175 4780 Catholicam
1197 4744 1259 4778 ex
1283 4730 1539 4789 adjective
1561 4731 1804 4778 substan-

103 4793 271 4856 tivum
289 4806 484 4841 nomen
504 4793 626 4841 fecit
645 4793 907 4856 frequenti
930 4807 1046 4856 usu,
1070 4806 1235 4856 eoque
1253 4792 1534 4840 Ecclesium
1554 4795 1664 4840 toto
1677 4792 1804 4839 orbe

100 4853 352 4902 diffusam
383 4853 758 4903 commendare
776 4856 985 4903 amabat
1017 4853 1362 4914 Augustinus.

164 4916 243 4978 (a)
260 4916 576 4978 Auctoribus
596 4916 925 4965 tamenhaud
940 4912 1275 4978 ignobilibus,
1298 4919 1350 4963 et
1370 4912 1601 4978 maxime
1618 4914 1804 4978 graecis

24 5018 25 5023 η
135 4976 274 5025 Iacet
304 4976 459 5025 tertia
488 4978 729 5038 quasdam
756 4979 934 5040 Opinio
959 4976 1114 5026 {ideo
1146 4991 1330 5038 nempe
1355 4976 1522 5024 dictos
1557 4976 1803 5025 Hebrzcos

24 5038 25 5043 “
100 4990 267 5098 διυοά
287 5041 443 5086 sonat
468 5040 840 5098 Transilores),
855 5040 978 5098 quia
997 5039 1293 5098 patriarcha
1306 5037 1564 5086 Abraham
1583 5038 1803 5086 transito

124 5038 267 5102 quod
287 5041 443 5086 sonat
468 5037 840 5102 Transilores‘),
855 5040 978 5101 quia
997 5037 1293 5102 patriarcha
1306 5037 1564 5102 Abraham
1583 5038 1803 5102 transito

102 5099 368 5162 Euphrate
408 5104 623 5146 venerat
647 5099 1069 5162 eiChaldEeorum
1097 5102 1310 5159 regione
1344 5100 1398 5147 in
1440 5099 1799 5159 Palzestinam;

26 5188 27 5219 ;
104 5161 324 5224 eamque
347 5162 414 5209 ob
444 5174 655 5224 causam
682 5161 778 5222 ipsi
804 5163 1083 5221 Abraham,
1104 5165 1230 5210 Gen.
1257 5176 1356 5217 xw,
1386 5165 1458 5218 13,
1482 5162 1641 5209 fuisse
1662 5161 1804 5208 addi-

105 5226 217 5270 tum
247 5223 549 5281 cognomen
576 5223 792 5270 Ilebrieo
812 5238 823 5280 ;
846 5224 896 5270 id
915 5229 992 5272 est
1007 5224 1159 5285 juxta
1180 5225 1305 5271 LXX
1326 5225 1637 5285 Interpretes
1655 5236 1805 5271 voca-

104 5285 287 5332 bulum
316 5300 412 5331 suo
442 5298 586 5331 more
619 5289 899 5341 vertentes,
934 5285 1144 5345 l’eratd,
1169 5285 1473 5342 Transitori,
1504 5299 1596 5332 seu
1621 5286 1805 5332 Trans-

110 5346 323 5417 tlilvia"i_.
338 5346 490 5417 sicuti
523 5346 716 5417 ferebat
734 5347 894 5417 codex
980 5348 1277 5417 Augustini,
1293 5347 1381 5409 qui
1404 5350 1455 5417 et
1472 5347 1800 5417 ipse,qua-st.

26 5456 29 5461 λ
110 5409 168 5454 29
196 5408 246 5454 in
275 5412 401 5455 Gen.
423 5407 851 5470 Transtluvialem
868 5408 1129 5457 Abraham
1151 5421 1215 5457 ex
1240 5407 1539 5470 ea’regione
1561 5407 1700 5457 unde
1716 5422 1802 5457 vc-

25 5542 35 5583 l

111 5473 259 5516 uerat
288 5468 605 5531 appellatum
636 5473 802 5531 putat.

178 5531 244 5591 (b)
275 5530 383 5591 Gri,
406 5533 502 5581 ton
529 5530 781 5595 pontron.

1525 306 1737 363 LIBER
1806 304 2203 363 SECUNDUS.
2302 382 2309 385 _

2750 204 2765 232 Ι

3511 319 3614 373 638

1909 440 2170 492 suorum,
2201 424 2371 478 habet
2391 425 2544 480 unde
2574 424 2831 496 quotidie
2852 429 2972 481 tota
2991 427 3141 482 dicat
3174 444 3188 483 :
3223 432 3444 486 Dimitte
3460 433 3615 488 nobis

1910 515 2093 568 debita
2132 518 2319 568 nostra
2351 513 2560 582 (Matth.
2593 530 2675 580 v1,
2713 514 2817 585 12).
2853 516 2918 569 In
2949 520 3155 586 quarto
3187 516 3334 571 libro
3364 535 3493 574 cum
3525 521 3611 575 di-

1910 618 2097 656 cerem
2122 604 2288 655 vicem
2317 604 2587 670 Baptismi
2612 617 2765 672 posse
2794 604 2989 658 habere
3014 607 3317 674 passionem
3339 607 3494 677 (Cap.
3520 611 3608 677 22,

1907 706 1963 743 n.
1997 689 2109 761 29,)
2141 705 2257 743 non
2287 689 2423 742 satis
2449 689 2724 743 idoneum
2753 691 2918 759 posui
2955 691 3110 746 illius
3158 694 3394 747 latronis
3426 710 3612 750 exem-

1907 779 2091 849 plum,
2124 777 2223 849 qui
2252 782 2447 831 utrum
2476 793 2594 832 non
2620 778 2794 833 fuerit
2818 780 3157 851 baptizatus,
3190 780 3471 836 incertum
3504 786 3607 837 est.

1907 868 1972 920 In
2001 866 2146 919 libro
2176 865 2440 937 septimo,
2473 866 2542 919 de
2571 866 2715 919 vasis
2745 868 2933 921 aureis
2962 872 3019 922 et
3048 869 3331 939 argenteis
3357 870 3417 924 in
3438 871 3609 925 domo

1909 970 2119 1025 magna
2163 953 2484 1008 constitutis
2533 955 2666 1024 (Cap
2698 958 2783 1023 51,
2824 971 2880 1009 n.
2915 956 3025 1025 99),
3070 973 3300 1011 sensum
3342 958 3612 1029 Cypriani

1908 1048 2131 1097 secutus
2161 1059 2307 1110 sum,
2340 1043 2441 1113 qui
2470 1043 2592 1097 haec
2624 1042 2840 1113 accepit
2883 1043 2943 1097 in
2990 1044 3185 1111 bonis;
3219 1045 3279 1099 in
3307 1046 3474 1100 malis
3506 1063 3607 1100 au-

1908 1132 2228 1202 temlignea
2243 1135 2298 1185 et
2312 1131 2507 1185 fictilia
2522 1132 2705 1201 (Cypr.
2721 1135 2896 1201 Epist.
2915 1136 2973 1186 5t
2989 1172 3003 1202 ,
3019 1133 3092 1186 ad
3118 1136 3433 1202 Maximum,
3458 1134 3608 1204 etc.):

1908 1220 1975 1273 ad
2007 1220 2104 1273 illa
2134 1220 2383 1273 referens
2414 1220 2568 1291 quod
2596 1219 2810 1274 dictum
2837 1224 2942 1289 est,
2973 1221 3107 1275 Alia
3137 1222 3354 1291 quidem
3380 1224 3439 1276 in
3459 1223 3612 1276 hono-

1909 1323 2052 1375 rem;
2086 1308 2156 1362 ad
2186 1309 2308 1363 haec
2333 1312 2523 1362 autem
2557 1309 2710 1379 quod
2743 1308 2956 1363 dictum
2988 1313 3092 1376 est,
3122 1310 3252 1364 Alia
3276 1326 3400 1363 vero
3419 1312 3477 1364 in
3498 1326 3612 1365 con-

1911 1398 2185 1451 tumeliam
2224 1398 2301 1464 (II
2330 1399 2574 1466 Tim.~n,
2627 1397 2741 1467 20).
2789 1398 2898 1452 Sed
2945 1398 3130 1469 magis
3168 1398 3422 1469 approbo
3453 1400 3605 1470 quod

1909 1484 2061 1553 apud
2082 1484 2432 1554 Tychonium
2450 1487 2646 1555 postea
2661 1485 2848 1555 reperi
2867 1485 2954 1538 vel
2973 1484 3211 1551 adverti,
3230 1485 3292 1539 in
3312 1486 3611 1557 utriusque

1908 1572 2345 1642 intelligendum
2379 1573 2645 1642 quaedam
2676 1573 2738 1627 in
2775 1573 3075 1642 honorem,
3106 1589 3223 1627 non
3254 1574 3375 1627 sola
3401 1575 3615 1629 scilicet

1909 1675 2082 1714 aurea
2111 1664 2167 1714 et
2191 1664 2487 1730 argentea;
2520 1664 2575 1714 et
2603 1676 2799 1715 rursus
2832 1661 2893 1715 in
2917 1661 3180 1732 utrisque
3236 1661 3497 1731 quaedam
3550 1662 3611 1717 in

1910 1748 2334 1814 contumeliam,
2368 1764 2482 1802 non
2512 1749 2709 1819 utique
2741 1750 2861 1803 sola
2898 1749 3087 1819 lignea
3136 1752 3191 1802 et
3231 1748 3451 1803 ﬁctilia.
3495 1751 3611 1803 Hoc

1911 1853 2055 1906 opus
2084 1836 2162 1889 sic
2186 1835 2385 1906 incipit
2417 1851 2429 1889 :
2459 1838 2523 1891 In
2550 1838 2624 1890 eis
2655 1838 2810 1890 libris
2841 1850 2971 1905 quos
3010 1836 3268 1890 adversus
3306 1837 3611 1905 Epistolam

1911 1925 2275 1979 Parmeniani.

2568 1992 2791 2047 CAPUT
2820 1994 2950 2048 XIX.

1911 2085 2108 2140 Contra
2138 2081 2281 2152 quod
2310 2082 2496 2137 attulit
2538 2083 2820 2137 Centurius
2853 2098 2887 2135 a
2913 2083 3222 2146 Donatistis,
3270 2084 3406 2138 liber
3447 2098 3607 2139 unus.

2512 2200 2580 2209 --
2607 2168 2621 2240 [
2632 2172 2751 2223 Non
2781 2170 3002 2242 exstat.)

1984 2260 2122 2314 Cum
2156 2258 2424 2313 adversus
2448 2262 2671 2328 partem
2702 2258 2908 2313 Donati
2937 2259 3119 2313 multa
3156 2259 3368 2314 crebris
3414 2260 3609 2332 dispu-

1914 2347 2227 2401 tationibus
2279 2361 2599 2417 ageremus,
2654 2346 2845 2400 attulit
2892 2346 2962 2400 ad
3016 2346 3317 2401 Ecelesiam
3376 2348 3609 2419 quidam

1913 2436 2090 2490 laicus
2120 2439 2255 2489 tunc
2302 2450 2499 2488 eorum
2549 2435 2830 2488 nonnulla
2877 2438 3077 2489 contra
3117 2450 3225 2489 nos
3272 2436 3481 2490 dictata
3523 2437 3610 2490 vel

1912 2523 2120 2593 scripta
2143 2522 2202 2576 in
2224 2522 2421 2593 paucis
2442 2523 2595 2577 velut
2616 2522 2978 2589 testimoniis,
2999 2538 3127 2594 qua:
3147 2540 3263 2578 sua:
3289 2540 3472 2578 causai
3494 2524 3611 2579 suf-

1912 2611 2124 2682 fragari
2152 2615 2353 2682 putant
2388 2627 2400 2665 :
2431 2611 2521 2665 his
2550 2611 2878 2665 brevissime
2911 2612 3199 2682 respondi.
3232 2613 3412 2683 Hujus
3434 2612 3613 2668 libelli

1912 2698 2109 2753 titulus
2152 2704 2236 2753 est
2283 2716 2296 2752 :
2349 2699 2556 2754 Contra
2600 2699 2756 2768 quod
2798 2699 2991 2753 attulit
3037 2700 3336 2754 Centurius
3366 2718 3397 2753 a
3430 2702 3615 2754 Dona-

1912 2786 2077 2841 tistis.
2110 2789 2175 2841 Et
2202 2786 2405 2855 incipit
2441 2785 2521 2839 sic
2554 2801 2567 2839 :
2599 2788 2746 2839 Dicis
2774 2802 2831 2839 eo
2861 2786 3005 2853 quod
3048 2789 3310 2857 scriptum
3336 2791 3415 2842 est
3444 2802 3479 2840 ιι
3507 2788 3610 2844 Sa-

1914 2876 2114 2929 lomone
2144 2890 2158 2928 :
2197 2894 2219 2922 ι
2253 2873 2340 2928 Ab
2365 2888 2511 2941 aqua
2534 2874 2715 2926 aliena
2744 2874 2951 2927 abstine
2976 2878 3045 2929 te.
3085 2894 3108 2923 ι

2580 2960 2804 3015 CAPUT
2841 2962 2945 3014 XX.

2194 3047 2300 3115 fAd
2327 3048 2703 3116 inquisith
2731 3049 3006 3115 Januarii,
3034 3048 3165 3103 libri
3190 3049 3315 3104 duo.

1985 3135 2137 3193 Libri
2185 3136 2315 3202 duo,
2371 3152 2621 3207 quorum
2670 3139 2752 3189 est
2803 3135 3024 3202 titulus,
3072 3137 3158 3191 Ad
3205 3136 3612 3209 Inquisitiones

1911 3224 2183 3293 Januarii,
2212 3225 2393 3279 multa
2422 3225 2491 3279 de
2530 3224 2907 3279 Sacramentis
2956 3225 3256 3281 continent
3298 3225 3608 3297 disputata,

1912 3314 2030 3369 sive
2055 3330 2184 3385 quas
2204 3312 2623 3380 universaliter,
2656 3312 2771 3367 sive
2801 3328 2929 3383 quae
2956 3313 3264 3383 partiliter,
3295 3314 3350 3369 id
3383 3319 3468 3368 est
3495 3331 3612 3370 non

1911 3419 2180 3475 paruaque
2214 3402 2275 3457 in
2304 3402 2568 3457 omnibus
2597 3402 2734 3456 locis
2764 3402 3025 3456 observat
3072 3402 3312 3457 Ecclesia
3346 3419 3360 3456 :
3396 3418 3501 3457 nec
3526 3408 3611 3458 ta-

1912 3507 2046 3545 men
2095 3489 2534 3545 commemorari
2579 3489 2774 3544 omnia
2821 3494 3156 3560 potuerunt;
3208 3490 3307 3545 sed
3352 3490 3486 3545 satis
3540 3492 3612 3546 ad

1912 3579 2190 3651 inquisita
2245 3594 2584 3649 responsum
2630 3582 2733 3633 est.
2785 3578 3042 3642 Quorum
3094 3576 3375 3632 librorum
3431 3578 3612 3650 prior,

1914 3669 2158 3739 epistola
2188 3672 2306 3733 est;
2335 3667 2507 3721 habet
2545 3666 2757 3737 quippe
2801 3665 2861 3719 in
2902 3666 3104 3736 capite,
3138 3666 3286 3737 quis,
3322 3666 3389 3721 ad
3441 3683 3611 3739 quem

1914 3756 2121 3810 scribat
2153 3771 2168 3808 :
2199 3755 2296 3810 sed
2327 3754 2456 3808 ideo
2483 3754 2633 3808 inter
2661 3754 2835 3808 libros
2865 3757 3278 3808 annumeratur
3306 3755 3414 3808 hoc
3445 3771 3610 3825 opus,

1914 3844 2188 3915 quoniam
2214 3860 2457 3915 sequens
2479 3842 2577 3915 qui
2593 3842 2828 3896 nomina
2854 3846 3051 3896 nostra
3076 3858 3193 3896 non
3215 3842 3405 3908 habet,
3429 3843 3611 3897 multo

1915 3937 1997 3987 est
2050 3931 2348 4002 prolixior,
2405 3935 2463 3985 et
2509 3931 2570 3985 in
2612 3947 2677 3984 eo
2724 3931 2906 3984 multo
2953 3931 3121 3999 plura
3160 3934 3495 3986 tractantur.
3548 3932 3613 3985 In

1913 4020 2097 4092 primo
2126 4019 2304 4090 igitur
2343 4020 2495 4086 quod
2528 4019 2596 4074 de
2623 4034 2835 4072 manna
2862 4017 2999 4085 dixi,
3037 4019 3177 4083 Quia
3209 4020 3501 4086 unicuique
3530 4033 3610 4072 se-

1913 4109 2147 4163 cundum
2166 4111 2454 4177 propriam
2484 4109 2810 4162 voluntatem
2839 4108 2897 4161 in
2940 4122 3029 4160 ore
3055 4107 3303 4175 sapiebat
3352 4108 3502 4176 (Cap.
3556 4110 3610 4173 3,

1911 4214 1968 4251 η.
1996 4199 2070 4267 4),
2103 4212 2222 4251 non
2250 4195 2392 4249 mihi
2417 4194 2661 4250 occurrit
2704 4194 2854 4248 unde
2883 4193 3062 4265 possit
3090 4194 3343 4264 probari,
3396 4193 3507 4248 nisi
3546 4209 3611 4248 ex

1912 4286 2061 4340 libro
2091 4283 2393 4355 Sapientia:
2424 4285 2577 4355 (Sap.
2609 4300 2719 4349 xv1,
2750 4285 2867 4352 20),
2901 4298 3073 4354 quem
3099 4281 3283 4337 Judaii
3314 4297 3431 4337 non
3469 4280 3611 4336 reci-

1911 4375 2079 4444 piunt
2124 4373 2186 4427 in
2232 4373 2629 4427 auctoritatem
2680 4371 3049 4438 canonicam;
3099 4370 3254 4442 quod
3302 4376 3497 4426 tamen
3543 4370 3612 4425 ﬁ-

1913 4463 2133 4517 delibus
2175 4461 2363 4532 potuit
2403 4459 2729 4532 provenire,
2779 4476 2896 4513 non
2944 4458 3058 4513 illis
3104 4459 3374 4513 adversus
3432 4460 3612 4512 Deum

1911 4549 2453 4616 murmuratoribns,
2474 4549 2572 4621 qui
2592 4549 2846 4619 profecto
2866 4548 3003 4602 alias
3024 4564 3178 4602 escas
3198 4563 3315 4602 non
3332 4547 3614 4602 desidera-

1910 4644 2061 4706 rent,
2090 4639 2137 4693 si
2166 4639 2273 4692 hoc
2303 4637 2384 4692 eis
2414 4641 2639 4709 saperet
2665 4653 2878 4691 manna
2898 4636 3049 4707 quod
3074 4636 3301 4690 vellent.
3333 4637 3448 4691 Hoc
3468 4652 3613 4708 opus

1912 4727 1991 4781 sic
2018 4726 2219 4797 incipit
2248 4742 2262 4781 :
2292 4726 2385 4781 Ad
2408 4741 2471 4780 ea
2501 4741 2619 4795 qua:
2647 4741 2728 4779 me
2758 4726 3125 4792 interrogasti.

2563 4814 2789 4867 CAPUT
2828 4814 2959 4868 XXI.

2228 4903 2302 4955 De
2334 4901 2501 4970 Opere
2528 4901 2929 4968 Monachorum,
2964 4900 3101 4956 liber
3129 4914 3290 4955 unus.

1983 4991 2054 5045 Ut
2093 4989 2162 5044 de
2193 4989 2372 5061 Opere
2417 4990 2825 5044 Monachorum
2872 4988 3083 5044 librum
3131 4988 3464 5057 scriberem,
3513 4986 3613 5042 illa

1911 5078 2213 5133 necessitas
2266 5076 2562 5147 compulit,
2619 5077 2771 5149 quod
2821 5093 2951 5132 cum
3001 5077 3149 5149 apud
3202 5075 3610 5146 Carthaginem

1910 5167 2255 5222 monasteria
2280 5184 2398 5221 esse
2429 5166 2750 5237 ccipissent,
2786 5167 2885 5221 alii
2908 5184 2964 5221 se
2999 5166 3116 5221 suis
3146 5166 3412 5221 manibus
3432 5167 3610 5217 trans-

1911 5256 2162 5327 igebant,
2220 5255 2677 5326 obtemperantes
2728 5256 3036 5326 Apostolo;
3088 5254 3187 5309 alii
3230 5268 3363 5307 vero
3412 5250 3491 5304 ita
3540 5264 3608 5302 ex

1911 5343 2291 5399 oblationibus
2344 5342 2739 5414 religiosorum
2783 5343 2969 5398 vivere
3020 5342 3301 5406 volebant,
3355 5341 3419 5393 ut
3463 5336 3605 5390 nihil

1909 5436 2212 5503 operantes
2232 5432 2385 5487 unde
2405 5432 2719 5488 necessaria
2739 5433 2827 5487 vel
2849 5432 3127 5486 haberent
3142 5429 3228 5483 vel
3249 5426 3607 5498 supplerent,

1914 5538 1972 5576 se
2003 5520 2192 5593 potius
2219 5520 2461 5594 implere
2508 5524 2857 5594 praseeptum
2896 5515 3287 5590 evangelicum
3316 5512 3607 5572 existima-
