4062 6366
441 291 543 344 639

441 413 569 466 rent
595 414 767 483 atque
789 410 1092 483 jactarent,
1123 409 1224 467 ubi
1269 409 1548 466 Dominus
1597 411 1675 466 ait
1705 427 1719 466 :
1750 412 2018 482 Respicite
2044 426 2140 466 υο-

441 499 623 554 latilia
645 501 764 554 caeli
791 505 841 555 et
869 499 990 554 lilia
1034 502 1159 567 agri
1206 500 1415 570 (Matth.
1465 516 1542 566 vr,
1589 501 1705 571 26).
1755 500 1912 556 Unde
1960 499 2136 554 etiam

444 587 595 642 inter
622 587 796 642 laicos
823 587 1108 642 inferioris
1136 587 1431 659 propositi,
1464 587 1560 642 sed
1591 592 1784 642 tamen
1813 587 2000 642 studio
2024 587 2138 642 fer-
2174 613 2186 623 -

441 680 658 746 ventes,
695 677 934 733 existere
962 681 1249 748 coeperant
1277 677 1633 732 tumultuosa
1661 677 1995 745 certamina,
2017 677 2140 749 qui-

445 765 552 820 bus
583 766 826 821 Ecclesia
853 766 1200 833 turbaretur,
1232 765 1357 820 aliis
1394 767 1524 832 hoc,
1569 765 1696 820 aliis
1741 765 1895 822 aliud
1945 766 2142 821 defen-

443 853 730 910 dentibus.
780 855 899 909 Huc
931 855 1231 910 accedebat
1265 855 1418 926 quod
1465 853 1656 909 criniti
1699 859 1864 910 erant
1907 855 2142 927 quidam

445 957 669 1009 eorum,
700 942 800 1013 qui
829 943 1184 1014 operandam
1214 959 1333 998 nou
1362 959 1483 998 esse
1512 942 1792 998 dicebant.
1828 943 1986 998 Unde
2015 959 2146 998 cou-

447 1029 909 1096 tentiones,binc
936 1030 1502 1102 reprehendendum,
1539 1031 1671 1086 inde
1701 1030 1864 1102 quasi
1897 1047 2146 1102 purgan-

447 1115 591 1170 tium
623 1118 664 1184 ¹,
694 1133 800 1188 pro
830 1117 1083 1188 partium
1113 1118 1316 1174 studiis
1343 1119 1720 1190 augebantur.
1755 1120 1994 1188 Propter
2022 1119 2146 1172 haec

447 1204 786 1260 venerabilis
826 1221 996 1260 senex
1039 1207 1327 1274 Aurelius,
1380 1206 1638 1262 Ecclesiae
1679 1203 1856 1277 ipsius
1902 1205 2146 1260 civitatis

447 1290 768 1363 episcopus,
794 1297 860 1347 ut
887 1292 1020 1347 hinc
1057 1292 1277 1365 aliquid
1324 1292 1627 1348 scriberem
1663 1291 1865 1360 jussit;
1915 1297 1973 1348 et
2013 1292 2141 1347 feci.

451 1377 552 1432 Hic
581 1377 726 1434 liber
751 1378 832 1434 sic
857 1379 1060 1451 incipit
1087 1383 1365 1436 :Jussioni
1384 1386 1507 1448 tuas,
1529 1385 1711 1436 sancte
1733 1383 1912 1449 frater
1930 1381 2142 1436 Aureli.

1087 1469 1312 1526 CAPUT
1349 1471 1508 1525 XXII.

831 1551 906 1603 De
930 1550 1072 1604 Bono
1099 1549 1407 1619 Conjugali,
1439 1549 1572 1604 liber
1601 1561 1764 1604 unus.

524 1639 572 1689 l.
602 1633 887 1690 Ioviniani
930 1636 1164 1691 haeresis
1208 1653 1496 1692 sacrarum
1548 1636 1836 1708 virginum
1877 1635 2147 1690 meritum

449 1721 728 1793 aequando
749 1722 1041 1794 pudicitiae
1071 1724 1360 1795 conjugali
1404 1728 1630 1779 tantum
1675 1723 1857 1778 valuit
1902 1723 1963 1778 in
2005 1723 2147 1778 urbe

449 1810 648 1875 Roma,
680 1814 744 1864 ut
771 1811 1072 1865 nonnullas
1101 1811 1274 1866 etiam
1305 1810 1764 1866 sanctimoniales
1793 1811 1862 1866 de
1897 1826 2144 1883 quarum

446 1897 724 1970 pudicitia
757 1899 1002 1970 suspicio
1029 1900 1185 1954 nulla
1213 1903 1601 1970 praecesserat,
1650 1898 1918 1970 dejecisse
1949 1899 2011 1953 in
2040 1914 2148 1953 nu-

449 1987 596 2058 ptias
637 1986 941 2055 diceretur,
988 1988 1098 2042 hoc
1135 1989 1384 2043 maxime
1410 1992 1751 2060 argumento
1781 2003 1911 2042 cum
1942 2003 2037 2043 eas
2064 2002 2151 2041 ur-

450 2079 609 2145 geret
624 2074 818 2130 dicens
841 2093 854 2131 :
884 2077 966 2132 Tu
987 2091 1126 2146 ergo
1145 2076 1351 2131 melior
1375 2092 1549 2148 quam
1569 2075 1727 2143 Sara,
1750 2075 1954 2130 melior
1975 2091 2150 2147 quam

451 2164 728 2231 Susanna,
757 2163 871 2218 sive
899 2165 1110 2219 Anna?
1153 2169 1210 2219 et
1245 2169 1477 2219 caeteras
1523 2163 2028 2219 commemorando
2069 2168 2150 2218 te-

451 2251 719 2306 stimonio
749 2255 957 2306 sanctae
993 2251 1300 2323 Scriptura:
1346 2251 1932 2306 commendatissimas
1980 2251 2147 2306 femi-

451 2355 574 2406 nas,
609 2339 818 2410 quibus
847 2355 906 2393 se
937 2339 1051 2392 illa:
1080 2339 1367 2410 meliores,
1414 2340 1503 2394 vel
1553 2339 1724 2394 etiam
1777 2355 1942 2410 pares
1987 2339 2147 2410 cogi-

451 2431 572 2481 tare
595 2442 715 2482 non
744 2431 993 2498 possent.
1021 2428 1136 2482 Hoc
1156 2427 1329 2482 modo
1356 2426 1528 2482 etiam
1549 2427 1802 2482 virorum
1823 2431 2151 2482 sanctorum

453 2519 712 2570 sanctum
763 2515 1100 2577 caelibatum.
1142 2515 1684 2570 commemoratione
1704 2519 1934 2587 patrum
1960 2515 2156 2586 conju-

455 2605 720 2673 gatorum
751 2607 810 2658 et
845 2603 1288 2675 comparatione,
1336 2603 1654 2675 frangebat.
1707 2603 1850 2658 Huic
1898 2608 2154 2658 monstro

457 2695 650 2745 sancta
698 2691 939 2747 Ecclesia
969 2709 1097 2764 quae
1126 2691 1206 2747 ibi
1235 2697 1338 2760 est,
1369 2691 1694 2748 ﬁdelissime
1741 2708 1804 2746 ac
1849 2691 2155 2747 fortissime

457 2778 686 2834 restitit.
721 2780 1135 2836 Remanserant
1164 2785 1354 2836 autem
1374 2781 1498 2836 ista:
1519 2780 1936 2851 disputationes
1956 2779 2080 2849 ejus
2093 2779 2156 2834 in

455 2869 836 2939 quorumdam
857 2869 1234 2924 sermunculis
1258 2885 1324 2924 ac
1351 2869 1616 2937 susurris,
1649 2885 1794 2941 quas
1815 2869 2008 2940 palam
2028 2884 2161 2922 sua-

455 2953 587 3008 dere
619 2955 806 3009 nullus
848 2956 1110 3012 audebat.
1157 2957 1264 3012 Sed
1308 2957 1480 3012 etiam
1528 2958 1746 3012 occulte
1784 2956 2019 3012 venenis
2061 2971 2155 3010 re-

455 3042 748 3112 pentibus,
789 3044 1059 3100 facultate
1099 3061 1272 3116 quam
1322 3045 1570 3100 donabat
1614 3044 1910 3111 Dominus,
1958 3059 2157 3098 occur-

456 3129 698 3185 rendum
725 3130 837 3186 fuit
869 3150 885 3186 :
916 3131 1161 3187 maxime
1190 3133 1464 3204 quoniam
1488 3133 1812 3204 jactabatur
1854 3130 2154 3186 Joviniano

459 3217 789 3288 responderi
818 3235 934 3273 non
959 3219 1212 3289 potuisse
1258 3236 1389 3274 cum
1429 3221 1593 3274 laude
1625 3223 1666 3285 ³,
1695 3219 1795 3272 sed
1833 3235 1965 3272 cum
2006 3217 2154 3272 vitu-

458 3305 756 3375 peratione
781 3305 1134 3376 nuptiarum.
1169 3308 1408 3377 Propter
1434 3308 1542 3362 hoc
1569 3307 1776 3362 librum
1795 3305 1968 3373 edidi,
1991 3307 2161 3376 cujus

460 3392 754 3463 inscriptio
778 3397 882 3460 est,
909 3393 978 3448 de
1001 3395 1158 3448 Bono
1177 3394 1495 3466 Conjugali.
1525 3393 1630 3450 Ubi
1651 3394 1720 3448 de
1739 3393 2160 3465 propagatione

460 3480 712 3536 ﬁliorum
739 3481 902 3552 prius
922 3497 1096 3554 quam
1123 3481 1385 3538 homines
1425 3487 1668 3538 mortem
1712 3482 1993 3553 peccando
2033 3497 2147 3536 me-

464 3573 756 3639 rerentur,
809 3569 1082 3641 quoniam
1127 3569 1460 3626 concubitus
1487 3569 1818 3625 mortalium
1847 3585 2152 3640 corporum

460 3672 554 3711 res
580 3655 827 3729 videtur,
865 3657 1104 3730 quaestio
1153 3674 1362 3730 magna
1407 3658 1579 3714 dilata
1624 3663 1752 3714 est:
1784 3659 1882 3714 sed
1929 3658 1990 3713 in
2037 3658 2162 3712 aliis

459 3750 659 3816 postea
703 3746 908 3803 litteris
953 3747 1182 3816 nostris,
1230 3748 1364 3803 satis
1430 3751 1708 3820 quantum
1758 3746 2024 3814 arbitror,
2071 3763 2162 3801 ex-

459 3833 722 3905 plicetur.

532 3927 585 3978 2.
621 3923 744 3978 Dixi
783 3925 955 3980 etiam
1005 3925 1254 3998 quodam
1305 3927 1429 3980 loco
1463 3941 1476 3980 :
1509 3925 1660 3992 Quod
1707 3926 1848 3980 enim
1892 3928 1969 3980 est
2013 3924 2162 3979 cibus

461 4012 536 4067 ad
575 4015 803 4070 salutem
845 4016 1100 4082 hominis,
1133 4017 1228 4070 hoc
1257 4019 1336 4070 est
1362 4014 1673 4070 concubitus
1713 4013 1787 4068 ad
1823 4013 2049 4068 salutem
2078 4027 2164 4080 ge-

461 4103 636 4167 neris;
667 4106 717 4156 et
747 4107 1035 4171 utrumque
1064 4118 1170 4158 non
1197 4108 1274 4158 est
1294 4105 1408 4157 sine
1429 4103 1774 4156 delectatione
1793 4101 2025 4160 carnali.
2048 4114 2166 4167 qua

463 4195 642 4246 tamen
691 4191 1021 4261 modiﬁcata,
1053 4196 1103 4245 et
1142 4193 1498 4260 temperantia
1543 4193 1856 4258 refrenante
1906 4191 1966 4244 in
2009 4205 2165 4243 usum

462 4278 767 4332 naturalem
823 4278 1064 4343 redacta,
1112 4277 1281 4332 libido
1327 4292 1436 4332 esse
1492 4293 1598 4331 non
1650 4281 1831 4346 potest
1875 4275 2030 4344 (Cap.
2078 4278 2160 4336 t6,

462 4382 520 4421 n.
560 4365 666 4432 18).
699 4365 859 4430 Quod
890 4365 1020 4420 ideo
1049 4363 1265 4419 dictum
1293 4369 1399 4433 est,
1433 4363 1706 4436 quoniam
1742 4362 1916 4418 libido
1945 4379 2060 4416 non
2083 4366 2168 4416 est

463 4454 648 4509 bonus
678 4457 735 4508 et
762 4457 948 4508 rectus
976 4467 1114 4507 usus
1142 4451 1394 4507 libidinis
1417 4457 1456 4506 ³.
1482 4451 1636 4508 Sicut
1662 4451 1818 4506 enim
1843 4452 2059 4506 malum
2084 4456 2169 4506 est

465 4539 614 4596 male
640 4539 724 4596 uti
755 4539 942 4607 bonis,
975 4540 1054 4596 ita
1083 4541 1302 4596 bonum
1331 4545 1417 4596 est
1439 4541 1586 4596 bene
1614 4540 1698 4595 uti
1730 4539 1894 4594 malis
1926 4540 2027 4594 :de
2055 4555 2168 4610 qua

530 4631 546 4663 ί
583 4628 716 4678 Edd.
758 4627 970 4693 habent,
999 4630 1371 4693 pugnantium.
1405 4628 1506 4693 Sed
1535 4627 1722 4677 melius
1751 4627 1952 4693 aliquot
1973 4627 2159 4693 eMss.

461 4693 836 4800 puliigelititium,
862 4691 914 4740 id
945 4689 1026 4741 est
1052 4689 1480 4756 reprehensionis
1501 4703 1713 4740 causam
1731 4704 1762 4739 a
1784 4689 2053 4738 Menachis
2075 4689 2162 4737 de-

466 4767 533 4800 ne
577 4766 603 4800 e
672 4766 800 4800 tum.

506 4765 800 4802 euenuum.

466 4767 800 4816 peuennum.

527 4816 548 4849 3
581 4814 723 4875 Mss.,
753 4826 868 4864 non
887 4827 1050 4875 posse.
1087 4815 1153 4866 At
1171 4814 1325 4875 Edd.,
1356 4829 1457 4866 non

522 4877 543 4910 ³
577 4874 855 4937 subtracta
881 4874 1007 4926 hinc
1035 4891 1184 4935 voce,
1215 4874 1456 4937 libidinis,

467 4936 799 5000 perspicuum
828 4951 932 5001 quo
961 4944 1160 5001 spectet
1178 4939 1325 4989 locus
1341 4936 1668 4989 retractatus.
1701 4939 1772 4987 Eo
1801 4950 1925 5001 vero
1945 4940 2164 5001 spectat,

467 4998 528 5047 ut
546 4998 612 5047 ne
630 4998 873 5064 a_carnali
893 4998 1190 5064 complexu.
1203 5002 1443 5064 quamvis
1465 5001 1767 5064 moderatus
1789 4999 1857 5064 sit
1876 5002 1928 5048 et
1942 4998 1997 5064 in
2012 5010 2165 5064 usam

466 5059 759 5125 natugalem
781 5059 1040 5119 redactus,
1059 5059 1241 5125 abesse
1275 5077 1509 5125 unquam
1525 5063 1690 5111 libido
1711 5061 1888 5125 omnis
1903 5060 2164 5125 existime-

468 5126 572 5196 tur:
603 5121 1068 5196 Enim.vero.qua‘m
1097 5121 1731 5196 originaljs'vi‘tiipausam
1753 5136 1865 5196 esse
1878 5121 2164 5171 identidem

468 5183 870 5248 S._Augustinus
887 5183 1132 5239 inculcat.
1147 5201 1176 5248 ι(
1184 5183 1298 5248 ipse
1318 5185 1406 5248 ille
1425 5185 2166 5248 licitashonestusqueconcu-

470 5262 498 5290 ι(
523 5245 664 5308 bitus
689 5259 798 5308 nou
820 5249 993 5308 potest
1011 5259 1124 5295 esse
1137 5245 1252 5308 sin'e
1263 5246 1448 5308 ardore
1461 5247 1712 5301 libidinis.
1729 5251 1788 5294 ut

1523 4817 1720 4866 otulsse
1747 4826 1870 4865 cum
1895 4811 2068 4862 laude.

1522 4877 1625 4926 aud
1655 4877 1782 4925 satis
1805 4878 1918 4925 erat
1949 4875 2004 4923 in
2031 4873 2159 4922 Edd.

470 5262 498 5290 ι(
523 5247 664 5296 bitus
689 5259 798 5318 nou
820 5249 993 5318 potest
1011 5259 1124 5295 esse
1137 5247 1252 5316 sine
1263 5247 1448 5318 ardore
1461 5247 1712 5333 libidinis,
1729 5251 1788 5294 ut
1796 5247 1980 5355 (peragi
2001 5247 2165 5317 possit

467 5307 920 5418 ἕοᾟέἰῖἑὲἓὲἓῖ
932 5311 1046 5418 fit:
1061 5307 1529 5418 ἓὶῗίίιξίἓέῗὲὲξῗεεέ
1539 5307 2167 5418 ἴςὲξξξηίιίαῗιίῗὲἓιξὲἕὲἑ

469 5373 1046 5433 Concupiscentia,cap.
1061 5373 1138 5418 2t.
1160 5373 1454 5431 Hucitaque
1466 5383 1529 5418 ex
1551 5373 1672 5418 Mss.
1692 5373 2050 5431 antiquiorum
2063 5373 2163 5417 ﬁde

469 5431 831 5494 revocavimus
865 5445 1046 5481 vocem
1079 5430 1338 5494 libidinis;
1359 5431 1425 5480 ad
1453 5444 1611 5494 quam
1653 5434 1851 5494 septem
1886 5429 2164 5494 Messadji-

469 5491 618 5556 ciunt
644 5494 932 5556 naturalis.
970 5494 1073 5542 Nec
1095 5493 1241 5556 male
1270 5508 1280 5540 :
1319 5494 1454 5542 inest
1469 5491 1628 5544 'enlm
1665 5491 1828 5542 libido
1858 5493 1924 5542 ab
1960 5491 2162 5556 origine

470 5555 523 5601 et
545 5555 848 5604 conditione
878 5555 1146 5604 nascendi.

1571 287 2231 347 RETRACTATIONUM
2272 291 2324 348 S.
2379 291 2784 351 AUGUSTINI.

3872 302 3967 356 sio
4035 263 4045 354 ἰ

2249 431 2310 470 re
2339 416 2499 486 alias,
2529 417 2778 472 maxime
2805 421 3005 473 contra
3033 433 3212 474 novos
3254 418 3555 474 haereticos
3594 419 3967 491 Pelagianos,

2249 503 2579 575 diligentius
2609 505 2912 576 disputavi.
2945 508 3024 562 De
3053 508 3341 563 Abraham
3372 508 3529 580 quod
3569 508 3719 578 dixi,
3755 511 3848 564 Em
3879 511 3970 564 hac

2250 594 2552 648 obedientia
2585 599 2748 664 pater
2773 595 2868 651 ille
2891 595 3196 666 Abraham,
3227 599 3326 666 qui
3354 599 3473 652 sine
3496 612 3678 652 umore
3701 613 3820 651 non
3843 600 3970 663 fuit.

2250 697 2360 737 esse
2387 684 2504 738 sine
2532 685 2688 738 unico
2715 685 2828 752 ﬁlia
2847 688 2898 738 et
2926 700 2962 738 a
2987 699 3042 739 se
3061 687 3229 739 occiso
3254 690 3487 756 paratus
3518 687 3640 752 fuit
3685 686 3848 756 (Cap.
3887 688 3969 747 23.

2250 787 2305 826 η.
2349 772 2456 838 3t),
2482 787 2598 826 non
2631 772 2766 826 satis
2796 773 3072 844 approbo.
3101 773 3275 845 Magis
3300 773 3456 829 enim
3487 773 3709 840 ﬁlium,
3747 774 3800 828 si
3834 783 3976 828 esset

2252 860 2487 923 occisus,
2539 859 2972 916 resuscitatione
3016 861 3124 917 sibi
3173 877 3305 918 mox
3350 862 3524 917 fuisse
3575 862 3971 926 reddendum,
4041 869 4047 942 ἦ

2253 948 2559 1003 credidisse
2596 949 2916 1004 credendus
2968 954 3074 1020 est,
3127 950 3270 1005 sicut
3321 950 3381 1005 in
3437 951 3704 1022 Epistola
3765 951 3977 1023 legitur

2255 1052 2384 1108 qua:
2401 1041 2484 1092 est
2504 1036 2572 1092 ad
2592 1037 2858 1092 Hebreos
2873 1038 3068 1109 (Hebr.
3094 1055 3172 1106 x1,
3205 1038 3315 1111 l9).
3341 1039 3440 1094 Hic
3462 1039 3615 1094 liber
3633 1039 3722 1094 sic
3742 1039 3972 1111 incipit:

2255 1127 2517 1197 Quoniam
2545 1128 2915 1196 unusquisque
2953 1128 3124 1190 homo.
3168 1129 3394 1182 humani
3423 1130 3643 1197 generis
3688 1143 3844 1199 pars
3883 1133 3972 1182 est.

2879 1177 3389 1271 cibarii}?
3423 1177 3638 1197 ’⁷
3688 1177 3838 1199 ’Μ
4043 1177 4047 1244 ε

2581 1303 2654 1358 De
2681 1303 2882 1359 Sancta
2916 1305 3269 1373 Virginitate,
3298 1304 3432 1359 liber
3460 1320 3628 1360 unus.
4045 1327 4047 1368 π

2325 1393 2697 1462 Posteaquam
2727 1391 2925 1462 scripsi
2956 1391 3027 1447 de
3059 1393 3213 1447 Bono
3240 1392 3564 1464 Conjugali,
3599 1392 3979 1464 exspectaba-

2254 1482 2350 1534 tur
2377 1483 2442 1534 ut
2469 1479 2774 1534 scriberem
2802 1481 2872 1535 de
2900 1480 3119 1541 Sancta
3159 1480 3523 1552 Virginitate,
3563 1497 3679 1536 nec
3732 1481 3974 1536 distuli:

2255 1573 2426 1638 atque
2455 1567 2514 1621 id
2550 1567 2650 1622 Dei
2678 1582 2908 1662 munus,
2941 1572 2997 1622 et
3017 1583 3191 1639 quam
3221 1583 3519 1638 magnum,
3543 1573 3606 1623 et
3626 1573 3870 1640 quanta
3887 1570 3978 1622 hu-
4045 1615 4047 1662 Α

2256 1656 2496 1711 militate
2521 1655 2955 1711 custodiendum
2988 1661 3152 1720 esset,
3206 1672 3342 1724 uno,
3387 1656 3535 1711 sicut
3580 1656 3785 1729 potui,
3822 1657 3978 1711 volu-
4045 1655 4047 1700 ἰ

2259 1745 2413 1799 mine
2444 1744 2686 1799 ostendi.
2720 1745 2820 1798 Hic
2848 1744 2995 1799 liber
3035 1745 3115 1798 sic
3161 1745 3404 1817 incipit:
3438 1746 3672 1801 Librum
3725 1745 3801 1799 de
3847 1748 3979 1800 Bono
4045 1761 4047 1806 ι

2259 1835 2363 1890 Con
2361 1834 2548 1904 jugali
2571 1848 2745 1904 nuper
2770 1833 3056 1889 edidimus.

2883 1921 3112 1977 CAPUT
3149 1923 3326 1977 XXIV.

4035 561 4048 772 ἱ

2529 2014 2598 2065 De
2627 2011 2814 2067 Genesi
2834 2011 2909 2064 ad
2936 2012 3194 2077 litteram,
3227 2013 3356 2066 libri
3385 2011 3697 2066 duodecim.

2335 2105 2353 2154 t
2371 2143 2382 2154 .
2417 2101 2522 2154 Per
2546 2099 2695 2154 idem
2720 2102 2946 2169 tempus
2979 2099 3049 2154 de
3078 2099 3280 2154 Genesi
3312 2099 3488 2153 libros
3506 2098 3840 2154 duodecim
3861 2099 3980 2152 scri-

2261 2188 2346 2260 psi
2376 2188 2447 2242 ab
2477 2187 2736 2254 exordio,
2763 2187 2943 2241 donec
2973 2187 3042 2242 de
3072 2187 3334 2257 paradiso
3365 2186 3640 2241 dimissus
3673 2191 3772 2240 est
3803 2186 3977 2241 Adam

2262 2283 2318 2332 et
2342 2279 2607 2332 ﬂammea
2637 2277 2971 2348 rhomphzea
3000 2276 3184 2346 posita
3213 2281 3298 2330 est
3325 2275 3616 2330 custodire
3641 2273 3816 2328 viam
3844 2272 3980 2343 ligni

2261 2367 2409 2420 vitae.
2443 2367 2582 2420 Cum
2612 2370 2800 2419 autem
2832 2365 2902 2419 ad
2933 2365 3037 2420 hoc
3066 2381 3248 2437 usque
3277 2363 3550 2419 undecim
3585 2362 3729 2417 libri
3764 2361 3980 2434 peracti

2264 2459 2470 2519 essent,
2499 2453 2898 2508 duodecimum
2930 2452 3145 2519 addidi,
3175 2453 3234 2506 in
3262 2469 3375 2524 quo
3410 2450 3759 2522 diligentius
3795 2450 3872 2504 de
3894 2467 3980 2520 pa-

2264 2543 2448 2596 radiso
2469 2543 2820 2612 disputatum
2850 2545 2952 2597 est.
2983 2540 3207 2595 Titulus
3238 2556 3435 2594 eorum
3465 2539 3764 2592 librorum
3789 2537 3979 2592 inscri-

2263 2632 2440 2697 bitur,
2472 2632 2541 2685 de
2572 2631 2774 2685 Genesi
2801 2630 2870 2684 ad
2902 2629 3154 2684 litteram
3196 2645 3211 2684 :
3243 2629 3301 2684 id
3331 2633 3435 2694 est,
3480 2643 3595 2681 non
3654 2627 3975 2681 secundum

2266 2719 2596 2790 allegoricae
2616 2719 3085 2789 signiﬁcationes,
3106 2718 3206 2772 sed
3228 2717 3542 2771 secundum
3563 2729 3772 2770 rerum
3800 2720 3975 2785 gesta-

2267 2826 2394 2864 rum
2427 2807 2855 2880 proprietatem.
2887 2809 2952 2862 In
2982 2822 3096 2878 quo
3125 2822 3296 2878 opere
3320 2806 3489 2876 plura
3517 2803 3774 2875 quaesita
3807 2818 3976 2874 quam

2268 2897 2500 2952 inventa
2525 2900 2657 2950 sunt
2689 2913 2702 2950 :
2737 2900 2794 2950 et
2821 2911 3018 2950 eorum
3049 2911 3178 2968 qua:
3215 2894 3445 2950 inventa
3487 2897 3642 2959 sunt,
3699 2891 3978 2963 pauciora

2269 2985 2522 3051 ﬁrmata;
2557 2989 2759 3039 caetera
2785 3000 2921 3039 vero
2959 2985 3036 3038 ita
3084 2984 3291 3055 posita,
3341 2982 3499 3036 velut
3543 2981 3740 3035 adhuc
3784 2979 3975 3050 requi-

2271 3074 2445 3128 renda
2475 3073 2604 3128 sint.
2640 3075 2752 3128 Hos
2783 3089 2917 3128 sane
2946 3073 3120 3127 libros
3167 3071 3448 3144 posterius
3477 3069 3640 3140 caspi,
3677 3069 3779 3124 sed
3821 3068 3977 3143 prius

2269 3161 2574 3217 terminavi
2605 3175 2776 3233 quam
2809 3161 2879 3216 de
2909 3160 3184 3215 Trinitate
3213 3176 3226 3214 :
3256 3160 3383 3214 ideo
3413 3174 3511 3213 eos
3560 3173 3722 3212 nunc
3751 3157 3974 3221 ordine,

2271 3267 2385 3322 quo
2415 3249 2561 3320 cniepi
2582 3249 2816 3305 recolui.

2341 3342 2390 3394 2.
2429 3341 2490 3393 In
2517 3337 2717 3410 quinto
2749 3337 2896 3393 libro
2922 3337 3074 3407 (Cap.
3120 3341 3203 3402 19,
3254 3352 3310 3391 n.
3361 3336 3467 3404 38),
3517 3339 3575 3389 et
3619 3334 3976 3406 ubicumque

2272 3427 2328 3480 in
2373 3426 2452 3479 eis
2502 3425 2661 3480 libris
2705 3425 2896 3496 posui,
2948 3427 3020 3479 De
3065 3425 3264 3479 semine
3310 3425 3399 3477 cui
3443 3421 3846 3492 repromissum
3885 3427 3974 3484 est,

2271 3516 2416 3585 quod
2441 3515 2767 3583 dispositum
2803 3515 2876 3568 sit
2921 3529 3019 3582 per
3071 3512 3304 3580 Angelos
3341 3513 3400 3565 in
3441 3526 3609 3564 manu
3652 3511 3977 3565 mediatoris

2273 3573 2471 3675 (Galat,
2505 3573 2586 3668 iii,
2622 3601 2730 3672 19);
2763 3618 2877 3656 non
2905 3573 2983 3654 sic
3012 3573 3187 3655 habet
3219 3600 3543 3671 Apostolus,
3588 3597 3744 3653 sicut
3788 3599 3975 3652 verio-
4037 3573 4041 3654 λ

2270 3709 2361 3748 res
2395 3691 2618 3747 codices
2658 3695 2790 3762 post
2831 3689 3075 3760 inspexi,
3122 3689 3370 3742 maxime
3413 3703 3648 3758 graecos.
3698 3688 3786 3742 De
3839 3690 3977 3758 Lege

2273 3781 2424 3835 enim
2451 3781 2668 3834 dictum
2701 3783 2804 3844 est,
2845 3778 3000 3850 quod
3046 3782 3319 3848 tanquam
3367 3777 3436 3830 de
3485 3775 3711 3830 semine
3765 3776 3978 3830 dictum

2271 3869 2438 3924 multi
2467 3867 2629 3923 latini
2651 3867 2873 3922 codices
2887 3867 3096 3921 habent
3119 3882 3223 3936 per
3242 3864 3671 3935 interpretantis
3694 3881 3976 3918 errorem.

2271 3959 2334 4013 In
2365 3961 2521 4011 sexto
2549 3956 2693 4010 libro
2720 3955 2871 4026 quod
2900 3953 3036 4020 dixi,
3071 3955 3254 4009 Adam
3292 3955 3580 4023 imaginem
3633 3955 3756 4022 Dei,
3791 3969 3976 4008 secun—

2272 4045 2402 4100 dum
2455 4058 2618 4113 quam
2661 4043 2843 4107 factus
2888 4045 2985 4108 est,
3034 4039 3340 4109 perdidisse
3398 4044 3616 4109 peccato
3667 4041 3837 4109 (Cap.
3895 4044 3973 4103 27,

2273 4151 2327 4188 n.
2360 4133 2468 4200 28),
2500 4146 2616 4185 non
2646 4129 2724 4183 sic
2752 4129 3146 4200 accipiendum
3173 4133 3276 4193 est,
3303 4133 3576 4201 tanquam
3620 4127 3684 4182 in
3725 4143 3800 4182 eo
3833 4129 3977 4182 nulla

2273 4157 2327 4188 τι.
2363 4157 2468 4200 ΖΟ),
2503 4157 2616 4185 uuu
2646 4157 2724 4183 au;
2752 4157 3146 4200 ειυυιγιυιιυιιω
3173 4157 3276 4193 uas,
3307 4157 3576 4201 ιιιιιιιιιαιιι
3621 4157 3684 4182 ιιι
3725 4157 3800 4182 cu
3833 4157 3977 4182 uuua

2272 4218 2629 4284 remanserit,
2663 4218 2756 4272 sed
2789 4217 2941 4288 quod
2968 4221 3085 4272 tam
3123 4217 3414 4284 deformis,
3457 4219 3523 4270 ut
3562 4216 3976 4271 reformatione
4035 4157 4042 4282 Ι

2275 4325 2418 4380 opus
2445 4307 2696 4362 haberet.
2731 4306 2795 4360 In
2826 4305 3167 4360 duodecimo
3184 4306 3252 4360 de
3271 4305 3468 4361 inferis
3489 4306 3644 4374 (Cap.
3675 4306 3770 4370 33,
3792 4321 3852 4359 η.
3877 4308 3974 4369 6‘2),

2274 4395 2457 4466 magis
2487 4393 2630 4449 mihi
2660 4393 2857 4448 videor
2885 4393 3085 4448 docere
3125 4393 3410 4463 debuisse,
3459 4392 3613 4465 quod
3653 4393 3767 4447 sub
3819 4392 3977 4448 terris

2276 4484 2407 4550 sint,
2439 4498 2612 4554 quam
2643 4481 2925 4536 rationem
2962 4481 3196 4536 reddere
3235 4497 3336 4537 cur
3366 4481 3471 4535 sub
3499 4479 3672 4534 terris
3704 4496 3837 4537 esse
3866 4498 3976 4535 cre-

2276 4573 2503 4638 dantur,
2535 4570 2649 4625 sive
2686 4569 2966 4637 dicantur,
3010 4570 3172 4641 quasi
3201 4586 3319 4624 non
3349 4569 3429 4624 ita
3453 4569 3540 4624 sit.
3574 4569 3696 4624 Hoc
3725 4585 3881 4641 opus
3908 4570 3977 4624 sic

2275 4660 2476 4733 incipit
2506 4676 2521 4716 :
2549 4661 2737 4716 Omnes
2763 4659 2956 4714 divina
2981 4660 3268 4728 Scriptura
3299 4659 3561 4729 bipertita
3586 4662 3688 4714 est.

2911 4746 3137 4802 CAPUT
3178 4747 3328 4801 XXV.

2585 4836 2784 4893 Contra
2812 4835 3045 4889 Litteras
3077 4834 3359 4900 Petiliani,
3391 4834 3521 4888 libri
3543 4837 3674 4888 tres.

2345 4927 2669 4996 Antequam
2698 4921 2926 4977 finirem
2953 4922 3127 4976 libros
3158 4921 3228 4976 de
3256 4921 3552 4984 Trinitate,
3597 4924 3653 4974 et
3704 4921 3889 4977 libros
3917 4921 3977 4976 de

2277 5013 2479 5070 Genesi
2508 5013 2578 5067 ad
2608 5012 2878 5073 litteram,
2910 5009 3079 5064 irruit
3116 5026 3288 5064 causa
3334 5009 3728 5081 respondendi
3760 5009 3978 5065 Litteris
4034 5009 4035 5081 ἦ

2275 5099 2538 5157 Petiliaui
2567 5098 2886 5165 donatistm,
2915 5114 3054 5170 quas
3079 5098 3349 5153 adversus
3377 5098 3732 5154 Catholicam
3763 5100 3978 5170 scripsit
4034 5098 4035 5148 Ῑ

2275 5205 2447 5261 quam
2489 5188 2715 5244 differre
2744 5203 2857 5242 non
2886 5187 3067 5259 potui.
3103 5188 3171 5242 Et
3197 5187 3397 5258 scripsi
3426 5187 3486 5240 in
3522 5187 3672 5241 hanc
3714 5204 3844 5242 rem
3881 5188 3978 5242 tria
4034 5189 4035 5208 ³

2273 5277 2582 5341 volumina,
2607 5291 2853 5348 quorum
2875 5275 3064 5347 primo
3081 5275 3285 5347 prima:
3308 5275 3457 5346 parti
3479 5274 3766 5345 Epistolas
3786 5277 3975 5348 ipsius,
4034 5283 4035 5288 ‘

2273 5381 2445 5438 quam
2476 5364 2699 5436 scripsit
2729 5365 2799 5418 ad
2830 5381 2983 5433 suos,
3015 5364 3148 5435 quia
3176 5381 3291 5419 non
3330 5368 3451 5418 tota
3497 5363 3559 5417 in
3597 5369 3835 5420 nostras
3863 5381 3976 5419 ma-

2272 5470 2378 5508 nus
2411 5457 2660 5520 venerat,
2693 5453 2789 5508 sed
2818 5452 2977 5526 prior
3009 5469 3184 5524 parva
3212 5469 3342 5524 pars
3372 5453 3514 5524 ejus,
3551 5458 3782 5524 quanta
3824 5454 3974 5526 potui

2277 5541 2566 5596 celeritate
2596 5545 2651 5596 et
2679 5541 2912 5597 veritate
2944 5541 3229 5612 respondi.
3255 5540 3432 5596 Etiam
3462 5539 3586 5610 ipsa
3613 5541 3881 5612 Epistola
3904 5549 3976 5596 est

4033 3699 4044 4112 ἐ

4031 4299 4040 4514 4

4036 4514 4039 4655 ι

4034 4771 4037 4864 ι

4034 4907 4038 5021 4

4031 5388 4033 5452 Α

4029 5573 4031 5638 4

4031 5659 4034 5718 l

4029 5857 4031 5950 ι
