  <div class='ocr_page' id='page_1' title='image "/cluster/home/n/w/nwhite01/storage/ocr_20150623/32/umn.31951002477326y/332.png"; bbox 0 0 4062 6382; ppageno 0'>
   <div class='ocr_carea' id='block_1_1' title="bbox 56 324 145 376">
    <p class='ocr_par' dir='ltr' id='par_1_1' title="bbox 56 324 145 376">
     <span class='ocr_line' id='line_1_1' title="bbox 56 324 145 376; baseline -0.022 0"><span class='ocrx_word' id='word_1_1' title='bbox 56 324 145 376; x_wconf 79' lang='grc'><strong>641</strong></span> 
     </span>
    </p>
   </div>
   <div class='ocr_carea' id='block_1_2' title="bbox 1475 310 2125 383">
    <p class='ocr_par' dir='ltr' id='par_1_2' title="bbox 1475 310 2125 383">
     <span class='ocr_line' id='line_1_2' title="bbox 1475 310 2125 383; baseline 0.003 -16"><span class='ocrx_word' id='word_1_2' title='bbox 1475 311 1680 368; x_wconf 79' lang='lat' dir='ltr'><strong>LIBER</strong></span> <span class='ocrx_word' id='word_1_3' title='bbox 1731 310 2125 383; x_wconf 65' lang='lat' dir='ltr'><strong>[secessus</strong></span> 
     </span>
    </p>
   </div>
   <div class='ocr_carea' id='block_1_3' title="bbox 3444 321 3550 374">
    <p class='ocr_par' dir='ltr' id='par_1_3' title="bbox 3444 321 3550 374">
     <span class='ocr_line' id='line_1_3' title="bbox 3444 321 3550 374; baseline 0 -1"><span class='ocrx_word' id='word_1_4' title='bbox 3444 321 3550 374; x_wconf 72' lang='grc'><strong>642</strong></span> 
     </span>
    </p>
   </div>
   <div class='ocr_carea' id='block_1_4' title="bbox 30 434 3555 517">
    <p class='ocr_par' dir='ltr' id='par_1_4' title="bbox 30 434 3555 517">
     <span class='ocr_line' id='line_1_4' title="bbox 30 434 3555 517; baseline -0.001 -18"><span class='ocrx_word' id='word_1_5' title='bbox 30 477 32 506; x_wconf 68' lang='grc' dir='ltr'><em>τ</em></span> <span class='ocrx_word' id='word_1_6' title='bbox 59 447 124 499; x_wconf 85' lang='lat' dir='ltr'><strong>ad</strong></span> <span class='ocrx_word' id='word_1_7' title='bbox 154 447 400 509; x_wconf 89' lang='lat' dir='ltr'><strong>nostros,</strong></span> <span class='ocrx_word' id='word_1_8' title='bbox 430 439 529 495; x_wconf 89' lang='lat' dir='ltr'><strong>sed</strong></span> <span class='ocrx_word' id='word_1_9' title='bbox 557 439 686 494; x_wconf 89' lang='lat' dir='ltr'><strong>ideo</strong></span> <span class='ocrx_word' id='word_1_10' title='bbox 714 438 866 493; x_wconf 89' lang='lat' dir='ltr'><strong>inter</strong></span> <span class='ocrx_word' id='word_1_11' title='bbox 894 436 1070 491; x_wconf 87' lang='lat' dir='ltr'><strong>libros</strong></span> <span class='ocrx_word' id='word_1_12' title='bbox 1099 434 1342 517; x_wconf 85' lang='lat' dir='ltr'><strong>habetur</strong></span> <span class='ocrx_word' id='word_1_13' title='bbox 1381 436 1517 506; x_wconf 84' lang='lat' dir='ltr'><strong>quia</strong></span> <span class='ocrx_word' id='word_1_14' title='bbox 1554 435 1746 490; x_wconf 64' lang='lat' dir='ltr'><strong>caeteri</strong></span> <span class='ocrx_word' id='word_1_15' title='bbox 1856 437 2085 492; x_wconf 89' lang='lat' dir='ltr'><strong>niorum</strong></span> <span class='ocrx_word' id='word_1_16' title='bbox 2116 442 2316 493; x_wconf 86' lang='lat' dir='ltr'><strong>contra</strong></span> <span class='ocrx_word' id='word_1_17' title='bbox 2354 436 2692 492; x_wconf 88' lang='lat' dir='ltr'><strong>Donatistas.</strong></span> <span class='ocrx_word' id='word_1_18' title='bbox 2720 437 2785 492; x_wconf 87' lang='lat' dir='ltr'><strong>In</strong></span> <span class='ocrx_word' id='word_1_19' title='bbox 2815 453 2929 508; x_wconf 89' lang='lat' dir='ltr'><strong>quo</strong></span> <span class='ocrx_word' id='word_1_20' title='bbox 2959 437 3106 494; x_wconf 90' lang='lat' dir='ltr'><strong>libro</strong></span> <span class='ocrx_word' id='word_1_21' title='bbox 3136 439 3555 495; x_wconf 79' lang='lat' dir='ltr'><strong>absolutionem</strong></span> 
     </span>
    </p>
   </div>
   <div class='ocr_carea' id='block_1_5' title="bbox 55 523 1750 595">
    <p class='ocr_par' dir='ltr' id='par_1_5' title="bbox 55 523 1750 595">
     <span class='ocr_line' id='line_1_5' title="bbox 55 523 1750 595; baseline -0.007 -7"><span class='ocrx_word' id='word_1_22' title='bbox 55 535 164 588; x_wconf 89' lang='lat' dir='ltr'><strong>duo</strong></span> <span class='ocrx_word' id='word_1_23' title='bbox 192 532 252 586; x_wconf 92' lang='lat' dir='ltr'><strong>in</strong></span> <span class='ocrx_word' id='word_1_24' title='bbox 283 529 480 584; x_wconf 89' lang='lat' dir='ltr'><strong>eadem</strong></span> <span class='ocrx_word' id='word_1_25' title='bbox 513 545 685 582; x_wconf 86' lang='lat' dir='ltr'><strong>causa</strong></span> <span class='ocrx_word' id='word_1_26' title='bbox 717 526 848 581; x_wconf 90' lang='lat' dir='ltr'><strong>libri</strong></span> <span class='ocrx_word' id='word_1_27' title='bbox 878 529 1027 579; x_wconf 89' lang='lat' dir='ltr'><strong>sunt.</strong></span> <span class='ocrx_word' id='word_1_28' title='bbox 1061 525 1262 578; x_wconf 84' lang='lat' dir='ltr'><strong>Postea</strong></span> <span class='ocrx_word' id='word_1_29' title='bbox 1289 524 1501 595; x_wconf 84' lang='lat' dir='ltr'><strong>quippe</strong></span> <span class='ocrx_word' id='word_1_30' title='bbox 1533 523 1750 579; x_wconf 83' lang='lat' dir='ltr'><strong>inveni-</strong></span> 
     </span>
    </p>
   </div>
   <div class='ocr_carea' id='block_1_6' title="bbox 30 612 1750 686">
    <p class='ocr_par' dir='ltr' id='par_1_6' title="bbox 30 612 1750 686">
     <span class='ocr_line' id='line_1_6' title="bbox 30 612 1750 686; baseline -0.005 -12"><span class='ocrx_word' id='word_1_31' title='bbox 30 636 179 684; x_wconf 41' lang='lat' dir='ltr'><strong>imus</strong></span> <span class='ocrx_word' id='word_1_32' title='bbox 202 623 403 682; x_wconf 90' lang='lat' dir='ltr'><strong>totam,</strong></span> <span class='ocrx_word' id='word_1_33' title='bbox 435 617 601 686; x_wconf 87' lang='lat' dir='ltr'><strong>eique</strong></span> <span class='ocrx_word' id='word_1_34' title='bbox 651 620 808 669; x_wconf 88' lang='lat' dir='ltr'><strong>tanta</strong></span> <span class='ocrx_word' id='word_1_35' title='bbox 852 612 1150 682; x_wconf 81' lang='lat' dir='ltr'><strong>diligentia</strong></span> <span class='ocrx_word' id='word_1_36' title='bbox 1196 612 1489 682; x_wconf 78' lang='lat' dir='ltr'><strong>respondi,</strong></span> <span class='ocrx_word' id='word_1_37' title='bbox 1535 619 1750 683; x_wconf 87' lang='lat' dir='ltr'><strong>quanta</strong></span> 
     </span>
    </p>
   </div>
   <div class='ocr_carea' id='block_1_7' title="bbox 30 699 1749 770">
    <p class='ocr_par' dir='ltr' id='par_1_7' title="bbox 30 699 1749 770">
     <span class='ocr_line' id='line_1_7' title="bbox 30 699 1749 770; baseline -0.005 -8"><span class='ocrx_word' id='word_1_38' title='bbox 30 727 31 732; x_wconf 44' lang='grc' dir='ltr'><strong>η</strong></span> <span class='ocrx_word' id='word_1_39' title='bbox 61 710 258 762; x_wconf 85' lang='lat' dir='ltr'><strong>Fausto</strong></span> <span class='ocrx_word' id='word_1_40' title='bbox 289 703 639 766; x_wconf 72' lang='lat' dir='ltr'><strong>manichaeo;</strong></span> <span class='ocrx_word' id='word_1_41' title='bbox 672 701 844 756; x_wconf 89' lang='lat' dir='ltr'><strong>verba</strong></span> <span class='ocrx_word' id='word_1_42' title='bbox 873 699 1089 754; x_wconf 85' lang='lat' dir='ltr'><strong>scilicet</strong></span> <span class='ocrx_word' id='word_1_43' title='bbox 1117 700 1241 770; x_wconf 85' lang='lat' dir='ltr'><strong>ejus</strong></span> <span class='ocrx_word' id='word_1_44' title='bbox 1274 700 1379 754; x_wconf 85' lang='lat' dir='ltr'><strong>sub</strong></span> <span class='ocrx_word' id='word_1_45' title='bbox 1429 700 1606 770; x_wconf 90' lang='lat' dir='ltr'><strong>ipsius</strong></span> <span class='ocrx_word' id='word_1_46' title='bbox 1646 717 1749 754; x_wconf 91' lang='lat' dir='ltr'><strong>no-</strong></span> 
     </span>
    </p>
   </div>
   <div class='ocr_carea' id='block_1_8' title="bbox 56 787 1754 864">
    <p class='ocr_par' dir='ltr' id='par_1_8' title="bbox 56 787 1754 864">
     <span class='ocr_line' id='line_1_8' title="bbox 56 787 1754 864; baseline -0.005 -14"><span class='ocrx_word' id='word_1_47' title='bbox 56 796 208 850; x_wconf 89' lang='lat' dir='ltr'><strong>mine</strong></span> <span class='ocrx_word' id='word_1_48' title='bbox 236 791 395 864; x_wconf 87' lang='lat' dir='ltr'><strong>prius</strong></span> <span class='ocrx_word' id='word_1_49' title='bbox 425 807 644 862; x_wconf 88' lang='lat' dir='ltr'><strong>ponens</strong></span> <span class='ocrx_word' id='word_1_50' title='bbox 674 787 1080 860; x_wconf 76' lang='lat' dir='ltr'><strong>particulatim,</strong></span> <span class='ocrx_word' id='word_1_51' title='bbox 1119 791 1175 842; x_wconf 89' lang='lat' dir='ltr'><strong>et</strong></span> <span class='ocrx_word' id='word_1_52' title='bbox 1208 789 1314 842; x_wconf 91' lang='lat' dir='ltr'><strong>sub</strong></span> <span class='ocrx_word' id='word_1_53' title='bbox 1347 803 1474 842; x_wconf 89' lang='lat' dir='ltr'><strong>meo</strong></span> <span class='ocrx_word' id='word_1_54' title='bbox 1505 804 1606 858; x_wconf 91' lang='lat' dir='ltr'><strong>per</strong></span> <span class='ocrx_word' id='word_1_55' title='bbox 1636 788 1754 842; x_wconf 90' lang='lat' dir='ltr'><strong>sin-</strong></span> 
     </span>
    </p>
   </div>
   <div class='ocr_carea' id='block_1_9' title="bbox 30 875 1750 954">
    <p class='ocr_par' dir='ltr' id='par_1_9' title="bbox 30 875 1750 954">
     <span class='ocr_line' id='line_1_9' title="bbox 30 875 1750 954; baseline -0.004 -19"><span class='ocrx_word' id='word_1_56' title='bbox 30 917 34 954; x_wconf 57' lang='grc' dir='ltr'><strong>ε</strong></span> <span class='ocrx_word' id='word_1_57' title='bbox 59 883 188 953; x_wconf 88' lang='lat' dir='ltr'><strong>gula</strong></span> <span class='ocrx_word' id='word_1_58' title='bbox 217 879 644 950; x_wconf 83' lang='lat' dir='ltr'><strong>responsionem</strong></span> <span class='ocrx_word' id='word_1_59' title='bbox 661 893 869 931; x_wconf 88' lang='lat' dir='ltr'><strong>meam.</strong></span> <span class='ocrx_word' id='word_1_60' title='bbox 895 876 1001 930; x_wconf 87' lang='lat' dir='ltr'><strong>Sed</strong></span> <span class='ocrx_word' id='word_1_61' title='bbox 1032 875 1194 946; x_wconf 89' lang='lat' dir='ltr'><strong>prius</strong></span> <span class='ocrx_word' id='word_1_62' title='bbox 1217 876 1368 946; x_wconf 90' lang='lat' dir='ltr'><strong>quod</strong></span> <span class='ocrx_word' id='word_1_63' title='bbox 1391 876 1750 946; x_wconf 84' lang='lat' dir='ltr'><strong>scripseram,</strong></span> 
     </span>
    </p>
   </div>
   <div class='ocr_carea' id='block_1_10' title="bbox 59 963 1748 1041">
    <p class='ocr_par' dir='ltr' id='par_1_10' title="bbox 59 963 1748 1041">
     <span class='ocr_line' id='line_1_10' title="bbox 59 963 1748 1041; baseline -0.004 -17"><span class='ocrx_word' id='word_1_64' title='bbox 59 975 355 1041; x_wconf 84' lang='lat' dir='ltr'><strong>antequam</strong></span> <span class='ocrx_word' id='word_1_65' title='bbox 368 971 544 1022; x_wconf 89' lang='lat' dir='ltr'><strong>totam</strong></span> <span class='ocrx_word' id='word_1_66' title='bbox 564 966 968 1036; x_wconf 90' lang='lat' dir='ltr'><strong>reperiremus,</strong></span> <span class='ocrx_word' id='word_1_67' title='bbox 997 966 1259 1034; x_wconf 80' lang='lat' dir='ltr'><strong>pervenit</strong></span> <span class='ocrx_word' id='word_1_68' title='bbox 1279 965 1349 1018; x_wconf 89' lang='lat' dir='ltr'><strong>ad</strong></span> <span class='ocrx_word' id='word_1_69' title='bbox 1385 963 1748 1019; x_wconf 89' lang='lat' dir='ltr'><strong>Petilianum:</strong></span> 
     </span>
    </p>
   </div>
   <div class='ocr_carea' id='block_1_11' title="bbox 30 1050 1755 1124">
    <p class='ocr_par' dir='ltr' id='par_1_11' title="bbox 30 1050 1755 1124">
     <span class='ocr_line' id='line_1_11' title="bbox 30 1050 1755 1124; baseline -0.005 -14"><span class='ocrx_word' id='word_1_70' title='bbox 30 1099 34 1110; x_wconf 84' lang='lat'><strong>.</strong></span> <span class='ocrx_word' id='word_1_71' title='bbox 60 1069 114 1112; x_wconf 87' lang='lat' dir='ltr'><strong>et</strong></span> <span class='ocrx_word' id='word_1_72' title='bbox 139 1057 314 1111; x_wconf 89' lang='lat' dir='ltr'><strong>iratus</strong></span> <span class='ocrx_word' id='word_1_73' title='bbox 337 1053 676 1124; x_wconf 88' lang='lat' dir='ltr'><strong>respondere</strong></span> <span class='ocrx_word' id='word_1_74' title='bbox 707 1057 943 1106; x_wconf 84' lang='lat' dir='ltr'><strong>conatus</strong></span> <span class='ocrx_word' id='word_1_75' title='bbox 973 1057 1077 1117; x_wconf 89' lang='lat' dir='ltr'><strong>est,</strong></span> <span class='ocrx_word' id='word_1_76' title='bbox 1113 1050 1173 1104; x_wconf 93' lang='lat' dir='ltr'><strong>in</strong></span> <span class='ocrx_word' id='word_1_77' title='bbox 1212 1067 1304 1105; x_wconf 91' lang='lat' dir='ltr'><strong>me</strong></span> <span class='ocrx_word' id='word_1_78' title='bbox 1334 1051 1525 1122; x_wconf 87' lang='lat' dir='ltr'><strong>potius</strong></span> <span class='ocrx_word' id='word_1_79' title='bbox 1563 1050 1755 1105; x_wconf 90' lang='lat' dir='ltr'><strong>dicens</strong></span> 
     </span>
    </p>
   </div>
   <div class='ocr_carea' id='block_1_12' title="bbox 30 1129 1752 1222">
    <p class='ocr_par' dir='ltr' id='par_1_12' title="bbox 30 1129 1752 1222">
     <span class='ocr_line' id='line_1_12' title="bbox 30 1129 1752 1222; baseline -0.004 -23"><span class='ocrx_word' id='word_1_80' title='bbox 30 1129 34 1222; x_wconf 43' lang='grc' dir='ltr'><strong>ί</strong></span> <span class='ocrx_word' id='word_1_81' title='bbox 60 1143 333 1216; x_wconf 86' lang='lat' dir='ltr'><strong>quidquid</strong></span> <span class='ocrx_word' id='word_1_82' title='bbox 365 1158 498 1196; x_wconf 88' lang='lat' dir='ltr'><strong>eum</strong></span> <span class='ocrx_word' id='word_1_83' title='bbox 530 1140 747 1207; x_wconf 67' lang='lat' dir='ltr'><strong>libuit‘,</strong></span> <span class='ocrx_word' id='word_1_84' title='bbox 770 1140 1011 1194; x_wconf 82' lang='lat' dir='ltr'><strong>incensa</strong></span> <span class='ocrx_word' id='word_1_85' title='bbox 1034 1155 1166 1193; x_wconf 90' lang='lat' dir='ltr'><strong>vero</strong></span> <span class='ocrx_word' id='word_1_86' title='bbox 1192 1140 1426 1193; x_wconf 86' lang='lat' dir='ltr'><strong>omnino</strong></span> <span class='ocrx_word' id='word_1_87' title='bbox 1439 1139 1708 1194; x_wconf 82' lang='lat' dir='ltr'><strong>deﬁciens</strong></span> <span class='ocrx_word' id='word_1_88' title='bbox 1738 1155 1752 1192; x_wconf 92' lang='lat'><strong>:</strong></span> 
     </span>
    </p>
   </div>
   <div class='ocr_carea' id='block_1_13' title="bbox 61 1225 1755 1303">
    <p class='ocr_par' dir='ltr' id='par_1_13' title="bbox 61 1225 1755 1303">
     <span class='ocr_line' id='line_1_13' title="bbox 61 1225 1755 1303; baseline -0.004 -17"><span class='ocrx_word' id='word_1_89' title='bbox 61 1232 207 1303; x_wconf 91' lang='lat' dir='ltr'><strong>quod</strong></span> <span class='ocrx_word' id='word_1_90' title='bbox 239 1247 368 1284; x_wconf 90' lang='lat' dir='ltr'><strong>cum</strong></span> <span class='ocrx_word' id='word_1_91' title='bbox 400 1235 589 1300; x_wconf 86' lang='lat' dir='ltr'><strong>posset</strong></span> <span class='ocrx_word' id='word_1_92' title='bbox 618 1229 837 1282; x_wconf 88' lang='lat' dir='ltr'><strong>collatis</strong></span> <span class='ocrx_word' id='word_1_93' title='bbox 867 1227 1165 1298; x_wconf 87' lang='lat' dir='ltr'><strong>utriusque</strong></span> <span class='ocrx_word' id='word_1_94' title='bbox 1204 1234 1468 1282; x_wconf 90' lang='lat' dir='ltr'><strong>nostrum</strong></span> <span class='ocrx_word' id='word_1_95' title='bbox 1533 1225 1755 1296; x_wconf 87' lang='lat' dir='ltr'><strong>scriptis</strong></span> 
     </span>
    </p>
   </div>
   <div class='ocr_carea' id='block_1_14' title="bbox 61 1314 1756 1386">
    <p class='ocr_par' dir='ltr' id='par_1_14' title="bbox 61 1314 1756 1386">
     <span class='ocr_line' id='line_1_14' title="bbox 61 1314 1756 1386; baseline -0.004 -12"><span class='ocrx_word' id='word_1_96' title='bbox 61 1319 324 1376; x_wconf 87' lang='lat' dir='ltr'><strong>facillime</strong></span> <span class='ocrx_word' id='word_1_97' title='bbox 355 1316 592 1386; x_wconf 83' lang='lat' dir='ltr'><strong>adverti,</strong></span> <span class='ocrx_word' id='word_1_98' title='bbox 623 1321 816 1372; x_wconf 88' lang='lat' dir='ltr'><strong>tamen</strong></span> <span class='ocrx_word' id='word_1_99' title='bbox 856 1320 1096 1386; x_wconf 88' lang='lat' dir='ltr'><strong>propter</strong></span> <span class='ocrx_word' id='word_1_100' title='bbox 1150 1315 1427 1370; x_wconf 85' lang='lat' dir='ltr'><strong>tardiores</strong></span> <span class='ocrx_word' id='word_1_101' title='bbox 1475 1315 1582 1370; x_wconf 89' lang='lat' dir='ltr'><strong>hoc</strong></span> <span class='ocrx_word' id='word_1_102' title='bbox 1634 1314 1756 1385; x_wconf 89' lang='lat' dir='ltr'><strong>ipse</strong></span> 
     </span>
    </p>
   </div>
   <div class='ocr_carea' id='block_1_15' title="bbox 30 1401 1756 1488">
    <p class='ocr_par' dir='ltr' id='par_1_15' title="bbox 30 1401 1756 1488">
     <span class='ocr_line' id='line_1_15' title="bbox 30 1401 1756 1488; baseline -0.004 -26"><span class='ocrx_word' id='word_1_103' title='bbox 30 1453 33 1488; x_wconf 68' lang='grc'>,</span> <span class='ocrx_word' id='word_1_104' title='bbox 61 1405 450 1479; x_wconf 89' lang='lat' dir='ltr'><strong>respondendo</strong></span> <span class='ocrx_word' id='word_1_105' title='bbox 463 1405 856 1460; x_wconf 88' lang='lat' dir='ltr'><strong>demonstrare</strong></span> <span class='ocrx_word' id='word_1_106' title='bbox 875 1403 1070 1458; x_wconf 88' lang='lat' dir='ltr'><strong>curavi</strong></span> <span class='ocrx_word' id='word_1_107' title='bbox 1096 1423 1112 1471; x_wconf 85' lang='lat'><strong>;</strong></span> <span class='ocrx_word' id='word_1_108' title='bbox 1134 1403 1214 1458; x_wconf 91' lang='lat' dir='ltr'><strong>sic</strong></span> <span class='ocrx_word' id='word_1_109' title='bbox 1225 1408 1310 1458; x_wconf 89' lang='lat' dir='ltr'><strong>est</strong></span> <span class='ocrx_word' id='word_1_110' title='bbox 1321 1402 1550 1459; x_wconf 82' lang='lat' dir='ltr'><strong>additus</strong></span> <span class='ocrx_word' id='word_1_111' title='bbox 1567 1401 1756 1456; x_wconf 91' lang='lat' dir='ltr'><strong>eidem</strong></span> 
     </span>
    </p>
   </div>
   <div class='ocr_carea' id='block_1_16' title="bbox 30 1489 1758 1566">
    <p class='ocr_par' dir='ltr' id='par_1_16' title="bbox 30 1489 1758 1566">
     <span class='ocr_line' id='line_1_16' title="bbox 30 1489 1758 1566; baseline -0.005 -14"><span class='ocrx_word' id='word_1_112' title='bbox 30 1529 32 1566; x_wconf 45' lang='grc' dir='ltr'><em>έ</em></span> <span class='ocrx_word' id='word_1_113' title='bbox 63 1503 254 1552; x_wconf 83' lang='lat' dir='ltr'><strong>nostro</strong></span> <span class='ocrx_word' id='word_1_114' title='bbox 285 1493 447 1566; x_wconf 90' lang='lat' dir='ltr'><strong>operi</strong></span> <span class='ocrx_word' id='word_1_115' title='bbox 466 1494 611 1549; x_wconf 89' lang='lat' dir='ltr'><strong>liber</strong></span> <span class='ocrx_word' id='word_1_116' title='bbox 639 1493 858 1548; x_wconf 74' lang='lat' dir='ltr'><strong>tertius.</strong></span> <span class='ocrx_word' id='word_1_117' title='bbox 881 1493 998 1547; x_wconf 84' lang='lat' dir='ltr'><strong>Hoc</strong></span> <span class='ocrx_word' id='word_1_118' title='bbox 1017 1507 1160 1562; x_wconf 92' lang='lat' dir='ltr'><strong>opus</strong></span> <span class='ocrx_word' id='word_1_119' title='bbox 1183 1491 1244 1545; x_wconf 93' lang='lat' dir='ltr'><strong>in</strong></span> <span class='ocrx_word' id='word_1_120' title='bbox 1281 1493 1467 1562; x_wconf 91' lang='lat' dir='ltr'><strong>primo</strong></span> <span class='ocrx_word' id='word_1_121' title='bbox 1499 1490 1645 1545; x_wconf 91' lang='lat' dir='ltr'><strong>libro</strong></span> <span class='ocrx_word' id='word_1_122' title='bbox 1679 1489 1758 1543; x_wconf 90' lang='lat' dir='ltr'><strong>sic</strong></span> 
     </span>
    </p>
   </div>
   <div class='ocr_carea' id='block_1_17' title="bbox 30 1569 1754 1655">
    <p class='ocr_par' dir='ltr' id='par_1_17' title="bbox 30 1569 1754 1655">
     <span class='ocr_line' id='line_1_17' title="bbox 30 1569 1754 1655; baseline -0.008 -11"><span class='ocrx_word' id='word_1_123' title='bbox 30 1569 32 1644; x_wconf 64' lang='grc' dir='ltr'><em>ξ</em></span> <span class='ocrx_word' id='word_1_124' title='bbox 61 1584 257 1655; x_wconf 88' lang='lat' dir='ltr'><strong>incipit</strong></span> <span class='ocrx_word' id='word_1_125' title='bbox 286 1600 300 1638; x_wconf 93' lang='lat'><strong>:</strong></span> <span class='ocrx_word' id='word_1_126' title='bbox 323 1584 483 1640; x_wconf 86' lang='lat' dir='ltr'><strong>Nosti</strong></span> <span class='ocrx_word' id='word_1_127' title='bbox 504 1597 599 1637; x_wconf 89' lang='lat' dir='ltr'><strong>nos</strong></span> <span class='ocrx_word' id='word_1_128' title='bbox 627 1597 765 1651; x_wconf 79' lang='lat' dir='ltr'><strong>saepe</strong></span> <span class='ocrx_word' id='word_1_129' title='bbox 792 1582 1042 1636; x_wconf 76' lang='lat' dir='ltr'><strong>voluisse.</strong></span> <span class='ocrx_word' id='word_1_130' title='bbox 1076 1581 1141 1634; x_wconf 92' lang='lat' dir='ltr'><strong>In</strong></span> <span class='ocrx_word' id='word_1_131' title='bbox 1166 1580 1413 1635; x_wconf 91' lang='lat' dir='ltr'><strong>secundo</strong></span> <span class='ocrx_word' id='word_1_132' title='bbox 1435 1577 1717 1635; x_wconf 89' lang='lat' dir='ltr'><strong>autemsic</strong></span> <span class='ocrx_word' id='word_1_133' title='bbox 1741 1592 1754 1631; x_wconf 93' lang='lat'><strong>:</strong></span> 
     </span>
    </p>
   </div>
   <div class='ocr_carea' id='block_1_18' title="bbox 60 1665 1756 1742">
    <p class='ocr_par' dir='ltr' id='par_1_18' title="bbox 60 1665 1756 1742">
     <span class='ocr_line' id='line_1_18' title="bbox 60 1665 1756 1742; baseline -0.006 -12"><span class='ocrx_word' id='word_1_134' title='bbox 60 1675 252 1730; x_wconf 77' lang='lat' dir='ltr'><strong>Primis</strong></span> <span class='ocrx_word' id='word_1_135' title='bbox 277 1671 536 1742; x_wconf 84' lang='lat' dir='ltr'><strong>partibus</strong></span> <span class='ocrx_word' id='word_1_136' title='bbox 564 1670 820 1739; x_wconf 63' lang='lat' dir='ltr'><strong>It‘pistolav</strong></span> <span class='ocrx_word' id='word_1_137' title='bbox 849 1670 1124 1725; x_wconf 89' lang='lat' dir='ltr'><strong>Petitiani.</strong></span> <span class='ocrx_word' id='word_1_138' title='bbox 1148 1669 1211 1722; x_wconf 89' lang='lat' dir='ltr'><strong>In</strong></span> <span class='ocrx_word' id='word_1_139' title='bbox 1233 1668 1403 1723; x_wconf 88' lang='lat' dir='ltr'><strong>tertio</strong></span> <span class='ocrx_word' id='word_1_140' title='bbox 1425 1672 1616 1723; x_wconf 89' lang='lat' dir='ltr'><strong>autem</strong></span> <span class='ocrx_word' id='word_1_141' title='bbox 1648 1665 1756 1720; x_wconf 91' lang='lat' dir='ltr'><strong>sic:</strong></span> 
     </span>
    </p>
   </div>
   <div class='ocr_carea' id='block_1_19' title="bbox 61 1760 942 1831">
    <p class='ocr_par' dir='ltr' id='par_1_19' title="bbox 61 1760 942 1831">
     <span class='ocr_line' id='line_1_19' title="bbox 61 1760 942 1831; baseline -0.007 -13"><span class='ocrx_word' id='word_1_142' title='bbox 61 1765 205 1831; x_wconf 87' lang='lat' dir='ltr'><strong>Legi,</strong></span> <span class='ocrx_word' id='word_1_143' title='bbox 237 1762 524 1828; x_wconf 89' lang='lat' dir='ltr'><strong>Petitiane,</strong></span> <span class='ocrx_word' id='word_1_144' title='bbox 559 1760 769 1813; x_wconf 78' lang='lat' dir='ltr'><strong>litteras</strong></span> <span class='ocrx_word' id='word_1_145' title='bbox 800 1761 942 1812; x_wconf 89' lang='lat' dir='ltr'><strong>tuas.</strong></span> 
     </span>
    </p>
   </div>
   <div class='ocr_carea' id='block_1_20' title="bbox 689 1845 1158 1900">
    <p class='ocr_par' dir='ltr' id='par_1_20' title="bbox 689 1845 1158 1900">
     <span class='ocr_line' id='line_1_20' title="bbox 689 1845 1158 1900; baseline -0.004 0"><span class='ocrx_word' id='word_1_146' title='bbox 689 1846 913 1900; x_wconf 85' lang='lat' dir='ltr'><strong>CAPUT</strong></span> <span class='ocrx_word' id='word_1_147' title='bbox 954 1845 1158 1900; x_wconf 83' lang='lat' dir='ltr'><strong>XXVII.</strong></span> 
     </span>
    </p>
   </div>
   <div class='ocr_carea' id='block_1_21' title="bbox 232 1933 1586 2004">
    <p class='ocr_par' dir='ltr' id='par_1_21' title="bbox 232 1933 1586 2004">
     <span class='ocr_line' id='line_1_21' title="bbox 232 1933 1586 2004; baseline -0.007 -10"><span class='ocrx_word' id='word_1_148' title='bbox 232 1937 325 1994; x_wconf 83' lang='lat' dir='ltr'><strong>Ad</strong></span> <span class='ocrx_word' id='word_1_149' title='bbox 361 1938 699 1996; x_wconf 85' lang='lat' dir='ltr'><strong>Cresconium</strong></span> <span class='ocrx_word' id='word_1_150' title='bbox 718 1935 1134 2004; x_wconf 88' lang='lat' dir='ltr'><strong>grammaticum</strong></span> <span class='ocrx_word' id='word_1_151' title='bbox 1150 1934 1332 2004; x_wconf 83' lang='lat' dir='ltr'><strong>partis</strong></span> <span class='ocrx_word' id='word_1_152' title='bbox 1364 1933 1586 2002; x_wconf 78' lang='lat' dir='ltr'><strong>Donati,</strong></span> 
     </span>
    </p>
   </div>
   <div class='ocr_carea' id='block_1_22' title="bbox 705 2024 1120 2093">
    <p class='ocr_par' dir='ltr' id='par_1_22' title="bbox 705 2024 1120 2093">
     <span class='ocr_line' id='line_1_22' title="bbox 705 2024 1120 2093; baseline -0.002 -16"><span class='ocrx_word' id='word_1_153' title='bbox 705 2024 836 2078; x_wconf 82' lang='lat' dir='ltr'><strong>libri</strong></span> <span class='ocrx_word' id='word_1_154' title='bbox 860 2026 1120 2093; x_wconf 83' lang='lat' dir='ltr'><strong>quatuor.</strong></span> 
     </span>
    </p>
   </div>
   <div class='ocr_carea' id='block_1_23' title="bbox 131 2105 1762 2183">
    <p class='ocr_par' dir='ltr' id='par_1_23' title="bbox 131 2105 1762 2183">
     <span class='ocr_line' id='line_1_23' title="bbox 131 2105 1762 2183; baseline -0.008 -11"><span class='ocrx_word' id='word_1_155' title='bbox 131 2114 548 2172; x_wconf 89' lang='lat' dir='ltr'><strong>Grammaticus</strong></span> <span class='ocrx_word' id='word_1_156' title='bbox 593 2112 764 2168; x_wconf 90' lang='lat' dir='ltr'><strong>etiam</strong></span> <span class='ocrx_word' id='word_1_157' title='bbox 807 2111 1041 2183; x_wconf 91' lang='lat' dir='ltr'><strong>quidam</strong></span> <span class='ocrx_word' id='word_1_158' title='bbox 1087 2109 1368 2165; x_wconf 89' lang='lat' dir='ltr'><strong>donatista</strong></span> <span class='ocrx_word' id='word_1_159' title='bbox 1407 2105 1762 2172; x_wconf 88' lang='lat' dir='ltr'><strong>Cresconius,</strong></span> 
     </span>
    </p>
   </div>
   <div class='ocr_carea' id='block_1_24' title="bbox 65 2196 1764 2273">
    <p class='ocr_par' dir='ltr' id='par_1_24' title="bbox 65 2196 1764 2273">
     <span class='ocr_line' id='line_1_24' title="bbox 65 2196 1764 2273; baseline -0.007 -15"><span class='ocrx_word' id='word_1_160' title='bbox 65 2221 192 2260; x_wconf 87' lang='lat' dir='ltr'><strong>cum</strong></span> <span class='ocrx_word' id='word_1_161' title='bbox 224 2203 538 2260; x_wconf 89' lang='lat' dir='ltr'><strong>invenisset</strong></span> <span class='ocrx_word' id='word_1_162' title='bbox 569 2200 868 2273; x_wconf 88' lang='lat' dir='ltr'><strong>epistolam</strong></span> <span class='ocrx_word' id='word_1_163' title='bbox 899 2215 1108 2266; x_wconf 89' lang='lat' dir='ltr'><strong>meam,</strong></span> <span class='ocrx_word' id='word_1_164' title='bbox 1149 2213 1262 2269; x_wconf 88' lang='lat' dir='ltr'><strong>qua</strong></span> <span class='ocrx_word' id='word_1_165' title='bbox 1289 2196 1506 2267; x_wconf 87' lang='lat' dir='ltr'><strong>primas</strong></span> <span class='ocrx_word' id='word_1_166' title='bbox 1552 2197 1764 2265; x_wconf 86' lang='lat' dir='ltr'><strong>partes,</strong></span> 
     </span>
    </p>
   </div>
   <div class='ocr_carea' id='block_1_25' title="bbox 67 2281 1767 2369">
    <p class='ocr_par' dir='ltr' id='par_1_25' title="bbox 67 2281 1767 2369">
     <span class='ocr_line' id='line_1_25' title="bbox 67 2281 1767 2369; baseline -0.009 -18"><span class='ocrx_word' id='word_1_167' title='bbox 67 2312 193 2369; x_wconf 52' lang='lat' dir='ltr'><strong>qua),</strong></span> <span class='ocrx_word' id='word_1_168' title='bbox 224 2295 286 2348; x_wconf 92' lang='lat' dir='ltr'><strong>in</strong></span> <span class='ocrx_word' id='word_1_169' title='bbox 324 2307 536 2348; x_wconf 89' lang='lat' dir='ltr'><strong>manus</strong></span> <span class='ocrx_word' id='word_1_170' title='bbox 573 2293 794 2344; x_wconf 89' lang='lat' dir='ltr'><strong>nostras</strong></span> <span class='ocrx_word' id='word_1_171' title='bbox 823 2292 960 2342; x_wconf 87' lang='lat' dir='ltr'><strong>tunc</strong></span> <span class='ocrx_word' id='word_1_172' title='bbox 993 2290 1266 2342; x_wconf 87' lang='lat' dir='ltr'><strong>venerant</strong></span> <span class='ocrx_word' id='word_1_173' title='bbox 1304 2284 1567 2356; x_wconf 64' lang='lat' dir='ltr'><strong>Epistolas</strong></span> <span class='ocrx_word' id='word_1_174' title='bbox 1616 2281 1767 2337; x_wconf 88' lang='lat' dir='ltr'><strong>Peti-</strong></span> 
     </span>
    </p>
   </div>
   <div class='ocr_carea' id='block_1_26' title="bbox 68 2372 1770 2451">
    <p class='ocr_par' dir='ltr' id='par_1_26' title="bbox 68 2372 1770 2451">
     <span class='ocr_line' id='line_1_26' title="bbox 68 2372 1770 2451; baseline -0.009 -11"><span class='ocrx_word' id='word_1_175' title='bbox 68 2384 204 2440; x_wconf 90' lang='lat' dir='ltr'><strong>liani</strong></span> <span class='ocrx_word' id='word_1_176' title='bbox 228 2379 524 2451; x_wconf 79' lang='lat' dir='ltr'><strong>redargui,</strong></span> <span class='ocrx_word' id='word_1_177' title='bbox 571 2376 794 2450; x_wconf 88' lang='lat' dir='ltr'><strong>putavit</strong></span> <span class='ocrx_word' id='word_1_178' title='bbox 838 2375 981 2430; x_wconf 92' lang='lat' dir='ltr'><strong>mihi</strong></span> <span class='ocrx_word' id='word_1_179' title='bbox 1010 2391 1129 2429; x_wconf 90' lang='lat' dir='ltr'><strong>esse</strong></span> <span class='ocrx_word' id='word_1_180' title='bbox 1177 2372 1663 2445; x_wconf 89' lang='lat' dir='ltr'><strong>respondendum,</strong></span> <span class='ocrx_word' id='word_1_181' title='bbox 1712 2372 1770 2424; x_wconf 89' lang='lat' dir='ltr'><strong>et</strong></span> 
     </span>
    </p>
   </div>
   <div class='ocr_carea' id='block_1_27' title="bbox 69 2460 1768 2542">
    <p class='ocr_par' dir='ltr' id='par_1_27' title="bbox 69 2460 1768 2542">
     <span class='ocr_line' id='line_1_27' title="bbox 69 2460 1768 2542; baseline -0.009 -15"><span class='ocrx_word' id='word_1_182' title='bbox 69 2474 173 2528; x_wconf 91' lang='lat' dir='ltr'><strong>hoc</strong></span> <span class='ocrx_word' id='word_1_183' title='bbox 205 2471 402 2542; x_wconf 89' lang='lat' dir='ltr'><strong>ipsum</strong></span> <span class='ocrx_word' id='word_1_184' title='bbox 431 2466 654 2536; x_wconf 88' lang='lat' dir='ltr'><strong>scripsit</strong></span> <span class='ocrx_word' id='word_1_185' title='bbox 681 2465 752 2520; x_wconf 89' lang='lat' dir='ltr'><strong>ad</strong></span> <span class='ocrx_word' id='word_1_186' title='bbox 795 2481 907 2520; x_wconf 93' lang='lat' dir='ltr'><strong>me.</strong></span> <span class='ocrx_word' id='word_1_187' title='bbox 950 2464 1052 2519; x_wconf 87' lang='lat' dir='ltr'><strong>Cui</strong></span> <span class='ocrx_word' id='word_1_188' title='bbox 1083 2461 1244 2533; x_wconf 90' lang='lat' dir='ltr'><strong>operi</strong></span> <span class='ocrx_word' id='word_1_189' title='bbox 1269 2462 1392 2532; x_wconf 87' lang='lat' dir='ltr'><strong>ejus</strong></span> <span class='ocrx_word' id='word_1_190' title='bbox 1433 2460 1594 2514; x_wconf 88' lang='lat' dir='ltr'><strong>libris</strong></span> <span class='ocrx_word' id='word_1_191' title='bbox 1624 2475 1768 2530; x_wconf 86' lang='lat' dir='ltr'><strong>qua-</strong></span> 
     </span>
    </p>
   </div>
   <div class='ocr_carea' id='block_1_28' title="bbox 67 2547 1772 2629">
    <p class='ocr_par' dir='ltr' id='par_1_28' title="bbox 67 2547 1772 2629">
     <span class='ocr_line' id='line_1_28' title="bbox 67 2547 1772 2629; baseline -0.009 -13"><span class='ocrx_word' id='word_1_192' title='bbox 67 2569 198 2616; x_wconf 89' lang='lat' dir='ltr'><strong>tuor</strong></span> <span class='ocrx_word' id='word_1_193' title='bbox 228 2555 526 2629; x_wconf 90' lang='lat' dir='ltr'><strong>respondi,</strong></span> <span class='ocrx_word' id='word_1_194' title='bbox 549 2555 630 2609; x_wconf 88' lang='lat' dir='ltr'><strong>ita</strong></span> <span class='ocrx_word' id='word_1_195' title='bbox 657 2570 793 2608; x_wconf 90' lang='lat' dir='ltr'><strong>sane</strong></span> <span class='ocrx_word' id='word_1_196' title='bbox 822 2557 887 2608; x_wconf 91' lang='lat' dir='ltr'><strong>ut</strong></span> <span class='ocrx_word' id='word_1_197' title='bbox 915 2553 1100 2607; x_wconf 89' lang='lat' dir='ltr'><strong>tribus</strong></span> <span class='ocrx_word' id='word_1_198' title='bbox 1127 2565 1461 2623; x_wconf 87' lang='lat' dir='ltr'><strong>peragerem</strong></span> <span class='ocrx_word' id='word_1_199' title='bbox 1473 2549 1625 2621; x_wconf 92' lang='lat' dir='ltr'><strong>quod</strong></span> <span class='ocrx_word' id='word_1_200' title='bbox 1642 2547 1772 2601; x_wconf 86' lang='lat' dir='ltr'><strong>uni-</strong></span> 
     </span>
    </p>
   </div>
   <div class='ocr_carea' id='block_1_29' title="bbox 66 2635 1776 2715">
    <p class='ocr_par' dir='ltr' id='par_1_29' title="bbox 66 2635 1776 2715">
     <span class='ocr_line' id='line_1_29' title="bbox 66 2635 1776 2715; baseline -0.01 -10"><span class='ocrx_word' id='word_1_201' title='bbox 66 2665 225 2704; x_wconf 88' lang='lat' dir='ltr'><strong>versa</strong></span> <span class='ocrx_word' id='word_1_202' title='bbox 280 2641 578 2715; x_wconf 87' lang='lat' dir='ltr'><strong>responsio</strong></span> <span class='ocrx_word' id='word_1_203' title='bbox 624 2640 936 2712; x_wconf 80' lang='lat' dir='ltr'><strong>flagitabat.</strong></span> <span class='ocrx_word' id='word_1_204' title='bbox 968 2638 1078 2696; x_wconf 91' lang='lat' dir='ltr'><strong>Sed</strong></span> <span class='ocrx_word' id='word_1_205' title='bbox 1106 2653 1237 2703; x_wconf 89' lang='lat' dir='ltr'><strong>cum</strong></span> <span class='ocrx_word' id='word_1_206' title='bbox 1265 2638 1519 2692; x_wconf 83' lang='lat' dir='ltr'><strong>viderem</strong></span> <span class='ocrx_word' id='word_1_207' title='bbox 1548 2635 1618 2690; x_wconf 91' lang='lat' dir='ltr'><strong>de</strong></span> <span class='ocrx_word' id='word_1_208' title='bbox 1655 2635 1776 2689; x_wconf 89' lang='lat' dir='ltr'><strong>sola</strong></span> 
     </span>
    </p>
   </div>
   <div class='ocr_carea' id='block_1_30' title="bbox 70 2722 1770 2799">
    <p class='ocr_par' dir='ltr' id='par_1_30' title="bbox 70 2722 1770 2799">
     <span class='ocr_line' id='line_1_30' title="bbox 70 2722 1770 2799; baseline -0.009 -7"><span class='ocrx_word' id='word_1_209' title='bbox 70 2731 602 2792; x_wconf 77' lang='lat' dir='ltr'><strong>Maximianensium</strong></span> <span class='ocrx_word' id='word_1_210' title='bbox 649 2745 836 2796; x_wconf 90' lang='lat' dir='ltr'><strong>causa,</strong></span> <span class='ocrx_word' id='word_1_211' title='bbox 883 2743 1026 2799; x_wconf 90' lang='lat' dir='ltr'><strong>quos</strong></span> <span class='ocrx_word' id='word_1_212' title='bbox 1076 2742 1207 2782; x_wconf 91' lang='lat' dir='ltr'><strong>suos</strong></span> <span class='ocrx_word' id='word_1_213' title='bbox 1257 2723 1642 2780; x_wconf 87' lang='lat' dir='ltr'><strong>schismaticos</strong></span> <span class='ocrx_word' id='word_1_214' title='bbox 1671 2722 1770 2776; x_wconf 86' lang='lat' dir='ltr'><strong>da-</strong></span> 
     </span>
    </p>
   </div>
   <div class='ocr_carea' id='block_1_31' title="bbox 72 2811 1775 2887">
    <p class='ocr_par' dir='ltr' id='par_1_31' title="bbox 72 2811 1775 2887">
     <span class='ocr_line' id='line_1_31' title="bbox 72 2811 1775 2887; baseline -0.01 -7"><span class='ocrx_word' id='word_1_215' title='bbox 72 2825 420 2880; x_wconf 89' lang='lat' dir='ltr'><strong>mnaverunt</strong></span> <span class='ocrx_word' id='word_1_216' title='bbox 447 2823 488 2886; x_wconf 77' lang='grc'><strong>³,</strong></span> <span class='ocrx_word' id='word_1_217' title='bbox 522 2823 579 2873; x_wconf 92' lang='lat' dir='ltr'><strong>et</strong></span> <span class='ocrx_word' id='word_1_218' title='bbox 606 2833 805 2872; x_wconf 89' lang='lat' dir='ltr'><strong>eorum</strong></span> <span class='ocrx_word' id='word_1_219' title='bbox 845 2815 1065 2887; x_wconf 87' lang='lat' dir='ltr'><strong>aliquos</strong></span> <span class='ocrx_word' id='word_1_220' title='bbox 1103 2830 1300 2870; x_wconf 89' lang='lat' dir='ltr'><strong>rursus</strong></span> <span class='ocrx_word' id='word_1_221' title='bbox 1329 2812 1390 2867; x_wconf 90' lang='lat' dir='ltr'><strong>in</strong></span> <span class='ocrx_word' id='word_1_222' title='bbox 1437 2812 1553 2867; x_wconf 90' lang='lat' dir='ltr'><strong>suis</strong></span> <span class='ocrx_word' id='word_1_223' title='bbox 1591 2811 1775 2865; x_wconf 89' lang='lat' dir='ltr'><strong>hono-</strong></span> 
     </span>
    </p>
   </div>
   <div class='ocr_carea' id='block_1_32' title="bbox 74 2900 1776 2979">
    <p class='ocr_par' dir='ltr' id='par_1_32' title="bbox 74 2900 1776 2979">
     <span class='ocr_line' id='line_1_32' title="bbox 74 2900 1776 2979; baseline -0.008 -15"><span class='ocrx_word' id='word_1_224' title='bbox 74 2911 234 2966; x_wconf 88' lang='lat' dir='ltr'><strong>ribus</strong></span> <span class='ocrx_word' id='word_1_225' title='bbox 287 2908 656 2979; x_wconf 85' lang='lat' dir='ltr'><strong>receperunt,</strong></span> <span class='ocrx_word' id='word_1_226' title='bbox 690 2902 1161 2975; x_wconf 85' lang='lat' dir='ltr'><strong>Baptismumque</strong></span> <span class='ocrx_word' id='word_1_227' title='bbox 1191 2901 1261 2956; x_wconf 87' lang='lat' dir='ltr'><strong>ab</strong></span> <span class='ocrx_word' id='word_1_228' title='bbox 1301 2900 1382 2955; x_wconf 90' lang='lat' dir='ltr'><strong>eis</strong></span> <span class='ocrx_word' id='word_1_229' title='bbox 1425 2904 1580 2955; x_wconf 85' lang='lat' dir='ltr'><strong>extra</strong></span> <span class='ocrx_word' id='word_1_230' title='bbox 1613 2913 1776 2952; x_wconf 88' lang='lat' dir='ltr'><strong>suam</strong></span> 
     </span>
    </p>
   </div>
   <div class='ocr_carea' id='block_1_33' title="bbox 71 2983 1778 3061">
    <p class='ocr_par' dir='ltr' id='par_1_33' title="bbox 71 2983 1778 3061">
     <span class='ocr_line' id='line_1_33' title="bbox 71 2983 1778 3061; baseline -0.01 -7"><span class='ocrx_word' id='word_1_231' title='bbox 71 2997 541 3054; x_wconf 87' lang='lat' dir='ltr'><strong>communionem</strong></span> <span class='ocrx_word' id='word_1_232' title='bbox 589 2993 789 3048; x_wconf 88' lang='lat' dir='ltr'><strong>datum</strong></span> <span class='ocrx_word' id='word_1_233' title='bbox 830 3007 946 3046; x_wconf 93' lang='lat' dir='ltr'><strong>non</strong></span> <span class='ocrx_word' id='word_1_234' title='bbox 990 2989 1399 3061; x_wconf 89' lang='lat' dir='ltr'><strong>repetiverunt,</strong></span> <span class='ocrx_word' id='word_1_235' title='bbox 1445 2983 1778 3059; x_wconf 83' lang='lat' dir='ltr'><strong>responderi</strong></span> 
     </span>
    </p>
   </div>
   <div class='ocr_carea' id='block_1_34' title="bbox 75 3075 1778 3159">
    <p class='ocr_par' dir='ltr' id='par_1_34' title="bbox 75 3075 1778 3159">
     <span class='ocr_line' id='line_1_34' title="bbox 75 3075 1778 3159; baseline -0.008 -17"><span class='ocrx_word' id='word_1_236' title='bbox 75 3102 241 3159; x_wconf 87' lang='lat' dir='ltr'><strong>posse</strong></span> <span class='ocrx_word' id='word_1_237' title='bbox 272 3085 344 3140; x_wconf 89' lang='lat' dir='ltr'><strong>ad</strong></span> <span class='ocrx_word' id='word_1_238' title='bbox 375 3087 578 3138; x_wconf 86' lang='lat' dir='ltr'><strong>cuncta</strong></span> <span class='ocrx_word' id='word_1_239' title='bbox 602 3096 733 3152; x_wconf 64' lang='lat' dir='ltr'><strong>quas</strong></span> <span class='ocrx_word' id='word_1_240' title='bbox 761 3078 987 3150; x_wconf 87' lang='lat' dir='ltr'><strong>scripsit</strong></span> <span class='ocrx_word' id='word_1_241' title='bbox 1011 3078 1218 3146; x_wconf 85' lang='lat' dir='ltr'><strong>;etiam</strong></span> <span class='ocrx_word' id='word_1_242' title='bbox 1247 3080 1518 3148; x_wconf 90' lang='lat' dir='ltr'><strong>quartum</strong></span> <span class='ocrx_word' id='word_1_243' title='bbox 1564 3075 1778 3130; x_wconf 89' lang='lat' dir='ltr'><strong>librum</strong></span> 
     </span>
    </p>
   </div>
   <div class='ocr_carea' id='block_1_35' title="bbox 73 3164 1782 3242">
    <p class='ocr_par' dir='ltr' id='par_1_35' title="bbox 73 3164 1782 3242">
     <span class='ocr_line' id='line_1_35' title="bbox 73 3164 1782 3242; baseline -0.008 -12"><span class='ocrx_word' id='word_1_244' title='bbox 73 3174 290 3241; x_wconf 88' lang='lat' dir='ltr'><strong>addidi,</strong></span> <span class='ocrx_word' id='word_1_245' title='bbox 342 3172 405 3227; x_wconf 89' lang='lat' dir='ltr'><strong>in</strong></span> <span class='ocrx_word' id='word_1_246' title='bbox 445 3187 561 3242; x_wconf 93' lang='lat' dir='ltr'><strong>quo</strong></span> <span class='ocrx_word' id='word_1_247' title='bbox 608 3168 880 3239; x_wconf 90' lang='lat' dir='ltr'><strong>idipsum,</strong></span> <span class='ocrx_word' id='word_1_248' title='bbox 918 3170 1198 3238; x_wconf 87' lang='lat' dir='ltr'><strong>quantum</strong></span> <span class='ocrx_word' id='word_1_249' title='bbox 1245 3165 1428 3236; x_wconf 90' lang='lat' dir='ltr'><strong>potui,</strong></span> <span class='ocrx_word' id='word_1_250' title='bbox 1477 3164 1782 3234; x_wconf 89' lang='lat' dir='ltr'><strong>diligenter</strong></span> 
     </span>
    </p>
   </div>
   <div class='ocr_carea' id='block_1_36' title="bbox 75 3254 1781 3334">
    <p class='ocr_par' dir='ltr' id='par_1_36' title="bbox 75 3254 1781 3334">
     <span class='ocr_line' id='line_1_36' title="bbox 75 3254 1781 3334; baseline -0.006 -16"><span class='ocrx_word' id='word_1_251' title='bbox 75 3269 248 3334; x_wconf 88' lang='lat' dir='ltr'><strong>atque</strong></span> <span class='ocrx_word' id='word_1_252' title='bbox 278 3259 572 3316; x_wconf 87' lang='lat' dir='ltr'><strong>evidenter</strong></span> <span class='ocrx_word' id='word_1_253' title='bbox 616 3256 857 3312; x_wconf 88' lang='lat' dir='ltr'><strong>ostendi.</strong></span> <span class='ocrx_word' id='word_1_254' title='bbox 907 3256 1018 3311; x_wconf 86' lang='lat' dir='ltr'><strong>Hos</strong></span> <span class='ocrx_word' id='word_1_255' title='bbox 1064 3260 1258 3310; x_wconf 90' lang='lat' dir='ltr'><strong>autem</strong></span> <span class='ocrx_word' id='word_1_256' title='bbox 1309 3257 1558 3325; x_wconf 88' lang='lat' dir='ltr'><strong>quatuor</strong></span> <span class='ocrx_word' id='word_1_257' title='bbox 1599 3254 1781 3308; x_wconf 89' lang='lat' dir='ltr'><strong>libros</strong></span> 
     </span>
    </p>
   </div>
   <div class='ocr_carea' id='block_1_37' title="bbox 78 3343 1782 3422">
    <p class='ocr_par' dir='ltr' id='par_1_37' title="bbox 78 3343 1782 3422">
     <span class='ocr_line' id='line_1_37' title="bbox 78 3343 1782 3422; baseline -0.005 -17"><span class='ocrx_word' id='word_1_258' title='bbox 78 3350 312 3422; x_wconf 89' lang='lat' dir='ltr'><strong>quando</strong></span> <span class='ocrx_word' id='word_1_259' title='bbox 344 3346 566 3418; x_wconf 90' lang='lat' dir='ltr'><strong>scripsi,</strong></span> <span class='ocrx_word' id='word_1_260' title='bbox 612 3347 734 3418; x_wconf 90' lang='lat' dir='ltr'><strong>jam</strong></span> <span class='ocrx_word' id='word_1_261' title='bbox 763 3349 960 3400; x_wconf 88' lang='lat' dir='ltr'><strong>contra</strong></span> <span class='ocrx_word' id='word_1_262' title='bbox 1004 3344 1324 3398; x_wconf 88' lang='lat' dir='ltr'><strong>Donatistas</strong></span> <span class='ocrx_word' id='word_1_263' title='bbox 1354 3344 1507 3415; x_wconf 87' lang='lat' dir='ltr'><strong>leges</strong></span> <span class='ocrx_word' id='word_1_264' title='bbox 1548 3343 1782 3398; x_wconf 86' lang='lat' dir='ltr'><strong>dederat</strong></span> 
     </span>
    </p>
   </div>
   <div class='ocr_carea' id='block_1_38' title="bbox 79 3431 1784 3507">
    <p class='ocr_par' dir='ltr' id='par_1_38' title="bbox 79 3431 1784 3507">
     <span class='ocr_line' id='line_1_38' title="bbox 79 3431 1784 3507; baseline -0.004 -13"><span class='ocrx_word' id='word_1_265' title='bbox 79 3438 372 3494; x_wconf 83' lang='lat' dir='ltr'><strong>Honorius</strong></span> <span class='ocrx_word' id='word_1_266' title='bbox 397 3437 727 3507; x_wconf 88' lang='lat' dir='ltr'><strong>imperator.</strong></span> <span class='ocrx_word' id='word_1_267' title='bbox 762 3435 878 3488; x_wconf 84' lang='lat' dir='ltr'><strong>Hoc</strong></span> <span class='ocrx_word' id='word_1_268' title='bbox 906 3449 1050 3504; x_wconf 89' lang='lat' dir='ltr'><strong>opus</strong></span> <span class='ocrx_word' id='word_1_269' title='bbox 1078 3432 1158 3486; x_wconf 91' lang='lat' dir='ltr'><strong>sic</strong></span> <span class='ocrx_word' id='word_1_270' title='bbox 1176 3431 1414 3502; x_wconf 88' lang='lat' dir='ltr'><strong>incipit:</strong></span> <span class='ocrx_word' id='word_1_271' title='bbox 1445 3433 1676 3499; x_wconf 84' lang='lat' dir='ltr'><strong>Quando</strong></span> <span class='ocrx_word' id='word_1_272' title='bbox 1707 3435 1784 3488; x_wconf 87' lang='lat' dir='ltr'><strong>ad</strong></span> 
     </span>
    </p>
   </div>
   <div class='ocr_carea' id='block_1_39' title="bbox 79 3522 1782 3592">
    <p class='ocr_par' dir='ltr' id='par_1_39' title="bbox 79 3522 1782 3592">
     <span class='ocr_line' id='line_1_39' title="bbox 79 3522 1782 3592; baseline -0.001 -13"><span class='ocrx_word' id='word_1_273' title='bbox 79 3534 148 3591; x_wconf 85' lang='lat' dir='ltr'><strong>te,</strong></span> <span class='ocrx_word' id='word_1_274' title='bbox 186 3527 464 3592; x_wconf 83' lang='lat' dir='ltr'><strong>Cresconi,</strong></span> <span class='ocrx_word' id='word_1_275' title='bbox 499 3540 617 3579; x_wconf 87' lang='lat' dir='ltr'><strong>mea</strong></span> <span class='ocrx_word' id='word_1_276' title='bbox 664 3525 872 3592; x_wconf 85' lang='lat' dir='ltr'><strong>scripta</strong></span> <span class='ocrx_word' id='word_1_277' title='bbox 923 3522 1198 3590; x_wconf 75' lang='lat' dir='ltr'><strong>pmenire</strong></span> <span class='ocrx_word' id='word_1_278' title='bbox 1233 3525 1447 3590; x_wconf 79' lang='lat' dir='ltr'><strong>possent</strong></span> <span class='ocrx_word' id='word_1_279' title='bbox 1500 3523 1782 3589; x_wconf 74' lang='lat' dir='ltr'><strong>ignorans.</strong></span> 
     </span>
    </p>
   </div>
   <div class='ocr_carea' id='block_1_40' title="bbox 710 3610 1174 3667">
    <p class='ocr_par' dir='ltr' id='par_1_40' title="bbox 710 3610 1174 3667">
     <span class='ocr_line' id='line_1_40' title="bbox 710 3610 1174 3667; baseline -0.009 0"><span class='ocrx_word' id='word_1_280' title='bbox 710 3611 934 3667; x_wconf 77' lang='lat' dir='ltr'><strong>CAPUT</strong></span> <span class='ocrx_word' id='word_1_281' title='bbox 970 3610 1174 3664; x_wconf 84' lang='lat' dir='ltr'><strong>XXVII.</strong></span> 
     </span>
    </p>
   </div>
   <div class='ocr_carea' id='block_1_41' title="bbox 81 3699 1789 3777">
    <p class='ocr_par' dir='ltr' id='par_1_41' title="bbox 81 3699 1789 3777">
     <span class='ocr_line' id='line_1_41' title="bbox 81 3699 1789 3777; baseline -0.005 -17"><span class='ocrx_word' id='word_1_282' title='bbox 81 3705 472 3760; x_wconf 86' lang='lat' dir='ltr'><strong>Probationum</strong></span> <span class='ocrx_word' id='word_1_283' title='bbox 499 3706 550 3756; x_wconf 86' lang='lat' dir='ltr'><strong>et</strong></span> <span class='ocrx_word' id='word_1_284' title='bbox 592 3701 1036 3756; x_wconf 84' lang='lat' dir='ltr'><strong>Testimoniorum</strong></span> <span class='ocrx_word' id='word_1_285' title='bbox 1059 3701 1246 3777; x_wconf 83' lang='lat' dir='ltr'><strong>contra</strong></span> <span class='ocrx_word' id='word_1_286' title='bbox 1283 3699 1620 3766; x_wconf 86' lang='lat' dir='ltr'><strong>Donatistas,</strong></span> <span class='ocrx_word' id='word_1_287' title='bbox 1657 3699 1789 3753; x_wconf 86' lang='lat' dir='ltr'><strong>liber</strong></span> 
     </span>
    </p>
   </div>
   <div class='ocr_carea' id='block_1_42' title="bbox 583 3783 1288 3858">
    <p class='ocr_par' dir='ltr' id='par_1_42' title="bbox 583 3783 1288 3858">
     <span class='ocr_line' id='line_1_42' title="bbox 583 3783 1288 3858; baseline -0.007 -14"><span class='ocrx_word' id='word_1_288' title='bbox 583 3804 742 3844; x_wconf 89' lang='lat' dir='ltr'><strong>unus.</strong></span> <span class='ocrx_word' id='word_1_289' title='bbox 773 3818 838 3828; x_wconf 94' lang='lat'><strong>—</strong></span> <span class='ocrx_word' id='word_1_290' title='bbox 888 3785 1039 3858; x_wconf 84' lang='lat' dir='ltr'><strong>[Non</strong></span> <span class='ocrx_word' id='word_1_291' title='bbox 1081 3783 1288 3857; x_wconf 82' lang='lat' dir='ltr'><strong>exstat]</strong></span> 
     </span>
    </p>
   </div>
   <div class='ocr_carea' id='block_1_43' title="bbox 152 3873 1791 3945">
    <p class='ocr_par' dir='ltr' id='par_1_43' title="bbox 152 3873 1791 3945">
     <span class='ocr_line' id='line_1_43' title="bbox 152 3873 1791 3945; baseline -0.005 -9"><span class='ocrx_word' id='word_1_292' title='bbox 152 3884 291 3937; x_wconf 88' lang='lat' dir='ltr'><strong>Post</strong></span> <span class='ocrx_word' id='word_1_293' title='bbox 333 3879 478 3945; x_wconf 71' lang='lat' dir='ltr'><strong>haec,</strong></span> <span class='ocrx_word' id='word_1_294' title='bbox 539 3881 606 3931; x_wconf 91' lang='lat' dir='ltr'><strong>ut</strong></span> <span class='ocrx_word' id='word_1_295' title='bbox 648 3876 720 3931; x_wconf 91' lang='lat' dir='ltr'><strong>ad</strong></span> <span class='ocrx_word' id='word_1_296' title='bbox 783 3874 1102 3930; x_wconf 84' lang='lat' dir='ltr'><strong>Donatistas</strong></span> <span class='ocrx_word' id='word_1_297' title='bbox 1158 3873 1551 3944; x_wconf 68' lang='lat' dir='ltr'><strong>pervenirent,</strong></span> <span class='ocrx_word' id='word_1_298' title='bbox 1591 3878 1791 3928; x_wconf 90' lang='lat' dir='ltr'><strong>contra</strong></span> 
     </span>
    </p>
   </div>
   <div class='ocr_carea' id='block_1_44' title="bbox 79 3960 1792 4033">
    <p class='ocr_par' dir='ltr' id='par_1_44' title="bbox 79 3960 1792 4033">
     <span class='ocr_line' id='line_1_44' title="bbox 79 3960 1792 4033; baseline -0.006 -8"><span class='ocrx_word' id='word_1_299' title='bbox 79 3985 289 4025; x_wconf 91' lang='lat' dir='ltr'><strong>eorum</strong></span> <span class='ocrx_word' id='word_1_300' title='bbox 320 3981 576 4021; x_wconf 88' lang='lat' dir='ltr'><strong>errorem</strong></span> <span class='ocrx_word' id='word_1_301' title='bbox 604 3969 660 4018; x_wconf 91' lang='lat' dir='ltr'><strong>et</strong></span> <span class='ocrx_word' id='word_1_302' title='bbox 714 3979 821 4033; x_wconf 89' lang='lat' dir='ltr'><strong>pro</strong></span> <span class='ocrx_word' id='word_1_303' title='bbox 870 3961 1150 4016; x_wconf 88' lang='lat' dir='ltr'><strong>catholica</strong></span> <span class='ocrx_word' id='word_1_304' title='bbox 1188 3960 1424 4017; x_wconf 83' lang='lat' dir='ltr'><strong>veritate</strong></span> <span class='ocrx_word' id='word_1_305' title='bbox 1473 3961 1792 4016; x_wconf 89' lang='lat' dir='ltr'><strong>necessaria</strong></span> 
     </span>
    </p>
   </div>
   <div class='ocr_carea' id='block_1_45' title="bbox 79 4047 1790 4119">
    <p class='ocr_par' dir='ltr' id='par_1_45' title="bbox 79 4047 1790 4119">
     <span class='ocr_line' id='line_1_45' title="bbox 79 4047 1790 4119; baseline -0.006 -6"><span class='ocrx_word' id='word_1_306' title='bbox 79 4058 437 4112; x_wconf 89' lang='lat' dir='ltr'><strong>documenta</strong></span> <span class='ocrx_word' id='word_1_307' title='bbox 459 4050 672 4118; x_wconf 87' lang='lat' dir='ltr'><strong>curavi,</strong></span> <span class='ocrx_word' id='word_1_308' title='bbox 705 4048 820 4104; x_wconf 86' lang='lat' dir='ltr'><strong>sive</strong></span> <span class='ocrx_word' id='word_1_309' title='bbox 849 4049 918 4104; x_wconf 90' lang='lat' dir='ltr'><strong>de</strong></span> <span class='ocrx_word' id='word_1_310' title='bbox 947 4047 1356 4112; x_wconf 83' lang='lat' dir='ltr'><strong>ecclesiasticis,</strong></span> <span class='ocrx_word' id='word_1_311' title='bbox 1408 4047 1524 4103; x_wconf 83' lang='lat' dir='ltr'><strong>sive</strong></span> <span class='ocrx_word' id='word_1_312' title='bbox 1565 4048 1635 4103; x_wconf 90' lang='lat' dir='ltr'><strong>de</strong></span> <span class='ocrx_word' id='word_1_313' title='bbox 1684 4064 1790 4119; x_wconf 91' lang='lat' dir='ltr'><strong>pu-</strong></span> 
     </span>
    </p>
   </div>
   <div class='ocr_carea' id='block_1_46' title="bbox 79 4135 1793 4207">
    <p class='ocr_par' dir='ltr' id='par_1_46' title="bbox 79 4135 1793 4207">
     <span class='ocr_line' id='line_1_46' title="bbox 79 4135 1793 4207; baseline -0.006 -7"><span class='ocrx_word' id='word_1_314' title='bbox 79 4144 248 4200; x_wconf 90' lang='lat' dir='ltr'><strong>blicis</strong></span> <span class='ocrx_word' id='word_1_315' title='bbox 275 4140 484 4206; x_wconf 87' lang='lat' dir='ltr'><strong>Gestis,</strong></span> <span class='ocrx_word' id='word_1_316' title='bbox 514 4137 628 4193; x_wconf 89' lang='lat' dir='ltr'><strong>sive</strong></span> <span class='ocrx_word' id='word_1_317' title='bbox 661 4137 730 4192; x_wconf 87' lang='lat' dir='ltr'><strong>de</strong></span> <span class='ocrx_word' id='word_1_318' title='bbox 759 4135 1063 4207; x_wconf 90' lang='lat' dir='ltr'><strong>Scripturis</strong></span> <span class='ocrx_word' id='word_1_319' title='bbox 1084 4135 1389 4192; x_wconf 89' lang='lat' dir='ltr'><strong>canonicis.</strong></span> <span class='ocrx_word' id='word_1_320' title='bbox 1423 4137 1488 4191; x_wconf 85' lang='lat' dir='ltr'><strong>Et</strong></span> <span class='ocrx_word' id='word_1_321' title='bbox 1506 4136 1692 4207; x_wconf 91' lang='lat' dir='ltr'><strong>primo</strong></span> <span class='ocrx_word' id='word_1_322' title='bbox 1721 4137 1793 4191; x_wconf 89' lang='lat' dir='ltr'><strong>ad</strong></span> 
     </span>
    </p>
   </div>
   <div class='ocr_carea' id='block_1_47' title="bbox 79 4223 1789 4299">
    <p class='ocr_par' dir='ltr' id='par_1_47' title="bbox 79 4223 1789 4299">
     <span class='ocr_line' id='line_1_47' title="bbox 79 4223 1789 4299; baseline -0.006 -11"><span class='ocrx_word' id='word_1_323' title='bbox 79 4235 215 4288; x_wconf 92' lang='lat' dir='ltr'><strong>illos</strong></span> <span class='ocrx_word' id='word_1_324' title='bbox 244 4229 451 4285; x_wconf 88' lang='lat' dir='ltr'><strong>eadem</strong></span> <span class='ocrx_word' id='word_1_325' title='bbox 480 4224 765 4299; x_wconf 88' lang='lat' dir='ltr'><strong>promissa</strong></span> <span class='ocrx_word' id='word_1_326' title='bbox 787 4224 990 4292; x_wconf 81' lang='lat' dir='ltr'><strong>direxi,</strong></span> <span class='ocrx_word' id='word_1_327' title='bbox 1012 4228 1076 4278; x_wconf 89' lang='lat' dir='ltr'><strong>ut</strong></span> <span class='ocrx_word' id='word_1_328' title='bbox 1093 4223 1207 4294; x_wconf 86' lang='lat' dir='ltr'><strong>ipsi</strong></span> <span class='ocrx_word' id='word_1_329' title='bbox 1231 4240 1318 4292; x_wconf 89' lang='lat' dir='ltr'><strong>ea,</strong></span> <span class='ocrx_word' id='word_1_330' title='bbox 1349 4224 1397 4278; x_wconf 90' lang='lat' dir='ltr'><strong>si</strong></span> <span class='ocrx_word' id='word_1_331' title='bbox 1425 4223 1551 4279; x_wconf 87' lang='lat' dir='ltr'><strong>fieri</strong></span> <span class='ocrx_word' id='word_1_332' title='bbox 1579 4229 1789 4295; x_wconf 89' lang='lat' dir='ltr'><strong>posset,</strong></span> 
     </span>
    </p>
   </div>
   <div class='ocr_carea' id='block_1_48' title="bbox 82 4310 1794 4390">
    <p class='ocr_par' dir='ltr' id='par_1_48' title="bbox 82 4310 1794 4390">
     <span class='ocr_line' id='line_1_48' title="bbox 82 4310 1794 4390; baseline -0.005 -16"><span class='ocrx_word' id='word_1_333' title='bbox 82 4319 486 4390; x_wconf 89' lang='lat' dir='ltr'><strong>exposcerent.</strong></span> <span class='ocrx_word' id='word_1_334' title='bbox 526 4314 666 4379; x_wconf 61' lang='lat' dir='ltr'><strong>Quae</strong></span> <span class='ocrx_word' id='word_1_335' title='bbox 693 4328 825 4367; x_wconf 91' lang='lat' dir='ltr'><strong>cum</strong></span> <span class='ocrx_word' id='word_1_336' title='bbox 867 4310 1154 4366; x_wconf 86' lang='lat' dir='ltr'><strong>venissent</strong></span> <span class='ocrx_word' id='word_1_337' title='bbox 1193 4310 1255 4365; x_wconf 90' lang='lat' dir='ltr'><strong>in</strong></span> <span class='ocrx_word' id='word_1_338' title='bbox 1293 4326 1490 4365; x_wconf 90' lang='lat' dir='ltr'><strong>eorum</strong></span> <span class='ocrx_word' id='word_1_339' title='bbox 1519 4327 1794 4382; x_wconf 89' lang='lat' dir='ltr'><strong>quorum-</strong></span> 
     </span>
    </p>
   </div>
   <div class='ocr_carea' id='block_1_49' title="bbox 84 4397 1794 4472">
    <p class='ocr_par' dir='ltr' id='par_1_49' title="bbox 84 4397 1794 4472">
     <span class='ocr_line' id='line_1_49' title="bbox 84 4397 1794 4472; baseline -0.006 -8"><span class='ocrx_word' id='word_1_340' title='bbox 84 4409 222 4464; x_wconf 87' lang='lat' dir='ltr'><strong>dam</strong></span> <span class='ocrx_word' id='word_1_341' title='bbox 253 4419 486 4469; x_wconf 88' lang='lat' dir='ltr'><strong>manus,</strong></span> <span class='ocrx_word' id='word_1_342' title='bbox 517 4399 707 4457; x_wconf 89' lang='lat' dir='ltr'><strong>nescio</strong></span> <span class='ocrx_word' id='word_1_343' title='bbox 728 4400 858 4472; x_wconf 86' lang='lat' dir='ltr'><strong>quis</strong></span> <span class='ocrx_word' id='word_1_344' title='bbox 883 4398 1097 4454; x_wconf 85' lang='lat' dir='ltr'><strong>exstitit</strong></span> <span class='ocrx_word' id='word_1_345' title='bbox 1124 4398 1226 4470; x_wconf 91' lang='lat' dir='ltr'><strong>qui</strong></span> <span class='ocrx_word' id='word_1_346' title='bbox 1246 4415 1348 4454; x_wconf 89' lang='lat' dir='ltr'><strong>suo</strong></span> <span class='ocrx_word' id='word_1_347' title='bbox 1369 4397 1602 4453; x_wconf 91' lang='lat' dir='ltr'><strong>nomine</strong></span> <span class='ocrx_word' id='word_1_348' title='bbox 1624 4397 1794 4453; x_wconf 77' lang='lat' dir='ltr'><strong>tacito</strong></span> 
     </span>
    </p>
   </div>
   <div class='ocr_carea' id='block_1_50' title="bbox 85 4473 1798 4557">
    <p class='ocr_par' dir='ltr' id='par_1_50' title="bbox 85 4473 1798 4557">
     <span class='ocr_line' id='line_1_50' title="bbox 85 4473 1798 4557; baseline -0.006 -6"><span class='ocrx_word' id='word_1_349' title='bbox 85 4501 288 4551; x_wconf 87' lang='lat' dir='ltr'><strong>contra</strong></span> <span class='ocrx_word' id='word_1_350' title='bbox 316 4493 440 4548; x_wconf 60' lang='lat' dir='ltr'><strong>hec</strong></span> <span class='ocrx_word' id='word_1_351' title='bbox 463 4473 754 4557; x_wconf 78' lang='lat' dir='ltr'><strong>scriberet,</strong></span> <span class='ocrx_word' id='word_1_352' title='bbox 783 4488 862 4544; x_wconf 85' lang='lat' dir='ltr'><strong>ita</strong></span> <span class='ocrx_word' id='word_1_353' title='bbox 890 4504 949 4543; x_wconf 90' lang='lat' dir='ltr'><strong>se</strong></span> <span class='ocrx_word' id='word_1_354' title='bbox 974 4487 1252 4542; x_wconf 82' lang='lat' dir='ltr'><strong>confitens</strong></span> <span class='ocrx_word' id='word_1_355' title='bbox 1281 4486 1647 4553; x_wconf 89' lang='lat' dir='ltr'><strong>donatistam,</strong></span> <span class='ocrx_word' id='word_1_356' title='bbox 1677 4492 1798 4541; x_wconf 87' lang='lat' dir='ltr'><strong>tan-</strong></span> 
     </span>
    </p>
   </div>
   <div class='ocr_carea' id='block_1_51' title="bbox 89 4574 1798 4657">
    <p class='ocr_par' dir='ltr' id='par_1_51' title="bbox 89 4574 1798 4657">
     <span class='ocr_line' id='line_1_51' title="bbox 89 4574 1798 4657; baseline -0.006 -17"><span class='ocrx_word' id='word_1_357' title='bbox 89 4599 271 4657; x_wconf 90' lang='lat' dir='ltr'><strong>quam</strong></span> <span class='ocrx_word' id='word_1_358' title='bbox 288 4582 399 4637; x_wconf 92' lang='lat' dir='ltr'><strong>hoc</strong></span> <span class='ocrx_word' id='word_1_359' title='bbox 419 4583 732 4635; x_wconf 89' lang='lat' dir='ltr'><strong>vocaretur.</strong></span> <span class='ocrx_word' id='word_1_360' title='bbox 751 4577 855 4633; x_wconf 90' lang='lat' dir='ltr'><strong>Cui</strong></span> <span class='ocrx_word' id='word_1_361' title='bbox 875 4592 979 4647; x_wconf 92' lang='lat' dir='ltr'><strong>ego</strong></span> <span class='ocrx_word' id='word_1_362' title='bbox 996 4574 1370 4646; x_wconf 89' lang='lat' dir='ltr'><strong>respondens,</strong></span> <span class='ocrx_word' id='word_1_363' title='bbox 1395 4574 1573 4630; x_wconf 90' lang='lat' dir='ltr'><strong>alium</strong></span> <span class='ocrx_word' id='word_1_364' title='bbox 1585 4575 1798 4630; x_wconf 89' lang='lat' dir='ltr'><strong>librum</strong></span> 
     </span>
    </p>
   </div>
   <div class='ocr_carea' id='block_1_52' title="bbox 88 4663 1798 4742">
    <p class='ocr_par' dir='ltr' id='par_1_52' title="bbox 88 4663 1798 4742">
     <span class='ocr_line' id='line_1_52' title="bbox 88 4663 1798 4742; baseline -0.005 -15"><span class='ocrx_word' id='word_1_365' title='bbox 88 4671 318 4742; x_wconf 88' lang='lat' dir='ltr'><strong>scripsi.</strong></span> <span class='ocrx_word' id='word_1_366' title='bbox 358 4669 460 4724; x_wconf 90' lang='lat' dir='ltr'><strong>Illa</strong></span> <span class='ocrx_word' id='word_1_367' title='bbox 489 4684 620 4723; x_wconf 90' lang='lat' dir='ltr'><strong>vero</strong></span> <span class='ocrx_word' id='word_1_368' title='bbox 654 4667 997 4722; x_wconf 89' lang='lat' dir='ltr'><strong>documenta</strong></span> <span class='ocrx_word' id='word_1_369' title='bbox 1025 4680 1154 4736; x_wconf 68' lang='lat' dir='ltr'><strong>qua:</strong></span> <span class='ocrx_word' id='word_1_370' title='bbox 1182 4663 1580 4734; x_wconf 85' lang='lat' dir='ltr'><strong>promiseram,</strong></span> <span class='ocrx_word' id='word_1_371' title='bbox 1609 4663 1798 4719; x_wconf 88' lang='lat' dir='ltr'><strong>eidem</strong></span> 
     </span>
    </p>
   </div>
   <div class='ocr_carea' id='block_1_53' title="bbox 89 4751 1799 4830">
    <p class='ocr_par' dir='ltr' id='par_1_53' title="bbox 89 4751 1799 4830">
     <span class='ocr_line' id='line_1_53' title="bbox 89 4751 1799 4830; baseline -0.007 -12"><span class='ocrx_word' id='word_1_372' title='bbox 89 4761 292 4818; x_wconf 92' lang='lat' dir='ltr'><strong>libello</strong></span> <span class='ocrx_word' id='word_1_373' title='bbox 351 4773 466 4830; x_wconf 92' lang='lat' dir='ltr'><strong>quo</strong></span> <span class='ocrx_word' id='word_1_374' title='bbox 496 4757 697 4812; x_wconf 87' lang='lat' dir='ltr'><strong>eadem</strong></span> <span class='ocrx_word' id='word_1_375' title='bbox 733 4754 1112 4827; x_wconf 89' lang='lat' dir='ltr'><strong>promiseram</strong></span> <span class='ocrx_word' id='word_1_376' title='bbox 1139 4751 1326 4824; x_wconf 85' lang='lat' dir='ltr'><strong>junxi,</strong></span> <span class='ocrx_word' id='word_1_377' title='bbox 1366 4756 1422 4807; x_wconf 90' lang='lat' dir='ltr'><strong>et</strong></span> <span class='ocrx_word' id='word_1_378' title='bbox 1451 4768 1520 4807; x_wconf 93' lang='lat' dir='ltr'><strong>ex</strong></span> <span class='ocrx_word' id='word_1_379' title='bbox 1559 4757 1799 4824; x_wconf 90' lang='lat' dir='ltr'><strong>utroque</strong></span> 
     </span>
    </p>
   </div>
   <div class='ocr_carea' id='block_1_54' title="bbox 91 4839 1802 4915">
    <p class='ocr_par' dir='ltr' id='par_1_54' title="bbox 91 4839 1802 4915">
     <span class='ocr_line' id='line_1_54' title="bbox 91 4839 1802 4915; baseline -0.006 -10"><span class='ocrx_word' id='word_1_380' title='bbox 91 4865 280 4905; x_wconf 88' lang='lat' dir='ltr'><strong>unum</strong></span> <span class='ocrx_word' id='word_1_381' title='bbox 316 4862 441 4902; x_wconf 90' lang='lat' dir='ltr'><strong>esse</strong></span> <span class='ocrx_word' id='word_1_382' title='bbox 469 4845 621 4900; x_wconf 90' lang='lat' dir='ltr'><strong>volui</strong></span> <span class='ocrx_word' id='word_1_383' title='bbox 649 4861 664 4913; x_wconf 88' lang='lat'><strong>;</strong></span> <span class='ocrx_word' id='word_1_384' title='bbox 697 4859 946 4915; x_wconf 88' lang='lat' dir='ltr'><strong>eumque</strong></span> <span class='ocrx_word' id='word_1_385' title='bbox 975 4841 1055 4896; x_wconf 93' lang='lat' dir='ltr'><strong>sic</strong></span> <span class='ocrx_word' id='word_1_386' title='bbox 1092 4839 1268 4902; x_wconf 86' lang='lat' dir='ltr'><strong>edidi,</strong></span> <span class='ocrx_word' id='word_1_387' title='bbox 1299 4845 1365 4896; x_wconf 91' lang='lat' dir='ltr'><strong>ut</strong></span> <span class='ocrx_word' id='word_1_388' title='bbox 1392 4840 1452 4895; x_wconf 91' lang='lat' dir='ltr'><strong>in</strong></span> <span class='ocrx_word' id='word_1_389' title='bbox 1486 4839 1802 4911; x_wconf 87' lang='lat' dir='ltr'><strong>parietibus</strong></span> 
     </span>
    </p>
   </div>
   <div class='ocr_carea' id='block_1_55' title="bbox 89 4927 1803 5004">
    <p class='ocr_par' dir='ltr' id='par_1_55' title="bbox 89 4927 1803 5004">
     <span class='ocr_line' id='line_1_55' title="bbox 89 4927 1803 5004; baseline -0.007 -10"><span class='ocrx_word' id='word_1_390' title='bbox 89 4937 375 5002; x_wconf 83' lang='lat' dir='ltr'><strong>basilicae,</strong></span> <span class='ocrx_word' id='word_1_391' title='bbox 406 4949 536 5004; x_wconf 71' lang='lat' dir='ltr'><strong>qua:</strong></span> <span class='ocrx_word' id='word_1_392' title='bbox 563 4931 987 4987; x_wconf 88' lang='lat' dir='ltr'><strong>Donatistarum</strong></span> <span class='ocrx_word' id='word_1_393' title='bbox 1016 4930 1223 4996; x_wconf 83' lang='lat' dir='ltr'><strong>fuerat,</strong></span> <span class='ocrx_word' id='word_1_394' title='bbox 1269 4928 1430 5000; x_wconf 91' lang='lat' dir='ltr'><strong>prius</strong></span> <span class='ocrx_word' id='word_1_395' title='bbox 1475 4927 1803 4999; x_wconf 89' lang='lat' dir='ltr'><strong>propositus</strong></span> 
     </span>
    </p>
   </div>
   <div class='ocr_carea' id='block_1_56' title="bbox 91 5011 1804 5094">
    <p class='ocr_par' dir='ltr' id='par_1_56' title="bbox 91 5011 1804 5094">
     <span class='ocr_line' id='line_1_56' title="bbox 91 5011 1804 5094; baseline -0.008 -15"><span class='ocrx_word' id='word_1_396' title='bbox 91 5024 412 5094; x_wconf 87' lang='lat' dir='ltr'><strong>legeretur,</strong></span> <span class='ocrx_word' id='word_1_397' title='bbox 441 5017 603 5087; x_wconf 88' lang='lat' dir='ltr'><strong>cujus</strong></span> <span class='ocrx_word' id='word_1_398' title='bbox 632 5015 830 5070; x_wconf 88' lang='lat' dir='ltr'><strong>titulus</strong></span> <span class='ocrx_word' id='word_1_399' title='bbox 861 5019 975 5070; x_wconf 91' lang='lat' dir='ltr'><strong>est:</strong></span> <span class='ocrx_word' id='word_1_400' title='bbox 1010 5014 1420 5069; x_wconf 86' lang='lat' dir='ltr'><strong>Probationum</strong></span> <span class='ocrx_word' id='word_1_401' title='bbox 1450 5019 1508 5068; x_wconf 93' lang='lat' dir='ltr'><strong>et</strong></span> <span class='ocrx_word' id='word_1_402' title='bbox 1530 5011 1804 5067; x_wconf 88' lang='lat' dir='ltr'><strong>Testimo-</strong></span> 
     </span>
    </p>
   </div>
   <div class='ocr_carea' id='block_1_57' title="bbox 157 5099 1804 5163">
    <p class='ocr_par' dir='ltr' id='par_1_57' title="bbox 157 5099 1804 5163">
     <span class='ocr_line' id='line_1_57' title="bbox 157 5099 1804 5163; baseline -0.006 -5"><span class='ocrx_word' id='word_1_403' title='bbox 157 5114 172 5146; x_wconf 73' lang='grc' dir='ltr'><strong><em>ι</em></strong></span> <span class='ocrx_word' id='word_1_404' title='bbox 202 5106 340 5158; x_wconf 87' lang='lat' dir='ltr'><strong>Edd.</strong></span> <span class='ocrx_word' id='word_1_405' title='bbox 372 5102 642 5159; x_wconf 87' lang='lat' dir='ltr'><strong>habent,ei</strong></span> <span class='ocrx_word' id='word_1_406' title='bbox 670 5101 823 5150; x_wconf 85' lang='lat' dir='ltr'><strong>libuit</strong></span> <span class='ocrx_word' id='word_1_407' title='bbox 858 5102 984 5151; x_wconf 82' lang='lat' dir='ltr'><strong>Mss.</strong></span> <span class='ocrx_word' id='word_1_408' title='bbox 1013 5114 1134 5151; x_wconf 83' lang='lat' dir='ltr'><strong>eum</strong></span> <span class='ocrx_word' id='word_1_409' title='bbox 1158 5100 1313 5152; x_wconf 86' lang='lat' dir='ltr'><strong>libuit</strong></span> <span class='ocrx_word' id='word_1_410' title='bbox 1337 5113 1520 5163; x_wconf 84' lang='lat' dir='ltr'><strong>:quem</strong></span> <span class='ocrx_word' id='word_1_411' title='bbox 1553 5099 1804 5163; x_wconf 80' lang='lat' dir='ltr'><strong>loquendi</strong></span> 
     </span>
    </p>
   </div>
   <div class='ocr_carea' id='block_1_58' title="bbox 91 5162 1804 5227">
    <p class='ocr_par' dir='ltr' id='par_1_58' title="bbox 91 5162 1804 5227">
     <span class='ocr_line' id='line_1_58' title="bbox 91 5162 1804 5227; baseline -0.007 -6"><span class='ocrx_word' id='word_1_412' title='bbox 91 5171 322 5221; x_wconf 89' lang='lat' dir='ltr'><strong>modum</strong></span> <span class='ocrx_word' id='word_1_413' title='bbox 357 5165 653 5227; x_wconf 86' lang='lat' dir='ltr'><strong>Augustino</strong></span> <span class='ocrx_word' id='word_1_414' title='bbox 685 5166 955 5227; x_wconf 82' lang='lat' dir='ltr'><strong>receptum</strong></span> <span class='ocrx_word' id='word_1_415' title='bbox 985 5176 1093 5212; x_wconf 93' lang='lat' dir='ltr'><strong>non</strong></span> <span class='ocrx_word' id='word_1_416' title='bbox 1123 5163 1339 5227; x_wconf 81' lang='lat' dir='ltr'><strong>insuper</strong></span> <span class='ocrx_word' id='word_1_417' title='bbox 1357 5162 1669 5227; x_wconf 72' lang='lat' dir='ltr'><strong>habendum</strong></span> <span class='ocrx_word' id='word_1_418' title='bbox 1690 5174 1804 5227; x_wconf 79' lang='lat' dir='ltr'><strong>esse</strong></span> 
     </span>
    </p>
   </div>
   <div class='ocr_carea' id='block_1_59' title="bbox 92 5223 1807 5286">
    <p class='ocr_par' dir='ltr' id='par_1_59' title="bbox 92 5223 1807 5286">
     <span class='ocr_line' id='line_1_59' title="bbox 92 5223 1807 5286; baseline -0.006 -4"><span class='ocrx_word' id='word_1_419' title='bbox 92 5233 375 5282; x_wconf 85' lang='lat' dir='ltr'><strong>duximus.</strong></span> <span class='ocrx_word' id='word_1_420' title='bbox 391 5223 521 5275; x_wconf 72' lang='lat' dir='ltr'><strong>Nam</strong></span> <span class='ocrx_word' id='word_1_421' title='bbox 546 5239 608 5273; x_wconf 93' lang='lat' dir='ltr'><strong>eo</strong></span> <span class='ocrx_word' id='word_1_422' title='bbox 640 5223 825 5286; x_wconf 61' lang='lat' dir='ltr'><strong>minus</strong></span> <span class='ocrx_word' id='word_1_423' title='bbox 851 5227 1120 5286; x_wconf 89' lang='lat' dir='ltr'><strong>perspecto</strong></span> <span class='ocrx_word' id='word_1_424' title='bbox 1141 5223 1347 5284; x_wconf 70' lang='lat' dir='ltr'><strong>accidit,</strong></span> <span class='ocrx_word' id='word_1_425' title='bbox 1373 5227 1433 5273; x_wconf 90' lang='lat' dir='ltr'><strong>ut</strong></span> <span class='ocrx_word' id='word_1_426' title='bbox 1451 5237 1625 5286; x_wconf 90' lang='lat' dir='ltr'><strong>sermo</strong></span> <span class='ocrx_word' id='word_1_427' title='bbox 1640 5223 1689 5286; x_wconf 61' lang='lat' dir='ltr'><strong>S.</strong></span> <span class='ocrx_word' id='word_1_428' title='bbox 1707 5223 1807 5272; x_wconf 85' lang='lat' dir='ltr'><strong>Au-</strong></span> 
     </span>
    </p>
   </div>
   <div class='ocr_carea' id='block_1_60' title="bbox 92 5239 1804 5357">
    <p class='ocr_par' dir='ltr' id='par_1_60' title="bbox 92 5239 1804 5357">
     <span class='ocr_line' id='line_1_60' title="bbox 92 5239 1804 5286; baseline -0.006 -4"><span class='ocrx_word' id='word_1_429' title='bbox 92 5239 375 5282; x_wconf 83' lang='lat' dir='ltr'><strong>duximus.</strong></span> <span class='ocrx_word' id='word_1_430' title='bbox 391 5239 521 5275; x_wconf 79' lang='lat' dir='ltr'><strong>Nam</strong></span> <span class='ocrx_word' id='word_1_431' title='bbox 546 5239 608 5273; x_wconf 93' lang='lat' dir='ltr'><strong>eo</strong></span> <span class='ocrx_word' id='word_1_432' title='bbox 640 5239 816 5273; x_wconf 81' lang='lat' dir='ltr'><strong>minus</strong></span> <span class='ocrx_word' id='word_1_433' title='bbox 851 5239 968 5286; x_wconf 88' lang='lat' dir='ltr'><strong>pers</strong></span> <span class='ocrx_word' id='word_1_434' title='bbox 1037 5239 1120 5273; x_wconf 78' lang='lat' dir='ltr'><strong>cto</strong></span> <span class='ocrx_word' id='word_1_435' title='bbox 1141 5239 1347 5284; x_wconf 77' lang='lat' dir='ltr'><strong>accidit,</strong></span> <span class='ocrx_word' id='word_1_436' title='bbox 1373 5239 1433 5273; x_wconf 78' lang='lat' dir='ltr'><strong>ut</strong></span> <span class='ocrx_word' id='word_1_437' title='bbox 1451 5239 1625 5272; x_wconf 89' lang='lat' dir='ltr'><strong>sermo</strong></span> <span class='ocrx_word' id='word_1_438' title='bbox 1640 5239 1689 5272; x_wconf 71' lang='grc' dir='ltr'><strong>δ.</strong></span> <span class='ocrx_word' id='word_1_439' title='bbox 1707 5239 1804 5272; x_wconf 74' lang='lat' dir='ltr'><strong>nu-</strong></span> 
     </span>
     <span class='ocr_line' id='line_1_61' title="bbox 92 5239 1804 5357; baseline -0.006 -12"><span class='ocrx_word' id='word_1_440' title='bbox 92 5291 390 5357; x_wconf 88' lang='lat' dir='ltr'><strong>gustini_de</strong></span> <span class='ocrx_word' id='word_1_441' title='bbox 411 5289 464 5357; x_wconf 85' lang='lat' dir='ltr'><strong>B._</strong></span> <span class='ocrx_word' id='word_1_442' title='bbox 478 5289 628 5337; x_wconf 84' lang='lat' dir='ltr'><strong>Joan.</strong></span> <span class='ocrx_word' id='word_1_443' title='bbox 643 5284 896 5357; x_wconf 62' lang='lat' dir='ltr'><strong>Decollat,</strong></span> <span class='ocrx_word' id='word_1_444' title='bbox 914 5239 1252 5357; x_wconf 44' lang='lat' dir='ltr'><strong>infreviariis</strong></span> <span class='ocrx_word' id='word_1_445' title='bbox 1265 5289 1508 5348; x_wconf 90' lang='lat' dir='ltr'><strong>corrupte</strong></span> <span class='ocrx_word' id='word_1_446' title='bbox 1534 5285 1804 5357; x_wconf 47' lang='lat' dir='ltr'><strong>sic_e_de_ref</strong></span> 
     </span>
    </p>
   </div>
   <div class='ocr_carea' id='block_1_61' title="bbox 94 5346 1810 5412">
    <p class='ocr_par' dir='ltr' id='par_1_61' title="bbox 94 5346 1810 5412">
     <span class='ocr_line' id='line_1_62' title="bbox 94 5346 1810 5412; baseline -0.007 -4"><span class='ocrx_word' id='word_1_447' title='bbox 94 5346 215 5408; x_wconf 69' lang='lat' dir='ltr'><strong>tur:</strong></span> <span class='ocrx_word' id='word_1_448' title='bbox 252 5353 428 5402; x_wconf 77' lang='lat' dir='ltr'><strong>«Eum</strong></span> <span class='ocrx_word' id='word_1_449' title='bbox 451 5354 629 5399; x_wconf 89' lang='lat' dir='ltr'><strong>tamen</strong></span> <span class='ocrx_word' id='word_1_450' title='bbox 658 5361 766 5398; x_wconf 89' lang='lat' dir='ltr'><strong>non</strong></span> <span class='ocrx_word' id='word_1_451' title='bbox 788 5347 863 5396; x_wconf 91' lang='lat' dir='ltr'><strong>sic</strong></span> <span class='ocrx_word' id='word_1_452' title='bbox 876 5346 1104 5397; x_wconf 89' lang='lat' dir='ltr'><strong>habebat</strong></span> <span class='ocrx_word' id='word_1_453' title='bbox 1126 5363 1177 5408; x_wconf 81' lang='grc'><strong>;»</strong></span> <span class='ocrx_word' id='word_1_454' title='bbox 1199 5362 1311 5412; x_wconf 89' lang='lat' dir='ltr'><strong>pro,</strong></span> <span class='ocrx_word' id='word_1_455' title='bbox 1345 5364 1372 5395; x_wconf 71' lang='grc' dir='ltr'><strong>α</strong></span> <span class='ocrx_word' id='word_1_456' title='bbox 1397 5346 1506 5397; x_wconf 79' lang='lat' dir='ltr'><strong>non</strong></span> <span class='ocrx_word' id='word_1_457' title='bbox 1528 5346 1810 5397; x_wconf 87' lang='lat' dir='ltr'><strong>siclibebat</strong></span> 
     </span>
    </p>
   </div>
   <div class='ocr_carea' id='block_1_62' title="bbox 96 5414 543 5466">
    <p class='ocr_par' dir='ltr' id='par_1_62' title="bbox 96 5414 543 5466">
     <span class='ocr_line' id='line_1_63' title="bbox 96 5414 543 5466; baseline -0.013 -2"><span class='ocrx_word' id='word_1_458' title='bbox 96 5439 121 5464; x_wconf 79' lang='grc' dir='ltr'><strong>ιι</strong></span> <span class='ocrx_word' id='word_1_459' title='bbox 160 5422 223 5466; x_wconf 88' lang='lat' dir='ltr'><strong>ut</strong></span> <span class='ocrx_word' id='word_1_460' title='bbox 252 5414 483 5465; x_wconf 65' lang='lat' dir='ltr'><strong>saeviret.</strong></span> <span class='ocrx_word' id='word_1_461' title='bbox 516 5427 543 5457; x_wconf 64' lang='grc' dir='ltr'><strong>η</strong></span> 
     </span>
    </p>
   </div>
   <div class='ocr_carea' id='block_1_63' title="bbox 158 5471 1806 5538">
    <p class='ocr_par' dir='ltr' id='par_1_63' title="bbox 158 5471 1806 5538">
     <span class='ocr_line' id='line_1_64' title="bbox 158 5471 1806 5538; baseline -0.002 -14"><span class='ocrx_word' id='word_1_462' title='bbox 158 5482 181 5516; x_wconf 72' lang='lat'><strong>2</strong></span> <span class='ocrx_word' id='word_1_463' title='bbox 215 5477 374 5534; x_wconf 88' lang='lat' dir='ltr'><strong>Edd.,</strong></span> <span class='ocrx_word' id='word_1_464' title='bbox 391 5473 547 5538; x_wconf 84' lang='lat' dir='ltr'><strong>quod.</strong></span> <span class='ocrx_word' id='word_1_465' title='bbox 562 5509 594 5538; x_wconf 60' lang='grc' dir='ltr'><strong>,ε</strong></span> <span class='ocrx_word' id='word_1_466' title='bbox 618 5471 1037 5538; x_wconf 65' lang='lat' dir='ltr'><strong>damnaiverunt.</strong></span> <span class='ocrx_word' id='word_1_467' title='bbox 1050 5471 1479 5538; x_wconf 36' lang='lat' dir='ltr'><strong>Reposuimusiex</strong></span> <span class='ocrx_word' id='word_1_468' title='bbox 1496 5471 1631 5538; x_wconf 14' lang='lat' dir='ltr'><strong>‘Mss.</strong></span> <span class='ocrx_word' id='word_1_469' title='bbox 1657 5483 1806 5534; x_wconf 85' lang='lat' dir='ltr'><strong>quos;</strong></span> 
     </span>
    </p>
   </div>
   <div class='ocr_carea' id='block_1_64' title="bbox 30 5534 1590 5593">
    <p class='ocr_par' dir='ltr' id='par_1_64' title="bbox 30 5534 1590 5593">
     <span class='ocr_line' id='line_1_65' title="bbox 30 5534 1590 5593; baseline -0.006 0"><span class='ocrx_word' id='word_1_470' title='bbox 30 5555 31 5576; x_wconf 52' lang='grc' dir='ltr'>ῖ</span> <span class='ocrx_word' id='word_1_471' title='bbox 95 5542 332 5593; x_wconf 79' lang='lat' dir='ltr'><strong>refertur</strong></span> <span class='ocrx_word' id='word_1_472' title='bbox 360 5534 502 5587; x_wconf 80' lang='lat' dir='ltr'><strong>enim</strong></span> <span class='ocrx_word' id='word_1_473' title='bbox 533 5535 598 5586; x_wconf 90' lang='lat' dir='ltr'><strong>ad</strong></span> <span class='ocrx_word' id='word_1_474' title='bbox 626 5534 1067 5586; x_wconf 83' lang='lat' dir='ltr'><strong>Maximianenses</strong></span> <span class='ocrx_word' id='word_1_475' title='bbox 1092 5536 1246 5583; x_wconf 85' lang='lat' dir='ltr'><strong>antea</strong></span> <span class='ocrx_word' id='word_1_476' title='bbox 1272 5534 1590 5584; x_wconf 87' lang='lat' dir='ltr'><strong>nominatos.</strong></span> 
     </span>
    </p>
   </div>
   <div class='ocr_carea' id='block_1_65' title="bbox 1859 523 3556 597">
    <p class='ocr_par' dir='ltr' id='par_1_65' title="bbox 1859 523 3556 597">
     <span class='ocr_line' id='line_1_66' title="bbox 1859 523 3556 597; baseline 0.002 -17"><span class='ocrx_word' id='word_1_477' title='bbox 1859 526 2057 581; x_wconf 89' lang='lat' dir='ltr'><strong>Felicis</strong></span> <span class='ocrx_word' id='word_1_478' title='bbox 2085 524 2470 597; x_wconf 83' lang='lat' dir='ltr'><strong>Aptungensis</strong></span> <span class='ocrx_word' id='word_1_479' title='bbox 2505 523 2524 558; x_wconf 80' lang='grc'><strong><em>⁸</em></strong></span> <span class='ocrx_word' id='word_1_480' title='bbox 2547 525 2888 581; x_wconf 89' lang='lat' dir='ltr'><strong>ordinatoris</strong></span> <span class='ocrx_word' id='word_1_481' title='bbox 2916 526 3243 588; x_wconf 63' lang='lat' dir='ltr'><strong>lCmciliani,</strong></span> <span class='ocrx_word' id='word_1_482' title='bbox 3285 543 3404 583; x_wconf 91' lang='lat' dir='ltr'><strong>non</strong></span> <span class='ocrx_word' id='word_1_483' title='bbox 3447 529 3556 583; x_wconf 92' lang='lat' dir='ltr'><strong>hoc</strong></span> 
     </span>
    </p>
   </div>
   <div class='ocr_carea' id='block_1_66' title="bbox 1860 614 3551 686">
    <p class='ocr_par' dir='ltr' id='par_1_66' title="bbox 1860 614 3551 686">
     <span class='ocr_line' id='line_1_67' title="bbox 1860 614 3551 686; baseline 0.002 -18"><span class='ocrx_word' id='word_1_484' title='bbox 1860 615 2057 669; x_wconf 92' lang='lat' dir='ltr'><strong>ordine</strong></span> <span class='ocrx_word' id='word_1_485' title='bbox 2082 615 2382 686; x_wconf 89' lang='lat' dir='ltr'><strong>posuimus</strong></span> <span class='ocrx_word' id='word_1_486' title='bbox 2411 630 2524 684; x_wconf 92' lang='lat' dir='ltr'><strong>quo</strong></span> <span class='ocrx_word' id='word_1_487' title='bbox 2543 618 2741 684; x_wconf 89' lang='lat' dir='ltr'><strong>postea</strong></span> <span class='ocrx_word' id='word_1_488' title='bbox 2759 614 2925 669; x_wconf 91' lang='lat' dir='ltr'><strong>nobis</strong></span> <span class='ocrx_word' id='word_1_489' title='bbox 2952 615 3176 682; x_wconf 89' lang='lat' dir='ltr'><strong>claruit,</strong></span> <span class='ocrx_word' id='word_1_490' title='bbox 3211 616 3551 672; x_wconf 89' lang='lat' dir='ltr'><strong>Consulibus</strong></span> 
     </span>
    </p>
   </div>
   <div class='ocr_carea' id='block_1_67' title="bbox 1861 701 3554 774">
    <p class='ocr_par' dir='ltr' id='par_1_67' title="bbox 1861 701 3554 774">
     <span class='ocr_line' id='line_1_68' title="bbox 1861 701 3554 774; baseline 0.002 -18"><span class='ocrx_word' id='word_1_491' title='bbox 1861 702 2166 773; x_wconf 87' lang='lat' dir='ltr'><strong>diligenter</strong></span> <span class='ocrx_word' id='word_1_492' title='bbox 2203 702 2496 774; x_wconf 86' lang='lat' dir='ltr'><strong>inspectis,</strong></span> <span class='ocrx_word' id='word_1_493' title='bbox 2544 701 2642 756; x_wconf 90' lang='lat' dir='ltr'><strong>sed</strong></span> <span class='ocrx_word' id='word_1_494' title='bbox 2687 707 2963 774; x_wconf 89' lang='lat' dir='ltr'><strong>tanquam</strong></span> <span class='ocrx_word' id='word_1_495' title='bbox 3008 707 3138 773; x_wconf 90' lang='lat' dir='ltr'><strong>post</strong></span> <span class='ocrx_word' id='word_1_496' title='bbox 3190 703 3554 760; x_wconf 71' lang='lat' dir='ltr'><strong>Caecilianum</strong></span> 
     </span>
    </p>
   </div>
   <div class='ocr_carea' id='block_1_68' title="bbox 1860 789 3556 864">
    <p class='ocr_par' dir='ltr' id='par_1_68' title="bbox 1860 789 3556 864">
     <span class='ocr_line' id='line_1_69' title="bbox 1860 789 3556 864; baseline 0.002 -20"><span class='ocrx_word' id='word_1_497' title='bbox 1860 790 1991 845; x_wconf 87' lang='lat' dir='ltr'><strong>ferit</strong></span> <span class='ocrx_word' id='word_1_498' title='bbox 2013 791 2327 857; x_wconf 90' lang='lat' dir='ltr'><strong>absolutus,</strong></span> <span class='ocrx_word' id='word_1_499' title='bbox 2349 806 2479 844; x_wconf 90' lang='lat' dir='ltr'><strong>cum</strong></span> <span class='ocrx_word' id='word_1_500' title='bbox 2500 795 2630 844; x_wconf 88' lang='lat' dir='ltr'><strong>ante</strong></span> <span class='ocrx_word' id='word_1_501' title='bbox 2673 789 2747 844; x_wconf 89' lang='lat' dir='ltr'><strong>sit</strong></span> <span class='ocrx_word' id='word_1_502' title='bbox 2769 791 2999 846; x_wconf 88' lang='lat' dir='ltr'><strong>factum.</strong></span> <span class='ocrx_word' id='word_1_503' title='bbox 3039 791 3183 846; x_wconf 90' lang='lat' dir='ltr'><strong>Illud</strong></span> <span class='ocrx_word' id='word_1_504' title='bbox 3207 792 3380 847; x_wconf 84' lang='lat' dir='ltr'><strong>etiam</strong></span> <span class='ocrx_word' id='word_1_505' title='bbox 3402 793 3556 864; x_wconf 92' lang='lat' dir='ltr'><strong>quod</strong></span> 
     </span>
    </p>
   </div>
   <div class='ocr_carea' id='block_1_69' title="bbox 1861 878 3561 948">
    <p class='ocr_par' dir='ltr' id='par_1_69' title="bbox 1861 878 3561 948">
     <span class='ocr_line' id='line_1_70' title="bbox 1861 878 3561 948; baseline 0.001 -16"><span class='ocrx_word' id='word_1_506' title='bbox 1861 884 2309 934; x_wconf 90' lang='lat' dir='ltr'><strong>commemorato</strong></span> <span class='ocrx_word' id='word_1_507' title='bbox 2352 879 2514 933; x_wconf 71' lang='lat' dir='ltr'><strong>Iudae</strong></span> <span class='ocrx_word' id='word_1_508' title='bbox 2565 879 2804 948; x_wconf 87' lang='lat' dir='ltr'><strong>apostoli</strong></span> <span class='ocrx_word' id='word_1_509' title='bbox 2851 878 3197 946; x_wconf 88' lang='lat' dir='ltr'><strong>testimonio,</strong></span> <span class='ocrx_word' id='word_1_510' title='bbox 3229 879 3330 934; x_wconf 90' lang='lat' dir='ltr'><strong>ubi</strong></span> <span class='ocrx_word' id='word_1_511' title='bbox 3359 880 3474 935; x_wconf 89' lang='lat' dir='ltr'><strong>ait:</strong></span> <span class='ocrx_word' id='word_1_512' title='bbox 3511 882 3561 936; x_wconf 90' lang='lat' dir='ltr'><strong>1i</strong></span> 
     </span>
    </p>
   </div>
   <div class='ocr_carea' id='block_1_70' title="bbox 1861 967 3556 1038">
    <p class='ocr_par' dir='ltr' id='par_1_70' title="bbox 1861 967 3556 1038">
     <span class='ocr_line' id='line_1_71' title="bbox 1861 967 3556 1038; baseline 0.002 -18"><span class='ocrx_word' id='word_1_513' title='bbox 1861 971 1988 1021; x_wconf 89' lang='lat' dir='ltr'><strong>sunt</strong></span> <span class='ocrx_word' id='word_1_514' title='bbox 2030 969 2126 1036; x_wconf 89' lang='lat' dir='ltr'><strong>qui</strong></span> <span class='ocrx_word' id='word_1_515' title='bbox 2160 971 2443 1036; x_wconf 75' lang='lat' dir='ltr'><strong>segregant</strong></span> <span class='ocrx_word' id='word_1_516' title='bbox 2480 968 2808 1036; x_wconf 86' lang='lat' dir='ltr'><strong>semetipsos,</strong></span> <span class='ocrx_word' id='word_1_517' title='bbox 2849 967 3127 1036; x_wconf 83' lang='lat' dir='ltr'><strong>animales,</strong></span> <span class='ocrx_word' id='word_1_518' title='bbox 3168 970 3425 1038; x_wconf 83' lang='lat' dir='ltr'><strong>spiritum</strong></span> <span class='ocrx_word' id='word_1_519' title='bbox 3449 985 3556 1023; x_wconf 90' lang='lat' dir='ltr'><strong>non</strong></span> 
     </span>
    </p>
   </div>
   <div class='ocr_carea' id='block_1_71' title="bbox 1863 1052 3555 1124">
    <p class='ocr_par' dir='ltr' id='par_1_71' title="bbox 1863 1052 3555 1124">
     <span class='ocr_line' id='line_1_72' title="bbox 1863 1052 3555 1124; baseline 0.001 -14"><span class='ocrx_word' id='word_1_520' title='bbox 1863 1054 2112 1110; x_wconf 80' lang='lat' dir='ltr'><strong>habentes</strong></span> <span class='ocrx_word' id='word_1_521' title='bbox 2149 1054 2333 1123; x_wconf 69' lang='lat' dir='ltr'><strong>(Judav</strong></span> <span class='ocrx_word' id='word_1_522' title='bbox 2365 1053 2470 1123; x_wconf 82' lang='lat' dir='ltr'><strong>t9),</strong></span> <span class='ocrx_word' id='word_1_523' title='bbox 2503 1053 2738 1124; x_wconf 87' lang='lat' dir='ltr'><strong>adjunxi</strong></span> <span class='ocrx_word' id='word_1_524' title='bbox 2767 1052 2940 1108; x_wconf 89' lang='lat' dir='ltr'><strong>etiam</strong></span> <span class='ocrx_word' id='word_1_525' title='bbox 2971 1054 3194 1110; x_wconf 89' lang='lat' dir='ltr'><strong>dicens:</strong></span> <span class='ocrx_word' id='word_1_526' title='bbox 3237 1058 3313 1112; x_wconf 90' lang='lat' dir='ltr'><strong>De</strong></span> <span class='ocrx_word' id='word_1_527' title='bbox 3359 1056 3555 1124; x_wconf 84' lang='lat' dir='ltr'><strong>quibus</strong></span> 
     </span>
    </p>
   </div>
   <div class='ocr_carea' id='block_1_72' title="bbox 1862 1141 3557 1212">
    <p class='ocr_par' dir='ltr' id='par_1_72' title="bbox 1862 1141 3557 1212">
     <span class='ocr_line' id='line_1_73' title="bbox 1862 1141 3557 1212; baseline 0.001 -15"><span class='ocrx_word' id='word_1_528' title='bbox 1862 1148 1913 1198; x_wconf 88' lang='lat' dir='ltr'><strong>et</strong></span> <span class='ocrx_word' id='word_1_529' title='bbox 1939 1143 2142 1197; x_wconf 88' lang='lat' dir='ltr'><strong>Paulus</strong></span> <span class='ocrx_word' id='word_1_530' title='bbox 2170 1143 2441 1212; x_wconf 85' lang='lat' dir='ltr'><strong>apostolus</strong></span> <span class='ocrx_word' id='word_1_531' title='bbox 2479 1141 2649 1197; x_wconf 86' lang='lat' dir='ltr'><strong>dicit:</strong></span> <span class='ocrx_word' id='word_1_532' title='bbox 2685 1163 2713 1192; x_wconf 86' lang='lat'>«</span> <span class='ocrx_word' id='word_1_533' title='bbox 2735 1144 3009 1198; x_wconf 85' lang='lat' dir='ltr'><strong>Animalis</strong></span> <span class='ocrx_word' id='word_1_534' title='bbox 3040 1148 3219 1199; x_wconf 89' lang='lat' dir='ltr'><strong>autem</strong></span> <span class='ocrx_word' id='word_1_535' title='bbox 3250 1145 3402 1199; x_wconf 83' lang='lat' dir='ltr'><strong>homo</strong></span> <span class='ocrx_word' id='word_1_536' title='bbox 3448 1160 3557 1200; x_wconf 90' lang='lat' dir='ltr'><strong>non</strong></span> 
     </span>
    </p>
   </div>
   <div class='ocr_carea' id='block_1_73' title="bbox 1871 1232 3560 1302">
    <p class='ocr_par' dir='ltr' id='par_1_73' title="bbox 1871 1232 3560 1302">
     <span class='ocr_line' id='line_1_74' title="bbox 1871 1232 3560 1302; baseline 0.004 -19"><span class='ocrx_word' id='word_1_537' title='bbox 1871 1263 1887 1283; x_wconf 89' lang='lat'><strong>.</strong></span> <span class='ocrx_word' id='word_1_538' title='bbox 1916 1232 2152 1300; x_wconf 85' lang='lat' dir='ltr'><strong>percipit</strong></span> <span class='ocrx_word' id='word_1_539' title='bbox 2178 1246 2241 1284; x_wconf 90' lang='lat' dir='ltr'><strong>ea</strong></span> <span class='ocrx_word' id='word_1_540' title='bbox 2273 1245 2391 1300; x_wconf 60' lang='lat' dir='ltr'><strong>qua</strong></span> <span class='ocrx_word' id='word_1_541' title='bbox 2410 1234 2536 1285; x_wconf 86' lang='lat' dir='ltr'><strong>sunt</strong></span> <span class='ocrx_word' id='word_1_542' title='bbox 2562 1233 2794 1300; x_wconf 82' lang='lat' dir='ltr'><strong>spiritus</strong></span> <span class='ocrx_word' id='word_1_543' title='bbox 2824 1233 2922 1287; x_wconf 89' lang='lat' dir='ltr'><strong>Dei</strong></span> <span class='ocrx_word' id='word_1_544' title='bbox 2951 1250 2980 1284; x_wconf 72' lang='grc' dir='ltr'><strong>ι»</strong></span> <span class='ocrx_word' id='word_1_545' title='bbox 3011 1232 3174 1288; x_wconf 90' lang='lat' dir='ltr'><strong>ICor.</strong></span> <span class='ocrx_word' id='word_1_546' title='bbox 3200 1249 3260 1301; x_wconf 81' lang='grc' dir='ltr'><strong>ιι,</strong></span> <span class='ocrx_word' id='word_1_547' title='bbox 3286 1233 3373 1302; x_wconf 86' lang='grc'><strong>14)</strong></span> <span class='ocrx_word' id='word_1_548' title='bbox 3403 1249 3416 1299; x_wconf 92' lang='grc'><strong>;</strong></span> <span class='ocrx_word' id='word_1_549' title='bbox 3447 1249 3560 1289; x_wconf 90' lang='lat' dir='ltr'><strong>non</strong></span> 
     </span>
    </p>
   </div>
   <div class='ocr_carea' id='block_1_74' title="bbox 1865 1317 3562 1391">
    <p class='ocr_par' dir='ltr' id='par_1_74' title="bbox 1865 1317 3562 1391">
     <span class='ocr_line' id='line_1_75' title="bbox 1865 1317 3562 1391; baseline 0.001 -17"><span class='ocrx_word' id='word_1_550' title='bbox 1865 1324 2000 1374; x_wconf 90' lang='lat' dir='ltr'><strong>sunt</strong></span> <span class='ocrx_word' id='word_1_551' title='bbox 2024 1318 2117 1373; x_wconf 88' lang='lat' dir='ltr'><strong>isti</strong></span> <span class='ocrx_word' id='word_1_552' title='bbox 2167 1317 2281 1372; x_wconf 89' lang='lat' dir='ltr'><strong>illis</strong></span> <span class='ocrx_word' id='word_1_553' title='bbox 2335 1318 2690 1390; x_wconf 67' lang='lat' dir='ltr'><strong>comquandi,</strong></span> <span class='ocrx_word' id='word_1_554' title='bbox 2731 1335 2873 1391; x_wconf 90' lang='lat' dir='ltr'><strong>quos</strong></span> <span class='ocrx_word' id='word_1_555' title='bbox 2931 1319 3167 1374; x_wconf 91' lang='lat' dir='ltr'><strong>omnino</strong></span> <span class='ocrx_word' id='word_1_556' title='bbox 3215 1320 3286 1374; x_wconf 87' lang='lat' dir='ltr'><strong>ab</strong></span> <span class='ocrx_word' id='word_1_557' title='bbox 3318 1320 3562 1376; x_wconf 85' lang='lat' dir='ltr'><strong>Ecclesia</strong></span> 
     </span>
    </p>
   </div>
   <div class='ocr_carea' id='block_1_75' title="bbox 1865 1405 3563 1478">
    <p class='ocr_par' dir='ltr' id='par_1_75' title="bbox 1865 1405 3563 1478">
     <span class='ocr_line' id='line_1_76' title="bbox 1865 1405 3563 1478; baseline 0.002 -18"><span class='ocrx_word' id='word_1_558' title='bbox 1865 1407 2078 1462; x_wconf 89' lang='lat' dir='ltr'><strong>shisma</strong></span> <span class='ocrx_word' id='word_1_559' title='bbox 2097 1405 2377 1477; x_wconf 72' lang='lat' dir='ltr'><strong>praecidit.</strong></span> <span class='ocrx_word' id='word_1_560' title='bbox 2410 1407 2554 1461; x_wconf 90' lang='lat' dir='ltr'><strong>Istos</strong></span> <span class='ocrx_word' id='word_1_561' title='bbox 2583 1407 2795 1478; x_wconf 90' lang='lat' dir='ltr'><strong>quippe</strong></span> <span class='ocrx_word' id='word_1_562' title='bbox 2824 1406 2977 1462; x_wconf 92' lang='lat' dir='ltr'><strong>idem</strong></span> <span class='ocrx_word' id='word_1_563' title='bbox 3021 1408 3312 1478; x_wconf 89' lang='lat' dir='ltr'><strong>apostolus</strong></span> <span class='ocrx_word' id='word_1_564' title='bbox 3354 1409 3563 1464; x_wconf 90' lang='lat' dir='ltr'><strong>Paulus</strong></span> 
     </span>
    </p>
   </div>
   <div class='ocr_carea' id='block_1_76' title="bbox 1864 1494 3564 1566">
    <p class='ocr_par' dir='ltr' id='par_1_76' title="bbox 1864 1494 3564 1566">
     <span class='ocr_line' id='line_1_77' title="bbox 1864 1494 3564 1566; baseline 0.002 -18"><span class='ocrx_word' id='word_1_565' title='bbox 1864 1494 2132 1565; x_wconf 88' lang='lat' dir='ltr'><strong>parvulos</strong></span> <span class='ocrx_word' id='word_1_566' title='bbox 2157 1494 2293 1549; x_wconf 90' lang='lat' dir='ltr'><strong>dicit</strong></span> <span class='ocrx_word' id='word_1_567' title='bbox 2322 1509 2442 1549; x_wconf 89' lang='lat' dir='ltr'><strong>esse</strong></span> <span class='ocrx_word' id='word_1_568' title='bbox 2480 1495 2542 1548; x_wconf 90' lang='lat' dir='ltr'><strong>in</strong></span> <span class='ocrx_word' id='word_1_569' title='bbox 2592 1494 2838 1561; x_wconf 88' lang='lat' dir='ltr'><strong>Christo,</strong></span> <span class='ocrx_word' id='word_1_570' title='bbox 2881 1511 3026 1566; x_wconf 75' lang='lat' dir='ltr'><strong>quos</strong></span> <span class='ocrx_word' id='word_1_571' title='bbox 3080 1495 3340 1551; x_wconf 89' lang='lat' dir='ltr'><strong>nondum</strong></span> <span class='ocrx_word' id='word_1_572' title='bbox 3377 1512 3564 1551; x_wconf 89' lang='lat' dir='ltr'><strong>escam</strong></span> 
     </span>
    </p>
   </div>
   <div class='ocr_carea' id='block_1_77' title="bbox 1864 1582 3569 1654">
    <p class='ocr_par' dir='ltr' id='par_1_77' title="bbox 1864 1582 3569 1654">
     <span class='ocr_line' id='line_1_78' title="bbox 1864 1582 3569 1654; baseline 0.001 -18"><span class='ocrx_word' id='word_1_573' title='bbox 1864 1583 2117 1636; x_wconf 90' lang='lat' dir='ltr'><strong>valentes</strong></span> <span class='ocrx_word' id='word_1_574' title='bbox 2153 1597 2376 1653; x_wconf 89' lang='lat' dir='ltr'><strong>capere,</strong></span> <span class='ocrx_word' id='word_1_575' title='bbox 2407 1583 2551 1637; x_wconf 89' lang='lat' dir='ltr'><strong>lacte</strong></span> <span class='ocrx_word' id='word_1_576' title='bbox 2581 1584 2763 1637; x_wconf 89' lang='lat' dir='ltr'><strong>nutrit</strong></span> <span class='ocrx_word' id='word_1_577' title='bbox 2782 1587 2974 1638; x_wconf 89' lang='lat' dir='ltr'><strong>tamen</strong></span> <span class='ocrx_word' id='word_1_578' title='bbox 3004 1582 3107 1654; x_wconf 81' lang='lat' dir='ltr'><strong>(Id.</strong></span> <span class='ocrx_word' id='word_1_579' title='bbox 3159 1601 3239 1652; x_wconf 83' lang='lat' dir='ltr'><strong>ui,</strong></span> <span class='ocrx_word' id='word_1_580' title='bbox 3289 1587 3338 1649; x_wconf 85' lang='lat' dir='ltr'><strong>l,</strong></span> <span class='ocrx_word' id='word_1_581' title='bbox 3381 1585 3438 1653; x_wconf 83' lang='lat'><strong>2)</strong></span> <span class='ocrx_word' id='word_1_582' title='bbox 3483 1584 3569 1639; x_wconf 91' lang='lat' dir='ltr'><strong>illi</strong></span> 
     </span>
    </p>
   </div>
   <div class='ocr_carea' id='block_1_78' title="bbox 1869 1670 3561 1741">
    <p class='ocr_par' dir='ltr' id='par_1_78' title="bbox 1869 1670 3561 1741">
     <span class='ocr_line' id='line_1_79' title="bbox 1869 1670 3561 1741; baseline 0 -17"><span class='ocrx_word' id='word_1_583' title='bbox 1869 1674 2060 1725; x_wconf 89' lang='lat' dir='ltr'><strong>autem</strong></span> <span class='ocrx_word' id='word_1_584' title='bbox 2081 1686 2201 1726; x_wconf 92' lang='lat' dir='ltr'><strong>non</strong></span> <span class='ocrx_word' id='word_1_585' title='bbox 2227 1670 2290 1724; x_wconf 92' lang='lat' dir='ltr'><strong>in</strong></span> <span class='ocrx_word' id='word_1_586' title='bbox 2317 1670 2450 1725; x_wconf 82' lang='lat' dir='ltr'><strong>filiis</strong></span> <span class='ocrx_word' id='word_1_587' title='bbox 2465 1671 2740 1741; x_wconf 89' lang='lat' dir='ltr'><strong>parvulis,</strong></span> <span class='ocrx_word' id='word_1_588' title='bbox 2769 1671 2868 1726; x_wconf 88' lang='lat' dir='ltr'><strong>sed</strong></span> <span class='ocrx_word' id='word_1_589' title='bbox 2896 1671 2959 1726; x_wconf 91' lang='lat' dir='ltr'><strong>in</strong></span> <span class='ocrx_word' id='word_1_590' title='bbox 2985 1671 3226 1726; x_wconf 87' lang='lat' dir='ltr'><strong>mortuis</strong></span> <span class='ocrx_word' id='word_1_591' title='bbox 3245 1675 3301 1725; x_wconf 90' lang='lat' dir='ltr'><strong>et</strong></span> <span class='ocrx_word' id='word_1_592' title='bbox 3325 1671 3561 1740; x_wconf 90' lang='lat' dir='ltr'><strong>perditis</strong></span> 
     </span>
    </p>
   </div>
   <div class='ocr_carea' id='block_1_79' title="bbox 1868 1758 3558 1830">
    <p class='ocr_par' dir='ltr' id='par_1_79' title="bbox 1868 1758 3558 1830">
     <span class='ocr_line' id='line_1_80' title="bbox 1868 1758 3558 1830; baseline -0.001 -17"><span class='ocrx_word' id='word_1_593' title='bbox 1868 1758 2236 1829; x_wconf 88' lang='lat' dir='ltr'><strong>computandi</strong></span> <span class='ocrx_word' id='word_1_594' title='bbox 2263 1762 2415 1826; x_wconf 89' lang='lat' dir='ltr'><strong>sunt,</strong></span> <span class='ocrx_word' id='word_1_595' title='bbox 2441 1765 2507 1813; x_wconf 90' lang='lat' dir='ltr'><strong>ut</strong></span> <span class='ocrx_word' id='word_1_596' title='bbox 2525 1759 2572 1813; x_wconf 92' lang='lat' dir='ltr'><strong>si</strong></span> <span class='ocrx_word' id='word_1_597' title='bbox 2601 1759 2729 1830; x_wconf 89' lang='lat' dir='ltr'><strong>quis</strong></span> <span class='ocrx_word' id='word_1_598' title='bbox 2755 1774 2958 1814; x_wconf 90' lang='lat' dir='ltr'><strong>eorum</strong></span> <span class='ocrx_word' id='word_1_599' title='bbox 2987 1764 3268 1814; x_wconf 88' lang='lat' dir='ltr'><strong>correctus</strong></span> <span class='ocrx_word' id='word_1_600' title='bbox 3299 1758 3558 1813; x_wconf 69' lang='lat' dir='ltr'><strong>Ecclesia:</strong></span> 
     </span>
    </p>
   </div>
   <div class='ocr_carea' id='block_1_80' title="bbox 1870 1845 3570 1918">
    <p class='ocr_par' dir='ltr' id='par_1_80' title="bbox 1870 1845 3570 1918">
     <span class='ocr_line' id='line_1_81' title="bbox 1870 1845 3570 1918; baseline -0.001 -17"><span class='ocrx_word' id='word_1_601' title='bbox 1870 1846 2044 1902; x_wconf 89' lang='lat' dir='ltr'><strong>fuerit</strong></span> <span class='ocrx_word' id='word_1_602' title='bbox 2099 1846 2419 1918; x_wconf 91' lang='lat' dir='ltr'><strong>copulatus,</strong></span> <span class='ocrx_word' id='word_1_603' title='bbox 2471 1851 2622 1901; x_wconf 89' lang='lat' dir='ltr'><strong>recte</strong></span> <span class='ocrx_word' id='word_1_604' title='bbox 2662 1846 2732 1900; x_wconf 90' lang='lat' dir='ltr'><strong>de</strong></span> <span class='ocrx_word' id='word_1_605' title='bbox 2776 1846 2874 1900; x_wconf 92' lang='lat' dir='ltr'><strong>illo</strong></span> <span class='ocrx_word' id='word_1_606' title='bbox 2914 1845 3027 1901; x_wconf 91' lang='lat' dir='ltr'><strong>dici</strong></span> <span class='ocrx_word' id='word_1_607' title='bbox 3066 1846 3284 1916; x_wconf 91' lang='lat' dir='ltr'><strong>possit:</strong></span> <span class='ocrx_word' id='word_1_608' title='bbox 3326 1848 3570 1902; x_wconf 84' lang='lat' dir='ltr'><strong>Mortuus</strong></span> 
     </span>
    </p>
   </div>
   <div class='ocr_carea' id='block_1_81' title="bbox 1871 1932 3567 2002">
    <p class='ocr_par' dir='ltr' id='par_1_81' title="bbox 1871 1932 3567 2002">
     <span class='ocr_line' id='line_1_82' title="bbox 1871 1932 3567 2002; baseline 0 -14"><span class='ocrx_word' id='word_1_609' title='bbox 1871 1938 2007 1989; x_wconf 86' lang='lat' dir='ltr'><strong>erat.</strong></span> <span class='ocrx_word' id='word_1_610' title='bbox 2035 1938 2085 1988; x_wconf 88' lang='lat' dir='ltr'><strong>et</strong></span> <span class='ocrx_word' id='word_1_611' title='bbox 2112 1934 2340 1997; x_wconf 60' lang='lat' dir='ltr'><strong>revisit;</strong></span> <span class='ocrx_word' id='word_1_612' title='bbox 2371 1934 2634 2002; x_wconf 87' lang='lat' dir='ltr'><strong>perierat,</strong></span> <span class='ocrx_word' id='word_1_613' title='bbox 2666 1936 2717 1987; x_wconf 86' lang='lat' dir='ltr'><strong>et</strong></span> <span class='ocrx_word' id='word_1_614' title='bbox 2751 1935 2999 1988; x_wconf 78' lang='lat' dir='ltr'><strong>inuentus</strong></span> <span class='ocrx_word' id='word_1_615' title='bbox 3027 1937 3107 1986; x_wconf 87' lang='lat' dir='ltr'><strong>est</strong></span> <span class='ocrx_word' id='word_1_616' title='bbox 3145 1932 3300 2002; x_wconf 86' lang='lat' dir='ltr'><strong>(Luc.</strong></span> <span class='ocrx_word' id='word_1_617' title='bbox 3333 1947 3422 1996; x_wconf 83' lang='lat' dir='ltr'><strong>xv,</strong></span> <span class='ocrx_word' id='word_1_618' title='bbox 3455 1934 3567 2002; x_wconf 84' lang='lat'><strong>32).</strong></span> 
     </span>
    </p>
   </div>
   <div class='ocr_carea' id='block_1_82' title="bbox 1875 2019 3576 2091">
    <p class='ocr_par' dir='ltr' id='par_1_82' title="bbox 1875 2019 3576 2091">
     <span class='ocr_line' id='line_1_83' title="bbox 1875 2019 3576 2091; baseline -0.001 -15"><span class='ocrx_word' id='word_1_619' title='bbox 1875 2021 1974 2076; x_wconf 79' lang='lat' dir='ltr'><strong>llic</strong></span> <span class='ocrx_word' id='word_1_620' title='bbox 2000 2020 2148 2076; x_wconf 89' lang='lat' dir='ltr'><strong>liber</strong></span> <span class='ocrx_word' id='word_1_621' title='bbox 2181 2019 2262 2075; x_wconf 91' lang='lat' dir='ltr'><strong>sic</strong></span> <span class='ocrx_word' id='word_1_622' title='bbox 2302 2019 2541 2091; x_wconf 91' lang='lat' dir='ltr'><strong>incipit:</strong></span> <span class='ocrx_word' id='word_1_623' title='bbox 2589 2021 2696 2088; x_wconf 85' lang='lat' dir='ltr'><strong>Qui</strong></span> <span class='ocrx_word' id='word_1_624' title='bbox 2744 2021 2941 2076; x_wconf 85' lang='lat' dir='ltr'><strong>timetis</strong></span> <span class='ocrx_word' id='word_1_625' title='bbox 2987 2023 3281 2076; x_wconf 87' lang='lat' dir='ltr'><strong>consentire</strong></span> <span class='ocrx_word' id='word_1_626' title='bbox 3325 2021 3576 2077; x_wconf 69' lang='lat' dir='ltr'><strong>Ecclesiae</strong></span> 
     </span>
    </p>
   </div>
   <div class='ocr_carea' id='block_1_83' title="bbox 1873 2110 2165 2165">
    <p class='ocr_par' dir='ltr' id='par_1_83' title="bbox 1873 2110 2165 2165">
     <span class='ocr_line' id='line_1_84' title="bbox 1873 2110 2165 2165; baseline -0.003 0"><span class='ocrx_word' id='word_1_627' title='bbox 1873 2110 2165 2165; x_wconf 61' lang='lat' dir='ltr'><strong>catholica.</strong></span> 
     </span>
    </p>
   </div>
   <div class='ocr_carea' id='block_1_84' title="bbox 2476 2197 2973 2253">
    <p class='ocr_par' dir='ltr' id='par_1_84' title="bbox 2476 2197 2973 2253">
     <span class='ocr_line' id='line_1_85' title="bbox 2476 2197 2973 2253; baseline 0.004 -2"><span class='ocrx_word' id='word_1_628' title='bbox 2476 2197 2704 2252; x_wconf 84' lang='lat' dir='ltr'><strong>CAPUT</strong></span> <span class='ocrx_word' id='word_1_629' title='bbox 2741 2197 2973 2253; x_wconf 87' lang='lat' dir='ltr'><strong>XXVIII.</strong></span> 
     </span>
    </p>
   </div>
   <div class='ocr_carea' id='block_1_85' title="bbox 2020 2284 3435 2354">
    <p class='ocr_par' dir='ltr' id='par_1_85' title="bbox 2020 2284 3435 2354">
     <span class='ocr_line' id='line_1_86' title="bbox 2020 2284 3435 2354; baseline -0.001 -12"><span class='ocrx_word' id='word_1_630' title='bbox 2020 2287 2220 2344; x_wconf 87' lang='lat' dir='ltr'><strong>Contra</strong></span> <span class='ocrx_word' id='word_1_631' title='bbox 2245 2287 2584 2341; x_wconf 88' lang='lat' dir='ltr'><strong>Donatistam</strong></span> <span class='ocrx_word' id='word_1_632' title='bbox 2609 2287 2783 2340; x_wconf 88' lang='lat' dir='ltr'><strong>nescio</strong></span> <span class='ocrx_word' id='word_1_633' title='bbox 2810 2300 2987 2354; x_wconf 87' lang='lat' dir='ltr'><strong>quem,</strong></span> <span class='ocrx_word' id='word_1_634' title='bbox 3015 2284 3152 2340; x_wconf 83' lang='lat' dir='ltr'><strong>liber</strong></span> <span class='ocrx_word' id='word_1_635' title='bbox 3183 2298 3344 2340; x_wconf 89' lang='lat' dir='ltr'><strong>unus.</strong></span> <span class='ocrx_word' id='word_1_636' title='bbox 3367 2315 3435 2324; x_wconf 98' lang='lat'><strong>—</strong></span> 
     </span>
    </p>
   </div>
   <div class='ocr_carea' id='block_1_86' title="bbox 2541 2371 2924 2445">
    <p class='ocr_par' dir='ltr' id='par_1_86' title="bbox 2541 2371 2924 2445">
     <span class='ocr_line' id='line_1_87' title="bbox 2541 2371 2924 2445; baseline -0.003 -17"><span class='ocrx_word' id='word_1_637' title='bbox 2541 2373 2691 2445; x_wconf 87' lang='lat' dir='ltr'><strong>[Non</strong></span> <span class='ocrx_word' id='word_1_638' title='bbox 2719 2371 2924 2445; x_wconf 85' lang='lat' dir='ltr'><strong>exstat]</strong></span> 
     </span>
    </p>
   </div>
   <div class='ocr_carea' id='block_1_87' title="bbox 1950 2461 3582 2534">
    <p class='ocr_par' dir='ltr' id='par_1_87' title="bbox 1950 2461 3582 2534">
     <span class='ocr_line' id='line_1_88' title="bbox 1950 2461 3582 2534; baseline -0.001 -15"><span class='ocrx_word' id='word_1_639' title='bbox 1950 2462 2198 2520; x_wconf 79' lang='lat' dir='ltr'><strong>Alterius</strong></span> <span class='ocrx_word' id='word_1_640' title='bbox 2247 2462 2384 2518; x_wconf 89' lang='lat' dir='ltr'><strong>libri</strong></span> <span class='ocrx_word' id='word_1_641' title='bbox 2438 2477 2613 2534; x_wconf 91' lang='lat' dir='ltr'><strong>quem</strong></span> <span class='ocrx_word' id='word_1_642' title='bbox 2639 2478 2812 2534; x_wconf 90' lang='lat' dir='ltr'><strong>supra</strong></span> <span class='ocrx_word' id='word_1_643' title='bbox 2847 2461 3314 2529; x_wconf 88' lang='lat' dir='ltr'><strong>commemoravi,</strong></span> <span class='ocrx_word' id='word_1_644' title='bbox 3346 2461 3582 2518; x_wconf 90' lang='lat' dir='ltr'><strong>titulum</strong></span> 
     </span>
    </p>
   </div>
   <div class='ocr_carea' id='block_1_88' title="bbox 1883 2549 3584 2622">
    <p class='ocr_par' dir='ltr' id='par_1_88' title="bbox 1883 2549 3584 2622">
     <span class='ocr_line' id='line_1_89' title="bbox 1883 2549 3584 2622; baseline -0.002 -14"><span class='ocrx_word' id='word_1_645' title='bbox 1883 2567 2004 2608; x_wconf 90' lang='lat' dir='ltr'><strong>esse</strong></span> <span class='ocrx_word' id='word_1_646' title='bbox 2032 2551 2208 2619; x_wconf 91' lang='lat' dir='ltr'><strong>volui,</strong></span> <span class='ocrx_word' id='word_1_647' title='bbox 2231 2551 2438 2605; x_wconf 88' lang='lat' dir='ltr'><strong>Contra</strong></span> <span class='ocrx_word' id='word_1_648' title='bbox 2467 2549 2660 2606; x_wconf 91' lang='lat' dir='ltr'><strong>nescio</strong></span> <span class='ocrx_word' id='word_1_649' title='bbox 2677 2565 2850 2622; x_wconf 89' lang='lat' dir='ltr'><strong>quem</strong></span> <span class='ocrx_word' id='word_1_650' title='bbox 2875 2549 3265 2605; x_wconf 88' lang='lat' dir='ltr'><strong>Donatistam:</strong></span> <span class='ocrx_word' id='word_1_651' title='bbox 3295 2549 3395 2604; x_wconf 90' lang='lat' dir='ltr'><strong>ubi</strong></span> <span class='ocrx_word' id='word_1_652' title='bbox 3419 2549 3584 2604; x_wconf 84' lang='lat' dir='ltr'><strong>simi-</strong></span> 
     </span>
    </p>
   </div>
   <div class='ocr_carea' id='block_1_89' title="bbox 1881 2637 3583 2696">
    <p class='ocr_par' dir='ltr' id='par_1_89' title="bbox 1881 2637 3583 2696">
     <span class='ocr_line' id='line_1_90' title="bbox 1881 2637 3583 2696; baseline -0.001 -1"><span class='ocrx_word' id='word_1_653' title='bbox 1881 2640 2014 2696; x_wconf 89' lang='lat' dir='ltr'><strong>liter</strong></span> <span class='ocrx_word' id='word_1_654' title='bbox 2041 2641 2111 2695; x_wconf 89' lang='lat' dir='ltr'><strong>de</strong></span> <span class='ocrx_word' id='word_1_655' title='bbox 2141 2639 2498 2695; x_wconf 89' lang='lat' dir='ltr'><strong>absolutione</strong></span> <span class='ocrx_word' id='word_1_656' title='bbox 2537 2637 2882 2694; x_wconf 84' lang='lat' dir='ltr'><strong>ordinatoris</strong></span> <span class='ocrx_word' id='word_1_657' title='bbox 2923 2637 3208 2693; x_wconf 67' lang='lat' dir='ltr'><strong>Caeciliani</strong></span> <span class='ocrx_word' id='word_1_658' title='bbox 3245 2654 3414 2694; x_wconf 92' lang='lat' dir='ltr'><strong>verus</strong></span> <span class='ocrx_word' id='word_1_659' title='bbox 3443 2639 3583 2694; x_wconf 91' lang='lat' dir='ltr'><strong>ordo</strong></span> 
     </span>
    </p>
   </div>
   <div class='ocr_carea' id='block_1_90' title="bbox 1883 2726 3584 2800">
    <p class='ocr_par' dir='ltr' id='par_1_90' title="bbox 1883 2726 3584 2800">
     <span class='ocr_line' id='line_1_91' title="bbox 1883 2726 3584 2800; baseline 0 -18"><span class='ocrx_word' id='word_1_660' title='bbox 1883 2727 2159 2800; x_wconf 90' lang='lat' dir='ltr'><strong>temporis</strong></span> <span class='ocrx_word' id='word_1_661' title='bbox 2176 2744 2290 2783; x_wconf 93' lang='lat' dir='ltr'><strong>non</strong></span> <span class='ocrx_word' id='word_1_662' title='bbox 2310 2732 2411 2784; x_wconf 89' lang='lat' dir='ltr'><strong>est.</strong></span> <span class='ocrx_word' id='word_1_663' title='bbox 2429 2727 2575 2782; x_wconf 89' lang='lat' dir='ltr'><strong>Illud</strong></span> <span class='ocrx_word' id='word_1_664' title='bbox 2596 2727 2771 2782; x_wconf 88' lang='lat' dir='ltr'><strong>etiam</strong></span> <span class='ocrx_word' id='word_1_665' title='bbox 2800 2726 2956 2799; x_wconf 90' lang='lat' dir='ltr'><strong>quod</strong></span> <span class='ocrx_word' id='word_1_666' title='bbox 2983 2726 3126 2783; x_wconf 90' lang='lat' dir='ltr'><strong>dixi:</strong></span> <span class='ocrx_word' id='word_1_667' title='bbox 3155 2727 3249 2783; x_wconf 86' lang='lat' dir='ltr'><strong>Ad</strong></span> <span class='ocrx_word' id='word_1_668' title='bbox 3276 2727 3584 2784; x_wconf 84' lang='lat' dir='ltr'><strong>multitudi-</strong></span> 
     </span>
    </p>
   </div>
   <div class='ocr_carea' id='block_1_91' title="bbox 1884 2816 3589 2883">
    <p class='ocr_par' dir='ltr' id='par_1_91' title="bbox 1884 2816 3589 2883">
     <span class='ocr_line' id='line_1_92' title="bbox 1884 2816 3589 2883; baseline -0.001 -11"><span class='ocrx_word' id='word_1_669' title='bbox 1884 2833 2002 2872; x_wconf 87' lang='lat' dir='ltr'><strong>nem</strong></span> <span class='ocrx_word' id='word_1_670' title='bbox 2039 2818 2394 2880; x_wconf 80' lang='lat' dir='ltr'><strong>zizaniorum,</strong></span> <span class='ocrx_word' id='word_1_671' title='bbox 2426 2817 2522 2870; x_wconf 90' lang='lat' dir='ltr'><strong>ubi</strong></span> <span class='ocrx_word' id='word_1_672' title='bbox 2564 2817 2944 2883; x_wconf 87' lang='lat' dir='ltr'><strong>intelliguntur</strong></span> <span class='ocrx_word' id='word_1_673' title='bbox 2982 2830 3159 2870; x_wconf 87' lang='lat' dir='ltr'><strong>omnes</strong></span> <span class='ocrx_word' id='word_1_674' title='bbox 3198 2817 3438 2882; x_wconf 67' lang='lat' dir='ltr'><strong>haereses,</strong></span> <span class='ocrx_word' id='word_1_675' title='bbox 3471 2816 3589 2871; x_wconf 86' lang='lat' dir='ltr'><strong>mi-</strong></span> 
     </span>
    </p>
   </div>
   <div class='ocr_carea' id='block_1_92' title="bbox 1885 2903 3588 2975">
    <p class='ocr_par' dir='ltr' id='par_1_92' title="bbox 1885 2903 3588 2975">
     <span class='ocr_line' id='line_1_93' title="bbox 1885 2903 3588 2975; baseline -0.001 -16"><span class='ocrx_word' id='word_1_676' title='bbox 1885 2922 1994 2960; x_wconf 90' lang='lat' dir='ltr'><strong>nus</strong></span> <span class='ocrx_word' id='word_1_677' title='bbox 2021 2905 2194 2960; x_wconf 84' lang='lat' dir='ltr'><strong>habet</strong></span> <span class='ocrx_word' id='word_1_678' title='bbox 2228 2921 2403 2959; x_wconf 88' lang='lat' dir='ltr'><strong>unam</strong></span> <span class='ocrx_word' id='word_1_679' title='bbox 2438 2904 2814 2959; x_wconf 88' lang='lat' dir='ltr'><strong>necessariam</strong></span> <span class='ocrx_word' id='word_1_680' title='bbox 2855 2903 3353 2975; x_wconf 88' lang='lat' dir='ltr'><strong>conjunctionem:</strong></span> <span class='ocrx_word' id='word_1_681' title='bbox 3393 2903 3588 2958; x_wconf 90' lang='lat' dir='ltr'><strong>dicen-</strong></span> 
     </span>
    </p>
   </div>
   <div class='ocr_carea' id='block_1_93' title="bbox 1886 2991 3584 3063">
    <p class='ocr_par' dir='ltr' id='par_1_93' title="bbox 1886 2991 3584 3063">
     <span class='ocr_line' id='line_1_94' title="bbox 1886 2991 3584 3063; baseline -0.002 -15"><span class='ocrx_word' id='word_1_682' title='bbox 1886 2995 2022 3049; x_wconf 89' lang='lat' dir='ltr'><strong>dum</strong></span> <span class='ocrx_word' id='word_1_683' title='bbox 2044 2993 2200 3048; x_wconf 91' lang='lat' dir='ltr'><strong>enim</strong></span> <span class='ocrx_word' id='word_1_684' title='bbox 2219 2993 2348 3059; x_wconf 90' lang='lat' dir='ltr'><strong>fuit,</strong></span> <span class='ocrx_word' id='word_1_685' title='bbox 2374 2992 2476 3047; x_wconf 84' lang='lat' dir='ltr'><strong>Ubi</strong></span> <span class='ocrx_word' id='word_1_686' title='bbox 2496 2992 2895 3063; x_wconf 89' lang='lat' dir='ltr'><strong>intelliguntur</strong></span> <span class='ocrx_word' id='word_1_687' title='bbox 2905 2991 3080 3047; x_wconf 88' lang='lat' dir='ltr'><strong>etiam</strong></span> <span class='ocrx_word' id='word_1_688' title='bbox 3096 3007 3296 3046; x_wconf 90' lang='lat' dir='ltr'><strong>omnes</strong></span> <span class='ocrx_word' id='word_1_689' title='bbox 3307 2993 3584 3058; x_wconf 67' lang='lat' dir='ltr'><strong>haereses;</strong></span> 
     </span>
    </p>
   </div>
   <div class='ocr_carea' id='block_1_94' title="bbox 1889 3078 3591 3151">
    <p class='ocr_par' dir='ltr' id='par_1_94' title="bbox 1889 3078 3591 3151">
     <span class='ocr_line' id='line_1_95' title="bbox 1889 3078 3591 3151; baseline -0.002 -15"><span class='ocrx_word' id='word_1_690' title='bbox 1889 3086 2008 3150; x_wconf 89' lang='lat' dir='ltr'><strong>aut,</strong></span> <span class='ocrx_word' id='word_1_691' title='bbox 2058 3081 2162 3136; x_wconf 91' lang='lat' dir='ltr'><strong>Ubi</strong></span> <span class='ocrx_word' id='word_1_692' title='bbox 2231 3078 2631 3151; x_wconf 89' lang='lat' dir='ltr'><strong>intelliguntur</strong></span> <span class='ocrx_word' id='word_1_693' title='bbox 2684 3084 2740 3135; x_wconf 92' lang='lat' dir='ltr'><strong>et</strong></span> <span class='ocrx_word' id='word_1_694' title='bbox 2805 3095 3005 3136; x_wconf 91' lang='lat' dir='ltr'><strong>omnes</strong></span> <span class='ocrx_word' id='word_1_695' title='bbox 3078 3083 3343 3136; x_wconf 79' lang='lat' dir='ltr'><strong>haereses.</strong></span> <span class='ocrx_word' id='word_1_696' title='bbox 3430 3079 3591 3134; x_wconf 86' lang='lat' dir='ltr'><strong>Nunc</strong></span> 
     </span>
    </p>
   </div>
   <div class='ocr_carea' id='block_1_95' title="bbox 1889 3167 3592 3240">
    <p class='ocr_par' dir='ltr' id='par_1_95' title="bbox 1889 3167 3592 3240">
     <span class='ocr_line' id='line_1_96' title="bbox 1889 3167 3592 3240; baseline -0.001 -16"><span class='ocrx_word' id='word_1_697' title='bbox 1889 3185 2023 3224; x_wconf 86' lang='lat' dir='ltr'><strong>vero</strong></span> <span class='ocrx_word' id='word_1_698' title='bbox 2052 3167 2132 3224; x_wconf 90' lang='lat' dir='ltr'><strong>ita</strong></span> <span class='ocrx_word' id='word_1_699' title='bbox 2171 3168 2388 3224; x_wconf 90' lang='lat' dir='ltr'><strong>dictum</strong></span> <span class='ocrx_word' id='word_1_700' title='bbox 2426 3171 2529 3236; x_wconf 89' lang='lat' dir='ltr'><strong>est,</strong></span> <span class='ocrx_word' id='word_1_701' title='bbox 2558 3168 2721 3240; x_wconf 89' lang='lat' dir='ltr'><strong>quasi</strong></span> <span class='ocrx_word' id='word_1_702' title='bbox 2757 3172 2968 3240; x_wconf 78' lang='lat' dir='ltr'><strong>praeter</strong></span> <span class='ocrx_word' id='word_1_703' title='bbox 3003 3169 3305 3224; x_wconf 88' lang='lat' dir='ltr'><strong>Ecclesiam</strong></span> <span class='ocrx_word' id='word_1_704' title='bbox 3336 3171 3592 3224; x_wconf 88' lang='lat' dir='ltr'><strong>tantum-</strong></span> 
     </span>
    </p>
   </div>
   <div class='ocr_carea' id='block_1_96' title="bbox 1891 3256 3594 3327">
    <p class='ocr_par' dir='ltr' id='par_1_96' title="bbox 1891 3256 3594 3327">
     <span class='ocr_line' id='line_1_97' title="bbox 1891 3256 3594 3327; baseline -0.002 -14"><span class='ocrx_word' id='word_1_705' title='bbox 1891 3258 2061 3313; x_wconf 92' lang='lat' dir='ltr'><strong>modo</strong></span> <span class='ocrx_word' id='word_1_706' title='bbox 2109 3257 2225 3312; x_wconf 90' lang='lat' dir='ltr'><strong>sint</strong></span> <span class='ocrx_word' id='word_1_707' title='bbox 2271 3256 2508 3320; x_wconf 89' lang='lat' dir='ltr'><strong>zizania,</strong></span> <span class='ocrx_word' id='word_1_708' title='bbox 2548 3273 2666 3312; x_wconf 91' lang='lat' dir='ltr'><strong>non</strong></span> <span class='ocrx_word' id='word_1_709' title='bbox 2711 3256 2974 3312; x_wconf 87' lang='lat' dir='ltr'><strong>etiamin</strong></span> <span class='ocrx_word' id='word_1_710' title='bbox 3006 3256 3267 3325; x_wconf 88' lang='lat' dir='ltr'><strong>Ecclesia,</strong></span> <span class='ocrx_word' id='word_1_711' title='bbox 3308 3273 3441 3313; x_wconf 91' lang='lat' dir='ltr'><strong>cum</strong></span> <span class='ocrx_word' id='word_1_712' title='bbox 3467 3256 3594 3327; x_wconf 90' lang='lat' dir='ltr'><strong>ipsa</strong></span> 
     </span>
    </p>
   </div>
   <div class='ocr_carea' id='block_1_97' title="bbox 1893 3341 3594 3416">
    <p class='ocr_par' dir='ltr' id='par_1_97' title="bbox 1893 3341 3594 3416">
     <span class='ocr_line' id='line_1_98' title="bbox 1893 3341 3594 3416; baseline -0.001 -17"><span class='ocrx_word' id='word_1_713' title='bbox 1893 3345 1966 3400; x_wconf 90' lang='lat' dir='ltr'><strong>sit</strong></span> <span class='ocrx_word' id='word_1_714' title='bbox 2014 3360 2260 3416; x_wconf 88' lang='lat' dir='ltr'><strong>regnum</strong></span> <span class='ocrx_word' id='word_1_715' title='bbox 2309 3343 2536 3412; x_wconf 87' lang='lat' dir='ltr'><strong>Christi,</strong></span> <span class='ocrx_word' id='word_1_716' title='bbox 2590 3343 2660 3398; x_wconf 90' lang='lat' dir='ltr'><strong>de</strong></span> <span class='ocrx_word' id='word_1_717' title='bbox 2710 3361 2825 3416; x_wconf 93' lang='lat' dir='ltr'><strong>quo</strong></span> <span class='ocrx_word' id='word_1_718' title='bbox 2869 3343 3160 3399; x_wconf 86' lang='lat' dir='ltr'><strong>collecturi</strong></span> <span class='ocrx_word' id='word_1_719' title='bbox 3207 3347 3340 3399; x_wconf 90' lang='lat' dir='ltr'><strong>sunt</strong></span> <span class='ocrx_word' id='word_1_720' title='bbox 3387 3341 3594 3415; x_wconf 83' lang='lat' dir='ltr'><strong>Angeli</strong></span> 
     </span>
    </p>
   </div>
   <div class='ocr_carea' id='block_1_98' title="bbox 1893 3430 3592 3503">
    <p class='ocr_par' dir='ltr' id='par_1_98' title="bbox 1893 3430 3592 3503">
     <span class='ocr_line' id='line_1_99' title="bbox 1893 3430 3592 3503; baseline -0.002 -16"><span class='ocrx_word' id='word_1_721' title='bbox 1893 3433 2038 3503; x_wconf 88' lang='lat' dir='ltr'><strong>ejus,</strong></span> <span class='ocrx_word' id='word_1_722' title='bbox 2088 3431 2286 3486; x_wconf 87' lang='lat' dir='ltr'><strong>messis</strong></span> <span class='ocrx_word' id='word_1_723' title='bbox 2339 3435 2618 3502; x_wconf 87' lang='lat' dir='ltr'><strong>tempore,</strong></span> <span class='ocrx_word' id='word_1_724' title='bbox 2644 3431 2838 3486; x_wconf 91' lang='lat' dir='ltr'><strong>omnia</strong></span> <span class='ocrx_word' id='word_1_725' title='bbox 2893 3430 3155 3487; x_wconf 85' lang='lat' dir='ltr'><strong>scandala</strong></span> <span class='ocrx_word' id='word_1_726' title='bbox 3208 3430 3427 3500; x_wconf 80' lang='lat' dir='ltr'><strong>(Matth.</strong></span> <span class='ocrx_word' id='word_1_727' title='bbox 3471 3445 3592 3495; x_wconf 87' lang='lat' dir='ltr'><strong>xm,</strong></span> 
     </span>
    </p>
   </div>
   <div class='ocr_carea' id='block_1_99' title="bbox 1894 3518 3596 3591">
    <p class='ocr_par' dir='ltr' id='par_1_99' title="bbox 1894 3518 3596 3591">
     <span class='ocr_line' id='line_1_100' title="bbox 1894 3518 3596 3591; baseline -0.001 -16"><span class='ocrx_word' id='word_1_728' title='bbox 1894 3519 2123 3591; x_wconf 67' lang='lat'><strong>36-42.).</strong></span> <span class='ocrx_word' id='word_1_729' title='bbox 2177 3518 2337 3574; x_wconf 91' lang='lat' dir='ltr'><strong>Unde</strong></span> <span class='ocrx_word' id='word_1_730' title='bbox 2383 3523 2438 3574; x_wconf 91' lang='lat' dir='ltr'><strong>et</strong></span> <span class='ocrx_word' id='word_1_731' title='bbox 2467 3519 2784 3590; x_wconf 88' lang='lat' dir='ltr'><strong>Cyprianus</strong></span> <span class='ocrx_word' id='word_1_732' title='bbox 2832 3522 3046 3590; x_wconf 86' lang='lat' dir='ltr'><strong>martyr</strong></span> <span class='ocrx_word' id='word_1_733' title='bbox 3087 3536 3100 3574; x_wconf 92' lang='lat'><strong>:</strong></span> <span class='ocrx_word' id='word_1_734' title='bbox 3143 3519 3266 3574; x_wconf 84' lang='lat' dir='ltr'><strong>Etsi</strong></span> <span class='ocrx_word' id='word_1_735' title='bbox 3319 3519 3596 3585; x_wconf 81' lang='lat' dir='ltr'><strong>videntur,</strong></span> 
     </span>
    </p>
   </div>
   <div class='ocr_carea' id='block_1_100' title="bbox 1895 3605 3592 3679">
    <p class='ocr_par' dir='ltr' id='par_1_100' title="bbox 1895 3605 3592 3679">
     <span class='ocr_line' id='line_1_101' title="bbox 1895 3605 3592 3679; baseline -0.001 -17"><span class='ocrx_word' id='word_1_736' title='bbox 1895 3607 2101 3679; x_wconf 90' lang='lat' dir='ltr'><strong>inquit,</strong></span> <span class='ocrx_word' id='word_1_737' title='bbox 2135 3610 2195 3662; x_wconf 88' lang='lat' dir='ltr'><strong>in</strong></span> <span class='ocrx_word' id='word_1_738' title='bbox 2221 3608 2461 3663; x_wconf 90' lang='lat' dir='ltr'><strong>Ecclesia</strong></span> <span class='ocrx_word' id='word_1_739' title='bbox 2489 3622 2599 3662; x_wconf 87' lang='lat' dir='ltr'><strong>esse</strong></span> <span class='ocrx_word' id='word_1_740' title='bbox 2624 3609 2862 3676; x_wconf 82' lang='lat' dir='ltr'><strong>zizania,</strong></span> <span class='ocrx_word' id='word_1_741' title='bbox 2886 3621 2993 3660; x_wconf 85' lang='lat' dir='ltr'><strong>non</strong></span> <span class='ocrx_word' id='word_1_742' title='bbox 3026 3611 3201 3660; x_wconf 89' lang='lat' dir='ltr'><strong>tamen</strong></span> <span class='ocrx_word' id='word_1_743' title='bbox 3222 3606 3481 3675; x_wconf 82' lang='lat' dir='ltr'><strong>impediri</strong></span> <span class='ocrx_word' id='word_1_744' title='bbox 3502 3605 3592 3660; x_wconf 83' lang='lat' dir='ltr'><strong>de-</strong></span> 
     </span>
    </p>
   </div>
   <div class='ocr_carea' id='block_1_101' title="bbox 1898 3695 3597 3765">
    <p class='ocr_par' dir='ltr' id='par_1_101' title="bbox 1898 3695 3597 3765">
     <span class='ocr_line' id='line_1_102' title="bbox 1898 3695 3597 3765; baseline -0.001 -15"><span class='ocrx_word' id='word_1_745' title='bbox 1898 3698 1981 3750; x_wconf 89' lang='lat' dir='ltr'><strong>bet</strong></span> <span class='ocrx_word' id='word_1_746' title='bbox 1999 3701 2095 3750; x_wconf 89' lang='lat' dir='ltr'><strong>aut</strong></span> <span class='ocrx_word' id='word_1_747' title='bbox 2112 3696 2244 3765; x_wconf 78' lang='lat' dir='ltr'><strong>ﬁdes</strong></span> <span class='ocrx_word' id='word_1_748' title='bbox 2273 3699 2372 3749; x_wconf 83' lang='lat' dir='ltr'><strong>aut</strong></span> <span class='ocrx_word' id='word_1_749' title='bbox 2389 3696 2630 3748; x_wconf 83' lang='lat' dir='ltr'><strong>charitas</strong></span> <span class='ocrx_word' id='word_1_750' title='bbox 2658 3699 2863 3759; x_wconf 87' lang='lat' dir='ltr'><strong>nostra,</strong></span> <span class='ocrx_word' id='word_1_751' title='bbox 2885 3698 2946 3748; x_wconf 91' lang='lat' dir='ltr'><strong>ut</strong></span> <span class='ocrx_word' id='word_1_752' title='bbox 2961 3695 3216 3762; x_wconf 87' lang='lat' dir='ltr'><strong>quoniam</strong></span> <span class='ocrx_word' id='word_1_753' title='bbox 3242 3696 3458 3747; x_wconf 81' lang='lat' dir='ltr'><strong>zizania</strong></span> <span class='ocrx_word' id='word_1_754' title='bbox 3487 3708 3597 3748; x_wconf 88' lang='lat' dir='ltr'><strong>esse</strong></span> 
     </span>
    </p>
   </div>
   <div class='ocr_carea' id='block_1_102' title="bbox 1897 3778 3594 3852">
    <p class='ocr_par' dir='ltr' id='par_1_102' title="bbox 1897 3778 3594 3852">
     <span class='ocr_line' id='line_1_103' title="bbox 1897 3778 3594 3852; baseline -0.002 -13"><span class='ocrx_word' id='word_1_755' title='bbox 1897 3787 1954 3839; x_wconf 89' lang='lat' dir='ltr'><strong>in</strong></span> <span class='ocrx_word' id='word_1_756' title='bbox 1978 3785 2216 3839; x_wconf 85' lang='lat' dir='ltr'><strong>Ecclesia</strong></span> <span class='ocrx_word' id='word_1_757' title='bbox 2253 3785 2536 3850; x_wconf 87' lang='lat' dir='ltr'><strong>cernimus,</strong></span> <span class='ocrx_word' id='word_1_758' title='bbox 2578 3784 2690 3852; x_wconf 89' lang='lat' dir='ltr'><strong>ipsi</strong></span> <span class='ocrx_word' id='word_1_759' title='bbox 2725 3778 3047 3835; x_wconf 84' lang='lat' dir='ltr'><strong>deEchesia</strong></span> <span class='ocrx_word' id='word_1_760' title='bbox 3069 3781 3377 3835; x_wconf 77' lang='lat' dir='ltr'><strong>recedamus</strong></span> <span class='ocrx_word' id='word_1_761' title='bbox 3409 3781 3594 3851; x_wconf 85' lang='lat' dir='ltr'><strong>(Cypr.</strong></span> 
     </span>
    </p>
   </div>
   <div class='ocr_carea' id='block_1_103' title="bbox 1897 3869 3595 3944">
    <p class='ocr_par' dir='ltr' id='par_1_103' title="bbox 1897 3869 3595 3944">
     <span class='ocr_line' id='line_1_104' title="bbox 1897 3869 3595 3944; baseline -0.004 -16"><span class='ocrx_word' id='word_1_762' title='bbox 1897 3875 2076 3944; x_wconf 86' lang='lat' dir='ltr'><strong>Epist.</strong></span> <span class='ocrx_word' id='word_1_763' title='bbox 2125 3875 2212 3941; x_wconf 81' lang='grc'><strong>51,</strong></span> <span class='ocrx_word' id='word_1_764' title='bbox 2268 3871 2342 3925; x_wconf 82' lang='lat' dir='ltr'><strong>ad</strong></span> <span class='ocrx_word' id='word_1_765' title='bbox 2379 3872 2702 3936; x_wconf 67' lang='lat' dir='ltr'><strong>Maximum,</strong></span> <span class='ocrx_word' id='word_1_766' title='bbox 2743 3869 2861 3940; x_wconf 79' lang='lat' dir='ltr'><strong>etc).</strong></span> <span class='ocrx_word' id='word_1_767' title='bbox 2901 3869 3081 3933; x_wconf 87' lang='lat' dir='ltr'><strong>Quem</strong></span> <span class='ocrx_word' id='word_1_768' title='bbox 3138 3884 3370 3923; x_wconf 89' lang='lat' dir='ltr'><strong>sensum</strong></span> <span class='ocrx_word' id='word_1_769' title='bbox 3423 3870 3595 3922; x_wconf 89' lang='lat' dir='ltr'><strong>etiam</strong></span> 
     </span>
    </p>
   </div>
   <div class='ocr_carea' id='block_1_104' title="bbox 1899 3957 3595 4028">
    <p class='ocr_par' dir='ltr' id='par_1_104' title="bbox 1899 3957 3595 4028">
     <span class='ocr_line' id='line_1_105' title="bbox 1899 3957 3595 4028; baseline -0.003 -13"><span class='ocrx_word' id='word_1_770' title='bbox 1899 3977 2005 4016; x_wconf 90' lang='lat' dir='ltr'><strong>nos</strong></span> <span class='ocrx_word' id='word_1_771' title='bbox 2034 3960 2194 4027; x_wconf 89' lang='lat' dir='ltr'><strong>alias,</strong></span> <span class='ocrx_word' id='word_1_772' title='bbox 2227 3963 2282 4014; x_wconf 91' lang='lat' dir='ltr'><strong>et</strong></span> <span class='ocrx_word' id='word_1_773' title='bbox 2310 3957 2556 4014; x_wconf 88' lang='lat' dir='ltr'><strong>maxime</strong></span> <span class='ocrx_word' id='word_1_774' title='bbox 2588 3958 2852 4012; x_wconf 85' lang='lat' dir='ltr'><strong>adversus</strong></span> <span class='ocrx_word' id='word_1_775' title='bbox 2879 3958 3108 4012; x_wconf 89' lang='lat' dir='ltr'><strong>eosdem</strong></span> <span class='ocrx_word' id='word_1_776' title='bbox 3139 3961 3454 4028; x_wconf 67' lang='lat' dir='ltr'><strong>praesentes</strong></span> <span class='ocrx_word' id='word_1_777' title='bbox 3489 3957 3595 4010; x_wconf 91' lang='lat' dir='ltr'><strong>Do-</strong></span> 
     </span>
    </p>
   </div>
   <div class='ocr_carea' id='block_1_105' title="bbox 1901 4043 3596 4115">
    <p class='ocr_par' dir='ltr' id='par_1_105' title="bbox 1901 4043 3596 4115">
     <span class='ocr_line' id='line_1_106' title="bbox 1901 4043 3596 4115; baseline -0.003 -12"><span class='ocrx_word' id='word_1_778' title='bbox 1901 4050 2132 4104; x_wconf 88' lang='lat' dir='ltr'><strong>natistas</strong></span> <span class='ocrx_word' id='word_1_779' title='bbox 2160 4089 2174 4115; x_wconf 93' lang='lat'><strong>,</strong></span> <span class='ocrx_word' id='word_1_780' title='bbox 2208 4047 2269 4102; x_wconf 90' lang='lat' dir='ltr'><strong>iu</strong></span> <span class='ocrx_word' id='word_1_781' title='bbox 2299 4047 2601 4102; x_wconf 90' lang='lat' dir='ltr'><strong>collatione</strong></span> <span class='ocrx_word' id='word_1_782' title='bbox 2642 4045 3017 4100; x_wconf 88' lang='lat' dir='ltr'><strong>defendimus.</strong></span> <span class='ocrx_word' id='word_1_783' title='bbox 3044 4045 3144 4100; x_wconf 84' lang='lat' dir='ltr'><strong>llic</strong></span> <span class='ocrx_word' id='word_1_784' title='bbox 3171 4045 3315 4100; x_wconf 90' lang='lat' dir='ltr'><strong>liber</strong></span> <span class='ocrx_word' id='word_1_785' title='bbox 3345 4044 3424 4099; x_wconf 90' lang='lat' dir='ltr'><strong>sic</strong></span> <span class='ocrx_word' id='word_1_786' title='bbox 3451 4043 3596 4099; x_wconf 91' lang='lat' dir='ltr'><strong>inci-</strong></span> 
     </span>
    </p>
   </div>
   <div class='ocr_carea' id='block_1_106' title="bbox 1900 4131 3598 4210">
    <p class='ocr_par' dir='ltr' id='par_1_106' title="bbox 1900 4131 3598 4210">
     <span class='ocr_line' id='line_1_107' title="bbox 1900 4131 3598 4210; baseline -0.004 -18"><span class='ocrx_word' id='word_1_787' title='bbox 1900 4139 2018 4210; x_wconf 90' lang='lat' dir='ltr'><strong>pit:</strong></span> <span class='ocrx_word' id='word_1_788' title='bbox 2052 4131 2396 4192; x_wconf 82' lang='lat' dir='ltr'><strong>Probationes</strong></span> <span class='ocrx_word' id='word_1_789' title='bbox 2441 4150 2622 4190; x_wconf 85' lang='lat' dir='ltr'><strong>rerum</strong></span> <span class='ocrx_word' id='word_1_790' title='bbox 2669 4136 3097 4188; x_wconf 87' lang='lat' dir='ltr'><strong>necessariarum</strong></span> <span class='ocrx_word' id='word_1_791' title='bbox 3139 4133 3375 4204; x_wconf 81' lang='lat' dir='ltr'><strong>quodam</strong></span> <span class='ocrx_word' id='word_1_792' title='bbox 3423 4133 3598 4187; x_wconf 85' lang='lat' dir='ltr'><strong>brevi-</strong></span> 
     </span>
    </p>
   </div>
   <div class='ocr_carea' id='block_1_107' title="bbox 1901 4225 2685 4294">
    <p class='ocr_par' dir='ltr' id='par_1_107' title="bbox 1901 4225 2685 4294">
     <span class='ocr_line' id='line_1_108' title="bbox 1901 4225 2685 4294; baseline -0.005 -14"><span class='ocrx_word' id='word_1_793' title='bbox 1901 4227 2020 4281; x_wconf 89' lang='lat' dir='ltr'><strong>culo</strong></span> <span class='ocrx_word' id='word_1_794' title='bbox 2045 4225 2288 4280; x_wconf 85' lang='lat' dir='ltr'><strong>coltectas</strong></span> <span class='ocrx_word' id='word_1_795' title='bbox 2313 4225 2685 4294; x_wconf 84' lang='lat' dir='ltr'><strong>promisimus.</strong></span> 
     </span>
    </p>
   </div>
   <div class='ocr_carea' id='block_1_108' title="bbox 2547 4327 2977 4383">
    <p class='ocr_par' dir='ltr' id='par_1_108' title="bbox 2547 4327 2977 4383">
     <span class='ocr_line' id='line_1_109' title="bbox 2547 4327 2977 4383; baseline -0.002 0"><span class='ocrx_word' id='word_1_796' title='bbox 2547 4327 2769 4383; x_wconf 83' lang='lat' dir='ltr'><strong>CAPUT</strong></span> <span class='ocrx_word' id='word_1_797' title='bbox 2806 4329 2977 4382; x_wconf 84' lang='lat' dir='ltr'><strong>XXIX.</strong></span> 
     </span>
    </p>
   </div>
   <div class='ocr_carea' id='block_1_109' title="bbox 1902 4397 3597 4484">
    <p class='ocr_par' dir='ltr' id='par_1_109' title="bbox 1902 4397 3597 4484">
     <span class='ocr_line' id='line_1_110' title="bbox 1902 4397 3597 4484; baseline -0.002 -9"><span class='ocrx_word' id='word_1_798' title='bbox 1902 4418 2218 4475; x_wconf 79' lang='lat' dir='ltr'><strong>Admonitio</strong></span> <span class='ocrx_word' id='word_1_799' title='bbox 2271 4419 2673 4473; x_wconf 88' lang='lat' dir='ltr'><strong>Donastitarum</strong></span> <span class='ocrx_word' id='word_1_800' title='bbox 2703 4415 2768 4471; x_wconf 88' lang='lat' dir='ltr'><strong>de</strong></span> <span class='ocrx_word' id='word_1_801' title='bbox 2796 4417 3241 4484; x_wconf 71' lang='lat' dir='ltr'><strong>Mamimianistis,</strong></span> <span class='ocrx_word' id='word_1_802' title='bbox 3276 4397 3411 4471; x_wconf 69' lang='lat' dir='ltr'><strong>liber</strong></span> <span class='ocrx_word' id='word_1_803' title='bbox 3440 4432 3597 4471; x_wconf 85' lang='lat' dir='ltr'><strong>unus.</strong></span> 
     </span>
    </p>
   </div>
   <div class='ocr_carea' id='block_1_110' title="bbox 2516 4502 2998 4576">
    <p class='ocr_par' dir='ltr' id='par_1_110' title="bbox 2516 4502 2998 4576">
     <span class='ocr_line' id='line_1_111' title="bbox 2516 4502 2998 4576; baseline -0.006 -16"><span class='ocrx_word' id='word_1_804' title='bbox 2516 4535 2587 4545; x_wconf 90' lang='lat'><strong>—</strong></span> <span class='ocrx_word' id='word_1_805' title='bbox 2613 4503 2764 4576; x_wconf 86' lang='lat' dir='ltr'><strong>[Non</strong></span> <span class='ocrx_word' id='word_1_806' title='bbox 2796 4502 2998 4576; x_wconf 80' lang='lat' dir='ltr'><strong>exstat]</strong></span> 
     </span>
    </p>
   </div>
   <div class='ocr_carea' id='block_1_111' title="bbox 1977 4593 3605 4666">
    <p class='ocr_par' dir='ltr' id='par_1_111' title="bbox 1977 4593 3605 4666">
     <span class='ocr_line' id='line_1_112' title="bbox 1977 4593 3605 4666; baseline 0 -17"><span class='ocrx_word' id='word_1_807' title='bbox 1977 4595 2118 4650; x_wconf 89' lang='lat' dir='ltr'><strong>Cum</strong></span> <span class='ocrx_word' id='word_1_808' title='bbox 2173 4593 2425 4648; x_wconf 90' lang='lat' dir='ltr'><strong>viderem</strong></span> <span class='ocrx_word' id='word_1_809' title='bbox 2478 4594 2686 4648; x_wconf 90' lang='lat' dir='ltr'><strong>multos</strong></span> <span class='ocrx_word' id='word_1_810' title='bbox 2743 4593 2972 4664; x_wconf 91' lang='lat' dir='ltr'><strong>legendi</strong></span> <span class='ocrx_word' id='word_1_811' title='bbox 3019 4593 3213 4648; x_wconf 90' lang='lat' dir='ltr'><strong>labore</strong></span> <span class='ocrx_word' id='word_1_812' title='bbox 3258 4593 3525 4666; x_wconf 89' lang='lat' dir='ltr'><strong>impediri</strong></span> <span class='ocrx_word' id='word_1_813' title='bbox 3571 4611 3605 4649; x_wconf 90' lang='lat' dir='ltr'><strong>a</strong></span> 
     </span>
    </p>
   </div>
   <div class='ocr_carea' id='block_1_112' title="bbox 1907 4680 3606 4754">
    <p class='ocr_par' dir='ltr' id='par_1_112' title="bbox 1907 4680 3606 4754">
     <span class='ocr_line' id='line_1_113' title="bbox 1907 4680 3606 4754; baseline -0.001 -17"><span class='ocrx_word' id='word_1_814' title='bbox 1907 4681 2178 4737; x_wconf 89' lang='lat' dir='ltr'><strong>discendo</strong></span> <span class='ocrx_word' id='word_1_815' title='bbox 2208 4697 2383 4754; x_wconf 89' lang='lat' dir='ltr'><strong>quam</strong></span> <span class='ocrx_word' id='word_1_816' title='bbox 2426 4680 2571 4736; x_wconf 90' lang='lat' dir='ltr'><strong>nihil</strong></span> <span class='ocrx_word' id='word_1_817' title='bbox 2610 4680 2845 4736; x_wconf 90' lang='lat' dir='ltr'><strong>rationis</strong></span> <span class='ocrx_word' id='word_1_818' title='bbox 2875 4685 3046 4753; x_wconf 88' lang='lat' dir='ltr'><strong>atque</strong></span> <span class='ocrx_word' id='word_1_819' title='bbox 3093 4681 3348 4737; x_wconf 89' lang='lat' dir='ltr'><strong>veritatis</strong></span> <span class='ocrx_word' id='word_1_820' title='bbox 3397 4683 3606 4737; x_wconf 88' lang='lat' dir='ltr'><strong>habeat</strong></span> 
     </span>
    </p>
   </div>
   <div class='ocr_carea' id='block_1_113' title="bbox 1910 4769 3656 4843">
    <p class='ocr_par' dir='ltr' id='par_1_113' title="bbox 1910 4769 3656 4843">
     <span class='ocr_line' id='line_1_114' title="bbox 1910 4769 3656 4843; baseline 0.002 -20"><span class='ocrx_word' id='word_1_821' title='bbox 1910 4786 2038 4841; x_wconf 82' lang='lat' dir='ltr'><strong>pars</strong></span> <span class='ocrx_word' id='word_1_822' title='bbox 2071 4770 2296 4838; x_wconf 91' lang='lat' dir='ltr'><strong>Donati,</strong></span> <span class='ocrx_word' id='word_1_823' title='bbox 2335 4770 2592 4824; x_wconf 89' lang='lat' dir='ltr'><strong>libellum</strong></span> <span class='ocrx_word' id='word_1_824' title='bbox 2622 4769 3020 4825; x_wconf 87' lang='lat' dir='ltr'><strong>brevissimum</strong></span> <span class='ocrx_word' id='word_1_825' title='bbox 3067 4769 3192 4839; x_wconf 85' lang='lat' dir='ltr'><strong>feci,</strong></span> <span class='ocrx_word' id='word_1_826' title='bbox 3240 4787 3354 4843; x_wconf 89' lang='lat' dir='ltr'><strong>quo</strong></span> <span class='ocrx_word' id='word_1_827' title='bbox 3398 4788 3493 4826; x_wconf 87' lang='lat' dir='ltr'><strong>eos</strong></span> <span class='ocrx_word' id='word_1_828' title='bbox 3534 4771 3605 4826; x_wconf 90' lang='lat' dir='ltr'><strong>de</strong></span> <span class='ocrx_word' id='word_1_829' title='bbox 3652 4813 3656 4817; x_wconf 65' lang='grc' dir='ltr'><em>ς</em></span> 
     </span>
    </p>
   </div>
   <div class='ocr_carea' id='block_1_114' title="bbox 1908 4857 3606 4931">
    <p class='ocr_par' dir='ltr' id='par_1_114' title="bbox 1908 4857 3606 4931">
     <span class='ocr_line' id='line_1_115' title="bbox 1908 4857 3606 4931; baseline 0.001 -18"><span class='ocrx_word' id='word_1_830' title='bbox 1908 4859 2043 4913; x_wconf 89' lang='lat' dir='ltr'><strong>solis</strong></span> <span class='ocrx_word' id='word_1_831' title='bbox 2073 4857 2500 4914; x_wconf 84' lang='lat' dir='ltr'><strong>Maximianistis</strong></span> <span class='ocrx_word' id='word_1_832' title='bbox 2528 4857 2913 4913; x_wconf 84' lang='lat' dir='ltr'><strong>admonendos</strong></span> <span class='ocrx_word' id='word_1_833' title='bbox 2950 4859 3164 4930; x_wconf 87' lang='lat' dir='ltr'><strong>putavi,</strong></span> <span class='ocrx_word' id='word_1_834' title='bbox 3201 4863 3268 4914; x_wconf 91' lang='lat' dir='ltr'><strong>ut</strong></span> <span class='ocrx_word' id='word_1_835' title='bbox 3296 4863 3491 4931; x_wconf 88' lang='lat' dir='ltr'><strong>posset</strong></span> <span class='ocrx_word' id='word_1_836' title='bbox 3527 4860 3606 4914; x_wconf 87' lang='lat' dir='ltr'><strong>fa-</strong></span> 
     </span>
    </p>
   </div>
   <div class='ocr_carea' id='block_1_115' title="bbox 1909 4944 3610 5019">
    <p class='ocr_par' dir='ltr' id='par_1_115' title="bbox 1909 4944 3610 5019">
     <span class='ocr_line' id='line_1_116' title="bbox 1909 4944 3610 5019; baseline 0.001 -18"><span class='ocrx_word' id='word_1_837' title='bbox 1909 4946 2120 5001; x_wconf 89' lang='lat' dir='ltr'><strong>cilitate</strong></span> <span class='ocrx_word' id='word_1_838' title='bbox 2166 4944 2519 5000; x_wconf 90' lang='lat' dir='ltr'><strong>describendi</strong></span> <span class='ocrx_word' id='word_1_839' title='bbox 2560 4945 2621 4999; x_wconf 92' lang='lat' dir='ltr'><strong>in</strong></span> <span class='ocrx_word' id='word_1_840' title='bbox 2672 4961 2875 5000; x_wconf 81' lang='lat' dir='ltr'><strong>manus</strong></span> <span class='ocrx_word' id='word_1_841' title='bbox 2903 4946 3158 5018; x_wconf 88' lang='lat' dir='ltr'><strong>plurium</strong></span> <span class='ocrx_word' id='word_1_842' title='bbox 3197 4947 3517 5019; x_wconf 88' lang='lat' dir='ltr'><strong>pervenire,</strong></span> <span class='ocrx_word' id='word_1_843' title='bbox 3551 4951 3610 5002; x_wconf 90' lang='lat' dir='ltr'><strong>et</strong></span> 
     </span>
    </p>
   </div>
   <div class='ocr_carea' id='block_1_116' title="bbox 1910 5032 3608 5105">
    <p class='ocr_par' dir='ltr' id='par_1_116' title="bbox 1910 5032 3608 5105">
     <span class='ocr_line' id='line_1_117' title="bbox 1910 5032 3608 5105; baseline -0.001 -16"><span class='ocrx_word' id='word_1_844' title='bbox 1910 5034 2032 5105; x_wconf 87' lang='lat' dir='ltr'><strong>ipsa</strong></span> <span class='ocrx_word' id='word_1_845' title='bbox 2059 5033 2146 5088; x_wconf 88' lang='lat' dir='ltr'><strong>sui</strong></span> <span class='ocrx_word' id='word_1_846' title='bbox 2175 5032 2449 5088; x_wconf 88' lang='lat' dir='ltr'><strong>brevitate</strong></span> <span class='ocrx_word' id='word_1_847' title='bbox 2479 5033 2698 5088; x_wconf 84' lang='lat' dir='ltr'><strong>facilius</strong></span> <span class='ocrx_word' id='word_1_848' title='bbox 2726 5034 3111 5090; x_wconf 90' lang='lat' dir='ltr'><strong>commendari</strong></span> <span class='ocrx_word' id='word_1_849' title='bbox 3153 5036 3484 5103; x_wconf 75' lang='lat' dir='ltr'><strong>memoriae;</strong></span> <span class='ocrx_word' id='word_1_850' title='bbox 3514 5035 3608 5089; x_wconf 92' lang='lat' dir='ltr'><strong>cui</strong></span> 
     </span>
    </p>
   </div>
   <div class='ocr_carea' id='block_1_117' title="bbox 1911 5122 3607 5194">
    <p class='ocr_par' dir='ltr' id='par_1_117' title="bbox 1911 5122 3607 5194">
     <span class='ocr_line' id='line_1_118' title="bbox 1911 5122 3607 5194; baseline -0.001 -16"><span class='ocrx_word' id='word_1_851' title='bbox 1911 5123 2144 5178; x_wconf 85' lang='lat' dir='ltr'><strong>titulum</strong></span> <span class='ocrx_word' id='word_1_852' title='bbox 2185 5122 2436 5194; x_wconf 90' lang='lat' dir='ltr'><strong>imposui</strong></span> <span class='ocrx_word' id='word_1_853' title='bbox 2482 5140 2496 5178; x_wconf 90' lang='lat'><strong>:</strong></span> <span class='ocrx_word' id='word_1_854' title='bbox 2545 5122 2857 5178; x_wconf 82' lang='lat' dir='ltr'><strong>Admonitio</strong></span> <span class='ocrx_word' id='word_1_855' title='bbox 2886 5126 3292 5182; x_wconf 84' lang='lat' dir='ltr'><strong>Donatistarum</strong></span> <span class='ocrx_word' id='word_1_856' title='bbox 3318 5125 3384 5179; x_wconf 84' lang='lat' dir='ltr'><strong>de</strong></span> <span class='ocrx_word' id='word_1_857' title='bbox 3422 5125 3607 5179; x_wconf 68' lang='lat' dir='ltr'><strong>Mami-</strong></span> 
     </span>
    </p>
   </div>
   <div class='ocr_carea' id='block_1_118' title="bbox 1911 5210 3607 5282">
    <p class='ocr_par' dir='ltr' id='par_1_118' title="bbox 1911 5210 3607 5282">
     <span class='ocr_line' id='line_1_119' title="bbox 1911 5210 3607 5282; baseline -0.002 -15"><span class='ocrx_word' id='word_1_858' title='bbox 1911 5214 2200 5267; x_wconf 88' lang='lat' dir='ltr'><strong>mianistis.</strong></span> <span class='ocrx_word' id='word_1_859' title='bbox 2254 5211 2353 5266; x_wconf 84' lang='lat' dir='ltr'><strong>Hic</strong></span> <span class='ocrx_word' id='word_1_860' title='bbox 2395 5210 2540 5266; x_wconf 89' lang='lat' dir='ltr'><strong>liber</strong></span> <span class='ocrx_word' id='word_1_861' title='bbox 2581 5211 2660 5266; x_wconf 90' lang='lat' dir='ltr'><strong>sic</strong></span> <span class='ocrx_word' id='word_1_862' title='bbox 2687 5210 2923 5282; x_wconf 91' lang='lat' dir='ltr'><strong>incipit:</strong></span> <span class='ocrx_word' id='word_1_863' title='bbox 2951 5213 3277 5282; x_wconf 86' lang='lat' dir='ltr'><strong>Quicumque</strong></span> <span class='ocrx_word' id='word_1_864' title='bbox 3321 5212 3607 5266; x_wconf 87' lang='lat' dir='ltr'><strong>calumniis</strong></span> 
     </span>
    </p>
   </div>
   <div class='ocr_carea' id='block_1_119' title="bbox 1915 5301 3114 5357">
    <p class='ocr_par' dir='ltr' id='par_1_119' title="bbox 1915 5301 3114 5357">
     <span class='ocr_line' id='line_1_120' title="bbox 1915 5301 3114 5357; baseline 0.003 -3"><span class='ocrx_word' id='word_1_865' title='bbox 1915 5301 2190 5355; x_wconf 81' lang='lat' dir='ltr'><strong>hominum</strong></span> <span class='ocrx_word' id='word_1_866' title='bbox 2226 5305 2277 5355; x_wconf 90' lang='lat' dir='ltr'><strong>et</strong></span> <span class='ocrx_word' id='word_1_867' title='bbox 2305 5301 2776 5355; x_wconf 85' lang='lat' dir='ltr'><strong>criminationibus</strong></span> <span class='ocrx_word' id='word_1_868' title='bbox 2805 5303 3114 5357; x_wconf 87' lang='lat' dir='ltr'><strong>movemini.</strong></span> 
     </span>
    </p>
   </div>
   <div class='ocr_carea' id='block_1_120' title="bbox 1979 5404 3607 5469">
    <p class='ocr_par' dir='ltr' id='par_1_120' title="bbox 1979 5404 3607 5469">
     <span class='ocr_line' id='line_1_121' title="bbox 1979 5404 3607 5469; baseline -0.001 -15"><span class='ocrx_word' id='word_1_869' title='bbox 1979 5409 1999 5454; x_wconf 82' lang='grc'><strong>1</strong></span> <span class='ocrx_word' id='word_1_870' title='bbox 2032 5406 2090 5454; x_wconf 91' lang='lat' dir='ltr'><strong>ln</strong></span> <span class='ocrx_word' id='word_1_871' title='bbox 2124 5405 2246 5454; x_wconf 87' lang='lat' dir='ltr'><strong>Mss.</strong></span> <span class='ocrx_word' id='word_1_872' title='bbox 2278 5405 3001 5469; x_wconf 82' lang='lat' dir='ltr'><strong>pluribusetpotioribushic,</strong></span> <span class='ocrx_word' id='word_1_873' title='bbox 3027 5404 3607 5469; x_wconf 34' lang='lat' dir='ltr'><strong>etinfra,cap.‘3t._scr_i-</strong></span> 
     </span>
    </p>
   </div>
   <div class='ocr_carea' id='block_1_121' title="bbox 1915 5465 3612 5531">
    <p class='ocr_par' dir='ltr' id='par_1_121' title="bbox 1915 5465 3612 5531">
     <span class='ocr_line' id='line_1_122' title="bbox 1915 5465 3612 5531; baseline -0.001 -14"><span class='ocrx_word' id='word_1_874' title='bbox 1915 5465 2672 5531; x_wconf 68' lang='lat' dir='ltr'><strong>bitur,_Aptughensis:quibus</strong></span> <span class='ocrx_word' id='word_1_875' title='bbox 2685 5465 3073 5517; x_wconf 78' lang='lat' dir='ltr'><strong>c&#39;onsentitAm.</strong></span> <span class='ocrx_word' id='word_1_876' title='bbox 3088 5478 3297 5515; x_wconf 89' lang='lat' dir='ltr'><strong>necnon</strong></span> <span class='ocrx_word' id='word_1_877' title='bbox 3309 5465 3446 5515; x_wconf 74' lang='lat' dir='ltr'><strong>intra</strong></span> <span class='ocrx_word' id='word_1_878' title='bbox 3456 5465 3612 5517; x_wconf 82' lang='lat' dir='ltr'><strong>Er.At</strong></span> 
     </span>
    </p>
   </div>
   <div class='ocr_carea' id='block_1_122' title="bbox 1919 5529 2908 5594">
    <p class='ocr_par' dir='ltr' id='par_1_122' title="bbox 1919 5529 2908 5594">
     <span class='ocr_line' id='line_1_123' title="bbox 1919 5529 2908 5594; baseline 0 -16"><span class='ocrx_word' id='word_1_879' title='bbox 1919 5531 1974 5579; x_wconf 89' lang='lat' dir='ltr'><strong>in</strong></span> <span class='ocrx_word' id='word_1_880' title='bbox 2008 5529 2908 5594; x_wconf 35' lang='lat' dir='ltr'><strong>aliis‘quibusdam.’Aptugenemis.</strong></span> 
     </span>
    </p>
   </div>
  </div>
