4062 6420
456 284 559 339 643

1100 402 1322 457 CAPUT
1359 400 1510 456 XXX.

722 493 794 545 De
828 492 1172 545 Divinatione
1194 492 1515 550 Dzmonum,
1559 488 1696 542 liber
1724 502 1885 542 unus.

527 582 635 635 Per
663 576 817 633 idem
838 582 1063 649 tempus
1085 575 1289 631 accidit
1327 576 1472 630 mihi
1501 592 1570 630 ex
1612 574 1862 647 quadam
1900 574 2153 645 disputa-

456 670 611 724 tione
632 666 935 722 necessitas
955 671 1019 721 ut
1048 666 1115 720 de
1141 665 1498 719 Divinatione
1528 666 1867 719 Daemonum
1897 663 2153 717 libellum

460 758 791 825 scriberem,
822 756 983 826 cujus
1020 754 1215 809 titulus
1257 754 1365 808 iste
1396 753 1517 823 ipse
1548 756 1650 806 est.
1700 753 1763 805 In
1811 752 1934 821 ejus
1964 754 2153 804 autem

461 848 712 920 quodam
742 847 868 901 loco
900 844 1000 899 ubi
1024 844 1170 899 dixi:
1191 848 1460 899 Daemones
1481 842 1777 912 aliquando
1806 845 1856 895 et
1883 842 2155 897 hominum

460 937 835 1006 dispositiones
889 950 995 988 non
1051 935 1222 989 solum
1272 948 1394 987 voce
1436 932 1702 1001 prolatas,
1756 945 1939 984 verum
1994 931 2155 983 etiam

459 1026 780 1093 cogitatione
833 1026 1131 1090 conceptas,
1181 1036 1299 1075 cum
1354 1022 1514 1087 signa
1569 1017 1817 1087 quaedam
1863 1033 1931 1071 eac
1975 1020 2156 1070 animo

459 1116 842 1182 exprimuntur
854 1112 913 1165 in
928 1125 1164 1179 corpore,
1184 1113 1295 1163 tota
1303 1109 1575 1175 facilitate
1585 1107 1889 1175 perdiscere
1918 1106 2073 1173 (Cap.
2101 1109 2153 1171 5,

458 1218 513 1257 n.
563 1201 662 1272 9);
709 1216 834 1255 rem
885 1198 1003 1253 dixi
1046 1196 1485 1251 occultissimam
1539 1194 1845 1250 audaciora
1878 1208 2155 1247 assevera-

459 1289 613 1344 tione
643 1304 817 1359 quam
846 1286 1053 1342 debui:
1104 1301 1240 1339 nam
1279 1284 1575 1354 pervenire
1622 1283 1731 1337 ista
1773 1282 1846 1337 ad
1892 1280 2157 1335 notitiam

461 1375 810 1441 daemonum,
843 1390 944 1445 per
972 1374 1243 1428 nonnulla
1274 1374 1446 1426 etiam
1483 1372 1870 1442 experimenta
1908 1384 2159 1439 comper-

459 1468 583 1534 tum
614 1467 716 1518 est.
745 1463 853 1518 Sed
886 1466 1079 1517 utrum
1106 1462 1271 1532 signa
1302 1461 1564 1532 quaedam
1593 1462 1799 1515 dentur
1826 1475 1893 1513 ex
1922 1473 2157 1529 corpore

459 1549 835 1618 cogitantium
871 1549 985 1603 illis
1034 1549 1340 1617 sensibilis,
1393 1565 1499 1603 nos
1546 1552 1737 1601 autem
1782 1546 2036 1606 latentia,
2084 1561 2157 1599 an

459 1637 572 1692 alia
595 1638 647 1693 vi
676 1642 734 1693 et
750 1620 830 1692 'ea
859 1638 1141 1709 spirituali
1170 1638 1278 1691 ista
1305 1640 1668 1706 cognoscant,
1694 1639 1792 1689 aut
1820 1634 2158 1689 difficillime

456 1727 641 1795 potest
669 1725 740 1779 ab
756 1724 1107 1790 hominibus,
1134 1729 1233 1778 aut
1264 1723 1499 1778 omnino
1532 1740 1646 1777 non
1676 1725 1867 1793 potest
1887 1720 2154 1774 inveniri.

460 1811 559 1866 Hic
587 1811 732 1866 liber
773 1811 852 1866 sic
910 1811 1140 1883 incipit:
1200 1811 1448 1878 Quodam
1483 1811 1572 1865 die
1626 1812 1685 1864 in
1728 1810 1917 1865 diebus
1954 1810 2158 1863 sanctis

458 1899 801 1956 Octavarum.

1086 1988 1309 2043 CAPUT
1349 1987 1523 2043 XXXI.

529 2076 851 2142 Quaestiones
877 2078 1134 2145 exposita:
1165 2080 1353 2130 contra
1394 2078 1664 2141 Paganos,
1705 2088 1927 2128 numero
1967 2087 2082 2127 sex.

526 2174 680 2228 Inter
702 2174 819 2228 haec
836 2173 1022 2227 missae
1052 2176 1185 2226 sunt
1213 2172 1354 2226 mihi
1383 2170 1775 2241 aCarthagine
1806 2169 2155 2240 quaestiones

458 2276 575 2328 sex,
610 2277 750 2332 quas
781 2260 1080 2331 proposuit
1108 2259 1322 2314 amicus
1361 2259 1615 2330 quidam,
1648 2275 1822 2330 quem
1851 2259 2154 2329 cupiebam

458 2348 585 2402 ﬁeri
644 2346 1038 2414 christianum,
1091 2352 1157 2401 ut
1213 2351 1411 2401 contra
1458 2350 1716 2417 Paganos
1782 2347 2155 2413 solverentur,

458 2436 779 2508 prtesertim
831 2435 967 2507 quia
1009 2436 1317 2490 nonnullas
1362 2452 1558 2490 earum
1590 2452 1625 2489 a
1674 2435 1988 2506 Porphyrio
2038 2434 2160 2505 phi-

460 2525 696 2595 Iosopho
733 2523 1052 2595 propositas
1082 2524 1237 2578 dixit.
1284 2524 1394 2578 Sed
1420 2540 1537 2578 non
1577 2540 1708 2579 eum
1749 2540 1871 2578 esse
1913 2524 2159 2578 arbitror

461 2613 841 2684 Porphyrium
908 2612 1161 2666 Siculum
1209 2613 1373 2667 illum
1431 2613 1593 2684 cujus
1654 2612 2024 2667 celeberrima
2077 2616 2161 2667 est

460 2702 630 2757 fama.
668 2703 881 2764 Harum
913 2701 1293 2773 quaestionum
1335 2702 1749 2773 disputationes
1784 2701 1845 2756 in
1877 2717 2056 2756 unum
2091 2701 2158 2756 1i-

458 2789 628 2845 brum
666 2790 900 2853 contuli,
933 2806 1051 2844 non
1078 2790 1384 2861 prolixum,
1419 2791 1580 2860 cujus
1630 2794 1715 2845 est
1760 2790 2000 2845 titulus:
2051 2790 2159 2844 Sex

460 2879 805 2952 quaestiones
834 2883 1031 2934 contra
1076 2880 1335 2949 Paganos
1374 2878 1667 2950 expositae.
1719 2880 1925 2934 Earum
1967 2884 2160 2933 autem

459 2966 647 3037 prima
695 2970 779 3021 est
834 2966 902 3021 de
954 2965 1402 3033 resurrectione;
1461 2965 1727 3034 secunda,
1782 2965 1850 3019 de
1898 2969 2159 3035 tempore

459 3054 785 3109 christianm
807 3053 1101 3125 religionis
1126 3074 1141 3122 ;
1190 3054 1377 3121 tertia,
1408 3054 1477 3108 de
1503 3053 1910 3108 sacrificiorum
1956 3054 2180 3108 distin-'

458 3142 645 3197 ctione
672 3159 685 3210 ;
715 3147 935 3213 quarta,
970 3143 1038 3196 de
1072 3158 1136 3196 eo
1168 3142 1324 3211 quod
1349 3142 1626 3212 scriptum
1653 3147 1757 3209 est,
1786 3144 1850 3197 In
1876 3158 1984 3209 qua
2009 3158 2157 3195 men-

458 3244 589 3283 sura
641 3231 811 3283 mensi
863 3230 1105 3295 fueritis,
1159 3231 1466 3282 remetiatur
1507 3229 1654 3283 vobis
1688 3229 1897 3297 (Matth.
1931 3245 2027 3295 vn,
2066 3227 2155 3297 2);

461 3316 683 3387 quinta,
717 3317 786 3370 de
805 3315 945 3370 Filio
979 3316 1080 3370 Dei
1105 3316 1417 3370 secundum
1444 3317 1845 3382 Salomonem;
1880 3320 2053 3382 sexta,
2088 3317 2157 3370 de

458 3404 602 3458 Jona
632 3404 928 3474 propheta.
987 3404 1052 3458 In
1082 3419 1326 3474 quarum
1358 3405 1605 3458 secunda
1631 3404 1785 3475 quod
1814 3403 1950 3469 dixi,
1989 3405 2157 3459 Salus

458 3493 740 3559 religionis
769 3493 951 3560 huius,
978 3508 1081 3561 per
1110 3508 1271 3562 quam
1296 3493 1463 3547 solam
1488 3509 1669 3547 veram
1688 3494 1836 3547 salus
1862 3509 1989 3547 vera
2008 3508 2158 3546 vera-

459 3583 697 3649 citerque
724 3582 1082 3649 promittitur,
1114 3581 1254 3634 nulli
1288 3596 1529 3648 unquam
1567 3580 1763 3648 defuit,
1814 3582 1912 3651 qui
1956 3581 2157 3649 dignus

457 3671 570 3737 fuit
593 3685 606 3735 ;
631 3673 681 3722 et
705 3670 793 3723 cui
804 3669 1000 3735 defuit,
1025 3669 1220 3734 dignus
1241 3684 1346 3723 non
1365 3672 1507 3736 fuit;
1528 3670 1734 3724 nonita
1754 3669 2154 3741 dixitanquam

387 3788 389 3790 -
460 3772 527 3811 ex
556 3756 776 3812 meritis
805 3756 921 3811 suis
945 3757 1246 3828 quisquam
1276 3757 1483 3828 dignus
1509 3757 1682 3812 fuerit
1706 3779 1720 3825 ;
1751 3758 1847 3813 sed
1878 3759 2153 3829 quemad-

457 3846 697 3901 modum
728 3846 809 3900 ait
836 3847 1141 3917 Apostolus
1166 3863 1178 3901 :
1212 3848 1330 3903 Non
1345 3863 1412 3900 ea:
1438 3848 1708 3916 Operibus,
1730 3847 1824 3901 sed
1849 3863 1916 3901 ea:
1935 3851 2157 3902 vocante

457 3935 663 3991 dictum
708 3950 839 4002 esse,
889 3935 1071 4005 Major
1111 3938 1305 3990 serviet
1350 3938 1551 3990 mino-ri
1587 3936 1755 4007 (Rom.
1798 3952 1874 4002 1x,
1906 3937 1991 4004 l2,
2025 3936 2151 4002 l3):

461 4039 633 4095 quam
664 4022 1017 4077 vocationem
1068 4024 1140 4078 ad
1191 4022 1289 4077 Dei
1336 4025 1688 4094 propositum
1732 4023 1931 4078 asserit
1977 4022 2153 4093 perti-

455 4127 611 4165 nere.
663 4111 824 4165 Unde
873 4110 1030 4179 dicit,
1086 4113 1206 4167 Non
1257 4112 1548 4165 secundum
1593 4128 1757 4181 opera
1807 4115 2013 4173 nostra,
2062 4110 2156 4165 sed

456 4199 747 4254 secundum
776 4213 932 4252 suum
970 4200 1307 4267 propositum
1336 4203 1386 4251 et
1428 4202 1664 4265 gratiam
1696 4200 1764 4257 (II
1811 4202 1945 4253 Tim.
1993 4215 2031 4265 ι,
2077 4199 2150 4269 9).

460 4286 616 4340 Unde
646 4285 785 4339 item
812 4284 983 4339 dicit:
1007 4286 1216 4339 Scimus
1237 4287 1369 4353 quia
1389 4285 1742 4354 diligentibus
1761 4290 1948 4352 Deum,
1976 4289 2156 4341 omnia

457 4376 811 4442 cooperantur
860 4374 920 4426 in
966 4372 1177 4438 bonum,
1227 4374 1299 4426 iis
1331 4374 1427 4442 qui
1478 4375 1768 4429 secundum
1817 4378 2156 4444 propositum

455 4462 635 4515 vocati
687 4464 813 4514 sunt
860 4455 1096 4515 sancti‘
1144 4460 1312 4532 (Rom.
1378 4478 1492 4527 VIII,
1550 4464 1664 4533 28).
1721 4464 1796 4517 De
1854 4480 1967 4534 qua
2001 4481 2156 4518 voca-

457 4548 613 4603 tione
654 4548 768 4602 ait:
822 4551 888 4605 Ut
923 4548 1116 4618 dignos
1160 4565 1252 4604 vos
1294 4550 1489 4605 habeat
1525 4553 1795 4605 vocatione
1826 4566 1926 4605 sua
1969 4556 2157 4607 sancta

458 4636 530 4707 (ΙΙ
564 4638 743 4692 Thess.
781 4655 820 4708 ι,
864 4638 968 4708 11).
1015 4638 1113 4691 Hic
1142 4638 1286 4692 liber
1314 4643 1441 4709 post
1481 4639 1797 4709 epistolam,
1847 4657 1974 4711 quae
2004 4645 2160 4711 post-

460 4725 695 4780 modum
723 4742 757 4780 a
781 4726 964 4798 capite
995 4726 1187 4781 addita
1218 4731 1299 4782 est
1317 4729 1516 4798 (Epist.
1552 4731 1673 4796 102,
1704 4729 1778 4783 ad
1798 4730 2155 4800 Deogratias),

458 4813 538 4867 sic
566 4813 797 4884 incipit:
836 4817 1008 4870 Movet
1037 4816 1316 4884 quosdam,
1346 4820 1395 4869 et
1424 4817 1730 4886 requirunt.

1074 4922 1300 4977 CAPUT
1353 4923 1553 4977 XXXII.

565 5009 849 5078 Expositio
881 5010 1134 5078 Epistolas
1162 5010 1350 5066 Jacobi
1366 5011 1440 5064 ad
1469 5009 1743 5066 duodecim
1765 5010 1957 5067 tribus.
1983 5041 2051 5053 --

1101 5096 1250 5168 [Non
1289 5096 1517 5169 exstat]

528 5186 687 5241 Inter
715 5185 992 5256 opuscula
1032 5200 1161 5238 mea
1196 5185 1387 5255 reperi
1443 5185 1855 5256 expositionem
1898 5188 2157 5259 Epistolas

456 5273 670 5343 Jacobi,
703 5290 875 5345 quam
905 5276 1218 5327 retractans
1266 5272 1485 5328 adverti
1526 5275 1923 5330 annotationes
1964 5277 2157 5347 potius

458 5363 848 5434 expositorum
879 5360 1265 5434 quarumdam
1297 5361 1420 5432 ejus
1448 5361 1702 5416 locorum
1731 5361 1793 5416 in
1820 5363 2034 5419 librum
2072 5381 2159 5420 re-

521 5521 537 5555 ¹
573 5494 732 5571 Abest
750 5521 927 5574 sancti
954 5520 1020 5572 ab
1033 5516 1263 5582 antiquis
1275 5519 1395 5568 Mss.
1429 5521 1523 5570 eta
1536 5531 1711 5582 grch
1728 5521 1878 5570 textu
1898 5520 2153 5585 Apostoli.

1595 276 2251 335 BETRACTATIONUM
2308 277 2365 333 S.
2415 276 2819 334 AUGUSTINI.
3892 268 3981 335 tibi

2263 400 2452 454 dactas
2481 400 2722 455 fratrum
2764 399 3078 471 diligentia,
3126 400 3227 471 qui
3283 416 3379 455 eas
3423 400 3731 456 frontibus
3781 402 3981 457 codicis

2264 504 2382 542 esse
2412 490 2739 543 uoluerunt.
2756 489 3039 560 Adjuvant
3056 504 3193 559 ergo
3216 489 3454 561 aliquid,
3479 490 3596 545 nisi
3616 490 3785 561 quod
3806 491 3978 563 ipsam

2263 576 2569 649 Epistolam
2601 593 2773 650 quam
2805 577 3136 648 legebamus
3166 579 3393 650 quando
3423 578 3537 634 ista
3579 579 3833 650 dictavi,
3877 598 3981 637 non

2262 667 2565 739 diligenter
2610 683 2677 721 ex
2712 683 2895 738 graeco
2950 667 3302 721 habebamus
3358 667 3847 738 interpretatam.
3898 669 3982 722 llic

2263 754 2410 809 liber
2435 756 2514 809 sic
2542 754 2779 825 incipit:
2804 755 3089 809 Duodecim
3112 754 3359 809 tribubus
3388 770 3510 824 quae
3540 759 3682 810 sunt
3710 756 3780 809 in
3809 755 3983 825 dispsr
4032 772 4033 777 ‘

2262 845 2427 911 sione,
2459 845 2706 898 salutem.

2866 912 3090 968 CAPUT
3127 914 3355 968 XXXIII.

2264 1006 2335 1058 De
2365 1005 2705 1058 Peccatcrum
2746 1004 2957 1058 Meritis
2996 1006 3045 1056 et
3087 1004 3433 1069 Rcmissione,
3485 1007 3540 1057 et
3581 1002 3660 1058 de
3703 1005 3977 1074 Baptismo

2513 1094 2889 1156 Parvulorum,
2928 1092 3001 1146 ad
3034 1093 3407 1146 Marcellinum
3432 1092 3568 1146 libri
3590 1097 3733 1147 tres.

2339 1178 2503 1233 Venit
2533 1180 2704 1233 etiam
2745 1179 3068 1247 necessitas,
3121 1195 3244 1250 qua:
3286 1194 3376 1233 me
3421 1183 3664 1249 cogeret
3713 1178 3976 1234 adversus

2266 1283 2469 1322 novam
2498 1268 2864 1338 Pelagianam
2903 1267 3173 1324 haeresim
3214 1267 3498 1335 scribere;
3549 1272 3773 1323 contra
3818 1285 3973 1340 quam

2265 1357 2442 1427 prius,
2476 1373 2608 1414 cum
2646 1374 2790 1428 opus
2814 1360 2951 1421 erat,
2977 1373 3094 1412 non
3122 1357 3367 1428 scriptis,
3398 1356 3497 1411 sed
3520 1357 3903 1412 sermonibus
3931 1362 3974 1411 et

2264 1445 2732 1501 collocutionibus
2752 1446 3082 1515 agebamus,
3102 1450 3167 1500 ut
3188 1446 3429 1518 quisque
3449 1450 3733 1501 nostrum
3766 1451 3974 1519 poterat

2266 1538 2365 1588 aut
2393 1535 2652 1589 debebat.
2688 1535 2866 1590 Missis
2897 1551 3032 1605 ergo
3062 1535 3204 1589 mihi
3250 1551 3285 1588 a
3318 1535 3670 1607 Carthagine
3713 1537 3971 1608 quaestio-

2267 1622 2436 1677 nibus
2464 1639 2665 1678 eorum
2698 1640 2838 1693 quas
2863 1624 3226 1679 rescribendo
3253 1624 3626 1681 dissolverem
3662 1627 3678 1660 ί
3720 1666 3736 1693 ,
3787 1626 3971 1696 scripsi

2266 1711 2521 1782 primum
2550 1712 2730 1769 libros
2759 1718 2890 1778 tres,
2926 1729 3176 1783 quorum
3201 1712 3401 1767 titulus
3443 1717 3549 1779 est,
3595 1713 3675 1769 de
3720 1715 3972 1769 Peccato-

2267 1816 2395 1854 rum
2427 1800 2636 1855 Meritis
2666 1805 2723 1855 et
2752 1799 3135 1855 Remissione:
3162 1801 3255 1855 ubi
3284 1800 3530 1856 maxime
3548 1801 3896 1872 disputatur
3917 1803 3971 1857 de

2266 1888 2606 1959 baptismate
2634 1890 3005 1959 parvulorum
3034 1894 3271 1961 propter
3324 1890 3612 1960 originale
3641 1897 3972 1962 peccatum:

2268 1982 2325 2032 et
2354 1978 2422 2031 de
2454 1978 2635 2048 gratia
2667 1978 2765 2032 Dei
2795 1994 2908 2049 qua
2931 1978 3333 2049 justiticamur,
3364 1979 3474 2034 hoc
3499 1983 3610 2049 est,
3633 1980 3790 2051 justi
3821 1982 3975 2035 efﬁci—

2267 2082 2433 2133 mur;
2469 2066 2725 2137 quamvis
2763 2066 2822 2120 in
2844 2067 2949 2121 hac
2978 2065 3095 2121 vita
3123 2083 3293 2122 nemo
3342 2066 3425 2122 ita
3466 2072 3659 2122 servet
3709 2069 3972 2123 mandata

2261 2156 2518 2227 justitiaa,
2553 2162 2615 2212 ut
2640 2173 2757 2212 non
2787 2157 2857 2212 sit
2898 2156 2950 2212 ei
2992 2158 3377 2213 necessarium
3419 2175 3524 2230 pro
3562 2158 3690 2213 suis
3739 2160 3972 2231 peccatis

2268 2246 2483 2300 orando
2523 2246 2707 2301 dicere
2732 2262 2745 2300 :
2777 2248 2997 2300 Dimitte
3023 2247 3175 2301 nobis
3211 2246 3394 2301 debita
3420 2251 3612 2302 nostra
3643 2248 3878 2316 (Matth.
3909 2266 3971 2311 vx,

2272 2336 2380 2403 12).
2417 2335 2622 2389 Contra
2650 2350 2780 2405 quae
2808 2334 3003 2387 omnia
3031 2334 3338 2389 sentientes
3367 2334 3450 2389 illi
3466 2351 3685 2390 novam
3712 2336 3972 2391 haeresim

2268 2420 2665 2477 condiderunt.
2696 2423 2762 2475 In
2789 2421 2878 2476 his
2909 2427 3102 2477 autem
3132 2422 3291 2477 libris
3334 2424 3578 2478 tacenda
3610 2425 3814 2480 adhuc
3845 2426 3971 2480 arbi-

2268 2514 2446 2565 tratus
2477 2528 2600 2565 sum
2634 2510 2871 2565 nomina
2901 2527 3122 2579 eorum,
3159 2511 3240 2566 sic
3267 2528 3363 2566 eos
3400 2511 3627 2567 facilius
3654 2530 3838 2585 posse
3864 2531 3972 2569 cor-

2267 2598 2379 2669 rigi
2390 2615 2625 2668 sperans
2646 2616 2658 2653 :
2676 2599 2791 2653 imo
2805 2600 2977 2654 etiam
2999 2599 3059 2654 in
3072 2601 3241 2655 tertio
3260 2601 3425 2667 libro,
3451 2618 3582 2672 qua:
3597 2607 3687 2657 est
3713 2603 3973 2674 epistola,

2269 2687 2368 2741 sed
2393 2688 2451 2741 in
2478 2687 2638 2742 libris
2667 2688 2861 2742 habita
2890 2693 3125 2759 propter
3153 2689 3297 2745 duos
3328 2690 3538 2760 quibus
3584 2706 3723 2746 eam
3777 2708 3973 2747 conne

2268 2777 2530 2831 ctendam
2563 2776 2774 2847 putavi,
2804 2778 3017 2848 Pelagii
3046 2777 3227 2848 ipsius
3249 2794 3461 2833 nomen
3482 2795 3601 2834 non
3630 2779 3764 2835 sine
3793 2782 3974 2850 aliqua

2268 2863 2435 2918 laude
2464 2864 2629 2934 posui
2660 2867 2809 2935 (Cap.
2857 2870 2910 2933 3,
2954 2882 3010 2920 n.
3041 2865 3149 2937 5);
3201 2868 3337 2938 quia
3374 2868 3490 2922 vita
3536 2868 3665 2939 ejus
3703 2885 3742 2923 a
3790 2869 3973 2924 multis

2266 2952 2717 3022 praedicabatur:
2752 2958 2808 3008 et
2834 2954 2957 3025 ejus
2984 2955 3084 3009 illa
3112 2955 3401 3029 redargui,
3435 2972 3567 3026 qua:
3595 2956 3663 3011 in
3694 2958 3825 3011 suis
3845 2957 3971 3011 scri-

2267 3040 2377 3110 ptis
2409 3057 2524 3095 non
2553 3057 2618 3095 ex
2646 3058 2888 3112 persona
2918 3058 3021 3096 sua
3046 3044 3259 3113 posuit,
3292 3044 3391 3098 sed
3429 3044 3572 3115 quid
3601 3045 3679 3100 ab
3729 3046 3867 3101 aliis
3905 3047 3974 3101 di-

2267 3133 2489 3184 ceretur
2518 3130 2812 3201 exposuit;
2865 3147 2995 3202 quas
3036 3136 3233 3187 tamen
3264 3137 3465 3204 postea
3498 3133 3623 3204 jam
3670 3134 3974 3191 haereticus

2266 3217 2715 3288 pertinacissime
2761 3218 3120 3273 animositate
3168 3220 3441 3275 defendit.
3490 3221 3803 3277 Caelestius
3850 3240 3971 3277 vero

2267 3306 2577 3377 discipulus
2608 3306 2729 3376 ejus
2773 3307 2893 3378 jam
2941 3311 3175 3378 propter
3222 3308 3364 3363 tales
3418 3308 3767 3364 assertiones
3826 3312 3969 3384 apud

2266 3403 2670 3473 Carthaginem
2698 3404 2760 3457 in
2785 3404 3096 3475 episcopali
3112 3405 3350 3475 judicio,
3378 3405 3478 3461 ubi
3505 3423 3610 3478 ego
3641 3424 3768 3463 non
3805 3409 3970 3464 inter-

2264 3492 2367 3558 fui,
2399 3491 3049 3547 excommunicationem
3079 3499 3381 3549 meruerat.
3415 3497 3480 3549 In
3512 3497 3769 3551 secundo
3811 3498 3968 3567 libro,

2265 3581 2511 3651 quodam
2542 3582 2681 3644 loco,
2713 3583 2821 3636 Hoc
2851 3582 3228 3650 quisbusdam,
3259 3585 3504 3651 inquam,
3545 3586 3604 3638 in
3625 3584 3742 3655 ﬁne
3771 3588 3967 3658 largie-

2264 3673 2373 3736 tur,
2423 3673 2483 3724 ut
2522 3675 2743 3724 mortem
2801 3675 3083 3740 repentina
3129 3675 3539 3727 commutatione
3577 3689 3690 3729 non
3738 3679 3969 3731 sentiant

2265 3758 2429 3827 (Cap.
2467 3761 2552 3821 31,
2593 3775 2649 3813 n.
2686 3758 2790 3827 50),
2824 3770 3054 3814 sei-Vans
3076 3761 3264 3815 locum
3291 3761 3645 3832 diligentiori
3678 3764 3753 3818 de
3781 3765 3891 3820 hac
3912 3781 3968 3820 re

2263 3844 2646 3916 inquisitioni.
2668 3848 2781 3901 Aut
2807 3846 2962 3901 enim
2986 3863 3100 3902 non
3119 3848 3436 3903 morientur
3461 3869 3476 3918 ;
3500 3855 3603 3905 aut
3625 3851 3700 3907 de
3733 3853 3851 3908 vita
3870 3854 3969 3909 ista

2261 3934 2323 3988 in
2353 3938 2617 4001 mortem,
2664 3939 2720 3988 et
2749 3935 2818 3989 de
2839 3939 3024 3990 morte
3054 3936 3114 3990 in
3144 3941 3419 3992 aeternam
3447 3938 3630 3994 vitam
3669 3942 3966 3997 celerrima

2263 4022 2704 4076 commutatione
2721 4026 2996 4094 tanquam
3016 4024 3207 4079 inictu
3239 4025 3388 4079 oculi
3404 4029 3794 4098 transeundo,
3831 4048 3965 4086 mor-

2262 4114 2378 4165 tem
2409 4127 2524 4165 non
2553 4112 2816 4165 sentient.
2853 4113 2966 4166 Hoc
3012 4129 3155 4183 opus
3198 4113 3277 4167 sic
3324 4114 3558 4186 incipit:
3622 4118 3891 4184 Quamvis
3915 4124 3965 4175 in

2261 4199 2461 4255 mediis
2487 4204 2539 4253 et
2565 4202 2778 4268 magnis
2802 4215 3058 4256 curarum
3089 4204 3321 4258 aestibus.

2862 4289 3088 4344 CAPUT
3126 4293 3346 4346 XXXIV.

2262 4379 2335 4431 De
2355 4377 2517 4431 Unico
2532 4378 2829 4445 Baptismo,
2865 4383 3050 4433 contra
3077 4381 3404 4436 Petilianum
3427 4380 3502 4435 ad
3532 4382 3967 4453 Constantinum,

2945 4467 3086 4522 liber
3112 4482 3270 4522 unus.

2334 4552 2410 4606 Eo
2440 4554 2697 4622 tempore
2724 4552 2937 4608 librum
2959 4554 3028 4609 de
3062 4555 3233 4608 Unico
3270 4555 3558 4627 Baptismo
3581 4559 3816 4616 amicus
3846 4563 3969 4635 qui-

2264 4639 2397 4694 dam
2427 4655 2607 4707 meus,
2627 4656 2661 4694 a
2705 4641 2894 4695 nescio
2938 4657 3052 4711 quo
3070 4643 3351 4698 donatista
3370 4646 3713 4716 presbytero
3737 4652 3965 4723 accepit,

2264 4728 2551 4785 indicante
2582 4730 2738 4800 quod
2767 4730 3077 4785 Petilianus
3094 4732 3392 4804 episcopus
3418 4750 3619 4790 eorum
3653 4740 3970 4796 Constanti-

2266 4816 2457 4870 nensis
2512 4833 2644 4871 eum
2676 4818 2980 4890 scripserit.
3035 4821 3194 4874 Hunc
3244 4822 3316 4876 ad
3360 4839 3453 4877 me
3501 4823 3599 4878 ille
3652 4830 3876 4898 attulit,
3915 4846 3969 4883 ac

2263 4906 2631 4961 vehementer
2660 4911 2723 4962 ut
2750 4908 2801 4961 ei
2833 4908 3235 4979 responderem
3263 4911 3482 4981 rogavit
3506 4928 3520 4978 ;
3545 4917 3603 4966 et
3621 4914 3845 4972 factum
3874 4924 3968 4973 est.

2268 4994 2500 5049 Librum
2527 5000 2722 5050 autem
2743 4996 2916 5051 etiam
2945 5012 3138 5053 meum
3160 4998 3222 5052 in
3243 5015 3356 5070 quo
3373 5002 3672 5071 respondi,
3702 5007 3969 5061 eumdem

2264 5082 2497 5136 titulum
2527 5084 2736 5138 habere
2755 5084 2929 5152 volui,
2959 5085 3065 5139 hoc
3097 5089 3200 5154 est,
3230 5086 3299 5141 de
3342 5087 3514 5143 Unico
3548 5091 3874 5161 Baptismo.
3915 5097 3970 5149 ln

2266 5186 2379 5241 quo
2410 5171 2554 5226 libro
2597 5172 2738 5227 illud
2771 5173 2921 5243 quod
2952 5173 3067 5228 dixi
3092 5190 3104 5229 :
3146 5176 3557 5232 Constantinum
3587 5181 3971 5250 imperatorem

2264 5261 2563 5314 Donatistis
2597 5262 3012 5317 criminantibus
3041 5262 3406 5318 ordinatorem
3437 5266 3727 5323 Caeciliani
3753 5273 3970 5326 Felicem

2263 5346 2664 5416 Aptungensem
2690 5364 2797 5403 non
2834 5365 3057 5416 negasse
3086 5355 3447 5407 accusationis
3482 5355 3682 5423 locum,
3730 5364 3971 5428 quamvis

2264 5450 2348 5491 eos
2377 5438 2436 5489 in
2483 5438 2760 5496 Caeciliani
2803 5440 2944 5506 fictis
2996 5440 3314 5496 criminibus
3358 5442 3729 5501 calumniosos
3760 5452 3972 5515 fuisset

2328 5524 2343 5558 ι
2380 5523 2511 5575 Edd.
2538 5524 2715 5575 ferunt
2740 5524 3108 5579 dissolveram.
3130 5526 3317 5578 Verius
3336 5528 3479 5590 Mss.,
3494 5529 3885 5589 dissolverem.

4028 1611 4034 1839 l
