4062 6354
152 304 257 357 645

150 409 405 475 expertus
439 404 595 475 (Cap.
640 407 720 470 l6,
749 420 806 459 η.
841 405 956 473 28),
985 403 1046 458 in
1078 402 1277 457 ordine
1305 406 1627 474 temporum
1659 410 1857 476 postea

150 495 590 558 consideratam,
628 492 792 547 aliter
820 491 1117 546 inventum
1146 498 1247 545 est.
1278 492 1417 545 Nam
1446 493 1603 563 prius
1634 510 1855 549 memo-

154 587 312 636 ratus
345 584 657 652 Imperator
690 597 918 635 causam
948 580 1145 634 Felicis
1172 579 1305 634 fecit
1332 580 1519 635 audiri
1549 598 1583 635 a
1610 598 1855 653 procon-

152 673 299 737 sule,
325 670 422 724 ubi
453 670 661 740 legitur
690 670 1008 736 absolutus;
1035 674 1091 723 et
1114 673 1311 738 postea
1338 667 1460 737 ipse
1486 670 1855 725 Caecilianum

152 776 289 814 cum
320 758 737 812 accusatoribus
784 758 905 827 ejus
946 757 1224 818 auditum,
1271 757 1547 828 comperit
1582 758 1858 812 innocen-

151 850 295 911 tem,
331 846 432 900 ubi
473 862 568 899 eos
598 849 860 914 expertus
891 848 975 897 est
1015 843 1075 898 in
1108 830 1603 913 ejus-criminibus
1643 846 1859 899 calum-

153 934 368 987 niosos.
403 934 510 997 Qui
538 933 677 986 ordo
719 938 1044 1002 temporum
1083 947 1186 1002 per
1223 933 1481 985 consules
1521 932 1860 1002 declaratus,

151 1023 338 1077 multo
366 1020 758 1076 vehementius
787 1020 850 1074 iu
878 1036 945 1074 ea
974 1036 1143 1074 causa
1178 1020 1490 1074 calumnias
1529 1021 1859 1076 Donatista-

152 1126 289 1164 rum
309 1109 613 1178 convincit,
636 1108 977 1180 penitusque
998 1108 1274 1162 subvertit
1298 1125 1310 1162 :
1345 1110 1495 1179 quod
1518 1109 1653 1163 alibi
1676 1113 1862 1163 osten-

155 1198 370 1252 dimus.
402 1197 499 1251 Hic
528 1198 671 1252 liber
708 1198 785 1251 sic
822 1197 1060 1268 incipit:
1093 1197 1429 1266 Respondere
1470 1198 1701 1252 adversa
1740 1212 1858 1252 sen-

155 1288 435 1341 tientibus.

694 1400 699 1405 '
779 1392 1004 1446 CAPUT
1042 1391 1236 1447 XXXV.

234 1501 302 1553 De
325 1500 749 1554 Mamimianistis
780 1503 966 1553 contra
996 1501 1328 1564 Donatistas,
1364 1498 1498 1551 liber
1528 1512 1685 1553 unus.
1721 1526 1790 1539 -

798 1586 951 1659 [Non
991 1585 1217 1657 exstat.]

229 1692 440 1763 Scripsi
470 1692 638 1747 etiam
663 1693 876 1747 librum
898 1692 1046 1747 inter
1067 1696 1269 1747 cratera
1291 1695 1487 1747 contra
1514 1691 1859 1759 Donatistas,

153 1797 275 1836 non
318 1779 718 1834 brevissimum
766 1782 909 1835 sicut
960 1786 1144 1848 antea,
1193 1781 1289 1835 sed
1328 1780 1625 1851 grandem,
1680 1781 1860 1834 multo

155 1868 515 1939 diligentius;
579 1870 638 1923 in
686 1886 799 1940 quo
841 1873 1076 1940 apparet
1131 1868 1615 1940 quemadmodum
1661 1883 1861 1922 eorum

152 1958 424 2012 adversus
471 1958 772 2011 Ecclesiam
810 1957 1145 2011 catholicam
1185 1956 1429 2027 impium
1468 1973 1530 2010 ac
1571 1955 1860 2027 superbis-

154 2045 371 2099 simum
401 2061 652 2099 errorem
686 2046 801 2099 sola
830 2044 1083 2099 funditus
1113 2044 1653 2099 Maximianistarum
1692 2060 1863 2097 causa

156 2132 469 2199 subvertet,
517 2133 671 2203 quod
714 2132 958 2186 schisma
1012 2132 1225 2186 factum
1284 2135 1367 2185 est
1412 2148 1477 2185 ex
1520 2131 1645 2201 ipsa
1700 2135 1861 2201 parte

160 2221 388 2276 Donati.
414 2221 511 2275 Ilic
533 2220 676 2274 liber
696 2219 772 2273 sic
802 2220 1030 2291 incipit:
1057 2222 1230 2274 Multa
1247 2219 1368 2290 jam
1398 2219 1659 2288 diximus,
1692 2221 1863 2274 multa

152 2309 277 2377 jam
302 2311 645 2379 scripsimus.

766 2424 989 2479 CAPUT
1027 2423 1256 2478 XXXVI.

160 2532 238 2585 De
269 2530 462 2586 Gratia
502 2532 823 2584 Testamenti
857 2530 1015 2596 Novi,
1057 2529 1131 2584 ad
1167 2531 1501 2584 Honoratum
1538 2527 1673 2582 liber
1698 2541 1861 2581 unus.

236 2636 312 2688 Eo
343 2633 466 2704 ipso
496 2638 752 2705 tempore
783 2650 896 2705 quo
925 2638 1120 2687 contra
1152 2633 1471 2688 Donatistas
1500 2633 1866 2686 vehementer

160 2724 587 2791 exercebamur,
628 2727 683 2776 et
722 2727 917 2776 contra
959 2722 1291 2793 Pelagianos
1335 2720 1579 2775 exerceri
1603 2722 1723 2791 jam
1753 2736 1865 2773 coe-

158 2827 452 2881 peramus,
485 2811 700 2865 amicus
730 2811 966 2882 quidam
999 2811 1143 2865 mihi
1182 2811 1342 2864 misit
1384 2810 1638 2881 quinque
1668 2825 1701 2862 a
1730 2810 1865 2863 Car-

159 2899 396 2970 thagine
435 2900 801 2970 qumstiones,
849 2904 905 2953 et
944 2899 1166 2969 rogavit
1212 2903 1276 2952 ut
1321 2914 1414 2952 eas
1442 2898 1527 2952 illi
1566 2897 1863 2951 scribendo

160 3003 543 3057 exponerem;
590 3004 719 3058 quas
758 2993 924 3041 sunt:
972 2987 1118 3051 Quid
1164 2987 1274 3040 sibi
1319 2986 1455 3040 velit
1498 3001 1600 3039 vox
1629 2985 1726 3038 illa
1756 2986 1865 3039 Do-

159 3074 329 3141 mini,
360 3078 499 3129 Deus
541 3090 705 3142 meus,
748 3077 885 3129 Deus
915 3088 1081 3139 meus,
1135 3073 1331 3142 utquid
1376 3088 1458 3126 me
1480 3073 1865 3141 dereliquisti?

161 3164 337 3233 (Psal.
384 3179 494 3232 xxx,
547 3166 608 3230 l;
659 3163 853 3217 Matth.
910 3178 1081 3231 xxvu,
1134 3162 1250 3231 46.)
1298 3162 1362 3214 Et
1399 3159 1538 3231 quid
1585 3160 1658 3213 sit
1712 3159 1867 3230 quod

161 3252 246 3306 ait
299 3252 637 3321 Apostolus,
693 3253 760 3305 Ut
810 3253 868 3304 in
916 3251 1183 3303 charitate
1229 3249 1470 3302 radicati
1519 3253 1570 3302 et
1617 3248 1862 3315 fundati,

158 3340 508 3408 praevaleatis
549 3338 988 3408 comprehendere
1030 3353 1150 3392 cum
1190 3337 1433 3391 omnibus
1482 3338 1704 3402 sanctis,
1747 3352 1865 3404 quae

161 3430 238 3482 sit
292 3428 544 3493 latitudo,
594 3432 644 3481 et
686 3428 986 3495 longitudo,
1041 3431 1093 3480 et
1138 3426 1389 3493 altitudo,
1436 3429 1487 3480 et
1529 3424 1867 3494 profundum

165 3517 382 3587 (Ephes.
430 3534 511 3585 ιιι,
560 3520 644 3582 l7,
699 3516 807 3585 l8).
858 3518 922 3569 Et
975 3531 1103 3586 quae
1156 3514 1269 3568 sint
1316 3514 1572 3584 quinque
1615 3513 1867 3583 virgines

164 3606 375 3671 stultia,
432 3620 629 3675 quasve
669 3604 953 3674 sapientes
1004 3602 1223 3672 (Matth.
1259 3617 1382 3667 xxv,
1414 3602 1585 3670 1-12).
1622 3601 1687 3653 Et
1737 3615 1867 3670 quae

164 3692 281 3747 sint
317 3694 568 3747 tenebrae
614 3692 923 3747 exteriores
970 3691 1074 3761 (Id.
1122 3707 1259 3756 XXII,
1307 3689 1413 3759 13).
1464 3690 1530 3743 Et
1578 3688 1866 3758 quomodo

160 3780 604 3851 intelligendum
626 3780 718 3849 sit,
749 3781 981 3835 Verbum
999 3795 1125 3833 caro
1152 3781 1362 3845 factum
1385 3782 1463 3831 est
1482 3778 1654 3845 (Joan.
1682 3792 1720 3843 ι,
1752 3776 1863 3846 14).

162 3870 281 3939 Ego
312 3874 506 3923 autem
535 3869 764 3922 intuens
804 3885 977 3939 supra
1005 3868 1214 3921 dictam
1245 3865 1508 3920 haeresim
1541 3880 1747 3919 novam
1776 3863 1866 3917 in-

162 3958 395 4013 imicam
424 3958 621 4029 gratiae
648 3959 769 4025 Dei,
790 3964 1005 4012 sextam
1027 3957 1170 4011 mihi
1191 3955 1465 4027 proposui
1487 3955 1866 4025 quaestionem

163 4048 236 4101 de
264 4046 453 4101 Gratia
478 4046 823 4100 Testamenti
863 4046 1020 4100 Novi.
1065 4047 1143 4099 De
1174 4060 1291 4115 qua
1326 4043 1645 4113 disputans,
1688 4041 1866 4095 inter-

160 4134 351 4206 posita
394 4134 744 4204 expositione
787 4133 997 4203 psalmi
1040 4132 1303 4203 vigesimi
1348 4130 1540 4202 primi,
1593 4130 1655 4184 in
1704 4131 1866 4200 cujus

162 4222 347 4292 capite
373 4223 643 4293 scriptum
674 4226 757 4275 est
780 4220 933 4292 quod
966 4220 1241 4274 Dominus
1261 4217 1591 4274 exclamavit
1605 4219 1664 4272 in
1679 4233 1863 4285 cruce,

162 4310 318 4379 quod
344 4309 442 4363 ille
483 4308 699 4363 amicus
728 4308 792 4363 in
820 4307 1022 4378 primis
1060 4306 1204 4362 mihi
1241 4307 1543 4377 proposuit
1579 4321 1866 4376 exponen-

163 4397 335 4462 dum;
391 4395 584 4450 omnia
625 4396 724 4449 illa
789 4396 1042 4466 quinque
1099 4393 1331 4448 dissolvi
1384 4395 1578 4463 (Epist.
1633 4395 1753 4460 140,
1793 4391 1868 4447 ad

160 4486 554 4555 Honoratum):
592 4500 709 4538 non
757 4484 865 4538 hoc
904 4483 1103 4538 ordine
1162 4499 1277 4554 quo
1324 4486 1486 4537 erant
1537 4482 1864 4553 proposita;

163 4574 264 4627 sed
289 4574 432 4627 sicut
458 4572 603 4627 mihi
649 4572 951 4626 disserenti
993 4572 1062 4625 de
1104 4571 1288 4641 gratia
1320 4570 1460 4625 Novi
1494 4569 1863 4636 Testamenti,

162 4666 437 4732 tanquam
470 4662 587 4715 suis
615 4661 750 4715 locis
778 4669 1157 4729 congruenter
1194 4674 1488 4712 occurrere
1521 4663 1857 4728 potuerunt.

163 4751 264 4804 Hic
295 4750 441 4804 liber
467 4750 545 4803 sic
570 4749 802 4819 incipit:
837 4750 1082 4818 Quinque
1104 4748 1243 4802 mihi
1263 4749 1603 4818 proposuisti
1633 4752 1868 4802 tractan-

162 4840 263 4892 das
295 4840 631 4907 qumstioncs.

758 4943 983 4997 CAPUT
1020 4941 1271 4998 XXXVII.

259 5053 332 5105 De
353 5050 565 5119 Spiritu
590 5054 639 5104 et
666 5049 896 5111 Littera,
923 5049 997 5102 ad
1021 5048 1411 5115 Marcellinum,
1446 5046 1581 5101 liber
1607 5061 1764 5103 unus.

232 5158 318 5211 Ad
351 5172 522 5228 quem
552 5155 889 5225 scripseram
920 5159 1034 5209 tres
1068 5154 1265 5221 libros,
1292 5170 1540 5225 quorum
1560 5154 1762 5208 titulus
1785 5158 1869 5208 est

163 5246 233 5300 de
264 5248 626 5300 Peccatorum
672 5244 880 5299 Meritis
920 5250 976 5300 et
1012 5244 1387 5311 Remissione,
1430 5242 1527 5297 ubi
1561 5242 1868 5313 diligenter

166 5335 485 5405 disputatur
522 5333 694 5387 ctiam
732 5333 799 5388 de
832 5333 1115 5403 baptismo
1153 5333 1546 5403 parvulorum,
1583 5332 1868 5402 rescripsit

166 5423 309 5477 mihi
338 5439 395 5477 se
425 5422 597 5477 fuisse
628 5424 954 5493 permotum
984 5421 1136 5491 quod
1176 5420 1418 5475 dixerim
1458 5420 1583 5475 ﬁeri
1609 5436 1774 5491 posse
1804 5424 1869 5475 ut

124 5544 137 5560 ι
167 5512 240 5567 sit
268 5513 440 5567 homo
467 5511 589 5567 sine
615 5515 868 5583 peccato,
898 5510 947 5565 si
969 5511 1231 5566 voluntas
1260 5510 1383 5582 ejus
1415 5526 1535 5566 non
1568 5510 1734 5581 desit,
1759 5525 1867 5582 ope

1574 300 1787 357 LIBER
1857 280 2243 361 SECUNDUS.

3554 307 3659 360 646

1967 427 2271 497 adjuvante
2320 424 2547 494 divina;
2575 428 2835 497 quamvis
2880 444 3048 483 nemo
3087 433 3207 484 tam
3252 431 3516 500 perfectae
3560 434 3659 504 ju-

1968 516 2135 571 stitire
2166 516 2226 570 in
2255 516 2359 571 hac
2396 518 2511 571 vita
2536 518 2624 572 vel
2662 518 2855 587 fuerit,
2913 518 3002 572 vel
3046 518 3139 585 sit,
3180 520 3265 573 vel
3308 519 3535 575 futurus
3564 522 3655 577 sit.

1969 605 2236 670 Quaesivit
2263 606 2417 660 enim
2447 608 2737 677 quomodo
2758 607 2998 661 dixerim
3031 624 3193 679 posse
3214 608 3360 676 ﬁeri,
3383 611 3547 681 cujus
3576 612 3659 665 rei

1968 693 2110 747 desit
2164 694 2510 763 exemplum.
2554 696 2791 764 Propter
2849 695 2993 749 hanc
3052 697 3174 763 eius
3227 696 3657 767 inquisitionem

1967 782 2162 853 scripsi
2192 783 2401 836 librum
2435 783 2596 853 cujus
2626 788 2709 837 est
2738 782 2957 853 titulus,
2987 784 3055 838 de
3087 783 3300 853 Spiritu
3332 789 3389 839 et
3433 787 3658 852 Littera,

1967 874 2319 939 pertractans
2337 872 2704 941 apostolicam
2720 872 3061 925 sententiam
3078 872 3176 926 ubi
3189 872 3265 926 ait
3281 889 3293 927 :
3308 876 3517 929 Littera
3528 878 3663 929 occi-

1968 959 2070 1023 dit,
2096 960 2334 1027 Spiritus
2355 965 2531 1013 autem
2554 961 2799 1031 viviﬁcat
2820 962 2887 1032 (II
2908 962 3025 1017 Cor.
3061 978 3139 1028 Ill,
3165 966 3234 1031 6).
3259 964 3321 1016 In
3343 979 3455 1034 quo
3489 963 3657 1031 libro,

1969 1061 2142 1115 quam
2190 1048 2335 1100 Deus
2373 1047 2602 1117 adjuvit,
2652 1048 2856 1102 acriter
2902 1049 3187 1120 disputavi
3234 1054 3432 1104 contra
3465 1050 3659 1105 inimi-

1968 1150 2061 1188 cos
2092 1134 2289 1204 gratiae
2343 1134 2461 1197 Dei,
2494 1152 2607 1206 qua
2644 1136 2994 1205 justiticatur
3022 1137 3248 1209 impius.
3282 1139 3422 1194 Cum
3464 1143 3655 1194 autem

1967 1238 2199 1293 agerem
2246 1223 2314 1276 de
2344 1222 2829 1278 observationibus
2866 1226 3214 1293 Iudaeorum,
3256 1244 3287 1281 a
3317 1227 3659 1297 quibusdam

1968 1311 2109 1365 escis
2159 1310 2470 1365 secundum
2517 1315 2766 1367 veterem
2813 1314 3001 1383 legem
3031 1315 3462 1385 abstinentium,
3503 1316 3655 1371 dixi:

1968 1399 2337 1465 Quorumdam
2367 1415 2607 1455 escarum
2645 1405 2943 1457 cerimonias
2970 1404 3120 1472 (Cap.
3155 1407 3244 1470 2t,
3275 1420 3329 1458 η.
3359 1408 3469 1472 36),
3503 1404 3659 1475 quod

1968 1503 2178 1541 nomen
2206 1503 2323 1541 non
2352 1492 2437 1541 est
2466 1488 2525 1541 in
2557 1504 2665 1542 usu
2696 1488 3035 1544 Litterarum
3058 1494 3380 1545 sanctarum
3402 1493 3507 1563 (a):
3530 1492 3660 1547 ideo

1968 1580 2163 1628 tamen
2194 1574 2337 1628 mihi
2365 1590 2683 1646 congruens
2711 1576 2894 1631 visum
2913 1582 3015 1644 est,
3040 1580 3195 1648 quod
3227 1596 3257 1632 a
3285 1578 3529 1633 carendo
3559 1595 3659 1650 ap-

1969 1662 2206 1731 pellatas
2246 1661 2602 1730 cerimonias,
2643 1664 2805 1734 quasi
2835 1664 3172 1719 carimonias
3207 1667 3487 1720 memoria
3512 1670 3665 1721 tene-

1967 1750 2124 1819 bam,
2157 1766 2222 1805 eo
2253 1750 2407 1821 quod
2438 1751 2799 1806 observantes
2827 1758 3056 1807 careant
3078 1754 3166 1807 his
3197 1754 3367 1807 rebus
3392 1769 3424 1807 a
3454 1754 3663 1825 quibus

1970 1854 2028 1894 se
2059 1839 2359 1894 abstinent.
2413 1840 2572 1905 Quod
2626 1840 2671 1894 si
2710 1844 2794 1894 est
2822 1840 2983 1911 origo
3013 1841 3124 1894 alia
3171 1842 3341 1911 hujus
3387 1840 3662 1911 nominis,

1970 1947 2100 2003 quae
2148 1929 2417 1983 abhorret
2443 1945 2477 1983 a
2519 1943 2651 1981 vera
2692 1927 2986 1998 religione,
3021 1928 3334 1983 secundum
3364 1930 3509 1984 hanc
3555 1947 3662 2002 ego

1970 2034 2085 2071 non
2114 2033 2241 2071 sum
2293 2017 2530 2083 locutus,
2573 2016 2671 2071 sed
2718 2017 3031 2073 secundum
3069 2016 3237 2071 istam
3268 2034 3441 2089 quam
3488 2035 3662 2090 supra

1971 2102 2306 2158 memoravi.
2348 2102 2447 2157 Hic
2476 2102 2616 2157 liber
2644 2101 2722 2156 sic
2751 2102 2978 2173 incipit:
3023 2104 3195 2157 Lectis
3220 2105 3491 2172 opusculis
3537 2121 3657 2174 qua

1971 2192 2045 2246 ad
2070 2198 2119 2247 te
2142 2208 2313 2261 nuper
2341 2191 2634 2257 elaboravi,
2661 2192 2744 2260 fili
2772 2190 3089 2245 charissime
3120 2193 3447 2247 Marcelline.

2537 2299 2764 2353 CAPUT
2806 2299 3080 2353 XXXVIII.

2332 2390 2405 2441 De
2434 2387 2563 2441 Fide
2590 2392 2640 2440 et
2662 2388 2942 2456 Operibus,
2976 2388 3109 2442 liber
3140 2402 3298 2442 unus.

2042 2476 2261 2530 Interea
2290 2476 2461 2529 missa
2489 2483 2621 2529 sunt
2650 2476 2790 2529 mihi
2819 2492 2852 2529 a
2882 2474 3224 2546 quibusdam
3255 2475 3533 2531 fratribus
3554 2475 3668 2531 lai-

1972 2563 2052 2619 cis
2082 2564 2332 2635 quidem,
2356 2564 2455 2618 sed
2485 2564 2808 2618 divinorum
2830 2563 3188 2634 eloquiorum
3212 2563 3494 2628 studiosis,
3530 2564 3667 2619 scri-

1972 2654 2069 2723 pta
2097 2652 2390 2718 nonnulla,
2424 2668 2551 2723 qua:
2581 2651 2660 2706 ita
2688 2652 3109 2723 distinguerent
3138 2669 3171 2707 a
3199 2652 3365 2707 bonis
3396 2653 3667 2724 operibus

1974 2739 2343 2794 christianam
2388 2740 2582 2807 ﬁdem,
2616 2743 2680 2794 ut
2709 2741 2828 2795 sine
2856 2741 2960 2794 bac
2993 2757 3109 2795 non
3153 2758 3338 2812 posse,
3384 2741 3506 2796 sine
3556 2741 3672 2796 illis

1974 2834 2165 2883 autem
2194 2845 2357 2900 posse
2385 2827 2672 2898 perveniri
2703 2829 3038 2883 suaderetur
3067 2829 3137 2883 ad
3171 2834 3445 2883 aeternam
3473 2829 3667 2884 vitam.

1974 2918 2187 2982 Quibus
2232 2916 2581 2985 respondens
2610 2916 2821 2971 librum
2852 2916 3070 2987 scripsi,
3129 2917 3292 2987 cujus
3319 2932 3533 2971 nomen
3563 2921 3670 2986 est,

1973 3007 2042 3061 de
2075 3006 2205 3060 Fide
2256 3009 2313 3059 et
2364 3005 2661 3074 Operibus.
2714 3006 2778 3058 In
2830 3021 2943 3076 quo
3002 3003 3284 3075 disputavi
3327 3020 3442 3058 non
3488 3005 3672 3059 solum

1974 3093 2455 3166 quemadmodum
2490 3092 2671 3147 vivere
2690 3092 2935 3147 debeant
2958 3093 3139 3163 gratia
3166 3092 3370 3147 Christi
3394 3094 3412 3130 ί
3440 3109 3673 3164 regene-

1972 3180 2103 3251 rati,
2134 3197 2332 3235 verum
2371 3180 2543 3234 etiam
2573 3180 2769 3251 quales
2799 3180 2871 3234 ad
2910 3181 3195 3235 lavacrum
3225 3181 3674 3252 regenerationis

1975 3269 2222 3325 admitti.
2257 3268 2357 3324 Hic
2385 3268 2531 3324 liber
2558 3267 2637 3322 sic
2666 3267 2866 3340 incipit
2898 3284 2910 3322 :
2938 3268 3270 3335 Quibusdam
3300 3270 3533 3325 videtur.

2584 3374 2809 3430 CAPUT
2838 3376 3057 3431 XXXIX.

2089 3464 2399 3520 Breviculus
2431 3464 2739 3520 Collationis
2768 3480 2888 3519 cum
2915 3467 3235 3534 Donatistis,
3268 3467 3400 3521 libri
3428 3469 3554 3523 tres.

2045 3555 2424 3625 Posteaquam
2451 3554 2598 3608 facta
2619 3556 2703 3607 est
2723 3568 2855 3608 cum
2882 3554 3186 3609 Donatistis
3211 3559 3405 3611 nostra
3424 3555 3670 3624 collatio,

1975 3641 2221 3697 breviter
2276 3642 2714 3695 commemoravi
2769 3658 2899 3713 quae
2954 3647 3113 3713 gesta
3169 3643 3302 3711 sint,
3358 3644 3675 3716 litterisque

1972 3729 2383 3800 comprehendi
2411 3730 2726 3784 secundum
2746 3733 2859 3784 tres
2880 3729 3000 3785 dies
3033 3730 3242 3801 quibus
3273 3748 3403 3787 cum
3426 3732 3508 3787 eis
3536 3749 3672 3786 con-

1974 3816 2457 3886 tulimuszidque
2510 3833 2652 3886 opus
2690 3816 2828 3870 utile
2879 3816 3216 3885 existimavi,
3259 3835 3374 3889 quo
3425 3818 3671 3891 quisque

1975 3902 2376 3969 commonitus,
2410 3904 2497 3957 vel
2526 3903 2665 3957 sciat
2692 3903 2816 3957 sine
2848 3903 3044 3958 labore
3077 3903 3217 3975 quid
3246 3908 3435 3959 actum
3464 3905 3558 3974 sit,
3586 3906 3672 3960 vel

1975 3991 2244 4047 consultis
2275 3990 2547 4059 numeris,
2572 4008 2713 4062 quos
2742 3991 2913 4045 rebus
2942 3991 3181 4062 singulis
3211 3991 3498 4063 annotavi,
3525 3993 3680 4063 legat

1974 4081 2037 4136 in
2090 4080 2306 4133 eisdem
2344 4079 2523 4134 Gestis
2571 4080 2641 4134 ad
2670 4080 2861 4135 locum
2917 4081 3320 4153 quodcumque
3391 4082 3672 4148 voluerit;

1974 4168 2251 4239 quoniam
2310 4166 2549 4239 fatigant
2605 4167 2704 4222 illa
2773 4166 2945 4225 nimia
3004 4168 3325 4241 prolixitate
3379 4170 3673 4225 lectorem.

1976 4256 2155 4327 Hujus
2201 4260 2394 4310 autem
2448 4255 2635 4326 operis
2680 4255 2882 4312 titulus
2938 4262 3041 4323 est,
3108 4258 3435 4314 Breviculus
3487 4259 3675 4314 Colla-

1975 4342 2166 4398 tionis.
2211 4345 2325 4398 Hoc
2356 4360 2500 4414 opus
2553 4344 2633 4400 sic
2677 4343 2879 4417 incipit
2911 4363 2924 4401 :
2954 4348 3096 4402 Cum
3140 4348 3404 4404 catholici
3440 4350 3678 4418 episcopi

1980 4435 2035 4487 et
2056 4434 2235 4502 partis
2258 4435 2474 4488 Donati.

2645 4541 2871 4596 CAPUT
2899 4543 3006 4597 XL.

2116 4629 2241 4682 Post
2268 4628 2612 4684 Collationem
2644 4634 2830 4685 contra
2856 4632 3193 4700 Donatistas,
3219 4631 3357 4687 liber
3374 4647 3532 4688 unus.

2049 4715 2284 4770 Librum
2341 4716 2515 4771 etiam
2575 4717 2778 4781 scripsi
2830 4718 3127 4790 grandem,
3183 4719 3338 4788 satis,
3397 4725 3678 4791 quantum

1975 4802 2259 4869 existimo,
2292 4803 2598 4874 diligenter
2635 4806 2706 4860 ad
2735 4806 2891 4876 ipsos
2937 4806 3277 4876 Donatistas,
3331 4812 3463 4880 post
3511 4808 3680 4864 colla-

1975 4890 2192 4947 tionem
2224 4909 2400 4963 quam
2436 4910 2569 4948 cum
2601 4894 2882 4967 episcopis
2911 4911 3113 4951 eorum
3137 4895 3466 4966 habuimus,
3513 4913 3585 4951 ne
3610 4896 3681 4951 ab

1975 4979 2058 5035 eis
2087 4980 2495 5037 seducerentur
2522 4981 2779 5039 ulterius.
2806 4984 2912 5039 Ubi
2936 4984 3208 5056 respondi
3237 4985 3411 5041 etiam
3440 4985 3675 5058 quibus-

2039 5147 2168 5257 Ἀιέ
2189 5148 2319 5257 ἓίἕιβ.
2341 5146 2446 5208 hic,
2463 5149 2515 5196 et
2540 5147 2678 5197 infra
2698 5163 2812 5213 cap.
2843 5153 2900 5199 t7
2924 5165 2937 5211 ;
2960 5150 3150 5213 quibus
3169 5150 3299 5199 locis
3315 5149 3439 5200 editi
3464 5149 3677 5211 habent,

2008 5215 2153 5260 ralia
2189 5215 2303 5259 Dei.

1975 5223 2024 5303 φ
2039 5223 2423 5337 ῗᾶςῗῖθῗὶῗῖειιιό
2442 5285 2638 5322 nomen
2649 5274 2928 5337 qumsitum
2942 5275 3217 5337 diligenter
3228 5273 3280 5337 in
3293 5272 3532 5337 versione
3548 5272 3676 5322 LXX

1975 5347 2239 5406 nusquam
2262 5334 2693 5406 nobisoccurri-t‘;
2716 5338 2806 5384 sed
2827 5338 3017 5406 quibus
3040 5334 3169 5406 Iocis
3190 5334 3570 5406 vulgatababet
3583 5346 3680 5406 ea;-

1978 5408 2037 5445 re
2048 5399 2281 5454 manias,
2305 5397 2357 5444 in
2386 5397 2476 5445 illa
2488 5398 2780 5459 reperimus
2794 5397 3116 5455 ofxubuu,
3130 5397 3559 5459 justi/i'cationes;
3576 5397 3680 5457 vel,

1979 5470 2354 5516 rnosucnn,
2382 5456 2681 5523 praeripia;
2717 5460 2802 5508 vel
2838 5474 3106 5519 ruamus,
3132 5456 3433 5520 custodias;
3482 5456 3561 5507 vel
3597 5472 3679 5507 ωι-

1980 5531 2184 5581 τιιειλιι,
2206 5522 2513 5572 servitutem
2534 5522 2559 5583 ;’
2580 5534 2771 5581 xouox,
2796 5528 2891 5571 etc.
