4062 6366
372 281 469 335 647

371 405 503 458 dam
550 400 893 458 vanitatibus
934 415 1156 467 eorum,
1205 415 1333 471 quae
1361 399 1434 454 ad
1464 415 1570 454 nos
1614 399 1913 470 pervenire
1953 415 2063 471 po-

372 495 631 560 tuerunt,
650 507 792 562 quas
811 489 964 557 victi,
990 488 1088 544 ubi
1107 492 1373 559 poterant
1396 492 1452 542 et
1471 488 1754 559 quomodo
1776 493 2060 560 poterant,

365 580 735 653 jactitabant:
768 583 980 649 praeter
1003 576 1111 632 illa
1138 592 1268 648 qua).
1289 576 1404 631 dixi
1425 576 1494 632 de
1519 576 1699 632 Gestis
1729 576 2062 644 collationis,

373 670 527 726 unde
556 667 694 744 quid
727 672 916 723 actum
945 667 1018 722 sit
1035 666 1284 722 breviter
1303 671 1654 721 nosceretur.
1678 666 1851 721 Multo
1874 671 2066 720 autem

372 757 601 814 brevius
627 755 688 812 id
717 755 811 827 egi
837 755 896 809 in
927 755 1172 826 quadam
1200 754 1270 808 ad
1306 753 1536 808 eosdem
1565 769 1760 808 rursus
1804 753 2062 824 epistola.

373 846 481 902 Sed
501 845 638 918 quia
663 845 726 901 in
751 843 990 900 concilio
1011 842 1292 899 Numidiae
1313 843 1578 898 omnibus
1604 842 1704 914 qui
1733 841 1813 897 ibi
1841 858 2068 896 eramus

373 934 482 989 hoc
524 933 649 988 ﬁeri
691 932 926 1004 placuit,
977 947 1092 986 non
1127 935 1213 985 est
1253 929 1314 984 in
1352 930 1604 1002 epistolis
1645 929 1788 984 meis
1832 929 1930 1001 (a).
1977 929 2069 984 Sic

375 1021 589 1094 quippe
619 1019 852 1092 incipit:
880 1021 1155 1090 Sylvanus
1188 1034 1368 1082 senem,
1421 1020 1759 1087 Valentinus,
1809 1020 2065 1072 Innocen-

376 1112 506 1176 tius,
558 1111 914 1174 Maximinus,
982 1108 1233 1178 Optatus,
1290 1109 1650 1173 Augustinus,
1707 1109 1970 1172 Donatus,
2018 1110 2068 1159 et

381 1199 558 1252 ceteri
599 1198 838 1266 episcopi
881 1196 948 1250 de
986 1197 1206 1250 concilio
1251 1197 1490 1250 Zertensi
1539 1197 1554 1231 ¹
1603 1195 1677 1248 ad
1731 1196 2064 1249 Donatistas.

381 1285 481 1340 Hic
533 1285 679 1340 liber
721 1284 800 1340 sic
851 1283 1078 1356 incipit:
1127 1284 1274 1350 Quid
1336 1283 1512 1338 adhuc
1560 1285 1855 1339 Donatistae
1904 1281 2068 1337 sedu-

379 1374 567 1428 cimini
576 1373 606 1426 ?

1013 1442 1239 1498 CAPUT
1275 1440 1408 1494 XLI.

789 1533 864 1586 De
890 1529 1136 1584 Videndo
1164 1531 1290 1591 Deo,
1323 1529 1459 1582 liber
1485 1543 1648 1582 unus.

453 1620 530 1674 De
587 1617 838 1674 Videndo
898 1619 1010 1672 Deo
1058 1616 1258 1688 scripsi
1301 1616 1510 1671 librum
1555 1617 1755 1686 (Epist.
1828 1617 1948 1683 147,
1998 1615 2074 1670 ad

379 1707 706 1775 Paulinam),
761 1705 862 1760 ubi
918 1706 988 1760 de
1041 1703 1325 1775 spirituali
1365 1720 1602 1775 corpore
1647 1704 1798 1774 quod
1851 1704 1958 1758 erit
2012 1703 2071 1757 in

377 1795 796 1851 resurrectione
826 1797 1149 1848 sanctorum
1177 1792 1608 1865 inquisitionem
1640 1791 2070 1862 diligentiorem

381 1882 595 1950 distuli,
625 1887 821 1937 utrum
867 1881 956 1936 vel
987 1869 1273 1952 quomodo
1318 1881 1486 1942 Deus,
1528 1879 1628 1950 qui
1683 1879 1916 1950 spiritus
1963 1883 2068 1943 est,

379 1971 556 2026 etiam
582 1986 684 2042 per
711 1986 926 2042 corpus,
945 1969 1056 2024 tale
1080 1969 1368 2036 videatur;
1401 1968 1499 2022 sed
1531 1983 1658 2023 eam
1695 1972 1896 2038 postea
1915 1983 2074 2039 qua-.-

377 2059 622 2115 stionem
651 2075 786 2113 sane
812 2051 1206 2114 difﬁcillimam
1239 2056 1296 2110 in
1331 2055 1662 2123 novissimo,
1688 2055 1744 2110 id
1776 2060 1862 2110 est
1888 2056 1948 2110 in
1990 2055 2072 2110 vi-

378 2147 597 2219 gesimo
627 2150 684 2201 et
726 2145 973 2201 secundo
1005 2144 1148 2198 libro
1181 2144 1249 2198 de
1295 2143 1530 2198 Civitate
1580 2143 1676 2198 Dei
1711 2145 1857 2214 (Cap.
1893 2145 1984 2212 29,
2013 2159 2070 2197 n.

385 2240 432 2303 l,
472 2233 638 2305 sqq.),
689 2233 848 2301 satis,
895 2237 1178 2304 quantum
1223 2231 1486 2297 arbitror,
1547 2231 1839 2303 explicavi.
1872 2230 2073 2284 Inveni

379 2320 551 2376 etiam
593 2320 655 2376 in
701 2321 948 2392 quodam
979 2323 1170 2374 nostro
1201 2319 1411 2386 codice,
1464 2319 1523 2372 in
1555 2336 1669 2390 quo
1701 2323 1760 2373 et
1789 2319 1891 2373 iste
1926 2317 2076 2372 liber

377 2415 480 2477 est,
515 2409 805 2481 quoddam
834 2407 1334 2463 commonitorium
1363 2425 1394 2461 a
1425 2424 1516 2461 me
1551 2407 1763 2462 factum
1788 2407 1857 2462 de
1887 2407 1992 2461 hac
2014 2423 2073 2461 re

378 2497 451 2552 ad
490 2497 819 2568 episcopum
883 2496 1202 2550 Siccensem
1250 2494 1764 2562 Fortunatianum;
1813 2495 1966 2566 quod
2013 2494 2073 2548 in

379 2585 785 2656 Opusculorum
825 2600 1087 2638 meorum
1126 2583 1378 2638 indiculo
1408 2599 1511 2637 nec
1545 2582 1694 2638 inter
1732 2583 1926 2649 libros,
1973 2597 2076 2636 nec

377 2673 531 2727 inter
558 2672 825 2744 epistolas
851 2676 934 2726 est
965 2675 1224 2726 notatum
1257 2672 1344 2742 (b).
1377 2672 1474 2727 Hic
1511 2671 1654 2726 liber
1695 2671 1774 2725 sic
1803 2670 2025 2742 incipit.
2058 2687 2071 2726 :

377 2762 578 2817 Memor
603 2760 772 2816 debiti
791 2760 951 2832 .lllud
983 2763 1205 2814 autem:
1240 2761 1391 2816 Sicut
1415 2775 1652 2831 praesens
1688 2763 1900 2828 rogavi.

1003 2849 1230 2904 CAPUT
1280 2850 1437 2904 XLII.

729 2942 805 2994 De
835 2939 1046 2997 Natura
1075 2943 1125 2993 et
1155 2939 1351 2994 Gratia
1379 2939 1515 2993 liber
1539 2954 1697 2995 unus.

445 3025 610 3082 Venit
638 3025 808 3081 etiam
854 3030 990 3081 tunc
1018 3025 1079 3080 in
1125 3043 1329 3082 manus
1385 3043 1542 3082 meas
1590 3027 1824 3099 quidam
1867 3025 2080 3099 Pelagii

379 3114 546 3181 liber,
578 3113 678 3168 ubi
715 3113 966 3168 hominis
996 3117 1259 3168 naturam
1299 3119 1498 3170 contra
1551 3113 1655 3168 Dei
1696 3114 1938 3185 gratiam
1969 3131 2080 3187 qua

374 3203 722 3272 justiﬁcatur
747 3201 976 3272 impius,
1011 3205 1068 3255 et
1109 3217 1222 3272 qua
1250 3201 1543 3256 christiani
1599 3218 1816 3269 sumus,
1869 3207 2078 3273 quanta

379 3289 568 3361 potuit
586 3287 1081 3360 argumentatione
1103 3287 1377 3344 defendit.
1407 3287 1639 3343 Librum
1665 3305 1799 3358 ergo
1813 3305 1926 3360 quo
1947 3289 2079 3343 huic

377 3376 641 3449 respondi
720 3374 1050 3442 defendens,
1087 3374 1329 3444 gratiam
1385 3391 1503 3429 non
1544 3379 1742 3430 contra
1793 3380 2080 3444 naturam,

379 3465 474 3519 sed
500 3479 605 3535 per
661 3479 832 3535 quam
870 3466 1070 3516 natura
1101 3462 1375 3517 liberatur
1412 3467 1471 3517 et
1499 3462 1738 3534 regitur,
1767 3463 1836 3518 de
1868 3463 2081 3517 Natura

379 3555 437 3606 et
465 3551 656 3606 Gratia
675 3550 1024 3622 nuncupavi.
1055 3551 1119 3604 In
1142 3566 1254 3622 quo
1286 3551 1458 3606 verba
1485 3551 1746 3622 quasdam
1780 3567 1909 3623 quas
1929 3551 2082 3605 velut

377 3639 533 3711 Xysti
585 3639 829 3694 Romani
860 3638 1112 3710 episcopi
1141 3643 1198 3693 et
1253 3639 1522 3712 martyris
1580 3639 1843 3711 Pelagius
1871 3639 2080 3711 posuit,

374 3729 455 3783 ita
483 3727 708 3783 defendi
736 3733 1013 3800 tanquam
1061 3743 1256 3782 revera
1281 3728 1536 3799 ejusdem
1565 3727 1721 3800 Xysti
1769 3733 1993 3796 essent;
2022 3727 2075 3782 id

379 3817 535 3872 enim
561 3821 895 3891 putaveram
931 3816 1072 3872 :sed
1124 3822 1322 3889 postea
1383 3817 1496 3888 legi
1539 3815 1693 3872 Sexti
1753 3815 2079 3888 philosophi

375 3924 518 3978 esse,
548 3923 664 3963 non
694 3907 846 3980 Xysti
876 3906 1170 3962 christiani
1205 3907 1288 3978 (ο).
1351 3907 1452 3961 Hic
1501 3906 1649 3962 liber
1706 3906 1785 3960 sic
1835 3905 2033 3979 incipit
2063 3922 2074 3960 :

379 3997 604 4052 Librum
635 4013 788 4068 quem
817 3998 1064 4052 misistis.

999 4084 1225 4138 CAPUT
1270 4083 1456 4138 XLIII.

729 4175 802 4227 De
824 4173 1054 4230 Civitate
1083 4173 1194 4237 Dei,
1223 4172 1352 4226 libri
1369 4172 1573 4240 viginti
1597 4170 1722 4226 duo.

449 4265 497 4315 l.
529 4261 753 4315 Interea
790 4259 969 4313 Roma
1008 4259 1324 4313 Gothorum
1379 4258 1722 4329 irruptione,
1774 4258 2074 4329 agentium

376 4349 482 4405 sub
513 4365 647 4420 rege
675 4346 918 4414 Alarico,
951 4350 1120 4418 atque
1151 4345 1373 4418 impetu
1401 4362 1626 4418 magna?
1670 4346 1844 4400 cladis
1887 4363 2080 4402 eversa

441 4455 457 4487 ι
472 4452 593 4501 Lov.
604 4449 868 4511 ,Ctrtensi.
886 4449 1139 4498 Nonnulli
1152 4463 1276 4498 vero
1287 4450 1334 4498 Μ
1341 4451 1814 4509 ss.,Zersensi.aut,
1825 4449 2076 4502 Teriensi.

377 4513 695 4563 Bodleianus
711 4513 806 4561 Ms.
834 4516 885 4561 et
908 4511 1102 4574 Colleg.
1122 4512 1342 4574 Merton,
1365 4513 1487 4561 Mss.
1510 4512 1635 4574 duo,
1661 4511 1907 4574 Zirﬁiensi.
1932 4513 2078 4562 Alius

376 4574 876 4642 Bodl.,_lf1elensi.At
893 4574 1007 4623 Am.
1030 4573 1082 4622 et
1203 4587 1320 4642 cum
1341 4575 1387 4642 lt!
1395 4589 1464 4622 ss.
1479 4573 1938 4642 tredecimferunt,
1951 4578 2078 4642 Zer-

378 4637 537 4688 tcnsi.
552 4636 988 4686 Hanclectionem
1009 4635 1323 4685 conﬁrmant
1341 4636 1463 4686 Mss.
1481 4635 1675 4699 quibus
1692 4635 1825 4685 liber
1839 4637 1934 4687 iste
1951 4637 2078 4688 inte-

381 4711 474 4762 ger
501 4699 822 4762 continetur.

440 4759 516 4818 (a)
553 4760 696 4809 Inter
721 4773 809 4808 eas
843 4773 987 4808 nunc
1021 4763 1098 4809 est
1127 4759 1310 4809 ordine
1341 4763 1454 4809 141.

464 4821 512 4886 ὁ)
530 4822 680 4886 plane
702 4821 1043 4886 in_ter_Epi_stt_.
1060 4823 1318 4886 reperitur
1344 4823 1657 4886 ordinans,
1679 4824 1938 4886 tom.2,p.
1964 4826 2074 4874 739.

458 4882 514 4954 c)_
529 4884 702 4954 Yerba
718 4882 809 4933 illa
828 4882 970 4954 Sel—ni
991 4882 1287 4954 philosophi
1308 4884 1572 4954 esse‘legit
1594 4882 2077 4954 forte_Augustinus

379 4945 517 5009 apud
532 4945 744 4995 Hieron.
762 4945 852 5009 qui
874 4945 1034 5007 Epist.
1057 4946 1122 4993 ad
1140 4945 1550 5009 Ctesiphontem,
1579 4951 1632 4996 et
1649 4947 1704 4995 in
1715 4945 1906 4996 Jerein.
1932 4962 1978 4996 c.
1996 4951 2074 5006 22,

379 5011 430 5057 et
448 5005 702 5057 in'Ezech.
723 5021 767 5056 c.
802 5009 878 5057 18.
909 5007 1101 5055 erroris
1133 5021 1345 5056 causam
1373 5009 1428 5056 in
1458 5007 1705 5057 Ruﬁnum
1739 5009 1913 5057 refert.
1943 5010 2074 5057 Eum

378 5011 430 5057 et
448 5010 702 5057 in‘Ezech.
723 5021 767 5056 c.
802 5010 878 5067 18,
909 5010 1101 5055 erroris
1133 5021 1345 5056 causam
1373 5010 1428 5056 in
1458 5010 1705 5057 Ruﬁnum
1739 5010 1913 5058 refert.
1943 5010 2076 5059 Eum

376 5070 522 5140 enim
544 5082 663 5140 cum
682 5067 1168 5140 Sextisententiase
1189 5083 1360 5140 graeco
1385 5069 1435 5116 in
1461 5069 1684 5140 latinum
1693 5071 1956 5140 vertisset,
1979 5073 2077 5140 sub

379 5132 595 5204 nomine
616 5131 839 5204 S_._?Iysti
859 5131 1110 5204 martyris.
1125 5131 1274 5202 urbis
1284 5131 1465 5202 Romae
1476 5132 1707 5204 episcopi
1729 5133 1956 5204 edidisse
1967 5134 2077 5204 ὀι-ἰ-

376 5194 629 5256 minatur.
649 5191 782 5241 Hinc
797 5205 954 5256 porro
977 5191 1207 5256 lectitari
1215 5191 1404 5256 passim
1417 5206 1448 5256 ᾳ
1465 5191 1575 5256 piis
1584 5191 1711 5242 viris
1730 5194 1845 5243 etin
1859 5195 2076 5244 modum

374 5255 588 5315 annuli,
611 5269 766 5318 quem
797 5252 977 5303 earum
1007 5252 1308 5318 collectioni
1323 5252 1534 5318 titulum
1557 5255 1750 5318 fecerat
1767 5256 1998 5318 Ruﬁnus,
2019 5258 2076 5306 in

375 5331 540 5389 manu
561 5314 752 5380 gestari
777 5328 1001 5388 semper.
1027 5315 1263 5376 adeoque
1285 5314 1612 5386 familiariter
1634 5316 1814 5366 haberi
1835 5314 2074 5381 contigit,

375 5382 436 5426 ut
459 5380 582 5426 inde
602 5382 934 5426 sententiam.
955 5378 1008 5426 S.
1027 5377 1082 5426 P.
1107 5377 1418 5425 Benedictus
1430 5391 1485 5425 in
1506 5377 1701 5426 regulae
1718 5392 1828 5426 sua:
1848 5382 2074 5426 canite7.

375 5382 436 5427 ut
459 5380 582 5428 inde
602 5380 934 5428 sententiam.
955 5380 1008 5427 S.
1027 5380 1082 5426 P.
1108 5380 1485 5425 Benedictusin
1506 5380 1701 5440 regulae
1718 5392 1828 5428 sua:
1848 5380 2074 5443 capite'7.

375 5441 718 5513 protuleritin
740 5440 855 5512 haec
866 5439 1026 5489 verba
1042 5453 1053 5489 :
1069 5455 1095 5486 α
1118 5438 1262 5488 Sicut
1272 5439 1526 5501 scriptum
1549 5443 1642 5502 est,
1671 5439 1889 5503 Sapiens
1903 5443 2076 5493 verbis

374 5506 659 5552 innotescit
679 5506 877 5566 paucis.
901 5519 926 5546 »

1506 275 2170 333 RETRACTATIONUM
2224 275 2278 331 S.
2333 275 2736 332 AUGUSTINI.

3779 273 3894 326 648

2171 403 2284 467 est;
2317 398 2478 470 cujus
2508 397 2862 453 eversionem
2886 397 3122 452 deorum
3142 395 3417 452 falsorum
3443 396 3894 468 multorumque

2171 489 2437 553 cultores,
2488 503 2631 557 quos
2657 485 2865 540 usitato
2909 485 3143 540 nomine
3192 487 3447 557 Paganos
3487 501 3784 553 vocamus,
3829 484 3896 540 in

2175 575 2546 631 Christianam
2576 574 2916 646 religionem
2957 574 3169 628 referre
3199 578 3490 640 conantes,
3525 573 3692 629 solito
3724 590 3896 628 acer-

2171 663 2302 720 bius
2330 668 2387 718 et
2417 662 2666 718 amarius
2698 664 2877 718 Deum
2908 678 3105 717 verum
3136 662 3531 733 blasphemare
3561 667 3894 735 coeperunt.

2176 751 2337 806 Unde
2395 768 2500 821 ego
2560 751 2928 806 exardescens
2983 751 3105 805 zelo
3165 751 3367 805 domus
3422 751 3544 818 Dei,
3612 751 3899 806 adversus

2175 853 2376 891 eorum
2405 836 2789 908 blasphemias
2818 837 2904 890 vel
2943 851 3162 890 errores
3191 836 3366 890 libros
3403 836 3473 891 de
3516 835 3751 892 Civitate
3785 837 3900 892 Dei

2176 925 2421 981 scribere
2452 923 2696 979 institui.
2730 923 2892 989 Quod
2921 939 3063 994 Opus
3088 940 3194 994 per
3218 923 3437 994 aliquot
3465 940 3648 979 annos
3674 941 3769 980 me
3806 930 3898 980 te-

2176 1013 2316 1078 nuit,
2346 1029 2412 1068 eo
2437 1012 2591 1084 quod
2618 1011 2729 1067 alia
2769 1012 2948 1067 multa
2989 1011 3464 1081 intercurrebant,
3497 1028 3628 1083 quae
3655 1012 3895 1067 differre

2176 1117 2292 1155 non
2323 1105 2635 1170 oporteret,
2663 1105 2720 1155 et
2748 1117 2840 1155 me
2864 1099 3022 1171 prius
3042 1099 3115 1154 ad
3143 1099 3476 1154 solvendum
3506 1101 3890 1171 occupabant.

2179 1191 2294 1244 Hoc
2323 1195 2515 1244 autem
2547 1190 2616 1245 de
2647 1189 2880 1244 Civitate
2912 1187 3013 1244 Dei
3039 1188 3253 1260 grande
3283 1205 3426 1259 opus
3454 1188 3686 1244 tandem
3707 1190 3898 1261 vigin-

2175 1278 2220 1331 ti
2241 1277 2462 1332 duobus
2497 1276 2658 1332 libris
2689 1283 2774 1333 est
2801 1277 3190 1332 terminatum.
3211 1277 3467 1341 Quorum
3489 1278 3746 1349 quinque
3766 1278 3895 1350 pri-

2181 1363 2261 1418 mi
2291 1381 2388 1419 eos
2427 1363 2717 1428 refellunt,
2755 1364 2856 1436 qui
2893 1381 2983 1419 res
3015 1364 3296 1418 humanas
3323 1363 3404 1418 ita
3432 1365 3756 1436 prosperari
3787 1383 3895 1422 vo-

2180 1455 2324 1520 lunt,
2353 1458 2415 1507 ut
2441 1453 2513 1508 ad
2535 1453 2646 1507 hoc
2670 1454 2984 1507 multorum
3015 1452 3254 1507 deorum
3285 1452 3502 1507 cultum
3529 1461 3672 1524 quos
3702 1455 3893 1525 Paga-

2181 1542 2240 1596 ni
2270 1541 2458 1596 colere
2488 1545 2926 1607 consueverunt,
2955 1540 3341 1596 necessarium
3362 1556 3484 1596 esse
3503 1541 3894 1612 arbitrentur;

2179 1634 2238 1683 et
2265 1629 2399 1700 quia
2430 1629 2782 1700 prohibetur,
2819 1630 2970 1684 mala
3008 1629 3116 1683 ista
3144 1628 3355 1684 exoriri
3385 1633 3556 1701 atque
3593 1629 3895 1687 abundare

2179 1716 2557 1772 contendunt.
2603 1717 2910 1788 Sequentes
2958 1721 3148 1771 autem
3188 1716 3444 1788 quinque
3482 1716 3753 1773 adversus
3790 1735 3894 1774 eos

2182 1804 2517 1876 loquuntur,
2531 1806 2630 1876 qui
2646 1804 2898 1860 fatentur
2909 1805 3032 1860 haec
3052 1805 3202 1860 mala
3214 1820 3319 1860 nec
3341 1804 3585 1860 defuisse
3607 1822 3892 1878 unquam,

2185 1909 2290 1948 nec
2319 1893 2586 1948 defutura
2605 1893 2962 1961 mortalibus,
2987 1899 3042 1948 et
3069 1910 3135 1948 ea
3162 1909 3314 1948 nunc
3332 1909 3560 1964 magna,
3581 1910 3734 1951 nunc
3754 1912 3892 1967 par-

2181 1999 2268 2047 va,
2301 1981 2456 2050 locis,
2507 1981 2882 2052 temporibus,
2929 1981 3301 2053 personisque
3348 1982 3592 2038 variari:
3623 1984 3722 2040 sed
3750 1984 3894 2040 deo-

2182 2086 2309 2125 rum
2331 2070 2646 2125 multorum
2691 2071 2929 2131 cultum,
2967 2087 3081 2142 quo
3124 2070 3206 2125 eis
3243 2071 3608 2135 sacriﬁcatur,
3653 2078 3894 2145 propter

2182 2158 2359 2214 vitam
2400 2163 2530 2230 post
2569 2163 2816 2213 mortem
2860 2159 3115 2214 futuram
3163 2175 3283 2214 esse
3322 2160 3524 2216 utilem
3567 2161 3888 2232 disputant.

2185 2247 2279 2302 His
2306 2263 2442 2318 ergo
2473 2247 2667 2302 decem
2699 2247 2858 2302 libris
2888 2247 3017 2303 dua:
3048 2247 3169 2301 ista:
3200 2264 3362 2303 vana:
3394 2249 3699 2320 opiniones
3736 2251 3892 2306 chri-

2177 2336 2377 2390 stiana:
2403 2335 2670 2406 religioni
2696 2336 3032 2391 adversaria:
3063 2335 3422 2394 refelluntur.

2253 2426 2305 2478 2.
2347 2423 2456 2478 Sed
2484 2439 2557 2478 ne
2579 2423 2882 2495 quisquam
2904 2439 3008 2478 nos
3037 2425 3224 2479 aliena
3251 2430 3476 2481 tantum
3503 2427 3891 2498 redarguisse,

2186 2526 2302 2565 non
2322 2515 2514 2566 autem
2534 2516 2726 2566 nostra
2736 2511 3040 2566 asseruisse
3053 2513 3525 2583 reprehenderet;
3545 2515 3602 2568 id
3618 2515 3739 2586 agit
3755 2532 3895 2586 pars

2185 2601 2364 2654 altera
2393 2599 2585 2670 operis
2622 2599 2815 2670 hujus,
2842 2617 2971 2671 qua:
3006 2599 3165 2655 libris
3201 2601 3504 2657 duodecim
3538 2604 3891 2660 continetur.

2185 2685 2526 2758 Quanquam
2556 2687 2655 2742 ubi
2691 2705 2834 2759 opus
2881 2693 2985 2755 est,
3017 2693 3072 2743 et
3112 2688 3173 2742 in
3204 2689 3487 2760 prioribus
3531 2691 3726 2748 decem
3757 2707 3896 2764 quae

2186 2781 2381 2830 nostra
2420 2780 2554 2831 sunt
2590 2791 2931 2846 asseramus,
2963 2781 3019 2831 et
3047 2776 3107 2831 in
3137 2777 3438 2833 duodecim
3472 2780 3896 2850 posterioribus

2185 2864 2600 2936 redarguamus
2648 2865 2908 2920 adversa.
2966 2864 3277 2921 Duodecim
3307 2881 3442 2937 ergo
3480 2867 3764 2923 librorum
3802 2885 3894 2923 se-

2186 2953 2489 3024 quentium
2519 2953 2694 3024 primi
2725 2958 2976 3025 quatuor
3010 2954 3308 3010 continent
3351 2965 3617 3011 exortum
3642 2956 3893 3012 duarum

2188 3042 2502 3109 civitatum,
2534 3057 2781 3113 quarum
2819 3048 2905 3098 est
2935 3059 3046 3097 una
3074 3042 3194 3109 Dei,
3238 3044 3418 3099 altera
3444 3044 3617 3115 hujus
3661 3047 3888 3102 mundi.

2188 3129 2430 3186 Secundi
2469 3134 2735 3201 quatuor,
2773 3147 3076 3186 excursum
3121 3147 3318 3187 earum
3355 3132 3470 3188 sive
3512 3149 3885 3204 procursum.

2187 3217 2365 3272 Tertii
2393 3233 2546 3285 vero,
2577 3218 2678 3289 qui
2706 3223 2763 3272 et
2799 3219 3319 3289 postremi,debitos
3361 3219 3523 3276 ﬁnes.
3570 3222 3656 3276 Ita
3687 3237 3892 3278 omnes

2189 3303 2392 3376 viginti
2421 3309 2477 3359 et
2505 3305 2618 3360 duo
2647 3305 2782 3361 libri
2807 3321 2939 3360 cum
2963 3306 3076 3362 sint
3119 3307 3190 3362 de
3230 3311 3471 3380 utraque
3499 3307 3722 3365 civitate
3750 3327 3890 3365 con-

2188 3391 2404 3462 scripti,
2435 3391 2664 3446 titulum
2692 3397 2885 3447 tamen
2915 3409 2949 3448 a
2968 3393 3205 3449 meliore
3226 3401 3584 3467 acceperunt,
3604 3401 3670 3452 ut
3699 3399 3772 3454 de
3797 3399 3890 3455 Ci-

2186 3479 2359 3534 vitate
2391 3479 2491 3533 Dei
2511 3479 2702 3549 potius
2730 3485 3082 3537 vocarentur.
3118 3483 3182 3536 In
3214 3499 3460 3554 quorum
3489 3483 3710 3540 decimo
3740 3486 3889 3542 libro

2188 3583 2306 3622 non
2323 3566 2518 3621 debuit
2536 3582 2639 3638 pro
2653 3566 2927 3623 miraculo
2945 3568 3084 3640 poni
3098 3569 3158 3623 in
3168 3570 3408 3626 Abrahae
3421 3573 3714 3641 sacriﬁcio,
3731 3574 3893 3629 ﬂam-

2189 3671 2342 3710 mam
2382 3654 2602 3710 coelitus
2636 3654 2841 3710 factam
2873 3655 3024 3711 inter
3060 3657 3267 3712 divisas
3295 3659 3552 3715 victimas
3575 3663 3892 3718 cucurrisse

2187 3745 2342 3815 (Cap.
2375 3746 2431 3814 8)
2448 3760 2468 3812 1;
2499 3743 2776 3816 quoniam
2793 3743 2902 3799 hoc
2929 3744 3016 3800 illi
3042 3745 3103 3799 in
3134 3744 3346 3800 visione
3376 3753 3757 3806 monstratum
3783 3757 3888 3806 est.

2187 3833 2252 3886 In
2281 3832 2522 3903 septimo
2544 3832 2765 3892 decimo
2786 3833 2956 3902 libro,
2977 3834 3134 3906 quod
3155 3833 3371 3890 dictum
3395 3840 3476 3890 est
3502 3837 3573 3892 de
3603 3838 3890 3908 Samuele,

2186 3921 2306 3977 Non
2346 3925 2462 3975 erat
2498 3921 2563 3975 de
2589 3921 2721 3990 ﬁliis
2758 3921 2946 3977 Aaron
2977 3923 3126 3992 (Cap.
3159 3926 3211 3989 5,
3239 3938 3296 3979 n.
3335 3923 3420 3992 2);
3449 3923 3756 3982 dicendum
3784 3945 3893 4000 po-

2187 4007 2300 4063 tius
2330 4007 2458 4076 fuit,
2502 4010 2629 4064 Non
2658 4015 2779 4064 erat
2803 4009 2954 4066 ﬁlius
2979 4010 3306 4066 sacerdotis.
3345 4011 3517 4067 Filios
3547 4014 3764 4088 quippe
3806 4033 3894 4072 sa-

2187 4097 2481 4153 cerdotum
2510 4097 2788 4154 defunctis
2807 4099 3198 4155 sacerdotibus
3223 4101 3522 4157 succedere
3549 4105 3731 4176 magis
3746 4105 3895 4178 legi-

2187 4185 2314 4239 timi
2344 4185 2522 4240 moris
2550 4185 2693 4241 fuit:
2735 4203 2870 4242 nam
2904 4187 2968 4242 in
3002 4185 3138 4243 ﬁliis
3178 4191 3371 4245 Aaron
3409 4190 3693 4262 reperitur
3724 4196 3896 4263 pater

2187 4272 2470 4328 Samuelis
2499 4273 2571 4343 (a)
2588 4290 2602 4340 ;
2621 4274 2720 4329 sed
2750 4276 3009 4331 sacerdos
3035 4292 3154 4332 non
3182 4276 3312 4344 fuit,
3341 4294 3446 4334 nec
3474 4279 3554 4333 ita
3580 4279 3640 4334 in
3668 4279 3808 4336 ﬁliis
3827 4287 3896 4336 ut

2187 4376 2320 4415 eum
2341 4360 2464 4431 ipse
2490 4361 2752 4431 genuerit
2771 4365 2980 4426 Aaron,
3009 4365 3109 4420 sed
3131 4365 3275 4421 sicut
3293 4383 3492 4422 omnes
3509 4367 3664 4423 illius
3685 4371 3894 4442 populi

2187 4447 2460 4504 dicuntur
2480 4449 2585 4504 lilii
2614 4451 2805 4507 Israel.
2849 4453 2965 4507 Hoc
2989 4469 3134 4525 opus
3166 4454 3246 4509 sic
3279 4454 3520 4528 incipit:
3553 4457 3894 4515 Gloriosissi-

2186 4553 2330 4593 mam
2359 4539 2632 4594 civitatem
2655 4541 2767 4594 Dei.

2820 4627 3044 4684 CAPUT
3079 4630 3257 4684 XLIV.

2185 4712 2279 4767 Ad
2309 4713 2579 4783 Orosium,
2609 4719 2797 4771 contra
2826 4718 3275 4774 Priscillianistas
3303 4723 3354 4774 et
3373 4719 3728 4790 Origenistas,
3755 4723 3898 4779 liber

2955 4821 3095 4862 unus
3103 4846 3117 4861 ο

2256 4891 2412 4945 Inter
2437 4891 2561 4946 haec
2589 4892 2774 4948 Orosii
2806 4893 3102 4964 cujusdam
3131 4895 3364 4966 Hispani
3407 4897 3726 4968 presbyteri
3756 4915 3896 4956 con-

2185 4979 2482 5034 sultationi
2507 4980 2576 5035 de
2605 4981 3066 5052 Priscillianistis,
3091 4987 3148 5040 et
3171 4985 3241 5039 de
3266 4985 3611 5056 quibusdam
3629 4987 3896 5059 Origenis

2183 5066 2439 5122 sensibus
2469 5084 2611 5139 quos
2639 5069 2914 5124 catholica
2952 5069 3094 5126 ﬁdes
3122 5071 3431 5143 improbat,
3471 5079 3684 5145 quanta
3727 5080 3896 5146 potui

2182 5154 2458 5210 brevitate
2497 5171 2561 5210 ac
2601 5157 3006 5228 perspicuitate
3053 5161 3367 5232 respondi:
3419 5163 3582 5233 cujus
3627 5169 3897 5235 opusculi

2184 5241 2382 5298 titulus
2412 5247 2497 5298 est
2529 5245 2599 5299 ad
2630 5245 2915 5315 Orosium,
2959 5252 3159 5304 contra
3195 5250 3646 5306 Priscillianistas
3676 5257 3734 5307 et
3763 5253 3896 5309 Ori-

2248 5383 2320 5457 (a)
2344 5385 2454 5457 [mo
2477 5385 2692 5457 samuel
2707 5388 2760 5437 in
2782 5388 2902 5457 filiis
2921 5389 3050 5457 Core
3071 5391 3443 5457 temuliAaron
3463 5393 3726 5456 reperitur
3745 5397 3766 5444 Ι
3799 5397 3898 5447 Pa-

2184 5445 2336 5509 ralip.
2425 5448 2766 5519 Inciditergo
2799 5452 2856 5519 in
2875 5453 3132 5519 fitiosum
3163 5454 3418 5519 codicem,
3441 5445 3538 5505 aut'
3551 5460 3688 5506 certe
3715 5458 3783 5508 ab
3802 5445 3898 5509 ali-

2185 5507 2303 5572 quo‘
2321 5507 2422 5560 alio
2457 5507 2838 5576 deceptus'fuit
2872 5513 2924 5564 S.
2953 5515 3297 5580 Augustinus.
