4062 6350
123 232 244 283 619

122 353 414 423 genistas.
455 355 520 410 Et
548 354 673 427 ipsa
701 353 854 409 enim
883 355 1219 410 consultatio
1246 356 1609 428 responsioni
1636 374 1779 413 meae
1804 376 1837 414 τι

123 443 323 515 capite
354 443 622 515 adjuncta
650 451 751 498 est.
787 444 886 498 Hic
925 444 1071 498 liber
1108 445 1187 498 sic
1224 444 1468 517 incipit‘:
1501 449 1837 517 Respondere

126 532 246 586 tibi
273 536 558 601 quzrmti,
590 533 937 587 dilectissime
961 534 1045 602 ﬁli
1075 533 1249 589 Orosi.

778 656 1003 711 CAPUT
1041 657 1193 711 XLV.

778 656 818 711 C
1067 659 1079 669 '
1178 696 1193 711 .
1540 691 1548 698 -

124 744 230 801 Ad
256 746 643 814 Hieronymum
666 656 1199 814 presbzferlfmﬁi‘b‘;
1234 745 1370 811 duo;
1401 760 1540 800 unus
1568 745 1634 801 de
1660 746 1838 813 Origi-

385 849 453 888 ne
475 834 708 900 Anima,
740 838 791 888 et
819 833 961 887 alius
991 833 1057 887 de
1083 834 1361 889 Sententia
1382 835 1587 889 Jacobi.

206 939 417 1011 Scripsi
473 938 646 994 etiam
703 938 846 993 duos
900 938 1075 992 libros
1131 939 1326 1009 (Epist.
1392 942 1519 1004 166,
1584 940 1709 1009 l67)
1764 941 1836 996 ad

124 1029 548 1100 Hieronymum
581 1027 974 1098 presbyterum
1006 1027 1299 1082 sedentem
1340 1026 1402 1081 in
1454 1028 1785 1083 Bethlehem
1819 1045 1834 1084 :

123 1133 318 1171 unum
336 1117 406 1171 de
428 1115 662 1186 Origine
691 1115 914 1170 Animas
940 1115 1189 1170 hominis
1216 1132 1229 1170 :
1252 1116 1496 1170 alterum
1516 1117 1586 1171 de
1605 1117 1837 1171 Senten-

124 1206 215 1260 tia
242 1204 441 1260 Jacobi
472 1204 732 1276 apostoli,
756 1203 854 1258 ubi
881 1203 980 1272 ait,
1004 1204 1340 1275 Quicumque
1363 1210 1529 1260 totam
1550 1207 1715 1273 legem
1735 1221 1839 1259 ser-

119 1296 364 1361 vaverit,
405 1293 645 1362 oﬂ’endat
675 1296 853 1347 autem
881 1295 941 1347 in
970 1308 1094 1359 uno,
1126 1295 1307 1359 factus
1336 1298 1413 1348 est
1440 1296 1677 1348 omnium
1712 1309 1834 1348 reus

119 1383 337 1452 (Jacobi
379 1399 439 1445 ιι,
495 1382 619 1452 10);
666 1380 734 1436 de
786 1384 1027 1451 utroque
1073 1381 1375 1434 consulens
1418 1396 1571 1436 eum.
1618 1381 1728 1437 Sed
1774 1381 1835 1436 in

118 1470 231 1525 illo
258 1470 452 1542 priore
479 1469 857 1541 quaestionem
887 1484 1060 1540 quam
1078 1468 1360 1539 propOsui
1379 1469 1498 1540 ipse
1522 1485 1638 1523 non
1662 1469 1830 1536 solvi;

118 1559 189 1613 in
222 1558 539 1631 posteriore
563 1562 757 1612 autem
786 1556 926 1629 quid
957 1557 1299 1612 mihideilla
1327 1559 1597 1613 solvenda
1620 1559 1834 1613 videre-

112 1650 222 1700 tur
247 1646 370 1717 ipse
400 1662 517 1700 non
544 1646 696 1699 tacui
725 1661 738 1699 :
771 1644 869 1699 sed
897 1649 1092 1699 utrum
1121 1646 1230 1700 hoc
1261 1646 1604 1717 approbaret
1653 1646 1827 1701 etiam

115 1734 245 1795 ille,
279 1733 560 1788 consului.
594 1732 903 1804 Rescripsit
933 1738 1124 1788 autem
1154 1734 1393 1789 laudans
1418 1735 1675 1789 eamdem
1697 1751 1832 1789 con-

116 1822 501 1877 sultationem
549 1837 776 1889 meam;
830 1820 939 1876 sibi
992 1826 1187 1876 tamen
1243 1822 1313 1877 ad
1365 1823 1832 1893 respondendum

118 1910 317 1965 otium
346 1925 462 1964 non
491 1925 611 1964 esse
650 1908 963 1979 respondit.
1015 1910 1130 1979 Ego
1175 1925 1308 1965 vero
1354 1926 1649 1981 quousque
1689 1915 1835 1966 esset

115 1999 187 2053 in
219 2014 475 2070 corpore,
505 1997 607 2052 hos
630 1997 805 2052 libros
826 1997 994 2052 edere
1026 1998 1206 2064 nolui,
1245 2014 1318 2052 ne
1346 1998 1494 2054 forte
1523 2000 1829 2070 responde-

116 2090 217 2141 ret
250 2084 582 2156 aliquando,
628 2089 845 2139 etcum
890 2084 1015 2156 ipsa
1058 2085 1427 2155 responsione
1474 2086 1600 2156 ejus
1648 2086 1833 2158 potius

117 2175 462 2229 ederentur.
495 2173 599 2228 Illo
630 2178 822 2227 autem
853 2173 1119 2228 defuncto
1148 2173 1218 2227 ad
1244 2174 1350 2228 hoc
1375 2174 1527 2229 edidi
1555 2175 1829 2244 priorem,

115 2268 190 2316 ut
210 2261 316 2334 qui
338 2261 478 2333 legit
501 2262 879 2316 admoneatur
892 2266 993 2315 aut
1014 2277 1131 2315 non
1147 2278 1404 2333 quaerere
1430 2263 1667 2317 omnino
1691 2279 1830 2334 quo-

118 2352 306 2405 modo
332 2350 502 2405 detur
527 2350 719 2404 anima
756 2350 1139 2417 nascentibus,
1163 2356 1261 2405 aut
1281 2355 1430 2405 certe
1460 2351 1530 2406 de
1552 2367 1613 2406 re
1635 2352 1832 2406 obscu-

118 2440 358 2494 rissima
386 2456 512 2494 eam
545 2439 890 2493 solutionem
922 2438 1259 2510 quaestionis
1296 2439 1468 2510 hujus
1508 2439 1829 2509 admittere,

118 2545 257 2600 quis
292 2527 578 2583 contraria
608 2543 722 2582 non
753 2527 827 2582 sit
854 2527 1227 2599 apertissimis
1255 2527 1445 2591 rebus,
1464 2545 1605 2600 quas
1635 2529 1703 2583 de
1724 2529 1827 2583 ori-

118 2616 311 2688 ginali
340 2620 569 2688 peccato
608 2614 748 2670 ﬁdes
776 2616 1055 2671 catholica
1098 2615 1252 2670 novit
1297 2615 1359 2670 in
1400 2616 1673 2687 parvulis,
1721 2614 1831 2670 nisi

115 2709 541 2777 regenerentnr
566 2704 628 2758 in
660 2703 905 2771 Christo,
932 2703 1054 2759 sine
1076 2704 1431 2759 dubitatione
1453 2704 1826 2759 damnandis:

117 2793 508 2865 posteriorem
548 2810 704 2861 vero,
736 2793 810 2848 ad
855 2794 964 2848 hoc
1003 2798 1069 2848 ut
1111 2793 1445 2865 quaestionis
1488 2793 1557 2848 de
1611 2810 1721 2864 qua
1750 2791 1831 2847 ibi

117 2882 338 2954 agitur,
368 2882 543 2937 etiam
567 2898 695 2955 quae
726 2881 889 2936 nobis
924 2876 1044 2936 visa
1087 2886 1173 2936 est
1216 2881 1424 2936 solutio
1471 2881 1597 2952 ipsa
1631 2897 1832 2936 nosca-

115 2974 241 3026 tur.
299 2972 413 3025 Hoc
466 2986 611 3042 opus
669 2969 748 3025 sic
802 2968 1005 3040 incipit
1044 2972 1257 3024 :Deum
1301 2974 1544 3025 nostrum
1592 2971 1691 3040 qui
1733 2984 1830 3024 nos

116 3060 362 3114 rocavit.

759 3163 985 3218 CAPUT
1024 3162 1205 3217 XLVI.

117 3254 223 3310 Ad
258 3254 555 3309 Emeritum
604 3254 1010 3308 Donatistarum
1054 3253 1379 3321 episcOpum,
1419 3253 1544 3321 post
1587 3251 1828 3305 collatio-

466 3357 608 3404 nem,
641 3341 778 3396 liber
795 3356 953 3396 unus.
984 3370 1055 3380 —
1088 3338 1240 3412 [Non
1266 3336 1491 3411 exstat]

196 3448 286 3503 Ad
310 3447 623 3503 Emeritam
648 3446 1090 3513 Donatistarum,
1120 3446 1472 3518 episcopum,
1496 3445 1675 3518 quiin
1715 3446 1828 3500 col-

117 3536 342 3592 latione
368 3541 562 3591 nostra
590 3552 764 3607 quam
796 3551 927 3590 cum
956 3535 1068 3589 illis
1097 3534 1424 3601 habuimus,
1459 3550 1661 3589 eorum
1691 3552 1829 3590 cau-

119 3641 256 3680 sam
283 3626 532 3680 maxime
561 3641 728 3696 agere
757 3625 1073 3691 videbatur,
1097 3623 1401 3695 aliquando
1423 3628 1552 3695 post
1571 3624 1831 3679 eamdem

119 3700 491 3770 collationem
522 3712 722 3785 scripsi
750 3713 963 3768 librum
993 3712 1128 3767 satis
1173 3712 1394 3781 utilem,
1427 3712 1703 3783 quoniam
1742 3728 1832 3766 res

120 3803 342 3875 quibus
384 3803 705 3869 vincuntur,
750 3802 840 3856 vel
886 3800 1021 3855 victi
1074 3816 1194 3855 esse
1240 3806 1653 3867 monstrantur,
1685 3817 1832 3855 com-

121 3891 302 3946 moda
329 3890 606 3945 brevitate
653 3888 1073 3959 complectitur.
1124 3888 1222 3943 ilic
1264 3888 1410 3943 liber
1454 3888 1535 3943 sic
1580 3888 1828 3960 incipit:

122 3983 187 4036 Si
217 3980 303 4034 vel
325 3994 486 4046 nunc,
508 3980 691 4045 frater
716 3979 970 4032 Emerita.

749 4101 976 4156 CAPUT
1013 4100 1216 4154 XLVII.

538 4191 612 4244 De
641 4187 815 4245 Gestis
842 4189 1069 4257 Pelagii,
1101 4187 1238 4242 liber
1260 4202 1421 4242 unus.

199 4298 311 4351 Per
337 4294 490 4350 idem
519 4299 744 4366 tempus
791 4294 853 4349 in
900 4294 1147 4359 Oriente,
1190 4293 1297 4348 hoc
1326 4298 1409 4348 est
1436 4292 1497 4347 in
1535 4293 1695 4364 Syria
1727 4294 1833 4349 Pa-

125 4383 373 4451 laestina,
408 4383 668 4454 Pelagius
699 4399 731 4437 a
760 4383 1102 4454 quibusdam
1131 4381 1423 4437 catholicis
1462 4381 1736 4436 fratribus
1764 4383 1833 4438 ad

126 4472 478 4544 episcopalia
523 4473 686 4527 Gesta
740 4471 1068 4542 perductus,
1120 4471 1313 4542 eisque
1366 4470 1696 4525 absentibus
1735 4471 1835 4541 qui

127 4562 200 4616 de
228 4561 329 4615 illo
359 4561 616 4616 libellum
655 4560 953 4628 dederant,
1000 4559 1274 4631 quoniam
1321 4559 1394 4613 ad
1437 4558 1588 4613 diem
1633 4558 1835 4629 synodi

126 4663 249 4702 non
276 4652 589 4719 potuerunt
617 4663 936 4715 occurrere,
967 4647 1037 4701 ab
1080 4645 1362 4717 episcopis
1404 4645 1834 4717 quatuordecim

126 4735 362 4791 auditus
413 4740 535 4803 est;
589 4736 691 4791 ubi
744 4752 878 4791 eum
933 4736 1202 4806 dogmata
1254 4733 1378 4804 ipsa
1443 4733 1830 4798 damnantem,

127 4841 261 4896 quae
287 4824 522 4879 inimica
548 4824 747 4895 gratias
792 4823 1003 4880 Christi
1032 4823 1300 4878 adversus
1348 4836 1481 4876 cum
1527 4821 1598 4875 de
1640 4821 1834 4876 libello

130 4912 491 4983 legebantur.
533 4912 873 4967 catholicum
926 4912 1390 4983 pronuntiarunt.
1437 4909 1549 4964 Sed
1595 4925 1726 4963 cum
1775 4909 1837 4963 in

131 5017 340 5056 manus
369 5004 595 5054 nostras
623 5001 822 5055 eadem
852 5002 1019 5056 Gesta
1047 4998 1355 5064 venissent,
1404 4996 1604 5068 scripsi
1635 4997 1705 5052 de
1747 4996 1837 5051 his

129 5090 368 5157 librum,
408 5105 479 5143 ne
519 5087 616 5143 illo
662 5088 827 5143 velut
873 5088 1156 5157 absoluto,
1213 5087 1410 5141 eadem
1458 5101 1686 5157 quoque
1734 5085 1833 5140 do-

134 5182 332 5248 gmata
356 5176 699 5248 putarentur
728 5175 950 5246 judices
999 5175 1363 5246 approbasse,
1412 5190 1542 5245 quas
1588 5173 1686 5227 ille
1729 5172 1840 5227 nisi

131 5265 461 5320 damnasset
514 5262 676 5319 nullo
718 5263 890 5317 modo
932 5263 1000 5318 ab
1051 5264 1131 5318 eis
1178 5262 1288 5317 nisi
1335 5263 1643 5317 damnatus
1689 5260 1836 5315 exis-

134 5352 385 5408 set..Hic
413 5352 559 5407 liber
604 5350 684 5406 sic
728 5350 927 5422 incipit
958 5366 972 5405 :
1002 5353 1354 5422 Posteaquam
1399 5352 1459 5405 in
1507 5364 1701 5405 manus
1742 5364 1838 5404 no-

131 5444 303 5495 stras.

450 5528 723 5593 PATBOL.
776 5525 1021 5592 XXXII.

1574 234 1787 290 LIBER
1844 233 2230 292 SECUNDUS.

2584 288 2589 291 Α
2752 286 2755 289 .
3540 251 3643 301 (550

2550 362 2779 417 CAPUT
2814 363 3046 417 XLVIII.

2176 451 2248 503 De
2274 450 2605 506 Correctione
2631 453 3058 511 Donatistarum,
3090 452 3223 505 liber
3251 468 3411 509 unus.

2013 538 2223 592 Eodem
2252 542 2506 610 tempore
2536 538 2736 609 scripsi
2757 539 2928 594 etiam
2954 540 3165 595 librum
3186 542 3255 596 de
3273 541 3640 598 Correctionc

1946 625 2369 681 Donatistarum
2397 628 2589 696 (Epist.
2627 629 2747 687 185,
2779 628 2855 681 ad
2875 628 3102 699 Bonif.),
3143 634 3381 700 propter
3409 646 3504 683 eos
3543 630 3641 701 qui

1942 712 2211 767 nolebant
2239 713 2366 768 illos
2397 714 2617 784 legibus
2646 714 3040 785 imperialibus
3070 715 3297 787 corrigi.
3350 716 3450 771 Hic
3496 716 3644 770 liber

1944 799 2021 855 sic
2044 800 2249 872 incipit
2276 817 2289 856 :
2322 802 2532 865 Laudo,
2559 806 2611 856 et
2636 804 2902 870 gratulor,
2926 807 2976 856 et
3004 804 3268 858 admiror.

2578 890 2803 945 CAPUT
2840 892 3017 945 XLIX.

2116 979 2191 1032 De
2213 980 2507 1033 Praesentia
2533 981 2652 1047 Dei,
2682 979 2757 1032 ad
2787 979 3122 1039 Dardanum.
3155 979 3290 1033 liber
3313 996 3473 1037 unus.

2015 1067 2094 1120 De
2126 1066 2432 1120 Praesentia
2467 1066 2567 1120 Dei
2596 1066 2795 1136 scripsi
2825 1067 3057 1133 librum,
3094 1067 3191 1121 ubi
3227 1073 3421 1123 nostra
3451 1068 3637 1124 inten-

1943 1152 2022 1207 tio
2052 1158 2252 1209 contra
2278 1154 2544 1208 heresim
2576 1155 2938 1225 Pelagianam
2976 1156 3221 1210 maxime
3263 1156 3478 1227 vigilat,
3524 1174 3639 1212 non

1943 1258 2204 1312 expresse
2242 1242 2597 1296 nominatam
2614 1250 2645 1310 ;‘
2673 1243 2768 1297 sed
2798 1243 2857 1296 in
2895 1260 2962 1297 eo
3010 1243 3179 1297 etiam
3223 1243 3292 1297 de
3336 1243 3641 1314 praesentia

1941 1334 2183 1396 naturae,
2215 1346 2386 1399 quem
2421 1331 2603 1385 Deum
2632 1347 2923 1385 summum
2962 1335 3020 1385 et
3060 1347 3259 1385 verum
3290 1331 3552 1400 dicimus,
3585 1336 3642 1386 et

1942 1419 2012 1473 de
2040 1418 2257 1487 templo
2288 1418 2411 1487 ejus
2452 1434 2686 1488 operose
2726 1435 2789 1472 ac
2827 1419 3111 1473 subtiliter
3154 1419 3502 1489 disputatur.
3541 1420 3640 1474 Hic

1940 1506 2086 1560 liber
2114 1505 2194 1560 sic
2221 1504 2424 1578 incipit
2453 1522 2467 1560 :
2502 1508 2695 1562 Fateor
2744 1523 2844 1574 me,
2890 1510 3068 1575 frater
3113 1508 3460 1564 dilectissime
3496 1511 3635 1563 Dar-

1941 1593 2104 1650 dane.

2626 1666 2850 1721 CAPUT
2891 1667 2949 1721 L.

1941 1754 2140 1809 Contra
2166 1753 2443 1821 Pelagium
2472 1758 2523 1807 et
2552 1754 2873 1819 Caelestium,
2913 1753 2979 1807 de
3022 1756 3215 1809 Gratia
3257 1754 3460 1810 Christi
3486 1758 3537 1808 et
3574 1754 3640 1808 de

2009 1842 2229 1896 Peccato
2276 1841 2569 1910 Originali,
2599 1841 2673 1894 ad
2700 1842 2980 1906 Albinam,
3028 1843 3323 1895 Pinianum
3366 1845 3418 1896 et
3463 1842 3638 1897 Mela-

2011 1931 2180 1996 niam,
2213 1929 2345 1983 libri
2368 1928 2492 1983 duo.

2012 2018 2391 2087 Posteaquam
2420 2016 2725 2087 Pelagiana
2753 2015 2984 2070 haeresis
3012 2033 3139 2070 cum
3171 2016 3288 2070 suis
3309 2016 3638 2072 auctoribus

1942 2105 2013 2159 ab
2061 2104 2339 2176 episcopis
2397 2104 2652 2159 Ecclesia:
2704 2105 2995 2172 Romamn,
3062 2104 3220 2176 prius
3278 2105 3635 2172 Innocentio,

1942 2192 2145 2248 deinde
2173 2193 2413 2260 Zosimo,
2440 2193 2876 2272 cooperantibus
2919 2192 3295 2247 conciliorum
3333 2192 3634 2247 Africano-

1940 2298 2069 2336 rum
2121 2280 2348 2348 litteris,
2401 2281 2660 2335 convicta
2703 2287 2875 2352 atque
2931 2281 3200 2336 damnata
3254 2286 3375 2349 est;
3435 2281 3636 2352 scripsi

1940 2370 2082 2425 duos
2108 2369 2285 2424 libros
2333 2369 2599 2424 adversus
2639 2385 2758 2436 eos,
2808 2385 2989 2424 unum
3040 2370 3109 2423 de
3158 2369 3349 2425 Gratia
3404 2369 3630 2434 Christi,

1941 2460 2186 2512 alterum
2214 2458 2284 2512 de
2315 2459 2549 2512 Peccato
2575 2458 2871 2529 Originali.
2918 2459 3032 2511 Hoc
3075 2474 3219 2528 opus
3263 2458 3337 2512 sit
3384 2457 3586 2528 incipit
3619 2475 3632 2511 :

1942 2546 2219 2610 Quantum
2242 2545 2308 2599 de
2335 2548 2516 2599 vestra
2540 2545 2810 2613 corporali
2830 2549 2880 2598 et
2897 2547 3135 2598 mawime
3157 2546 3439 2614 spirituali
3463 2545 3637 2600 salute

1939 2633 2292 2702 gaudeamus.

2609 2703 2833 2756 CAPUT
2874 2702 2962 2757 LI.

2151 2791 2311 2846 Gesta
2340 2805 2460 2845 cum
2492 2792 2730 2845 Emerita
2758 2792 3064 2853 Donatista,
3096 2790 3233 2844 liber
3257 2805 3417 2846 unus.

2009 2877 2317 2948 Aliquanto
2370 2881 2502 2947 post
2552 2876 2912 2931 collationem
2947 2892 3121 2947 quam
3163 2893 3296 2930 cum
3352 2877 3636 2931 haereticis

1939 2965 2243 3021 Donatistis
2281 2965 2608 3032 habuimus,
2648 2969 2772 3018 orta
2818 2969 2903 3018 est
2948 2964 3113 3018 nobis
3153 2964 3459 3019 necessitas
3504 2981 3636 3035 per-

1938 3054 2111 3124 gendi
2138 3053 2200 3108 in
2222 3051 2615 3109 Mauritaniam
2647 3050 3070 3106 Caesariensem.
3122 3051 3206 3105 Ibi
3254 3051 3402 3123 apud
3453 3052 3637 3123 ipsam

1939 3144 2255 3197 Ctesaream
2287 3139 2601 3195 Emeritam
2642 3138 3061 3193 Donatistarum
3110 3139 3441 3209 episcopum
3492 3140 3635 3194 vidi-

1939 3246 2082 3295 mus,
2119 3244 2303 3283 unum
2334 3228 2545 3283 scilicet
2570 3243 2769 3283 eorum
2800 3232 3017 3298 septem
3056 3244 3202 3299 quos
3230 3244 3334 3297 pro
3364 3244 3481 3282 sum
3508 3245 3636 3282 cau-

1938 3336 2016 3373 sa;
2067 3317 2399 3373 defensione
2456 3317 2806 3387 delegerant,
2860 3321 2917 3370 et
2961 3316 3062 3387 qui
3108 3315 3167 3369 in
3214 3316 3414 3370 eadem
3470 3332 3639 3371 causa

1939 3406 2188 3461 maxime
2217 3407 2587 3461 laboraverat.
2617 3405 2754 3469 Quae
2780 3421 2908 3459 cum
2933 3403 3031 3458 illo
3056 3405 3343 3475 egerimus
3387 3421 3635 3475 praesen-

1940 3495 2091 3550 tibus
2138 3494 2417 3566 episcopis
2462 3494 2714 3565 ejusdem
2770 3493 3089 3563 provincias,
3139 3498 3197 3549 et
3244 3492 3409 3563 plebe
3452 3494 3635 3548 Cresa-

1938 3582 2141 3638 riensis
2173 3582 2451 3648 Ecclesiae,
2480 3583 2539 3636 in
2571 3598 2683 3652 qua
2713 3581 2936 3635 civitate
2976 3585 3031 3634 et
3068 3580 3206 3634 civis
3249 3585 3306 3634 et
3352 3596 3636 3635 memora-

1939 3677 2129 3726 torum
2158 3670 2557 3725 hereticorum
2585 3668 2882 3740 episcopus
2905 3667 3033 3733 fuit,
3067 3666 3443 3722 ecclesiastica
3472 3670 3637 3723 Gesta

1941 3764 2242 3825 testantur,
2275 3774 2404 3829 qua:
2432 3757 2494 3812 in
2533 3757 2675 3811 meis
2704 3757 2988 3811 habentur
3017 3755 3323 3826 opusculis.
3378 3755 3482 3809 Ubi
3522 3772 3638 3810 non

1942 3846 2239 3902 inveniens
2260 3847 2394 3917 quid
2424 3845 2815 3916 responderet,
2846 3849 3030 3898 totum
3070 3859 3394 3897 sermonem
3442 3859 3636 3897 meum

1942 3950 2114 4007 quem
2137 3934 2207 3988 de
2228 3934 2360 3987 solis
2382 3931 2804 3988 Maximianistis
2823 3931 2882 3985 in
2904 3932 3140 3985 auribus
3160 3933 3281 4000 ejus
3301 3936 3358 3985 et
3376 3930 3635 3984 omnium

1942 4022 2042 4094 qui
2071 4022 2306 4076 aderant
2336 4020 2633 4091 explicavi,
2688 4025 2963 4091 tanquam
3008 4024 3200 4073 mutus
3247 4018 3489 4073 audivit.
3538 4019 3637 4072 Hic

1941 4112 2087 4166 liber
2113 4111 2197 4164 vel
2228 4109 2350 4163 hinc
2377 4111 2542 4165 Gesta
2568 4109 2648 4163 sic
2674 4108 2959 4178 incipiunt
2990 4125 3003 4162 :
3036 4109 3446 4164 Gloriosissimis
3468 4109 3637 4177 impe-

1940 4200 2214 4254 ratoribus
2270 4200 2505 4253 Honorio
2550 4197 2921 4252 duodecimum
2966 4201 3016 4250 et
3058 4195 3348 4251 Theodosio
3393 4200 3639 4250 octavum

1942 4287 2249 4343 consulibus
2279 4285 2296 4318 ¹
2308 4326 2321 4341 .

2608 4355 2830 4411 CAPUT
2871 4354 2980 4409 LII.

2168 4446 2365 4501 Contra
2389 4445 2693 4500 Sermonem
2718 4444 3072 4504 Arianorum,
3099 4441 3234 4496 liber
3255 4455 3414 4495 unus.

2014 4536 2165 4589 Inter
2210 4533 2354 4599 huic,
2408 4531 2561 4586 venit
2612 4530 2673 4585 in
2725 4547 2931 4585 manus
2975 4546 3134 4584 meas
3175 4528 3409 4600 quidam
3453 4544 3641 4582 sermo

1942 4623 2308 4687 Arianorum,
2341 4620 2463 4675 sine
2489 4619 2722 4674 nomine
2749 4617 2996 4673 auctoris
3034 4616 3143 4671 sui.
3195 4617 3355 4683 Huic,
3408 4620 3640 4687 petente

1945 4716 2117 4781 atque
2146 4710 2393 4763 instante
2420 4706 2522 4779 qui
2550 4722 2684 4762 eum
2730 4705 2875 4761 mihi
2919 4705 3172 4774 miserat,
3224 4708 3440 4776 quanta
3475 4703 3643 4776 potui

2007 4826 2023 4859 ¹
2051 4822 2367 4873 Boldeianus
2382 4821 2547 4871 codex
2573 4821 2648 4869 sic
2669 4820 2854 4878 habet;
2876 4819 3273 4869 Glorioslssimo
3293 4820 3526 4869 Honorio
3539 4822 3644 4868 Au-

1944 4888 2092 4949 gusto
2111 4884 2401 4949 duodecies.
2414 4889 2464 4933 et
2476 4884 2782 4949 Constantio
2800 4883 3028 4949 iterum.
3061 4883 3116 4949 _V.
3138 4882 3193 4949 AV.
3210 4885 3264 4949 ς..
3278 4884 3336 4932 C.
3352 4895 3477 4949 coss.
3492 4882 3580 4949 die
3593 4895 3640 4929 xu

1945 4944 2066 4999 Kal.
2094 4945 2342 5003 oclobris,
2375 4948 2629 4995 Ca'sareze
2653 4947 2704 4993 in
2727 4944 2942 4994 ecclesia
2961 4944 3191 5005 Majoris.
3213 4944 3334 4991 Mss.
3355 4944 3556 5006 aliquot
3575 4956 3639 4990 ex

1946 5009 2100 5074 prseci
2108 5009 2225 5074 puis
2238 5008 2311 5055 sic
2326 5007 2527 5074 ferunt:
2544 5006 2926 5074 gloriosissimo
2939 5006 3095 5074 Honp
3102 5008 3183 5074 rio
3198 5008 3433 5074 Augusto
3445 5008 3492 5052 el
3509 5006 3643 5074 Con-

1944 5066 2144 5121 stantio
2172 5072 2386 5126 iterum,
2412 5070 2513 5117 νγ.
2540 5070 2639 5117 0C.
2662 5081 2795 5117 coss.
2819 5068 2907 5116 die
2921 5066 3084 5117 xlcal.
3104 5066 3297 5117 oclobr.
3320 5070 3564 5116 Cameren!
3583 5066 3637 5112 in

1945 5135 2156 5183 ecclesia
2170 5131 2408 5191 Majorts.
2420 5130 2521 5193 Alii
2531 5130 2766 5193 plerique
2786 5129 3129 5193 consentiunt
3142 5145 3154 5189 ;
3167 5130 3257 5193 sed
3270 5127 3511 5193 nonnulli
3525 5130 3644 5193 post

1950 5197 2181 5260 Honorio
2202 5187 2448 5260 Augusto,
2463 5187 2825 5260 interponunt,
2837 5205 2928 5246 xu.
2942 5190 3023 5260 vel
3039 5187 3335 5260 duodecies:
3349 5187 3540 5237 Verum
3556 5187 3642 5260 hic

1947 5270 2120 5306 annus
2151 5249 2735 5303 haud'concurrit'cum
2769 5249 3000 5302 secundo
3049 5250 3339 5301 Constantii
3385 5249 3638 5307 consulis,

1947 5332 2106 5382 quem
2123 5316 2470 5382 nihilqminus
2484 5315 2604 5382 cdd.
2619 5328 2821 5382 omnes,
2834 5328 2967 5382 quos
2984 5314 3238 5382 inspicere
3255 5325 3349 5382 per
3362 5324 3461 5359 nos
3474 5310 3639 5382 licuit,

1948 5372 2237 5444 assignant.
2272 5379 2350 5427 Ex
2370 5378 2433 5444 iis
2456 5372 2956 5444 etiampancis'unt
2980 5372 3311 5444 qui'habent,
3332 5373 3384 5420 in
3416 5372 3641 5423 ecclesia

2664 5439 2754 5487 iliil
2783 5444 2957 5488 tamen
2986 5436 3069 5483 llic
3097 5436 3429 5483 mutavimus.

2962 5516 2983 5593 (
3009 5510 3406 5595 νέηαι-τηειρ.)

1955 5439 2164 5505 majori.
2191 5444 2251 5489 ut
2278 5444 2357 5491 est
2382 5440 2439 5489 in
2465 5439 2584 5489 edd.
