4062 6376
417 270 513 321 651
1595 260 2102 319 ΒΕΤΒΑΟΤΑΤΙΟᾼ

2295 259 2349 315 S.
2380 258 2788 317 AUGUSTINI.

2228 385 2409 440 multo
2435 385 2604 456 plura
2640 384 2700 439 in
2739 382 2820 438 eis
2863 382 3006 437 mihi
3035 381 3335 437 videantur
3357 381 3437 436 ita
3468 386 3843 454 pertractata,
3872 388 3940 438 ut
4039 364 4042 433 ἱ

417 392 599 446 etiam
625 390 901 446 brevitate
920 405 985 444 ac
999 388 1285 444 celeritate
1304 387 1607 459 respondi;
1630 387 1896 458 adjuncto
1916 387 2119 441 eodem

420 496 684 535 sermone
706 496 740 534 a
758 479 943 549 capite
963 477 1347 550 responsionis
1369 492 1532 539 metu,
1556 480 1615 530 et
1633 475 1903 531 adhibitis
1920 476 1989 530 ad
2009 475 2120 529 sin-

418 571 553 642 gula
567 567 844 635 numeris,
863 567 1072 639 quibus
1084 565 1374 636 inspectis,
1398 564 1537 636 quid
1561 563 1653 618 cui
1673 565 1793 618 loco
1816 564 2119 636 responde-

417 657 551 724 rim,
583 657 745 711 facile
774 656 953 727 possit
980 654 1217 711 adverti.
1255 654 1354 709 Hic
1391 654 1557 719 liber,
1588 656 1719 723 post
1766 669 1964 707 eorum
1993 668 2116 706 ser-

420 763 649 800 monem
679 746 779 817 qui
811 763 842 799 a
866 744 1050 815 capite
1081 744 1385 814 adjunctus
1416 746 1521 810 est,
1552 741 1631 795 sic
1657 740 1893 813 incipit:
1918 744 2118 796 Eorum

407 835 734 905 praecedenti
784 833 1166 902 disputationi,
1215 832 1315 885 hac
1361 831 1729 900 disputatione
1792 829 2113 900 respondeo.

1065 955 1290 1011 CAPUT
1331 954 1470 1008 LIII.

416 1051 492 1102 De
542 1047 764 1116 Nuptiis
810 1050 862 1100 et
906 1045 1366 1113 Concupiscentia.
1414 1043 1489 1097 ad
1532 1043 1809 1098 Valerium
1852 1043 2113 1105 comitem,

1130 1132 1259 1185 libri
1286 1131 1410 1184 duo.

490 1238 700 1309 Scripsi
746 1238 890 1293 duos
940 1235 1119 1291 libros
1166 1236 1238 1289 ad
1286 1234 1569 1288 illustrem
1615 1233 1802 1287 virum
1848 1231 2116 1287 comitem

416 1328 727 1395 Valerium,
758 1342 890 1381 cum
916 1324 1204 1379 audissem
1250 1321 1587 1393 Pelagianos
1641 1322 1695 1376 ei
1739 1321 1929 1376 nescio
1977 1322 2116 1392 quid

416 1416 705 1487 scripsisse
749 1415 819 1470 de
859 1413 1046 1482 nobis,
1079 1412 1229 1484 quod
1268 1411 1484 1466 scilicet
1533 1410 1765 1482 nuptias
1811 1409 2114 1464 damnare-

415 1522 565 1570 mus,
608 1503 909 1559 asserendo
953 1501 1230 1572 originale
1274 1504 1571 1571 peccatum
1603 1515 1617 1553 :
1650 1514 1901 1569 quorum
1940 1497 2113 1552 libro-

413 1611 545 1650 rum
572 1594 776 1649 titulus
806 1595 910 1659 est,
938 1592 1008 1646 de
1042 1591 1268 1661 Nuptiis
1310 1594 1367 1644 et
1413 1589 1902 1660 Concupiscentia.
1951 1586 2116 1641 Boni-

411 1687 590 1737 tatem
627 1681 840 1753 quippe
890 1679 1253 1734 defendimus
1302 1678 1653 1749 nuptiarum,
1699 1694 1769 1731 ne
1816 1680 2115 1747 putaretur

412 1786 610 1825 earum
656 1785 778 1824 esse
832 1768 1037 1822 vitium
1086 1766 1545 1837 concupiscentia
1592 1765 1799 1835 carnis,
1839 1769 1896 1820 et
1927 1765 2016 1819 lex
2052 1764 2113 1818 in

410 1858 684 1914 membris
712 1871 1038 1928 repugnans
1072 1854 1187 1926 legi
1233 1854 1460 1924 mentis,
1502 1870 1616 1926 quo
1664 1853 1817 1908 malo
1861 1851 2113 1907 libidinis

409 1945 555 2001 bene
584 1944 764 1998 utitur
792 1943 863 1998 ad
891 1942 1040 1997 ﬁlios
1067 1942 1452 2013 procreandos
1479 1941 1755 2013 pudicitia
1774 1940 2109 2012 conjugalis.

415 2034 485 2088 Ut
513 2036 706 2087 autem
735 2032 849 2087 duo
888 2031 1022 2086 libri
1068 2036 1278 2098 essent,
1328 2030 1551 2102 primus
1597 2030 1755 2086 venit
1795 2029 1858 2084 in
1900 2028 2112 2084 Iuliani

408 2120 695 2193 pelagiani
724 2137 948 2187 manus,
980 2124 1036 2173 et
1064 2118 1289 2189 scripsit
1316 2119 1587 2173 adversus
1615 2134 1748 2172 eum
1777 2117 1956 2172 libros
1976 2134 2114 2189 qua-

409 2216 560 2277 tuor,
591 2226 661 2264 ex
686 2209 893 2280 quibus
922 2207 1157 2279 quidam
1186 2208 1465 2261 nonnulla
1493 2206 1793 2277 decerpsit,
1820 2210 1878 2260 et
1916 2205 2111 2260 comiti

412 2298 631 2353 Valerio
656 2296 832 2363 misit,
862 2296 958 2350 ille
988 2312 1120 2350 vero
1150 2295 1220 2350 ad
1254 2311 1379 2349 nos.
1417 2295 1555 2359 Qua:
1584 2310 1715 2348 cum
1745 2294 2107 2365 accepissem,

409 2385 521 2440 alio
550 2385 694 2440 libro
725 2385 797 2439 ad
826 2385 1026 2439 eadem
1052 2383 1174 2454 ipsa
1202 2383 1493 2453 respondi.
1544 2383 1721 2453 Hujus
1763 2382 1950 2453 operis
1987 2381 2110 2452 pri-

410 2490 537 2526 mus
565 2473 711 2527 liber
752 2473 832 2527 sic
872 2472 1072 2543 incipit
1105 2489 1118 2525 :
1156 2474 1406 2525 Haeretici
1444 2474 1591 2537 novi,
1636 2472 1982 2525 dilectissime
2026 2471 2111 2538 ﬁli

414 2545 618 2600 Valeri.
650 2543 942 2599 Secundus
971 2548 1164 2597 autem
1194 2543 1273 2596 sic
1305 2558 1318 2596 :
1352 2545 1495 2597 Inter
1538 2544 1750 2597 militiae
1795 2546 1899 2597 tua
1927 2556 2103 2596 curas.

1048 2665 1270 2720 CAPUT
1310 2664 1441 2720 LIV.

880 2752 1233 2808 Locutionum
1257 2753 1388 2806 libri
1412 2757 1631 2822 septem.

478 2861 709 2931 Septem
736 2860 912 2916 libros
941 2859 1011 2913 de
1043 2863 1260 2929 septem
1290 2858 1453 2914 libris
1483 2858 1808 2914 divinarum
1848 2858 2105 2929 Scriptu-

411 2965 623 3016 rarum,
654 2948 713 3003 id
742 2953 831 3003 est
860 2946 1038 3018 Moysi
1069 2947 1348 3020 quinque,
1391 2951 1449 3003 et
1499 2964 1615 3003 uno
1654 2950 1787 3004 Jesu
1831 2949 2002 3015 Nave,
2050 2952 2108 3003 et

406 3039 584 3093 altero
611 3037 897 3103 Judicum,
925 3034 1053 3102 feci,
1084 3035 1295 3090 notatis
1324 3036 1708 3091 locutionibus
1744 3036 2105 3107 singulorum

307 3158 311 3163 ν
405 3143 535 3198 quae
564 3125 755 3181 minus
783 3125 1008 3179 usitatae
1047 3128 1180 3178 sunt
1206 3125 1418 3196 linguas
1450 3129 1657 3180 nostra:
1690 3141 1704 3180 :
1732 3141 1871 3197 quas
1900 3140 2103 3196 parum

407 3214 752 3269 advertendo
784 3228 1015 3267 sensum
1046 3218 1331 3283 quaerunt,
1364 3213 1466 3284 qui
1508 3214 1728 3285 legunt,
1779 3213 2101 3269 divinorum

406 3302 791 3373 eloquiorum,
814 3317 945 3366 cum
970 3301 1041 3355 sit
1057 3302 1362 3355 locutionis
1386 3317 1587 3372 genus,
1611 3306 1667 3356 et
1686 3317 2104 3373 nonnunquam

405 3390 742 3460 exsculpunt
763 3388 974 3459 aliquid
1000 3389 1153 3461 quod
1173 3405 1207 3443 a
1233 3388 1472 3445 veritate
1502 3390 1734 3461 quidem
1762 3405 1881 3445 non
1904 3390 2104 3444 abhor-

404 3481 556 3545 reat;
586 3493 704 3531 non
732 3481 927 3532 tamen
968 3478 1028 3532 id
1074 3478 1316 3532 sensisse
1367 3482 1567 3533 auctor
1595 3496 1628 3533 a
1657 3494 1772 3550 quo
1813 3479 1921 3533 hoc
1964 3478 2101 3532 scri-

402 3570 565 3637 ptum
598 3570 680 3620 est
703 3565 1009 3635 invenitur,
1043 3566 1141 3621 sed
1169 3582 1377 3637 genere
1408 3567 1715 3621 locutionis
1749 3567 1857 3621 hoc
1894 3566 2101 3622 dixisse

403 3654 730 3709 credibilius
759 3660 1016 3726 apparet.
1050 3655 1225 3709 Multa
1254 3654 1448 3710 autem
1475 3655 1534 3710 in
1555 3656 1860 3726 Scripturis
1890 3656 2100 3711 sanctis

404 3744 660 3810 obscura,
697 3742 925 3813 cognito
955 3742 1259 3798 locutionis
1300 3759 1511 3814 genere
1554 3744 1929 3799 dilucescunt.
1962 3746 2099 3799 Pro-

399 3836 528 3903 pter
555 3832 709 3904 quod
726 3831 1120 3902 cognoscenda
1138 3836 1272 3886 sunt
1293 3832 1492 3887 eadem
1509 3849 1721 3904 genera
1739 3832 2099 3888 locutionum

400 3919 501 3975 ubi
529 3919 824 3974 sententiae
853 3924 1082 3989 patent;
1131 3924 1191 3974 ut
1237 3921 1404 3975 etiam
1460 3921 1560 3975 ubi
1605 3922 1804 3990 latent,
1850 3922 2097 3992 cognitio

398 4008 525 4079 ipsa
574 4013 884 4073 succurrat,
943 4023 1154 4079 easque
1206 4008 1517 4063 intentioni
1572 4009 1811 4079 legentis
1857 4010 2095 4079 aperiat.

400 4097 580 4169 Hujus
612 4097 803 4167 operis
831 4095 1034 4149 titulus
1063 4100 1165 4158 est,
1200 4096 1538 4151 Locutiones
1567 4097 1637 4150 de
1669 4096 1901 4162 Genesi;
1925 4103 2097 4168 atque

397 4184 480 4238 ita
505 4185 575 4238 de
595 4184 834 4255 singulis
862 4183 1041 4237 libris.
1076 4184 1238 4247 Quod
1270 4189 1466 4238 autem
1491 4184 1552 4238 in
1597 4184 1745 4238 libro
1771 4183 1960 4253 primo
1989 4201 2096 4254 po-

400 4270 488 4326 sui
539 4272 717 4338 (Num.
748 4270 904 4341 xvui)
953 4270 1227 4340 scriptum
1274 4287 1415 4337 esse,
1450 4274 1523 4326 Et
1566 4274 1698 4339 fecit
1752 4274 1862 4327 Noe
1917 4275 2096 4327 omnia

396 4360 561 4414 verba
585 4374 929 4428 quaecumque
952 4361 1207 4427 praecepit
1234 4359 1322 4413 illi
1348 4362 1629 4425 Dominus,
1658 4361 1736 4414 sic
1764 4362 1896 4427 fecit
1944 4362 2092 4431 (Gen.

398 4464 475 4517 vr,
504 4450 615 4516 22),
644 4462 886 4516 eamque
912 4445 1260 4500 locutionem
1283 4445 1399 4501 dixi
1427 4462 1546 4500 esse
1576 4446 1823 4502 similem
1853 4447 1906 4502 ei
1941 4450 2094 4520 quod

398 4536 460 4589 in
487 4534 811 4590 conditione
851 4539 1127 4589 creaturae
1160 4550 1173 4588 :
1204 4539 1579 4607 posteaquam
1625 4537 1851 4607 dicitur,
1901 4542 1973 4594 Et
2017 4542 2094 4594 sic

397 4628 476 4679 est
503 4626 732 4690 factum,
780 4622 1028 4692 additur,
1059 4628 1109 4677 et
1143 4625 1275 4690 fecit
1311 4626 1449 4680 Deus
1500 4626 1605 4696 (Id.
1653 4626 1722 4698 1);
1769 4642 1887 4681 non
1936 4628 2094 4683 omni

398 4712 569 4766 modo
592 4711 792 4782 ,simile
836 4712 946 4766 hoc
993 4712 1177 4767 eidem
1217 4712 1360 4767 mihi
1401 4714 1645 4771 videtur.
1703 4715 1958 4786 Denique
2013 4716 2094 4771 ibi

396 4800 568 4855 etiam
597 4815 794 4854 sensus
821 4801 991 4866 latet;
1021 4800 1113 4855 hic
1144 4802 1264 4856 sola
1293 4801 1505 4857 locutio
1534 4808 1639 4861 est.
1674 4805 1792 4860 Hoc
1820 4821 1965 4877 opus
2014 4805 2093 4860 sic

393 4887 598 4960 incipit
627 4903 640 4943 :
667 4890 979 4944 Locutiones
1010 4890 1439 4960 Scripturarum.
1490 4958 1491 4961 η

1058 5013 1189 5068 CAP
1199 5015 1283 5071 UT
1322 5015 1429 5069 LV.

855 5101 1219 5166 Quaestionum
1249 5103 1379 5157 libri
1405 5108 1621 5172 septem.

468 5214 517 5264 1.
552 5208 766 5264 Eodem
785 5211 1041 5278 tempore
1069 5207 1268 5278 scripsi
1297 5208 1468 5262 etiam
1493 5208 1670 5263 libros
1700 5209 2086 5274 Quaestionum

389 5298 460 5352 de
492 5297 672 5351 Libris
701 5296 915 5351 eisdem
945 5295 1153 5351 divinis
1183 5301 1419 5367 septem,
1455 5313 1599 5368 quos
1627 5298 1756 5353 ideo
1796 5301 2085 5370 appellare

385 5385 464 5440 sic
495 5385 665 5454 volui,
699 5385 834 5458 quia
860 5402 927 5440 ea
970 5400 1099 5456 quae
1145 5384 1226 5440 ibi
1268 5385 1648 5455 disputantur,
1699 5388 1883 5459 magis
1929 5405 2084 5461 quaa-

386 5474 563 5528 rcnda
614 5473 912 5545 proposui,
974 5490 1146 5545 quam
1204 5474 1439 5544 queesita
1496 5474 1759 5543 dissolvi;
1824 5476 2085 5547 quamvis

3830 262 3939 314 652

2228 473 2449 545 possint
2477 473 2649 528 etiam
2674 473 2859 527 soluta
2892 476 2948 526 et
2986 471 3240 542 exposita
3285 487 3404 526 non
3450 470 3739 526 immerito
3778 472 3935 543 judi-

2228 562 2365 617 cari.
2392 563 2721 633 Regnorum
2752 576 2982 632 quoque
3012 561 3185 613 libros
3215 560 3416 614 eodem
3441 560 3608 615 modo
3633 560 3760 631 jam
3791 577 3932 615 con-

2227 651 2480 706 siderare
2510 666 2892 720 coeperamus;
2921 648 3020 703 sed
3067 664 3186 702 non
3231 649 3477 702 multum
3521 649 3835 719 progressi,
3870 649 3933 704 in

2227 740 2338 794 alia
2385 756 2516 811 quae
2569 738 2752 809 magis
2796 737 3080 807 urgebant
3124 736 3386 791 animum
3433 736 3812 792 intendimus.
3866 739 3963 807 In‘

2225 828 2413 898 primo
2440 832 2633 881 autem
2664 826 2834 891 libro,
2865 825 2965 879 ubi
2993 824 3180 896 agitur
3209 825 3278 879 de
3310 824 3485 894 virgis
3523 824 3756 880 variatis
3787 842 3931 897 quas

2226 917 2474 987 ponebat
2493 916 2665 971 Jacob
2694 915 2757 969 in
2785 931 2955 986 aqua,
3000 920 3065 968 ut
3110 912 3172 968 in
3214 918 3495 984 conceptu
3545 914 3751 985 positae
3795 930 3929 969 oves

2225 1020 2320 1059 eas
2370 1004 2624 1059 viderent
2678 1020 2804 1058 cum
2863 1003 3143 1070 biberent,
3201 1007 3258 1057 et
3310 1003 3498 1056 varios
3553 1002 3702 1058 fetus
3757 1019 3927 1073 pare-

2225 1098 2355 1147 rent
2404 1094 2624 1163 (Quzst.
2687 1096 2805 1160 93);
2864 1108 2976 1146 non
3030 1092 3174 1146 bene
3228 1108 3260 1144 a
3310 1090 3477 1145 nobis
3526 1090 3791 1162 exposita
3844 1098 3930 1147 est

2225 1197 2394 1235 causa
2451 1198 2554 1236 cur
2607 1181 2820 1235 iterum
2876 1180 3329 1251 concipientibus
3386 1196 3502 1234 non
3546 1180 3818 1251 ponebat,
3868 1180 3930 1235 id

2225 1275 2330 1335 est,
2361 1286 2493 1325 cum
2523 1269 2664 1324 alios
2700 1270 2849 1323 fetus
2873 1268 3257 1339 conciperent,
3306 1268 3404 1323 sed
3446 1267 3509 1322 in
3554 1268 3747 1339 priore
3789 1285 3930 1323 con-

2224 1363 2413 1429 ceptu.
2443 1359 2582 1412 Nam
2612 1356 2947 1429 quaestionis
2975 1357 3211 1411 alterius
3251 1355 3527 1426 expositio
3558 1359 3782 1427 (Quaest.
3815 1359 3926 1427 95).

2226 1447 2324 1500 ubi
2350 1446 2630 1517 quaeritur
2656 1461 2756 1500 cur
2781 1445 2987 1500 dixerit
3032 1461 3227 1499 socero
3275 1461 3376 1499 suo
3421 1444 3614 1513 Iacob,
3658 1448 3733 1501 Et
3775 1446 3933 1500 dece-

2220 1538 2358 1607 pisti
2378 1536 2667 1590 mercedem
2696 1550 2866 1589 meam
2907 1534 3084 1589 decem
3124 1534 3369 1601 agnabus
3420 1533 3566 1603 (Gen.
3618 1550 3772 1603 xxxi,
3817 1536 3932 1605 41),

2223 1624 2357 1679 satis
2383 1623 2657 1678 veraciter
2686 1623 2950 1689 enodata,
2983 1623 3340 1677 demonstrat
3367 1620 3559 1689 istam,
3605 1621 3753 1677 sicut
3780 1621 3931 1677 solvi

2223 1712 2439 1779 debuit,
2470 1728 2590 1766 non
2618 1712 2882 1765 solutam.

2291 1802 2346 1854 2.
2383 1800 2447 1853 In
2472 1799 2640 1853 tertio
2688 1815 2920 1870 quoque
2963 1797 3132 1861 libro,
3178 1796 3279 1853 ubi
3330 1798 3400 1854 de
3449 1814 3676 1853 summo
3731 1799 3931 1870 agitur

2221 1889 2532 1955 sacerdote,
2563 1888 2850 1959 quomodo
2892 1887 3120 1942 creabat
3147 1887 3318 1955 tilios,
3363 1902 3494 1941 cum
3536 1887 3777 1942 haberet
3822 1905 3929 1944 ne-

2220 1976 2538 2032 cessitatem
2575 1977 2661 2033 bis
2707 1976 2769 2031 in
2816 1977 2907 2032 die
2949 1976 3177 2048 ingredi
3221 1976 3280 2031 in
3324 1980 3517 2035 sancta
3566 1981 3927 2047 sanctorum,

2219 2065 2322 2121 ubi
2350 2070 2473 2121 erat
2497 2067 2673 2120 altare
2691 2064 2929 2133 incensi,
2952 2065 3023 2120 ad
3047 2064 3405 2120 offerendum
3429 2064 3728 2120 incensum
3751 2082 3927 2120 mane

2221 2157 2278 2207 et
2313 2169 2549 2223 vespera
2597 2153 2790 2223 (Exod.
2837 2170 2964 2220 xxx,
3012 2158 3066 2221 7,
3116 2154 3190 2222 8),
3243 2170 3357 2224 quo
3404 2169 3525 2207 non
3574 2158 3789 2224 posset,
3848 2154 3927 2208 si-

2220 2244 2316 2295 cut
2366 2240 2477 2294 Lex
2523 2240 2680 2307 dicit,
2739 2240 3072 2296 immundus
3126 2239 3383 2308 intrare;
3436 2244 3492 2294 et
3550 2241 3754 2296 eadem
3810 2242 3928 2296 Lex

2218 2327 2386 2397 dicat,
2434 2328 2800 2383 immundum
2857 2326 2982 2383 ﬁeri
3029 2328 3325 2383 hominem
3374 2328 3546 2383 etiam
3596 2345 3665 2384 ex
3711 2346 3926 2386 concu-

2216 2417 2339 2472 bitu
2372 2417 2679 2488 conjugali,
2711 2433 2882 2488 quem
2907 2417 3070 2488 jubet
3099 2416 3333 2488 quidem
3372 2417 3550 2472 lavari
3597 2435 3769 2490 aqua,
3822 2421 3927 2475 sed

2219 2508 2276 2558 et
2300 2505 2482 2558 lotum
2521 2504 2657 2558 dicit
2697 2503 3065 2558 immundum
3107 2520 3227 2557 esse
3270 2519 3452 2574 usque
3498 2499 3573 2559 ad
3620 2521 3925 2575 vesperam

2218 2590 2364 2660 (Leu.
2423 2606 2516 2659 xv,
2569 2592 2670 2661 l6);
2732 2591 2882 2646 unde
2932 2590 3070 2657 dixi,
3120 2593 3451 2661 Consequens
3495 2593 3670 2659 fuisse
3714 2598 3778 2647 ut
3825 2599 3924 2647 aut
4008 2646 4015 2653 ,

2216 2681 2489 2734 continens
2518 2684 2672 2749 esset,
2704 2695 2776 2734 au
2805 2680 2991 2735 diebus
3020 2680 3295 2749 aliquibus
3343 2682 3796 2736 intermitteretur
3825 2685 3923 2737 in—

2215 2783 2427 2822 censum
2457 2768 2676 2837 (Quaest.
2710 2767 2799 2838 82)
2830 2784 2844 2823 :
2880 2786 2995 2823 non
3027 2769 3154 2824 vide
3185 2786 3304 2825 non
3332 2770 3503 2826 fuisse
3533 2787 3918 2844 consequens.

2215 2858 2410 2911 Potest
2436 2856 2590 2910 enim
2620 2856 2697 2910 sic
2725 2856 2968 2927 intelligi
2998 2858 3151 2928 quod
3199 2858 3476 2930 scriptum
3519 2865 3623 2928 est,
3674 2863 3918 2916 Immun-

2214 2945 2317 3000 dus
2346 2947 2450 2999 erit
2478 2961 2646 3013 usque
2669 2945 2743 2999 ad
2773 2962 3071 3017 vesperam,
3101 2951 3160 3001 ut
3189 2964 3293 3019 per
3338 2948 3523 3019 ipsam
3567 2965 3868 3020 vesperam
3899 2952 3917 2986 ¹

2208 3033 2330 3105 jam
2359 3049 2478 3087 non
2524 3038 2668 3087 esset
2710 3034 3058 3099 immundus,
3107 3036 3205 3091 sed
3245 3052 3427 3108 usque
3473 3037 3542 3091 ad
3598 3037 3809 3109 ipsam,
3854 3044 3923 3093 ut
4028 3038 4041 3101 ἠ

2212 3121 2535 3192 vespertino
2559 3122 2680 3193 jam
2724 3126 2981 3194 tempore
3023 3123 3320 3179 incensum
3364 3126 3610 3180 mundus
3660 3127 3918 3195 offerret,

2212 3225 2342 3263 cum
2370 3214 2604 3280 propter
2632 3212 2903 3266 creandos
2922 3211 3071 3265 ﬁlios
3092 3216 3221 3282 post
3234 3212 3583 3267 matutinum
3608 3212 3920 3269 incensum

2212 3298 2423 3353 mixtus
2453 3306 2600 3354 esset
2630 3299 2810 3354 uxori.
2843 3301 3097 3371 Itemque
3142 3300 3241 3355 ubi
3285 3301 3590 3372 quaesitum
3635 3306 3721 3356 est
3767 3320 3922 3374 quo-

2212 3387 2382 3441 modo
2428 3388 2746 3459 prohibitus
2790 3393 2939 3443 esset
2984 3405 3156 3459 super
3200 3389 3371 3444 funus
3417 3388 3600 3460 patris
3647 3390 3921 3445 sacerdos

2212 3491 2469 3529 summus
2497 3475 2709 3530 intrare
2732 3476 2921 3546 (Levii.
2950 3493 3063 3545 xxx,
3099 3476 3207 3543 Il),
3241 3492 3372 3531 cum
3404 3493 3537 3531 eum
3567 3476 3693 3531 ﬁeri
3722 3494 3920 3534 sacer-

2212 3564 2402 3617 dotem
2427 3562 2685 3635 (quando
2712 3580 2862 3619 unus
2887 3565 3050 3635 erat),
3098 3564 3210 3619 nisi
3256 3569 3389 3635 post
3435 3571 3681 3620 mortem
3722 3583 3920 3621 sacer-

2210 3650 2358 3704 dotis
2388 3650 2565 3722 patris
2591 3667 2709 3705 non
2739 3655 3054 3722 oporteret;
3106 3650 3261 3706 dixi:
3294 3654 3521 3721 Propter
3561 3653 3657 3707 hoc
3702 3669 3923 3709 necesse

2206 3740 2399 3806 fuisse,
2428 3740 2673 3795 nondum
2699 3741 2904 3809 sepulto
2932 3745 3089 3809 patre
3116 3742 3305 3796 statim
3329 3744 3454 3811 post
3499 3742 3613 3810 ejus
3661 3750 3917 3810 mortem,

2205 3829 2378 3897 ﬁlium
2402 3828 2518 3897 ejus
2545 3830 2818 3897 constitui,
2851 3830 2949 3897 qui
2975 3829 3275 3883 succederet
3291 3830 3474 3897 patri;
3495 3836 3722 3899 propter
3744 3834 3922 3887 etiam

2207 3919 2627 3971 continuationis
2669 3918 2963 3987 incensum,
2994 3917 3139 3986 quod
3178 3916 3259 3972 bis
3309 3920 3369 3971 in
3416 3918 3504 3972 die
3537 3934 3748 3974 necesse
3794 3926 3919 3976 erat

2206 4006 2391 4074 offerri
2411 4006 2636 4074 (Quaest.
2666 4006 2786 4074 83);
2818 4005 2918 4076 qui
2946 4006 3209 4061 sacerdos
3253 4021 3425 4077 super
3466 4011 3712 4061 mortem
3754 4024 3915 4063 non-

2205 4094 2342 4148 dum
2373 4093 2582 4164 sepulti
2601 4093 2778 4164 patris
2804 4093 3141 4163 prohibetur
3165 4094 3399 4149 intrare.
3431 4095 3535 4150 Sed
3567 4112 3776 4166 parum
3827 4102 3915 4152 at-

2204 4183 2379 4247 tendi,
2413 4184 2669 4255 potuisse
2713 4185 2823 4238 hoc
2849 4184 3087 4255 praecipi
3128 4185 3314 4255 magis
3362 4189 3596 4257 propter
3633 4186 3761 4241 illos
3812 4188 3917 4259 qui

2204 4272 2384 4327 futuri
2409 4272 2637 4326 fuerant
2652 4272 2861 4327 summi
2878 4273 3221 4341 sacerdotes,
3244 4289 3358 4327 non
3385 4273 3641 4344 patribus
3662 4276 3917 4331 summis

2205 4357 2590 4413 sacerdotibus
2620 4360 3003 4424 succedentes,
3052 4360 3153 4414 sed
3194 4366 3386 4415 tamen
3434 4378 3503 4415 ex
3545 4361 3697 4429 ﬁliis,
3729 4362 3791 4418 id
3825 4369 3920 4420 est

2204 4461 2273 4500 ex
2322 4447 2565 4517 posteris
2611 4450 2824 4514 Aaron,
2869 4449 2917 4502 si
2963 4448 3105 4503 forte
3159 4466 3418 4523 summus
3468 4451 3751 4517 sacerdos,
3808 4457 3917 4509 aut

2202 4533 2352 4588 ﬁlios
2381 4551 2498 4589 non
2522 4536 2779 4605 haberet,
2805 4541 2905 4591 aut
2931 4536 3012 4592 ita
3040 4539 3314 4608 reprobos
3350 4538 3587 4594 haberet
3615 4545 3680 4594 ut
3707 4541 3914 4597 nullus

2202 4638 2402 4677 eorum
2422 4624 2572 4695 patri
2602 4625 2833 4680 deberet
2858 4626 3158 4682 succedere
3191 4643 3206 4683 :
3239 4627 3385 4682 sicut
3415 4628 3642 4684 Samuel
3673 4644 3912 4684 summo

2200 4711 2477 4767 sacerdoti
2507 4712 2631 4768 Heli
2682 4714 2949 4769 successit
2993 4714 3044 4785 (Ι
3088 4717 3217 4784 Reg.
3282 4714 3354 4787 1);
3408 4731 3540 4770 cum
3593 4716 3912 4773 sacerdotis

2197 4798 2348 4854 ﬁlius
2376 4800 2498 4872 ipse
2530 4818 2648 4856 non
2674 4807 2843 4871 esset,
2876 4803 2975 4857 sed
3019 4808 3215 4858 tamen
3241 4819 3308 4857 ex
3337 4803 3489 4872 ﬁliis,
3521 4804 3630 4859 hoc
3675 4810 3781 4875 est,
3838 4824 3913 4862 ex

2195 4888 2440 4957 posteris
2470 4895 2619 4944 esset
2646 4893 2836 4944 Aaron
2869 4890 2961 4963 (a).

2259 4995 2275 5028 ι
2308 4994 2370 5042 In
2398 4995 2521 5063 Mss.
2549 4994 2867 5063 quibusdam
2893 4996 3091 5063 et_Am.,
3114 5000 3238 5063 post
3262 5000 3439 5061 ipsam
3463 5012 3759 5063 vesperam.
3778 5000 3913 5053 Non

2196 5056 2582 5114 consentanee,‘
2602 5056 2701 5105 nisi
2736 5058 3085 5107 subaudiatur
3108 5056 3426 5110 inchoatum.

2259 5118 2330 5195 (cf)
2476 5119 2748 5195 nonplevia
2760 5119 2866 5195 sint
2879 5121 3146 5195 rationum
3168 5127 3433 5195 momenta
3450 5127 3666 5195 propter
3682 5138 3808 5195 quae
3826 5141 3913 5176 re-

2194 5181 2450 5249 centiores
2470 5193 2744 5249 sacrarum
2761 5181 3070 5249 Litterarum
3096 5188 3403 5249 tractatores
3422 5181 3660 5236 sentiunt
3680 5181 3910 5240 Somne.

2193 5239 2296 5310 lem
2317 5242 2453 5313 inter
2470 5241 3003 5313 levitasAsolummodo
3025 5259 3138 5313 esse
3158 5239 3568 5313 numerandum,
3590 5251 3770 5313 utqui
3790 5264 3909 5301 non

2194 5302 2450 5374 oriundus
2475 5303 2542 5374 sit
2563 5318 2623 5351 ex
2639 5303 2844 5374 Aarone
2859 5306 2995 5354 inter
3010 5312 3244 5374 posteros
3271 5309 3390 5374 Levi
3408 5314 3535 5358 natu
3557 5302 3764 5374 majdre
3785 5329 3798 5371 ;
3820 5319 3905 5363 at-

2192 5366 2369 5439 tamen
2390 5365 2626 5439 plerique
2635 5370 2873 5439 veterum
2886 5365 3071 5439 cum§.
3080 5370 3384 5439 Augustino
3396 5365 3909 5439 sacerdotalem'ipsi

2194 5424 2785 5537 gggglitafgmetisccribunt
2801 5429 2982 5494 ;Cypr.
3000 5430 3162 5494 Epist.
3172 5424 3234 5482 ’65
3252 5447 3263 5493 ς
3293 5432 3514 5483 Ambros
3524 5470 3535 5482 .
3552 5434 3607 5483 in
3623 5435 3766 5486 Psal.
3788 5424 3909 5498 iis,

2195 5499 2351 5535 serm.
2387 5499 2461 5547 ιδ,
2497 5499 2594 5537 etc.
3656 5530 3659 5535 ι
