4062 6358
148 288 269 339 653
1620 296 1832 353 LIBER
1889 297 2274 357 SECUNDUS.
3590 325 3688 373 654

217 410 276 461 3.
329 410 418 464 De
470 413 694 466 latrone
741 411 914 467 etiam
957 413 1048 468 cui
1081 413 1296 468 dictum
1326 419 1428 481 est,
1461 417 1633 472 Hodie
1669 393 1880 473 mecum
2617 432 2844 488 CAPUT
2884 434 3068 490 Lvm.

138 501 257 549 eris
292 501 359 552 in
387 501 668 568 paradiso
701 503 844 569 (Luc.
883 518 1038 568 χχιιι,
1066 504 1182 572 43),
1205 503 1378 572 [quod
1409 520 1526 558 non
1555 506 1722 561 fuerit
1744 507 1867 560 visi-

141 582 361 639 biliter
394 588 742 658 baptizatus,
766 589 928 660 quasi
945 595 1164 644 certum
1186 593 1350 662 posui
1369 595 1584 662 (Quasi.
1615 596 1726 666 84),
1751 612 1867 650 cun

2031 553 2185 602 antra
2232 550 2625 608 Adversarium
2665 557 2822 624 Legis
2851 561 2898 611 et
2928 560 3340 630 Prophetarum,
3371 561 3502 616 libri
3549 564 3677 619 duo.

144 672 226 726 sit
252 673 584 744 incertum,
618 678 913 748 magisque
963 679 1125 732 illum
1166 680 1518 750 baptizatum
1546 683 1719 738 fuisse
1762 700 1867 738 cre-

2061 673 2283 727 Interea
2310 673 2455 729 liber
2499 678 2736 748 quidam
2774 680 3067 749 cujusdam
3096 682 3351 737 haeretici
3379 683 3491 738 sive
3538 686 3682 739 Mar-

1991 760 2266 828 cionistaa,
2292 763 2407 817 sive
2429 765 2729 835 cujuslibet
2752 784 2951 822 eorum
2973 785 3217 840 quorum
3238 787 3399 824 error
3415 773 3686 842 opinatur

1989 850 2142 917 quod
2165 850 2337 906 istum
2367 854 2650 910 mundum
2679 872 2797 910 non
2843 859 2990 911 Deus
3018 858 3231 920 fecerit,
3264 875 3368 913 nec
3399 861 3546 914 Deus
3577 862 3682 916 Le-

147 761 314 816 dend
328 781 436 819 um
471 766 560 826 sit,
588 766 734 820 sicut
762 783 868 837 ego
893 783 1119 838 quoque
1160 768 1296 822 alibi
1327 775 1527 838 postea
1575 770 1878 841 disputavi.

146 851 305 905 Item
340 855 512 923 quod
542 855 601 908 in
632 855 834 926 quinto
875 856 1019 910 libro
1051 856 1188 923 dixi,
1234 857 1331 910 ubi
1359 863 1886 913 commemorantur

153 944 390 994 matres
442 942 507 996 in
537 943 995 1014 generationibus
1025 945 1382 1016 evangelicis,
1414 963 1520 1000 non
1556 963 1644 1002 eas
1674 949 1884 1017 positas

154 1031 278 1084 nisi
333 1046 469 1086 cum
521 1033 770 1101 patribus
800 1032 1016 1103 (Quasi.
1050 1038 1138 1100 46,
1167 1051 1223 1088 η.
1280 1036 1356 1105 2),
1399 1053 1596 1090 verum
1649 1041 1734 1090 est
1753 1036 1881 1107 qui-

157 1117 327 1187 dem,
365 1120 476 1174 sed
508 1121 578 1175 ad
609 1139 729 1176 rem
759 1122 827 1176 de
855 1139 968 1193 qua
996 1123 1270 1193 agebatur
1298 1140 1417 1178 non
1445 1124 1712 1194 pertinet.
1739 1126 1884 1194 Age-

152 1207 340 1261 batur
372 1214 577 1264 autem
606 1211 674 1264 de
713 1211 782 1264 iis
809 1212 910 1282 qui
949 1212 1230 1266 ducebant
1259 1212 1502 1266 fratrum
1529 1213 1615 1266 vel
1648 1212 1886 1283 propin-

159 1314 434 1368 quorum
459 1301 754 1372 conjuges,
775 1317 970 1355 eorum
999 1301 1098 1372 qui
1119 1302 1240 1355 sine
1263 1301 1396 1356 tiliis
1411 1301 1661 1356 defuncti
1679 1306 1887 1370 essent,

161 1391 419 1457 propter
441 1389 587 1442 duos
608 1395 797 1460 patres
818 1390 1041 1460 Joseph,
1061 1407 1308 1461 quorum
1325 1391 1570 1444 alterum
1594 1391 1889 1445 Matthaeus

159 1482 605 1532 commemorat
646 1479 888 1532 alterum
920 1481 1118 1533 Lucas.
1162 1481 1239 1533 De
1267 1495 1378 1550 qua
1406 1479 1722 1550 quastione
1759 1479 1888 1534 dili-

160 1569 384 1634 genter
415 1565 481 1619 in
507 1566 612 1619 hoc
641 1583 813 1637 opere
840 1567 1099 1633 disserui,
1132 1583 1260 1620 cum
1287 1572 1722 1622 retractaremus
1743 1583 1889 1637 opus

161 1658 451 1707 nostrum
491 1659 688 1708 contra
719 1656 987 1709 Faustum
1034 1655 1437 1709 manichaaum.
1487 1657 1597 1709 Hoc
1626 1671 1769 1726 opus
1810 1655 1890 1710 sic

161 1742 385 1812 incipit
409 1759 423 1798 :
451 1744 595 1798 Cum
619 1745 934 1814 Scripturas
964 1750 1199 1813 sanctas,
1234 1761 1352 1815 quae
1373 1746 1725 1814 appellantur
1775 1747 1888 1800 Ca-

161 1845 201 1883 τι
207 1845 408 1887 011263.

843 1922 1068 1976 CAPUT
1108 1922 1243 1976 LVI.

412 2029 492 2081 De
522 2027 727 2082 Anima
756 2032 806 2081 et
841 2028 957 2097 ejus
979 2029 1220 2095 Origine,
1259 2027 1388 2082 libri
1415 2031 1666 2096 quatuor.

248 2132 473 2187 Eodem
500 2137 780 2203 tempore,
799 2133 1032 2204 quidam
1052 2133 1379 2188 Vincentius
1403 2133 1593 2187 Victor
1632 2133 1691 2188 in
1742 2134 1890 2188 Mau-

172 2222 400 2276 ritania
433 2221 764 2277 Caesariensi
794 2221 1009 2276 invenit
1049 2222 1202 2292 apud
1233 2222 1548 2292 Hispanum
1579 2222 1889 2293 quemdam

169 2311 589 2381 presbyterum
633 2313 888 2379 Petrum,
917 2311 1261 2365 nonnullum
1302 2311 1640 2382 opusculum
1671 2327 1887 2373 meum,

171 2400 278 2454 ubi
313 2399 576 2470 quodam
607 2400 731 2453 loco
755 2399 822 2454 de
858 2398 1080 2469 origine
1111 2399 1318 2452 animae
1347 2398 1648 2453 hominum
1697 2398 1891 2468 singu-

172 2489 402 2554 lorum,
437 2492 630 2542 utrum
652 2488 832 2542 exilla
862 2504 978 2542 una
1006 2486 1179 2558 primi
1202 2487 1476 2549 hominis,
1504 2504 1567 2541 ac
1589 2487 1796 2542 deinde
1825 2503 1890 2541 ex

171 2577 525 2649 parentibus
571 2581 978 2647 propagentur,
1031 2593 1103 2630 an
1145 2577 1290 2630 sicut
1329 2575 1412 2630 illi
1451 2575 1554 2630 uni
1609 2576 1731 2630 sine
1775 2577 1891 2630 ulla

174 2665 606 2738 propagatione
629 2665 869 2736 singulae
889 2665 1125 2736 singulis
1149 2665 1373 2730 dentur,
1399 2680 1491 2719 me
1514 2664 1731 2718 nescire
1761 2681 1892 2718 con-

175 2757 369 2810 fessus
401 2770 560 2821 sum;
607 2758 1001 2808 verumtamen
1047 2753 1190 2807 scire
1238 2753 1492 2807 animam
1521 2769 1638 2806 non
1683 2768 1890 2822 corpus

178 2861 332 2910 esse,
385 2843 485 2898 sed
533 2843 820 2912 spiritum.
859 2844 924 2896 Et
965 2847 1162 2896 contra
1188 2841 1298 2896 ista
1334 2859 1462 2896 mea
1503 2841 1574 2896 ad
1623 2841 1890 2896 eumdem

178 2935 429 2988 Petrum
460 2931 682 3002 scripsit
710 2931 805 2985 ille
828 2931 969 2986 duos
991 2930 1182 2995 libros,
1211 2946 1354 3000 quos
1379 2929 1522 2984 mihi
1545 2929 1613 2984 de
1638 2930 1891 2984 Caesarea

183 3024 452 3076 Renatus
481 3021 796 3074 monachus
824 3019 998 3073 misit.
1031 3019 1245 3084 Quibus
1292 3035 1396 3088 ego
1429 3017 1600 3080 lectis,
1650 3035 1888 3088 respon-

182 3111 354 3164 sione
391 3124 519 3162 mea
544 3113 788 3179 quatuor
817 3107 1068 3174 reddidi;
1111 3123 1295 3161 unum
1324 3107 1396 3161 ad
1442 3107 1726 3161 Renatum
1773 3123 1892 3162 mo-

182 3199 464 3260 nachum,
511 3197 757 3251 alterum
807 3196 878 3251 ad
919 3196 1315 3267 presbyterum
1359 3197 1612 3262 Petrum,
1661 3200 1718 3250 et
1747 3196 1891 3250 duos

185 3289 262 3342 ad
295 3287 570 3341 eumdem
601 3285 902 3340 Victorem.
930 3285 1036 3340 Sed
1079 3285 1151 3338 ad
1175 3287 1440 3355 ,Petrum,
1482 3283 1740 3355 quamvis
1787 3285 1890 3338 ha-

184 3377 324 3432 beat
354 3375 487 3430 libri
512 3374 918 3446 prolixitatem,
938 3378 1130 3427 tamen
1161 3372 1400 3444 epistola
1427 3378 1511 3426 est
1531 3389 1704 3443 quam
1734 3371 1892 3426 nolui

186 3483 220 3520 a
251 3464 441 3518 tribus
487 3461 703 3517 caeteris
745 3461 1015 3534 separari.
1051 3463 1113 3515 In
1162 3461 1231 3514 iis
1261 3466 1453 3516 autem
1494 3461 1782 3528 omnibus,
1832 3462 1892 3516 in

184 3553 404 3624 quibus
430 3553 610 3608 multa
655 3551 967 3605 necessaria
995 3549 1368 3617 disseruntur,
1418 3551 1644 3604 defendi
1686 3550 1754 3604 de
1784 3549 1892 3603 ori-

189 3641 327 3712 gine
359 3641 704 3707 animarum,
738 3656 867 3712 qua:
895 3640 1131 3710 singulis
1159 3639 1486 3693 hominibus
1510 3640 1734 3703 dantur,
1759 3655 1893 3692 cun-

187 3730 501 3785 ctationem
533 3745 743 3795 meam,
790 3733 846 3783 et
892 3729 1100 3782 multos
1131 3743 1350 3782 errores
1389 3731 1560 3798 atque
1590 3726 1893 3797 pravitates

189 3817 658 3891 praasumptionis
705 3817 827 3888 ejus
873 3815 1113 3872 ostendi.
1157 3816 1338 3880 Quem
1386 3820 1578 3870 tamen
1624 3815 1893 3885 juvenem

190 3924 313 3962 non
361 3922 725 3978 praepropere
768 3904 1188 3972 detestandum,
1220 3903 1317 3958 sed
1345 3903 1532 3958 adhuc
1576 3903 1893 3956 docendum

193 4000 414 4067 quanta
437 3995 603 4066 potui
630 3993 858 4047 lenitate
890 3992 1146 4059 tractavi,
1180 3996 1235 4046 et
1264 3993 1332 4047 ab
1364 4009 1429 4046 eo
1460 3991 1732 4060 rescripta
1776 4007 1896 4045 cor-

193 4083 464 4138 rectionis
495 4083 615 4153 ejus
641 4081 850 4150 accepi.
889 4081 1068 4150 Hujus
1114 4081 1303 4150 operis
1333 4081 1476 4134 liber
1507 4080 1577 4134 ad
1611 4081 1893 4133 ltenatum

195 4173 275 4226 sic
323 4171 560 4243 incipit:
618 4172 993 4225 Sinceritatem
1039 4174 1187 4222 tuam
1231 4185 1359 4236 erga
1380 4184 1492 4222 nos.
1527 4168 1611 4221 Ad
1662 4169 1892 4222 Petrum

195 4265 391 4315 autem
420 4259 530 4314 sic:
557 4261 778 4314 Domino
804 4258 1152 4313 dilectissimo
1180 4259 1371 4324 fratri,
1395 4262 1444 4310 et
1473 4257 1894 4326 compresbytero

196 4353 374 4406 Petro.
424 4349 677 4403 Duorum
739 4363 870 4400 vero
912 4345 1353 4400 novissimorum
1403 4345 1474 4399 ad
1535 4345 1894 4399 Vincentium

199 4439 486 4493 Victorem
511 4437 732 4508 primus
759 4435 837 4490 sic
856 4435 1086 4506 incipit:
1120 4435 1271 4501 Quod
1301 4436 1439 4489 mihi
1471 4434 1545 4488 ad
1575 4439 1624 4488 te
1653 4433 1892 4488 scriben-

198 4529 329 4583 dum
351 4529 558 4598 putavi.

829 4612 1055 4667 CAPUT
1099 4613 1260 4668 LVII.

270 4704 363 4759 Ad
392 4704 727 4769 Pollentium,
760 4701 826 4756 de
851 4701 892 4756 Λ
907 4701 1193 4755 dulterinis
1223 4700 1522 4769 Conjugiis,
1551 4701 1678 4754 libri
1693 4700 1818 4754 duo.

268 4809 478 4881 Scripsi
517 4810 658 4864 duos
688 4809 860 4864 libros
885 4808 954 4862 de
987 4807 1284 4878 Conjugiis
1312 4806 1686 4875 Adulterinis,
1714 4823 1893 4877 quan-

199 4904 322 4954 tum
354 4898 517 4969 potui
543 4898 856 4952 secundum
885 4897 1226 4966 Scripturas,
1257 4895 1494 4966 cupiens
1517 4896 1731 4949 solvere
1755 4895 1892 4949 difﬁ-

199 4988 472 5043 cillimam
501 4986 894 5057 quaestionem.
928 4986 1091 5050 Quod
1135 4989 1328 5038 utrum
1359 4984 1759 5039 enodatissime
1806 4983 1892 5037 fe-

199 5077 400 5141 cerim,
432 5075 649 5140 nescio;
685 5073 799 5128 imo
839 5090 973 5128 vero
1004 5090 1119 5128 non
1156 5089 1249 5127 me
1277 5072 1601 5144 pervenisse
1632 5072 1701 5126 ad
1726 5072 1896 5142 hujus

203 5166 285 5220 rei
333 5163 739 5236 perfectionem
779 5162 984 5230 sentio,
1027 5161 1286 5233 quamvis
1316 5162 1526 5217 multos
1571 5161 1728 5214 sinus
1775 5161 1896 5230 ejus

205 5252 549 5325 aperuerim,
572 5251 726 5322 quod
748 5250 996 5320 judicare
1012 5250 1221 5321 poterit
1241 5249 1498 5321 quisquis
1515 5248 1899 5318 intelligenter

207 5341 362 5413 legit.
398 5342 574 5412 Hujus
623 5339 811 5410 operis
860 5338 1078 5408 primus
1124 5338 1271 5394 liber
1313 5339 1392 5392 sic
1431 5338 1663 5409 incipit:
1714 5338 1899 5391 Prima

209 5433 430 5501 quaestio
459 5435 555 5489 est,
577 5431 756 5496 frater
785 5427 1130 5482 dilectissime
1167 5427 1411 5482 Pollenti.
1455 5424 1747 5482 Secundus
1795 5439 1896 5478 au-

213 5524 324 5574 tem
355 5518 460 5573 sic:
497 5518 589 5573 Ad
603 5534 664 5572 ea
695 5533 814 5587 qua:
842 5517 981 5571 mihi
1009 5516 1325 5584 scripseras.

1992 938 2080 1008 gis
2114 955 2242 1010 qua:
2287 941 2418 995 data
2462 947 2544 997 est
2599 960 2701 1014 per
2747 946 2998 1016 Moysen,
3045 951 3102 1001 et
3149 947 3564 1017 Prophetarum
3608 952 3674 1004 ad

1993 1028 2256 1083 eamdem
2303 1030 2506 1100 Legem
2549 1033 2979 1102 pertinentium,
3032 1052 3198 1089 verus
3248 1037 3322 1090 sit
3368 1038 3532 1104 Deus,
3577 1040 3677 1092 sed

1994 1117 2273 1186 pessimus
2319 1119 2585 1188 daemon;
2634 1139 2764 1176 cum
2809 1123 2961 1194 apud
3022 1124 3426 1194 Carthaginem
3497 1126 3690 1180 multis

1995 1207 2412 1262 confluentibus
2460 1215 2516 1264 et
2555 1212 2930 1266 attentissime
2979 1214 3364 1281 audientibus,
3407 1215 3467 1268 in
3508 1217 3696 1286 platea

1996 1295 2283 1349 maritima
2311 1297 2616 1368 legeretur,
2648 1306 3034 1368 pervenerunt
3061 1301 3131 1355 ad
3161 1318 3292 1356 eum
3341 1303 3544 1356 fratres
3573 1309 3690 1357 stu-

1998 1381 2316 1438 diosissime
2355 1385 2669 1452 christiani,
2729 1403 2977 1458 eumque
3027 1389 3169 1442 mihi
3232 1390 3689 1460 redarguendum

1997 1469 2120 1524 sine
2139 1472 2256 1526 ulla
2285 1473 2558 1528 dilatione
2589 1475 2887 1542 miserunt,
2911 1479 3159 1532 multum
3189 1483 3475 1548 rogantes,
3506 1484 3568 1533 ut
3588 1495 3694 1533 nec

1998 1574 2103 1630 ego
2124 1561 2466 1630 respondere
2496 1562 2810 1620 differrem.
2851 1565 3053 1620 Refelli
3083 1582 3215 1620 eum
3245 1567 3406 1620 libris
3444 1568 3689 1634 duobus,

1998 1663 2139 1718 quos
2182 1649 2308 1703 ideo
2339 1651 2672 1721 praenotavi,
2721 1653 2930 1708 Contra
2978 1654 3378 1708 Adversarium
3432 1656 3594 1726 Legis
3637 1661 3694 1710 et

1998 1737 2434 1806 Prophetarum,
2461 1740 2596 1810 quia
2623 1741 2797 1795 codex
2824 1741 2944 1811 ipse
2985 1741 3084 1812 qui
3106 1742 3314 1796 missus
3339 1744 3458 1810 est;
3477 1759 3688 1798 nomen

1998 1839 2109 1878 non
2150 1825 2395 1880 habebat
2440 1828 2710 1884 auctoris.
2762 1829 2875 1882 Hoc
2926 1845 3068 1898 opus
3113 1829 3192 1882 sic
3235 1828 3471 1900 incipit:
3526 1831 3689 1885 Libro

1999 1927 2154 1981 quem
2174 1916 2420 1984 misistis,
2449 1918 2653 1982 fratres
2682 1916 3040 1971 dilectissimi.

2649 2059 2872 2114 CAPUT
2899 2059 3024 2115 LIX.

2000 2164 2199 2219 Contra
2227 2165 2590 2220 Gaudentium
2620 2168 3025 2221 Donatistarum
3053 2169 3361 2237 episcopum
3387 2168 3517 2224 libri
3564 2169 3688 2224 duo.

2071 2287 2178 2340 Per
2198 2287 2350 2342 idem
2377 2291 2603 2360 tempus
2625 2289 2900 2344 Dulcitius
2929 2289 3194 2345 tribunus
3223 2295 3281 2346 et
3309 2292 3560 2346 notarius
3600 2293 3692 2347 hic

2001 2379 2122 2429 erat
2149 2375 2208 2429 in
2236 2376 2422 2430 Africa
2447 2381 2742 2432 exsecutor
2781 2378 3168 2449 imperialium
3201 2381 3528 2450 jussionum
3559 2399 3695 2436 con-

1999 2467 2088 2516 tra
2120 2463 2438 2519 Donatistas
2467 2466 2748 2520 datarum.
2783 2467 2890 2532 Qui
2928 2484 3058 2522 cum
3080 2468 3325 2524 dedisset
3356 2469 3571 2524 litteras
3621 2471 3692 2525 ad

2001 2553 2383 2607 Gaudentium
2401 2555 2892 2624 Tamugadensem
2915 2556 3335 2611 Donatistarum
3353 2558 3696 2628 episcopum,

1998 2657 2180 2695 unum
2219 2641 2447 2696 illorum
2477 2648 2696 2712 septem
2727 2659 2870 2714 quos
2898 2644 2958 2697 in
3005 2649 3200 2698 nostra
3248 2646 3554 2700 collatione
3604 2663 3700 2700 au-

1999 2735 2182 2783 ctores
2228 2745 2344 2783 sua;
2392 2730 2738 2785 defensionis
2782 2733 3069 2802 elegerant
3116 2734 3418 2788 exhortans
3457 2751 3590 2788 eum
3630 2735 3700 2787 ad

1999 2817 2274 2872 unitatem
2297 2817 2650 2886 catholicam,
2679 2825 2734 2873 et
2762 2819 3096 2873 dissuadens
3126 2820 3452 2875 incendium
3482 2839 3597 2892 quo
3640 2838 3698 2876 se

2001 2921 2064 2959 ac
2091 2922 2224 2959 suos
2253 2921 2381 2960 cum
2404 2905 2528 2976 ipsa
2546 2907 2607 2960 in
2637 2923 2751 2979 qua
2770 2913 2888 2962 erat
2912 2908 3207 2963 ecclesiam
3238 2925 3576 2963 consumere
3597 2908 3701 2962 mi-

1998 2995 2263 3063 nabatur,
2294 2994 2508 3048 addens
2539 2995 2714 3049 etiam
2743 3000 2808 3050 ut
2837 2995 2884 3049 si
2909 3013 2966 3049 se
2990 2997 3174 3066 justos
3196 3001 3488 3067 putarent,
3539 2997 3701 3066 fuge-

2000 3087 2128 3136 rent
2141 3081 2333 3152 potius
2347 3083 2659 3136 secundum
2673 3087 3025 3154 praeceptum
3044 3083 3271 3138 Domini
3303 3083 3511 3138 Christi
3525 3100 3702 3155 quam

1999 3171 2260 3226 nefandis
2316 3187 2374 3225 se
2425 3171 2654 3242 ignibus
2714 3177 3180 3240 concremarent;
3227 3171 3521 3243 rescripsit
3587 3171 3702 3242 epi-

2001 3260 2169 3314 stolas
2215 3259 2383 3313 duas:
2432 3276 2604 3313 unam
2650 3259 2900 3326 brevem,
2932 3259 3270 3329 festinante,
3329 3264 3392 3314 ut
3435 3260 3696 3325 asseruit,

2001 3349 2314 3419 perlatore;
2349 3347 2518 3402 aliam
2548 3347 2848 3420 prolixam,
2879 3348 3042 3419 quasi
3080 3349 3307 3418 plenius
3347 3348 3701 3418 diligentius-

2003 3454 2112 3508 que
2148 3437 2520 3508 respondens.
2555 3439 2665 3492 Has
2696 3437 2837 3491 mihi
2868 3455 3038 3510 supra
3071 3438 3700 3492 memoratustribunus

2002 3526 2343 3580 existimavit
2389 3525 2710 3592 mittendas,
2741 3531 2804 3580 ut
2829 3542 2924 3579 eas
2952 3525 3142 3595 potius
3168 3526 3287 3596 ipse
3335 3527 3690 3590 refellerem;

2000 3632 2142 3686 quas
2173 3617 2368 3670 ambas
2394 3633 2506 3670 uno
2538 3615 2682 3670 libro
2713 3614 3000 3685 red’argui.
3034 3615 3142 3678 Qui
3173 3632 3303 3668 cum
3335 3615 3395 3668 in
3436 3614 3697 3685 ejusdem

2002 3704 2303 3760 Gaudentii
2332 3702 2683 3772 pervenisset
2714 3717 2935 3766 manus,
2957 3701 3243 3771 rescripsit
3265 3701 3418 3771 quod
3447 3701 3498 3754 ei
3518 3701 3698 3754 visum

2003 3797 2086 3847 est
2111 3793 2181 3846 ad
2211 3792 2514 3863 meipsum,
2539 3791 2697 3844 nulla
2723 3789 2944 3844 ratione
2987 3789 3358 3858 respondens,
3390 3789 3486 3842 sed
3521 3788 3701 3858 magis

2002 3897 2062 3935 se
2112 3897 2216 3934 nec
2261 3879 2628 3949 respondere,
2681 3893 2786 3931 nec
2840 3880 3026 3930 tacere
3072 3875 3326 3946 potuisse
3382 3875 3696 3929 declarans.

2001 3971 2160 4034 Quod
2195 3985 2324 4022 cum
2353 3967 2490 4022 satis
2518 3969 2708 4037 posset
2729 3964 3118 4034 intelligenter
3144 3963 3482 4034 legentibus,
3518 3967 3573 4017 et
3602 3979 3701 4017 no-

2003 4064 2120 4114 stra
2148 4061 2317 4128 atque
2354 4055 2534 4127 ipsius
2564 4053 2714 4109 dicta
2743 4053 3164 4108 conferentibus
3192 4068 3490 4123 apparere,
3540 4051 3701 4105 nolui

2003 4152 2195 4201 tamen
2227 4145 2346 4200 sine
2377 4143 2652 4213 rescripto
2698 4141 3020 4212 relinquere
3075 4140 3349 4211 quidquid
3383 4140 3525 4194 illud
3566 4139 3696 4195 fuit.

2005 4235 2142 4288 Hinc
2161 4235 2375 4288 factum
2401 4235 2486 4286 est
2511 4236 2574 4285 ut
2601 4230 2664 4288 hi
2692 4229 2869 4283 nostri
2903 4228 2972 4282 ad
3004 4228 3169 4282 illum
3189 4229 3300 4282 duo
3335 4227 3463 4280 libri
3486 4232 3697 4283 essent.

2003 4325 2116 4378 Hoc
2145 4340 2289 4394 opus
2318 4322 2396 4376 sic
2434 4320 2660 4392 incipit:
2692 4319 3025 4377 Gaudentius
3064 4320 3475 4373 Donatistarum
3509 4319 3700 4372 Tamu-

2001 4410 2252 4479 gadensis
2281 4411 2576 4480 episcopus.

2660 4549 2883 4604 CAPUT
2924 4547 3028 4603 LX.

2393 4677 2600 4729 Contra
2631 4673 2991 4740 Mendacium,
3015 4671 3151 4726 liber
3180 4686 3339 4725 unus.

2071 4801 2227 4855 Tunc
2290 4803 2348 4854 et
2392 4800 2585 4852 contra
2629 4794 2991 4850 mendacium
3034 4793 3231 4864 scripsi
3261 4794 3485 4863 Ilibrum
3534 4794 3698 4864 cujus

2002 4889 2190 4960 operis
2215 4903 2280 4941 ea
2303 4903 2472 4940 causa
2501 4885 2731 4950 exstitit,
2761 4883 2914 4954 quod
2944 4883 3011 4936 ad
3041 4882 3494 4936 Priscillianistas
3518 4883 3694 4936 haere-

2003 4979 2144 5033 ticos
2168 4975 2548 5046 vestigandos,
2597 4972 2698 5045 qui
2725 4971 2990 5027 haeresim
3029 4988 3192 5026 suam
3223 4989 3337 5025 non
3365 4973 3547 5026 solum
3595 4988 3694 5024 ne-

2004 5067 2192 5138 gando
2222 5069 2391 5136 atque
2423 5062 2770 5127 mentiendo,
2799 5077 2998 5116 verum
3030 5061 3201 5115 etiam
3240 5061 3548 5132 pejerando
3579 5059 3696 5111 exi-

2006 5156 2239 5210 stimant
2265 5151 2654 5217 occulendam,
2700 5151 2882 5204 visum
2913 5154 2996 5202 est
3026 5149 3370 5220 quibusdam
3409 5146 3700 5200 catholicis

2005 5240 2453 5298 Priscillianistas
2478 5255 2537 5292 se
2566 5238 2772 5292 debere
2812 5237 3100 5299 simulare,
3135 5239 3198 5288 ut
3222 5249 3424 5288 eorum
3455 5233 3699 5286 latebras

2006 5333 2398 5402 penetrarent.
2445 5327 2610 5391 Quod
2639 5343 2744 5396 ego
2773 5324 2899 5379 ﬁeri
2928 5323 3255 5395 prohibens,
3288 5321 3440 5374 hunc
3489 5319 3699 5374 librum

2007 5418 2254 5475 condidi.
2305 5417 2404 5472 Hic
2454 5415 2601 5470 liber
2655 5417 2734 5468 sic
2785 5413 3015 5483 incipit:
3068 5411 3240 5466 Multa
3290 5411 3428 5463 mihi
3488 5409 3706 5475 legendo

2013 5509 2233 5564 misisti.
