4062 6416
347 296 446 347 ($355

971 412 1195 467 CAPUT
1239 412 1370 466 LXI.

339 504 541 559 Contra
577 501 715 555 duas
781 501 1053 569 Epistolas
1107 501 1546 567 Pelagianorum,
1597 499 1729 553 libri
1781 502 2033 566 quatuor.

409 572 738 661 Sequuntur
764 589 894 643 libri
916 593 1158 659 quatuor
1186 604 1329 657 quos
1361 591 1559 640 contra
1592 587 1734 641 duas
1769 587 2037 657 epistolas

341 678 776 748 Pelagianorum
805 677 873 731 ad
916 677 1244 747 episcopum
1279 677 1551 729 Romanae
1583 675 1839 728 Ecclesia:
1868 674 2036 728 Boni-

337 767 545 821 facium
579 765 813 836 scripsi;
858 765 992 836 quia
1037 780 1166 818 cum
1215 764 1274 817 in
1304 780 1508 817 manus
1543 763 1666 832 ejus
1716 762 2028 827 venissent,

334 856 454 926 ipse
483 855 628 909 mihi
666 871 759 908 eas
789 854 1037 918 miserat,
1083 852 1383 906 inveniens
1425 852 1486 905 in
1516 851 1628 905 illis
1682 851 2035 905 calumniose

336 942 736 1012 interpositum
783 957 994 994 nomen
1046 956 1255 993 meum.
1310 941 1424 993 Hoc
1464 955 1606 1010 opus
1655 939 1733 992 sic
1782 938 2032 1008 inicipit:

340 1034 605 1087 Noveram
636 1035 683 1084 te
712 1030 949 1098 quidem,
1002 1031 1159 1095 fama
1189 1029 1527 1082 celeberrima
1578 1027 1925 1096 praedicante.

983 1155 1206 1209 CAPUT
1249 1156 1406 1208 LXII.

760 1264 958 1319 Contra
985 1262 1282 1325 Iulianum,
1316 1261 1448 1314 libri
1484 1275 1600 1314 ser.

408 1373 633 1424 Interea
659 1368 791 1424 libri
822 1372 1068 1439 quatuor
1095 1365 1305 1420 Juliani
1334 1365 1640 1436 pelagiani,
1666 1381 1809 1435 quos
1856 1379 2030 1434 supra

332 1458 793 1525 commemoravi,
827 1459 1108 1510 venerunt
1145 1455 1319 1509 etiam
1349 1454 1406 1507 in
1438 1469 1642 1506 manus
1672 1457 1928 1517 nostras;
1961 1452 2022 1506 in

337 1547 545 1618 quibus
575 1543 828 1616 comperi
878 1544 977 1596 illa
1007 1558 1136 1613 qua:
1183 1558 1250 1595 ex
1277 1540 1358 1596 eis
1399 1541 1778 1611 decerpserat,
1829 1539 1930 1610 qui
1969 1556 2036 1593 ea

334 1633 530 1688 comiti
563 1633 782 1688 Valerio
824 1631 1077 1699 miserat,
1128 1647 1246 1684 non
1282 1630 1476 1683 omnia
1505 1645 1572 1683 eo
1626 1629 1798 1683 modo
1841 1644 1954 1700 quo
2001 1620 2035 1680 εἰ

327 1723 552 1776 Juliano
583 1721 730 1775 dicta
756 1723 908 1786 sunt,
939 1719 1013 1773 ad
1065 1718 1334 1773 eumdem
1365 1717 1636 1772 comitem
1667 1716 1896 1787 scripta,
1931 1717 2028 1770 sed

334 1810 610 1865 nonnulla
643 1825 840 1862 eorum
887 1807 1245 1878 aliquantum
1301 1806 1476 1860 fuisse
1535 1810 1774 1860 mutata.
1825 1804 2035 1875 Scripsi

335 1915 470 1969 ergo
500 1914 596 1951 sex
632 1897 825 1962 libros,
859 1896 1128 1950 adversus
1156 1894 1282 1949 illos
1314 1898 1596 1963 quatuor;
1626 1893 1724 1947 scd
1769 1909 2036 1947 meorum

331 1988 444 2042 duo
469 1985 662 2057 primi,
721 1984 1065 2039 testimoniis
1095 1988 1422 2037 sanctorum
1451 1981 1551 2053 qui
1582 1983 1756 2036 fidem
1794 1981 2027 2036 catholi-

331 2091 454 2129 cam
483 2078 611 2145 post
631 2073 929 2143 Apostolos
958 2071 1358 2132 defenderunt,
1383 2070 1594 2125 Juliani
1614 2069 2033 2140 impudentiam

338 2163 691 2233 redarguunt
720 2161 819 2232 qui
845 2165 1121 2230 tanquam
1153 2159 1594 2214 Manichaaorum
1633 2158 1842 2229 dogma
1869 2158 2034 2212 nobis

332 2251 718 2322 obiiciendum
797 2248 1050 2320 putavit,
1109 2247 1209 2318 qui
1254 2264 1319 2301 ex
1371 2247 1555 2301 Adam
1605 2248 1757 2301 trahi
1790 2247 2032 2302 dicimus

331 2340 611 2409 originale
640 2342 956 2408 peccatum,
989 2337 1144 2407 quod
1187 2352 1292 2407 per
1316 2335 1606 2389 lavacrum
1653 2336 2033 2406 regeneratio-

331 2429 441 2496 nis,
471 2445 590 2482 non
613 2429 799 2481 solum
825 2426 886 2480 in
914 2425 1252 2496 majoribus,
1270 2440 1470 2479 verum
1495 2424 1668 2479 etiam
1695 2424 1755 2478 in
1781 2425 2034 2495 parvulis

331 2517 587 2570 solvitur.
641 2517 931 2579 Quantum
979 2518 1171 2568 autem
1215 2513 1335 2584 ipse
1365 2513 1642 2580 Julianus
1688 2512 2031 2579 quibusdam

333 2603 631 2659 sententiis
662 2602 776 2656 suis
806 2602 1032 2672 adjuvet
1064 2602 1420 2668 Manichaeos,
1452 2600 1510 2654 in
1533 2599 1705 2670 primi
1734 2601 1867 2654 libri
1915 2601 2030 2654 mei

333 2697 497 2763 parte
526 2691 838 2763 posteriore
863 2690 1197 2744 monstravi.
1220 2690 1418 2745 Cmteri
1445 2695 1636 2744 autem
1667 2690 1868 2744 mostri
1897 2707 2032 2761 qua-

332 2786 464 2835 tuor
499 2781 820 2834 redduntur
843 2778 956 2833 illis
977 2778 1215 2850 singulis
1245 2778 1477 2849 singuli.
1513 2780 1720 2832 Verum
1761 2779 1820 2832 in
1853 2779 2027 2850 hujus

324 2869 469 2923 tanti
517 2872 750 2938 tamque
803 2866 1073 2921 elaborati
1103 2865 1292 2937 operis
1341 2866 1542 2937 quinto
1572 2867 1884 2933 volumine,
1921 2866 2021 2922 ubi

325 2954 772 3010 commemoravi
819 2954 1134 3008 deformem
1171 2954 1444 3009 maritum
1492 2955 1726 3026 conjugi
1764 2971 1904 3022 suae,
1952 2971 2026 3009 ne

327 3044 608 3098 deformes
636 3047 882 3114 pareret,
915 3059 1238 3113 prOponere
1279 3043 1335 3096 in
1365 3043 1673 3098 concubitu
1714 3043 2026 3097 formosam

324 3134 504 3187 solere
535 3131 816 3202 picturam
845 3131 998 3201 (Cap.
1044 3133 1127 3196 14,
1151 3147 1207 3185 n.
1241 3132 1357 3199 5|);
1393 3148 1605 3186 nomen
1634 3131 1886 3186 hominis
1919 3131 2024 3203 qui

324 3216 432 3268 hoc
460 3215 643 3268 facere
674 3213 908 3280 solebat,
937 3212 1099 3282 quasi
1119 3217 1338 3266 certum
1369 3213 1556 3282 posui,
1590 3229 1720 3267 cum
1748 3212 1821 3267 sit
1848 3213 2025 3268 incer-

325 3307 449 3356 tum
499 3301 635 3370 quia
682 3299 956 3354 memoria
984 3316 1074 3352 me
1123 3299 1342 3353 fefellit.
1377 3301 1490 3354 Hoc
1535 3305 1727 3355 autem
1775 3301 2024 3356 Soranus

323 3395 525 3444 auctor
554 3385 851 3441 medicinae
885 3387 901 3421 ί
931 3386 1154 3456 scripsit
1183 3402 1378 3456 regem
1410 3387 1680 3458 Cyprium
1709 3389 1894 3444 facere
1924 3407 2020 3444 so-

322 3479 461 3543 lere,
497 3476 597 3530 sed
642 3491 852 3528 nomen
900 3474 1021 3544 ejus
1073 3475 1371 3545 proprium
1416 3492 1531 3530 non
1578 3477 1874 3546 expressit.
1911 3480 2024 3533 Hoc

320 3581 465 3634 opus
509 3563 587 3617 sic
615 3562 848 3634 incipit:
885 3563 1244 3624 Contumelitw
1285 3567 1406 3617 tuas
1444 3569 1494 3618 et
1521 3565 1684 3620 verba
1729 3566 2018 3630 maledica,

318 3654 576 3707 Juliane.

955 3757 1180 3812 CAPUT
1208 3757 1388 3812 LXIII.

321 3863 414 3918 Ad
450 3865 825 3930 Laurentium,
874 3863 939 3917 de
966 3863 1120 3932 Fide,
1149 3865 1255 3932 Spe
1284 3869 1333 3919 et
1363 3864 1659 3932 Charitate,
1694 3867 1829 3922 liber
1856 3883 2018 3924 unus.

389 3987 599 4058 Scripsi
647 3988 820 4042 etiam
868 3987 1081 4041 librum
1136 3988 1205 4042 de
1252 3989 1405 4050 Fide,
1453 3991 1562 4060 Spe
1612 3995 1669 4045 et
1710 3992 2016 4060 Charitate,

318 4095 446 4131 cum
477 4095 510 4130 a
540 4093 653 4143 me,
687 4077 758 4130 ad
787 4092 957 4146 quem
990 4076 1232 4146 scriplus
1278 4081 1381 4141 est,
1430 4078 1774 4148 postulasset
1804 4085 1867 4134 ut
1911 4081 2015 4135 ali-

314 4166 470 4235 quod
500 4165 838 4234 opusculum
860 4163 1096 4218 haberet
1127 4181 1319 4218 meum
1349 4165 1418 4217 de
1459 4165 1578 4218 suis
1605 4167 1870 4221 manibus
1901 4185 2015 4223 non

317 4268 702 4306 recessurum:
736 4251 893 4322 quod
940 4267 1118 4321 genus
1166 4251 1342 4305 Grceci
1374 4252 1740 4307 Encbiridion
1788 4259 2012 4310 vocant.

317 4341 420 4395 Ubi
451 4341 584 4393 satis
612 4340 916 4409 diligenter
943 4338 1085 4392 mihi
1114 4339 1308 4393 videor
1346 4356 1465 4394 esse
1498 4343 1826 4412 complexus
1870 4360 2012 4414 quo-

309 4429 480 4482 modo
511 4427 582 4480 sit
602 4427 874 4481 colendus
911 4428 1076 4493 Deus,
1109 4443 1282 4498 quam
1314 4428 1654 4498 sapientiam
1684 4446 1806 4485 esse
1829 4431 2011 4486 homi-

312 4516 399 4570 nis
442 4514 638 4586 utique
680 4531 872 4568 veram
902 4515 1096 4568 divina
1142 4515 1433 4586 Scriptura
1465 4517 1680 4572 definit.
1725 4518 1824 4573 Hic
1865 4519 2013 4575 liber

308 4602 386 4655 sic
413 4602 642 4672 incipit:
677 4604 798 4655 Dici
849 4617 955 4656 non
997 4607 1173 4670 potest
1201 4601 1566 4671 dilectissime,
1589 4606 1672 4673 fili
1725 4606 2006 4672 Laurenti,

309 4696 573 4759 quantum
603 4696 697 4745 tua
722 4691 1023 4745 eruditione
1053 4691 1296 4745 delecter.

941 4814 1166 4869 CAPUT
1207 4815 1384 4870 LXIV.

307 4924 380 4974 De
406 4935 538 4974 cura
560 4935 662 4990 pro
701 4922 925 4975 mortuis
955 4921 1209 4988 gerenda,
1246 4923 1320 4976 ad
1340 4924 1532 4978 Paulin
1550 4939 1639 4978 um
1677 4925 2004 4994 episcopum,

989 5009 1124 5062 liber
1159 5025 1317 5065 unus.

377 5115 609 5170 Librum
639 5113 707 5169 de
739 5115 886 5168 Cura
914 5129 1019 5184 pro
1052 5115 1291 5169 mortuis
1322 5116 1570 5186 gerenda
1601 5117 1820 5188 scripsi,
1871 5133 2003 5172 cum

369 5243 378 5274 ι
416 5239 493 5288 Ita
522 5241 671 5288 Mssa
700 5237 890 5301 quibus
924 5237 1237 5301 dissidentes
1264 5238 1349 5286 hic
1377 5239 1573 5300 vulgati
1603 5239 1814 5299 habent,
1843 5241 1998 5292 medi-

299 5304 425 5349 cincr
454 5306 588 5365 ariis-
618 5299 884 5365 mapister.
917 5301 982 5348 At
1011 5299 1099 5365 lib.
1125 5302 1151 5347 5
1177 5301 1663 5360 contraJulianum,
1691 5318 1804 5365 cap.
1832 5307 1905 5360 14,
1939 5305 1994 5352 in

302 5364 636 5412 concordiam
661 5361 780 5411 cum
812 5363 933 5410 Mss.
963 5361 1204 5410 redeunt.

1152 288 1809 344 HE’I‘RAC'I‘ATIONUM
1853 289 1906 342 S.
1952 285 2336 341 AUGUSTINI
2377 287 2590 342 LIBER
2631 286 3018 342 SECUNDUS.

3749 291 3854 341 656

2149 409 2537 480 interrogatus
2557 409 2759 464 litteris
2787 409 3042 476 fuissem,
3067 413 3260 464 utrum
3281 410 3466 480 prosit
3492 411 3706 483 cuique
3726 415 3862 483 post

2149 505 2395 554 mortem
2417 499 2568 570 quod
2599 515 2804 569 corpus
2833 499 2956 569 ejus
2980 499 3134 569 apud
3162 499 3343 553 sancti
3364 499 3604 570 alicujus
3631 516 3857 554 memo-

2149 587 2294 641 riam
2315 588 2612 658 sepelitur.
2650 586 2748 640 llic
2765 585 2909 640 liber
2928 585 3007 640 sic
3025 585 3255 657 incipit:
3284 588 3391 641 Diu
3408 588 3708 643 Sanctitati
3727 594 3856 654 tus,

2149 678 2448 746 coepiscope
2489 675 2790 731 venerande
2812 675 3062 730 Pauline.

2785 817 3007 873 CAPUT
3059 817 3207 870 LXV.
3291 787 3293 790 ⁴

2349 927 2426 979 De
2462 928 2574 978 octo
2619 924 2841 978 Dulcitii
2868 923 3281 990 Quaestionibus,
3315 923 3451 978 liber
3479 938 3638 979 unus.

2219 1045 2386 1101 Liber
2409 1062 2582 1118 quem
2610 1046 2926 1116 praenotavi
2967 1045 3035 1101 de
3062 1050 3185 1101 octo
3230 1047 3458 1101 Dulcitii
3500 1048 3850 1112 Queestioni-

2147 1136 2271 1203 bus,
2305 1151 2420 1188 non
2449 1139 2595 1188 esset
2622 1135 2681 1188 in
2708 1135 2814 1188 hoc
2841 1150 3014 1205 opere
3039 1136 3573 1190 commemorandus
3604 1137 3758 1191 inter
3786 1138 3852 1192 li-

2147 1224 2280 1278 bros
2308 1239 2486 1292 meos,
2517 1239 2645 1277 cum
2677 1222 2750 1277 sit
2773 1223 3062 1277 confectus
3093 1239 3161 1276 ex
3191 1223 3261 1276 iis
3290 1240 3420 1294 qua:
3443 1241 3474 1277 a
3499 1240 3590 1277 me
3623 1224 3684 1278 in
3722 1224 3850 1278 aliis

2147 1317 2314 1367 antea
2341 1311 2660 1381 conscripta
2689 1315 2850 1378 sunt;
2884 1311 2993 1364 nisi
3014 1316 3072 1365 et
3100 1311 3502 1382 disputationis
3551 1312 3770 1383 aliquid
3818 1330 3853 1367 a

2149 1401 2307 1456 nobis
2331 1400 2734 1471 interpositum
2779 1399 3128 1470 reperiretur
3165 1400 3226 1454 in
3256 1416 3349 1469 eo,
3400 1404 3456 1454 et
3496 1401 3600 1454 uni
3650 1417 3850 1454 earum

2147 1490 2532 1561 quaestionum
2560 1505 2676 1542 non
2709 1504 2778 1542 ex
2797 1489 3072 1558 opusculo
3095 1487 3289 1558 aliquo
3318 1488 3429 1542 alio
3451 1503 3581 1543 meo
3612 1504 3845 1559 respon-

2146 1578 2386 1644 sionem,
2417 1578 2512 1631 sed
2543 1582 2677 1631 tunc
2703 1592 2831 1647 quae
2861 1576 3051 1646 potuit
3079 1591 3396 1643 occurrere,
3440 1576 3846 1631 reddidissem.

2147 1666 2247 1720 Hic
2293 1666 2435 1720 liber
2460 1665 2539 1719 sic
2567 1664 2796 1737 incipit:
2847 1667 3120 1732 Quantum
3147 1665 3286 1719 mihi
3311 1665 3551 1736 videtur,
3600 1665 3851 1720 dilectis-

2144 1757 2276 1810 sime
2310 1757 2392 1828 ﬁli
2417 1756 2636 1809 Dulciti.

2772 1895 2997 1951 CAPUT
3038 1897 3214 1951 LXVI.

2145 2003 2238 2058 Ad
2274 2003 2620 2060 Valentinum
2651 2006 2702 2057 et
2729 2017 2850 2057 cum
2877 2004 2970 2057 illo
2998 2003 3303 2068 monachos,
3339 2002 3405 2057 de
3433 2003 3630 2060 Gratia
3668 2009 3720 2060 et
3751 2005 3844 2060 Li-

2606 2089 2726 2144 bero
2753 2091 3023 2157 Arbitrio,
3057 2091 3192 2144 liber
3220 2105 3381 2144 unus.

2213 2231 2454 2300 Propter
2468 2247 2562 2284 eos
2579 2229 2698 2302 qui,
2719 2246 2850 2284 cum
2866 2230 3192 2285 defenditur
3213 2231 3315 2285 Dei
3337 2231 3536 2302 gratia,
3565 2235 3844 2303 putantes

2142 2318 2344 2388 negari
2372 2318 2615 2372 liberum
2646 2319 2969 2386 arbitrium,
2997 2319 3076 2372 sic
3105 2319 3215 2390 ipsi
3242 2320 3557 2375 defendunt
3594 2321 3852 2378 liberum

2144 2406 2444 2460 arbitrium
2473 2411 2538 2461 ut
2574 2411 2787 2477 negent
2815 2407 2914 2461 Dei
2945 2406 3208 2478 gratiam,
3240 2415 3559 2463 asserentes
3599 2425 3727 2464 eam
3757 2427 3852 2464 se-

2141 2495 2392 2549 cundum
2414 2496 2618 2549 merita
2635 2501 2825 2548 nostra
2848 2495 2992 2563 dari,
3022 2495 3220 2567 scripsi
3241 2496 3454 2551 librum
3493 2499 3657 2569 cujus
3699 2498 3838 2553 titu-

2145 2583 2231 2636 lus
2257 2588 2356 2647 est,
2381 2583 2449 2637 de
2473 2584 2658 2638 Gratia
2675 2588 2731 2637 et
2749 2583 2948 2637 Libero
2971 2583 3242 2638 Arbitrio.
3262 2584 3346 2638 Ad
3371 2600 3468 2638 eos
3487 2591 3679 2640 autem
3708 2587 3851 2640 scri-

2142 2671 2230 2740 psi
2258 2672 2560 2726 monachos
2581 2671 3003 2738 Adrumetinos,
3035 2671 3094 2725 in
3120 2687 3368 2742 quorum
3400 2675 3749 2728 monasterio
3768 2676 3844 2730 de

2137 2759 2244 2813 hac
2285 2776 2346 2814 re
2378 2764 2627 2831 coeperat
2671 2776 2791 2814 esse
2837 2759 3148 2827 contentio,
3200 2759 3280 2814 ita
3309 2765 3372 2815 ut
3403 2777 3492 2815 me
3537 2763 3844 2818 consulere

2140 2863 2338 2902 eorum
2385 2848 2562 2919 aliqui
2605 2853 2963 2919 cogerentur.
3017 2847 3115 2902 Hic
3145 2848 3290 2903 liber
3332 2849 3410 2904 sic
3437 2849 3670 2922 incipit:
3701 2855 3848 2907 Pro-

2135 2940 2258 3005 pter
2285 2952 2368 2991 eos
2396 2939 2494 3006 qui
2520 2938 2750 2992 hominis
2791 2938 3018 2992 liberum
3067 2939 3379 2993 arbitrium.

2749 3080 2879 3135 CAP
2888 3079 2971 3133 UT
3012 3079 3212 3134 LXVII.

2135 3202 2228 3256 Ad
2257 3217 2388 3272 quos
2436 3217 2626 3272 supra,
2667 3203 2732 3257 de
2779 3204 3119 3273 Correptione
3137 3208 3188 3258 et
3237 3206 3450 3272 Gratia,
3485 3205 3622 3260 iiber
3666 3222 3834 3262 unus.

2206 3344 2420 3397 Rursus
2451 3343 2522 3397 ad
2553 3343 2782 3398 eosdem
2809 3342 3002 3415 scripsi
3031 3345 3276 3399 alterum
3296 3345 3530 3414 librum,
3554 3365 3727 3418 quem
3756 3350 3830 3404 de

2135 3430 2503 3501 Correptionc
2521 3436 2575 3485 et
2603 3432 2792 3486 Gratia
2811 3433 3145 3502 prmnotavi,
3165 3450 3297 3488 cum
3327 3435 3468 3489 mihi
3492 3436 3828 3491 nuntiatum

2136 3523 2282 3573 esset
2303 3519 2505 3573 dixisse
2527 3519 2605 3572 ibi
2629 3521 2954 3590 quemdam,
2978 3521 3270 3576 neminem
3300 3523 3752 3593 corripiendum,
3788 3527 3841 3580 si

2136 3606 2238 3661 Dei
2262 3613 2546 3679 praecepta
2583 3624 2701 3662 non
2744 3608 2917 3676 facit;
2947 3609 3045 3664 sed
3086 3626 3188 3680 pro
3220 3611 3337 3678 illo,
3371 3617 3434 3666 ut
3463 3613 3652 3680 faciat,
3705 3619 3841 3668 tan-

2131 3697 2426 3751 tummodo
2455 3697 2764 3752 orandum.
2803 3697 2918 3752 Hicl
2941 3699 3065 3768 iber
3085 3700 3163 3753 sic
3184 3699 3408 3770 incipit:
3450 3703 3617 3758 Lectis
3636 3705 3843 3760 litteris

2132 3787 2344 3851 vestris,
2385 3787 2666 3840 Valentine
2692 3788 2872 3852 frater
2901 3787 3263 3844 dilectissime.

2205 3875 2331 3926 Hzec
2357 3889 2530 3943 opera
2557 3873 2868 3945 nonaginta
2887 3876 2996 3930 tria
3023 3876 3084 3930 in
3108 3876 3267 3931 libris
3299 3877 3556 3932 ducentis
3595 3880 3843 3951 triginta

2130 3961 2353 4015 duobus
2383 3978 2474 4016 me
2517 3961 2755 4016 dictasse
2785 3964 3020 4033 recolui,
3069 3965 3300 4035 quando
3331 3966 3454 4020 haec
3505 3972 3837 4034 retractavi,

2130 4055 2323 4104 utrum
2369 4050 2553 4104 adhuc
2582 4066 2763 4106 essem
2792 4052 3014 4124 aliquos
3042 4053 3356 4108 dictaturas
3403 4055 3709 4125 ignorans;
3747 4064 3839 4112 at-

2127 4155 2236 4209 que
2265 4137 2447 4209 ipsam
2477 4155 2677 4193 eorum
2701 4141 3158 4195 retractationem
3187 4143 3245 4196 in
3267 4143 3424 4197 libris
3446 4145 3673 4199 duobus
3700 4148 3834 4201 edi-

2127 4226 2205 4294 di,
2227 4226 2560 4298 urgentibus
2581 4227 2870 4295 fratribus,
2889 4233 3199 4300 antequam
3233 4231 3503 4302 epistolas
3527 4249 3590 4286 ac
3611 4250 3834 4289 sermo-

2126 4331 2226 4369 nes
2259 4316 2329 4369 ad
2357 4315 2657 4386 populum,
2680 4316 2826 4370 alios
2855 4317 3111 4381 dictatos,
3144 4318 3285 4374 alios
3322 4337 3356 4374 a
3383 4337 3472 4374 me
3502 4321 3685 4377 dictos
3731 4340 3834 4378 re-

2124 4405 2365 4456 tractare
2395 4403 2689 4474 ccepissem
2721 4407 2760 4458 ί.

2188 4557 2205 4590 ί
2226 4559 2294 4628 _ln
2314 4558 2583 4628 codicibus
2603 4559 2804 4621 aliquot
2820 4560 3391 4628 veteribus,_post_remo
3412 4565 3642 4628 capitulo
3661 4569 3838 4616 ascri-

2122 4624 2211 4683 pta
2226 4619 2340 4689 haec
2357 4635 2384 4668 a
2402 4621 2572 4683 prima
2590 4619 3052 4689 manureperimus
3072 4619 3246 4689 {Libri
3262 4625 3360 4688 qui
3371 4619 3495 4689 post
3515 4628 3841 4679 emendatio-

2121 4696 2241 4750 nem
2256 4686 2527 4750 ister-uina
2539 4688 2766 4750 sanctoA
2775 4688 3028 4750 sig-ustino
3036 4686 3281 4750 episcopo
3293 4686 3528 4750 scriptiet
3536 4690 3668 4739 editi
3678 4701 3838 4742 sunt:

2119 4744 2567 4814 ltetractatiouum
2578 4746 2669 4814 isti
2680 4746 2785 4814 duo
2798 4747 2936 4795 libri.
2951 4744 3102 4814 Liba}
3110 4744 3837 4814 qui-appellaturSpeculum

2119 4807 2183 4876 de
2203 4807 2518 4876 testimoniis
2538 4807 3040 4876 Scriptugrarumzitd
3056 4807 3371 4876 Erbsperum
3390 4818 3443 4876 et
3456 4807 3739 4876 Hilarium,
3761 4818 3837 4866 de

2120 4869 2585 4918 l’rmdestinatione
2599 4869 2910 4919 Sanctorum
2923 4871 3043 4919 libri
3056 4869 3697 4931 duo.ldQuodvultdeum
3712 4869 3834 4928 dia-

2118 4944 2330 4987 conum,
2345 4931 2408 4979 de
2426 4931 2720 4980 Heeresibus
2742 4931 2861 4980 libri
2880 4932 3003 4981 duo.
3020 4933 3212 4983 Contra
3227 4938 3378 4984 Gesta
3391 4936 3570 4986 habita
3580 4951 3704 4987 cum
3717 4940 3766 4988 Μ
3775 4955 3834 4989 a-

2115 4993 2244 5062 nimi
2251 4993 2475 5062 noA_r_i_an
2482 5007 2630 5062 orum
2645 4993 3174 5062 episcopo(quoniam
3185 4996 3295 5047 dies
3306 5011 3404 5059 quo
3414 5003 3696 5062 praesentes
3705 5015 3837 5051 con-

2101 5054 2352 5121 [crebant
2364 5054 2716 5121 disputatione
2729 5054 2849 5121 ejus
2857 5054 3073 5121 meum
3082 5054 3400 5121 absumptus
3413 5054 3532 5121 ξεί),
3552 5061 3676 5110 libri
3692 5063 3808 5113 duo
3817 5103 3829 5114 .

2116 5115 2592 5184 ContraJulianum
2620 5115 2956 5184 pelagianum
2974 5119 3094 5168 libri
3115 5133 3202 5168 sex
3223 5135 3232 5167 :
3263 5115 3554 5184 Septimum
3571 5137 3701 5176 vero
3721 5129 3833 5175 im-

2113 5178 2422 5246 perfectum
2442 5179 2671 5246 reliquit
2691 5192 2702 5236 ;
2723 5182 2970 5246 octavum
2996 5187 3175 5230 autem
3187 5196 3279 5246 nec
3297 5178 3486 5246 attigit.
3503 5185 3649 5235 Sunt
3677 5188 3832 5237 enim

2112 5242 2271 5310 ipsius
2284 5243 2468 5310 ereli
2499 5244 2515 5286 ἑ
2529 5240 2649 5289 libri
2660 5243 2794 5298 octo,
2807 5240 2992 5310 quibus
3008 5244 3286 5310 respondit
3293 5245 3342 5305 ej
3346 5240 3416 5310 us
3421 5246 3574 5310 verba
3585 5261 3805 5309 ponens
3815 5289 3828 5310 ,

2113 5302 2289 5370 eisque
2303 5302 2617 5370 ἔςιιζηψιῃιεηδ
2638 5305 3002 5370 responsiones
3021 5302 3254 5355 mssa
3275 5302 3467 5370 legitur
3484 5309 3536 5356 in
3560 5302 3687 5359 .Ylss.
3707 5302 3836 5362 Pra-

2112 5363 2316 5412 tellensi
2345 5368 2396 5411 et
2421 5363 2471 5411 S.
2508 5363 2997 5426 Arnulii’Metensis,
3028 5371 3126 5414 etc.
