4062 6344
1522 471 2536 639 ADMONITIO

1181 724 1284 782 DE
1355 724 1897 795 SEQUENTIBUS
1956 725 2560 787 CONFESSIONUM
2629 727 2897 788 LIBBIS.

340 1031 474 1094 ane
505 1045 672 1082 causa
701 1027 833 1082 fecit
862 1031 926 1082 ut
957 1026 1246 1098 scriptoris
1280 1025 1554 1098 cujusque
1582 1026 1696 1081 vita
1734 1026 2056 1082 emittendis
2086 1027 2146 1081 in
2178 1027 2472 1098 publicum
2510 1029 2631 1099 ejus
2677 1029 2838 1083 libris
2869 1030 3113 1084 solemni
3159 1047 3318 1086 more
3358 1032 3774 1102 praefigeretur,

268 1119 470 1172 eadem
501 1119 672 1172 etiam
704 1117 919 1188 primos
944 1117 999 1171 S.
1033 1116 1336 1186 Augustini
1367 1133 1606 1186 operum
1639 1116 1880 1171 editores
1909 1116 2063 1170 haud
2095 1115 2266 1169 dubie
2291 1116 2467 1169 movit
2491 1121 2554 1170 ut
2580 1117 2976 1171 Confessiones
3001 1117 3178 1189 ipsius
3201 1119 3393 1173 statim
3415 1125 3543 1189 post
3573 1121 3773 1176 Retra-

269 1207 584 1260 ctationum
618 1206 814 1272 libros,
847 1205 946 1274 qui
972 1210 1125 1258 recto
1158 1204 1360 1257 ordine
1393 1204 1597 1258 debent
1622 1204 1963 1274 praecedere,
1986 1205 2044 1258 in
2074 1207 2228 1256 tomo
2261 1203 2447 1274 primo
2477 1205 2836 1259 collocarent.
2865 1207 3079 1276 Nempe
3110 1206 3350 1260 interest
3374 1207 3690 1276 plurimum
3715 1213 3779 1262 ut

267 1295 510 1350 auctoris
540 1295 798 1364 genium,
830 1293 1034 1356 studia,
1079 1308 1290 1352 mores,
1331 1291 1687 1362 probitatem,
1723 1293 1914 1357 fidem,
1974 1292 2225 1363 aliasque
2273 1293 2431 1346 dotes
2471 1300 2798 1364 perspectas
2844 1295 3050 1349 habeat
3083 1295 3182 1367 qui
3224 1297 3345 1365 ejus
3395 1297 3606 1366 scripta
3645 1314 3773 1351 cum

264 1385 553 1454 voluptate
581 1387 635 1436 et
665 1399 795 1436 cum
825 1381 1080 1452 profectu
1109 1381 1400 1451 perlegere
1420 1379 1480 1433 in
1511 1379 2024 1434 animuminducit.
2049 1379 2221 1450 Atqui
2251 1380 2310 1433 in
2341 1380 2804 1435 Confessionibus
2836 1382 2953 1435 suis
2979 1383 3331 1454 Augustinus
3359 1387 3541 1436 totum
3571 1400 3628 1435 se
3654 1383 3774 1453 ipse

263 1472 544 1544 expressit
570 1486 850 1542 perquam
881 1474 1175 1523 accurate:
1209 1468 1422 1538 quippe
1453 1468 1552 1538 qui
1583 1468 1641 1522 in
1670 1468 1738 1521 iis
1770 1485 1881 1522 non
1915 1484 1982 1521 ea
2010 1468 2194 1521 solum
2222 1469 2366 1521 facta
2397 1485 2525 1539 qua!
2555 1469 2857 1523 hominum
2891 1471 3072 1524 oculis
3119 1471 3370 1541 subjecta
3401 1487 3519 1524 esse
3559 1471 3774 1540 potuis-

260 1566 386 1615 sent
409 1579 422 1626 ;
449 1561 542 1614 sed
576 1560 747 1614 etiam
779 1575 846 1613 ea
887 1575 1015 1630 qua:
1049 1559 1162 1612 Deo
1194 1562 1416 1611 tantum
1444 1557 1670 1609 conscio
1701 1556 1760 1610 in
1791 1555 2008 1610 intimis
2038 1556 2366 1626 agitaverat,
2409 1573 2537 1611 cum
2570 1559 2742 1624 bona,
2774 1564 2895 1612 tum
2928 1560 3098 1624 mala,
3133 1559 3466 1629 singillatim
3494 1559 3771 1628 exposuit.

261 1651 329 1704 In
363 1649 448 1703 his
479 1648 638 1702 enim
676 1647 841 1702 sicuti
897 1651 1172 1700 anteacta:
1204 1645 1334 1698 vita:
1365 1646 1450 1699 vel
1482 1644 1768 1698 levissima
1798 1649 2001 1709 errata,
2041 1644 2119 1698 sic
2149 1645 2319 1698 etiam
2361 1650 2590 1716 accepta
2619 1663 2652 1700 a
2685 1648 2797 1701 Deo
2845 1647 3122 1702 beneficia
3165 1648 3286 1701 fuse
3319 1652 3730 1700 commemorat
3761 1663 3773 1712 ;

261 1742 543 1792 aeternum
574 1735 816 1808 posteris
847 1735 1145 1789 relicturus
1170 1734 1285 1788 sive
1315 1733 1666 1804 paenitentis,
1694 1733 1808 1787 sive
1836 1732 1984 1804 grati
2006 1733 2182 1786 animi
2215 1738 2677 1800 monumentum,
2708 1736 3048 1805 praeclarum
3075 1735 3248 1789 etiam
3267 1734 3421 1788 illius
3451 1750 3624 1804 quam
3639 1751 3772 1786 con-

259 1829 478 1879 stanter
507 1841 643 1895 erga
673 1841 778 1878 nos
795 1824 1022 1878 exhibet
1047 1824 1215 1891 Deus,
1245 1827 1302 1876 et
1325 1822 1562 1892 justitize
1588 1826 1644 1875 et
1668 1821 1938 1875 bonitatis
1968 1821 2315 1891 exemplum.
2348 1825 2531 1892 Atque
2563 1823 2674 1876 hoc
2704 1823 2766 1876 in
2796 1823 2998 1893 primis
3015 1817 3294 1889 studebat,
3327 1822 3541 1876 scilicet
3571 1822 3772 1892 (ipsius

259 1913 444 1967 verbis
469 1929 592 1967 rem
617 1918 678 1966 ut
710 1912 1073 1983 explicemus)
1105 1916 1155 1965 et
1184 1910 1250 1964 de
1270 1911 1432 1964 malis
1461 1915 1511 1964 et
1540 1910 1605 1963 de
1624 1911 1772 1964 bonis
1784 1913 1898 1964 suis
1935 1913 2100 1965 Deum
2125 1910 2349 1964 laudare
2366 1911 2581 1980 justum
2612 1916 2660 1965 et
2692 1911 2906 1977 bonum,
2932 1917 3094 1982 atque
3119 1913 3175 1965 in
3191 1927 3310 1966 eum
3334 1911 3771 1965 emcitarehuma-

257 2018 386 2056 num
425 2003 746 2056 intellectum
774 2006 824 2055 ct
854 2000 1123 2068 affectum.
1162 1999 1225 2053 Id
1261 2015 1393 2052 vero
1421 1998 1524 2053 hac
1557 1998 1780 2052 ratione
1815 1999 2138 2070 exequitur.

336 2093 400 2144 In
432 2090 620 2161 primo
646 2088 1126 2157 libro,pra:missa
1159 2088 1257 2141 Dei
1288 2087 1664 2150 invocatione,
1701 2086 1895 2140 recolit
1924 2087 2053 2140 vitae
2092 2103 2209 2140 sum
2231 2087 2544 2158 primordia
2566 2088 2635 2143 ad
2654 2103 2869 2143 annum
2893 2089 3159 2160 quintum
3181 2089 3484 2144 decimum.
3511 2087 3770 2142 lnfantize

261 2183 493 2249 peccata
524 2177 779 2248 agnoscit
807 2181 860 2230 et
887 2175 1146 2246 pueritiae
1173 2192 1187 2242 ;
1216 2179 1387 2244 atque
1416 2175 1522 2228 hac
1543 2177 1705 2227 tetate
1735 2173 1794 2227 in
1812 2174 2002 2229 lusum
2033 2179 2089 2229 et
2112 2175 2357 2246 puerilia
2377 2193 2620 2249 quaeque
2640 2177 3055 2232 oblectamenta
3084 2182 3140 2232 et
3165 2178 3322 2244 vilia,
3345 2195 3517 2250 quam
3539 2178 3598 2231 in
3623 2177 3769 2230 litte-

259 2283 456 2320 rarum
495 2265 681 2319 studia
712 2263 1114 2334 procliviorem
1148 2278 1206 2314 se
1237 2261 1408 2315 fuisse
1439 2261 1768 2318 confitetur.

333 2357 395 2409 In
426 2353 696 2422 secundo,
725 2352 796 2406 ad
828 2355 1055 2405 aetatem
1085 2352 1258 2404 aliam
1288 2349 1672 2421 progreditur,
1707 2350 2078 2423 primumque
2101 2351 2496 2407 adolescentia:
2530 2370 2668 2420 sum,
2711 2353 2767 2408 id
2799 2359 2905 2422 est,
2941 2359 3161 2408 sextum
3197 2354 3481 2408 decimum
3510 2354 3636 2407 vitae
3659 2369 3767 2406 an-

261 2458 422 2507 num,
454 2456 626 2512 quem
668 2439 726 2493 in
770 2443 1009 2510 paterna
1059 2439 1252 2508 domo,
1309 2437 1512 2491 studiis
1560 2437 1918 2506 intermissis,
1959 2445 2387 2510 consumpserat
2425 2440 2593 2511 genio
2643 2457 2707 2494 ac
2755 2441 3093 2495 libidinibus
3141 2441 3464 2510 indulgens,
3497 2441 3564 2494 ad
3600 2455 3767 2492 men-

267 2535 385 2585 tem
415 2533 639 2585 revocat
668 2545 798 2582 cum
829 2527 990 2598 gravi
1018 2527 1236 2594 dolore,
1267 2541 1492 2580 severus
1531 2526 1839 2580 admodum
1872 2525 1932 2580 in
1955 2526 2320 2598 dijudicando
2347 2529 2500 2584 furto
2533 2545 2565 2583 a
2587 2545 2644 2583 se
2673 2533 2808 2584 tunc
2838 2529 3110 2600 temporis
3141 2545 3271 2583 eum
3317 2529 3603 2582 sodalibus
3633 2543 3769 2598 per-

270 2623 512 2690 petrato.

332 2707 559 2762 Terrius
585 2705 731 2760 liber
750 2705 819 2759 de
845 2704 1007 2758 annis
1029 2708 1114 2759 est
1143 2704 1322 2758 aetatis
1345 2703 1498 2758 illius
1531 2703 1752 2758 decimo
1780 2703 2046 2775 septimo,
2077 2704 2296 2758 decimo
2336 2709 2530 2758 octavo
2561 2709 2617 2759 et
2646 2705 2863 2759 decimo
2897 2720 3051 2758 nono
3085 2705 3378 2758 transactis
3408 2703 3766 2774 Carthagine,

261 2795 359 2850 ubi
380 2795 516 2849 dum
540 2793 807 2848 litterarii
829 2792 1004 2846 studii
1033 2792 1382 2846 curriculum
1415 2792 1750 2859 absolveret,
1787 2808 1845 2845 se
1874 2791 2170 2846 libidinosi
2197 2792 2407 2846 amoris
2436 2793 2638 2863 laqueo
2661 2793 2968 2857 irretitum,
2994 2808 3213 2845 necnon
3238 2793 3299 2845 in
3321 2793 3764 2846 Manichaeorum

259 2883 524 2937 haeresim
555 2882 888 2952 prolapsum
919 2880 1090 2933 fuisse
1123 2879 1406 2933 meminit.
1441 2879 1724 2933 Adversus
1745 2881 1954 2933 horum
1984 2895 2206 2933 errores
2235 2884 2290 2934 et
2315 2879 2559 2950 ineptias
2595 2879 2823 2934 disserit
2851 2880 3189 2933 luculenter.
3239 2878 3426 2933 Matris
3461 2879 3764 2950 lacrymas,

258 2975 316 3025 et
346 2984 682 3039 responsum
715 2967 784 3021 de
812 2966 913 3020 lilii
944 2965 1336 3035 resipiscentia
1367 2965 1640 3019 divinitus
1671 2969 1965 3036 acceptum
1996 2966 2192 3020 refert.

338 3060 403 3112 In
431 3060 633 3128 quarto
662 3055 805 3109 libro
838 3069 970 3107 eum
991 3054 1170 3124 pudet
1190 3069 1251 3106 se
1283 3053 1364 3107 illi
1384 3058 1549 3107 sectae
1569 3054 2048 3109 addictumfuisse
2060 3055 2544 3125 pernovennium,
2567 3059 2737 3126 atque
2759 3054 2899 3108 alios
2917 3070 3107 3108 secum
3138 3053 3197 3107 in
3223 3053 3488 3107 eumdem
3507 3069 3762 3110 errorem

261 3144 599 3219 pertraxisse
626 3160 639 3210 ;
673 3142 879 3198 deinde
913 3142 1163 3195 amicum
1193 3141 1594 3196 charissimum
1626 3142 1731 3196 sibi
1759 3143 1976 3198 interea
2007 3148 2192 3197 morte
2230 3147 2600 3214 priereptnm,
2629 3140 2908 3197 acerbiori
2948 3158 3121 3213 quam
3152 3157 3382 3212 aequum
3408 3147 3554 3196 esset
3585 3142 3766 3196 animi

261 3236 454 3290 dolore
484 3232 656 3286 fuisse
686 3235 1078 3303 prosecutum.
1117 3230 1293 3300 Cujus
1324 3230 1636 3295 occasione,
1668 3231 1736 3284 de
1771 3247 1914 3286 vana
1942 3235 1998 3286 et
2025 3231 2093 3285 de
2124 3231 2304 3285 solida
2333 3231 2581 3285 amicitia
2603 3247 2718 3284 non
2749 3247 2928 3301 pauca
2959 3229 3111 3284 dicit.
3141 3229 3485 3284 Mentioncm
3517 3230 3766 3302 denique

264 3323 399 3378 facit
426 3322 704 3376 librorum
735 3319 804 3374 de
833 3319 1076 3374 Pulchro
1108 3321 1322 3390 etApto
1349 3336 1381 3372 a
1402 3335 1458 3371 se
1473 3335 1625 3373 anno
1648 3321 1831 3374 mtalis
1851 3320 2124 3391 vigesimo
2142 3323 2296 3373 sexto
2320 3324 2418 3374 aut
2445 3319 2717 3390 vigesimo
2748 3319 2990 3389 septimo
3019 3318 3507 3388 conscriptorum;
3542 3334 3767 3374 necnon

263 3428 439 3484 quam
470 3409 619 3464 facili
655 3407 883 3480 negotio
913 3407 1234 3461 liberalium
1267 3407 1478 3461 artium
1508 3407 1682 3462 libros
1710 3414 1879 3480 atque
1900 3408 2216 3463 Aristotelis
2236 3408 2581 3479 Categorias,
2611 3424 2762 3474 anno
2784 3408 2965 3462 aetatis
2985 3407 3163 3462 ferme
3192 3407 3490 3478 vigesimo,
3520 3423 3623 3478 per
3647 3425 3767 3462 sese

263 3496 629 3551 intellexerit.

333 3587 398 3640 In
431 3586 576 3640 libro
617 3585 818 3656 quinto
845 3600 1061 3639 annum
1093 3581 1277 3637 aetatis
1307 3598 1424 3636 suae
1454 3581 1686 3636 exhibet
1715 3581 2049 3653 vigesimum
2074 3601 2314 3651 nonum,
2336 3600 2450 3656 quo
2473 3583 2686 3638 scilicet
2713 3587 3005 3654 comperta
3037 3582 3223 3638 Fausti
3249 3582 3554 3637 manichtei
3584 3582 3766 3652 impe-

263 3675 412 3739 ritia,
446 3674 804 3746 propositum
831 3674 891 3726 in
922 3673 1020 3727 illa
1049 3675 1198 3726 secta
1225 3670 1564 3743 proticiendi
1593 3670 1833 3741 abjecit;
1867 3689 1980 3743 quo
2010 3674 2184 3728 etiam
2215 3675 2416 3739 Roma,
2456 3671 2556 3726 ubi
2582 3676 2717 3725 tunc
2758 3671 3103 3725 rhetoricam
3132 3671 3529 3740 profitebatur,
3560 3671 3765 3725 missus

262 3763 643 3817 Mediolanum
683 3765 746 3816 ut
772 3761 1029 3815 eamdem
1070 3765 1252 3814 artem
1301 3761 1550 3827 doceret,
1603 3759 1775 3830 ccepit
1815 3760 2010 3814 audito
2053 3759 2352 3814 Ambrosio
2395 3759 2746 3830 resipiscere,
2803 3765 2860 3814 et
2899 3759 2966 3813 de
3001 3759 3416 3813 Manichteismo
3447 3759 3765 3814 abdicando

263 3866 487 3904 necnon
519 3851 586 3904 de
617 3849 928 3920 repetendo
957 3849 1431 3903 catechumenatu
1458 3847 1784 3902 decernere.

330 3939 393 3992 In
417 3938 561 3992 libro
594 3943 770 4005 sexto,
796 3954 927 3991 cum
951 3938 1073 4007 jam
1110 3936 1362 3992 Monnica
1391 3935 1570 4005 ipsius
1598 3940 1778 3989 mater
1806 3935 2185 3990 Mediolanum
2211 3935 2548 4001 advenisset,
2580 3935 2818 4006 ipseque
2847 3951 3062 3988 annum
3095 3934 3279 3988 aetatis
3311 3938 3508 4004 ageret
3534 3933 3762 4003 trigesi-

260 4041 454 4091 mum;
484 4025 770 4080 Ambrosii
799 4023 1171 4078 concionibus
1213 4022 1558 4088 admonitus,
1615 4022 1901 4077 catholica:
1947 4023 2219 4078 doctrinm
2256 4022 2575 4089 veritatem,
2622 4039 2794 4094 quam
2834 4022 3122 4078 Manichzei
3156 4023 3294 4077 falso
3327 4022 3760 4085 insimulabant,

265 4113 448 4183 magis
479 4113 773 4184 magisque
805 4111 1185 4182 intelligebat.
1228 4110 1417 4181 Alypii
1445 4109 1613 4164 amici
1653 4110 1738 4164 sui
1767 4126 1955 4165 mores
1984 4111 2367 4182 prosequitur.
2398 4111 2460 4164 In
2489 4110 2707 4165 diversa
2760 4110 3108 4182 rapiebatur,
3167 4109 3302 4163 dum
3361 4109 3428 4163 de
3483 4108 3599 4162 vita
3651 4124 3766 4161 me-

259 4202 372 4256 lius
402 4201 753 4256 instituenda
777 4200 1152 4266 deliberaret;
1189 4199 1387 4254 mortis
1418 4215 1646 4270 quoque
1677 4214 1741 4252 ac
1781 4199 1987 4270 judicii
2036 4203 2189 4253 metu
2218 4199 2532 4269 perculsus,
2565 4199 2637 4253 ad
2683 4199 2811 4255 vita:
2841 4197 3268 4253 conversionem
3299 4197 3356 4251 in
3414 4197 3533 4252 dies
3574 4213 3766 4251 accen-

260 4290 518 4345 debetur.

333 4380 396 4432 ln
425 4378 669 4449 septimo
708 4377 856 4432 libro
887 4377 1183 4433 exordium
1213 4392 1330 4430 sum
1355 4376 1693 4446 juventutis,
1721 4375 1778 4430 id
1805 4380 1889 4430 est
1913 4391 2129 4429 annum
2158 4375 2342 4430 aetatis
2382 4375 2740 4446 trigesimum
2778 4376 3052 4447 primum.
3089 4375 3162 4430 ob
3203 4375 3413 4430 mentis
3443 4375 3635 4429 oculos
3671 4390 3764 4428 re-

262 4467 435 4522 ducit.
471 4469 672 4522 Narrat
698 4483 756 4520 se
796 4467 896 4520 illa
924 4471 1088 4520 {etate
1113 4464 1468 4520 densioribus
1497 4465 1679 4519 adhuc
1704 4463 2045 4535 ignorantiae
2086 4463 2334 4517 tenebris
2360 4464 2677 4518 involutum
2704 4468 2874 4536 atque
2918 4468 3205 4519 errantem
3234 4464 3385 4516 circa
3437 4463 3537 4518 Dei
3589 4467 3752 4516 natu-

259 4573 402 4622 ram,
437 4572 659 4610 necnon
694 4555 842 4608 circa
863 4555 1142 4624 originem
1168 4553 1324 4619 mali,
1368 4553 1426 4607 in
1457 4554 1617 4623 cujus
1648 4551 2017 4623 inquisitione
2055 4568 2112 4604 se
2148 4551 2361 4606 mirum
2407 4551 2466 4606 in
2497 4553 2734 4607 modum
2764 4553 3030 4624 angebat,
3066 4553 3392 4624 pervenisse
3424 4551 3658 4605 tandem
3691 4551 3759 4604 ad

259 4644 644 4714 cognitionem
668 4643 766 4697 Dei
797 4642 1106 4708 sinceram;
1137 4641 1397 4712 quamvis
1421 4641 1682 4696 nondum
1704 4642 1877 4711 digne
1907 4639 1976 4694 de
1998 4639 2242 4694 Domino
2274 4640 2496 4694 Christo
2528 4641 2792 4696 sentiret.

335 4732 498 4787 Liber
523 4736 752 4786 octavus
780 4730 909 4784 vitae
940 4729 1120 4800 ipsius
1149 4734 1370 4800 partem
1401 4729 1628 4798 attingit
1651 4727 2103 4796 celeberrimam,
2133 4743 2347 4780 annum
2375 4728 2637 4782 videlicet
2667 4728 2849 4782 aetatis
2879 4728 3234 4800 trigesimum
3266 4727 3606 4793 secundum,
3643 4743 3756 4798 quo

261 4836 471 4890 nempe
491 4835 620 4873 cum
650 4818 1088 4889 Simplicianum
1119 4817 1494 4872 consuluisset
1521 4817 1590 4871 ab
1622 4833 1805 4888 eoque
1833 4815 2120 4872 didicisset
2149 4815 2416 4870 Victorini
2443 4817 2897 4882 conversionem,
2929 4834 3060 4872 cum
3087 4818 3319 4872 Antonii
3355 4817 3605 4888 [Egyptii
3636 4813 3760 4870 mo-

261 4908 431 4964 nachi
461 4907 637 4960 vitam
669 4923 736 4960 ex
767 4905 1066 4961 Pontitiani
1103 4905 1374 4959 relatione
1406 4905 1780 4974 cognovisset,
1820 4909 1951 4975 post
1992 4904 2388 4958 vehementem
2419 4905 2625 4958 luctam
2675 4921 2903 4959 carnem
2933 4905 3084 4960 inter
3113 4911 3170 4960 et
3195 4905 3475 4969 animum,
3506 4905 3759 4958 codicem

258 4996 514 5067 Apostoli
541 4995 753 5050 caelesti
784 4995 1109 5050 admonitus
1140 4995 1368 5048 oraculo
1394 4993 1672 5064 inspexit;
1705 5008 1947 5064 moxque
1979 5007 2044 5046 ex
2074 4992 2226 5046 illius
2251 4992 2491 5048 lectione
2520 4995 2589 5047 ad
2610 4994 2909 5048 meliorem
2929 4995 3154 5066 frugem
3183 4999 3300 5048 toto
3327 4995 3519 5048 animo
3553 4993 3758 5046 immu-

259 5089 409 5138 tatus
435 5083 564 5152 fuit,
595 5083 878 5155 pleneque
908 5084 981 5138 ad
1012 5084 1193 5137 Deum
1227 5098 1550 5136 conversus.

331 5174 394 5226 In
425 5172 570 5226 libro
599 5188 750 5226 nono
778 5171 915 5226 dicit
944 5172 1012 5226 de
1039 5175 1203 5242 capto
1233 5188 1266 5225 a
1290 5187 1348 5225 se
1377 5170 1612 5225 consilio
1642 5169 1944 5225 rhetorica:
1967 5169 2381 5240 professionem
2410 5169 2733 5241 abjicieudi,
2762 5188 2879 5226 non
2898 5175 3092 5226 tamen
3115 5175 3422 5241 antequam
3448 5165 3756 5221 vindemia-

261 5260 406 5315 lium
437 5259 730 5326 feriarum,
765 5259 916 5330 quod
946 5258 1205 5329 proxime
1237 5258 1506 5326 instabat,
1535 5261 1763 5327 tempus
1790 5258 2126 5314 advenisset.
2157 5261 2301 5314 Tum
2331 5259 2400 5314 de
2428 5276 2530 5314 suo
2563 5261 2622 5314 in
2652 5261 2967 5316 Verecundi
2997 5260 3164 5314 amici
3193 5259 3384 5312 villam
3421 5270 3661 5318 secessu,
3688 5254 3758 5308 de

258 5365 360 5402 suo
389 5348 747 5418 baptismate,
777 5363 841 5400 ac
867 5346 937 5400 de
966 5347 1238 5400 Monnica:
1271 5346 1468 5401 matris
1496 5346 1799 5400 virtutibus
1828 5351 2000 5418 atque
2031 5347 2212 5412 obitu,
2252 5349 2372 5420 qui,
2401 5348 2687 5421 baptizato
2717 5349 2864 5421 ipso,
2896 5349 3094 5404 incidit
3121 5348 3180 5401 in
3215 5345 3480 5399 eumdem
3538 5343 3756 5396 huncce

261 5453 496 5504 annum,
527 5436 708 5490 tetatis
739 5435 998 5490 videlicet
1024 5435 1329 5506 Augustini
1355 5435 1714 5506 trigesimum
1747 5435 2009 5490 tertium.
3584 5481 3587 5486 .

335 5526 394 5577 ln
426 5525 572 5579 libro
604 5525 825 5579 decimo
855 5528 1139 5580 scrutatur
1185 5523 1472 5595 deinceps,
1527 5541 1589 5576 ac
1627 5525 1814 5593 palam
1849 5529 2216 5590 contestatur,
2252 5542 2364 5578 non
2401 5527 2583 5596 qualis
2617 5531 2802 5590 antea,
2831 5525 2930 5578 sed
2961 5521 3140 5592 qualis
3173 5525 3302 5572 tunc
3351 5521 3513 5572 esset.
3554 5518 3751 5581 Deum,
