4062 6358
265 309 274 314 ’
317 319 420 370 659
1519 314 1869 372 CONFESSIG

2242 311 2602 370 tUGUSTINI
2611 353 2625 366 .
3725 313 3846 363 660

311 457 482 512 quem
511 443 685 506 amat,
718 439 906 494 studet
936 440 1211 507 indicare,
1251 441 1503 512 dumque
1530 457 1635 512 per
1661 441 1888 512 singula
1926 439 2080 494 ducit
2117 455 2312 494 rerum
2341 453 2572 510 genera,
2622 436 2817 491 multis
2865 435 3107 508 explicat
3151 434 3446 490 memoria:
3483 433 3602 489 vim
3653 435 3846 506 plane

312 529 674 601 stupendam,
707 528 861 598 quod
901 545 1002 582 sua
1029 528 1091 583 in
1115 529 1396 583 memoria
1423 530 1614 584 locum
1643 530 1792 584 Deus
1821 529 2046 596 habeat,
2078 529 2421 600 gratulatus.
2449 526 2694 598 Inquirit
2722 525 2784 579 in
2804 530 2980 592 actus,
3005 524 3066 578 in
3096 539 3316 592 sensus,
3341 529 3399 578 et
3427 523 3664 577 affectus
3695 541 3848 578 suos

313 634 532 684 omnes,
567 633 634 670 ex
672 617 883 686 triplici
913 617 1229 672 tentatione
1263 618 1583 688 voluptatis,
1617 617 1983 684 curiositatis,
2017 633 2081 671 ac
2109 615 2412 687 superbire.
2443 615 2751 670 Dominum
2783 613 3069 668 Christum
3099 628 3283 666 unum
3315 611 3695 667 mediatorem
3729 613 3846 667 Dei

311 713 367 762 et
403 706 708 761 hominum
744 705 1065 773 conﬁtetur,
1100 707 1336 778 ejusque
1367 722 1472 776 ope
1495 706 1673 760 animi
1701 707 1789 761 sui
1819 707 2124 776 languores
2166 720 2367 759 omnes
2391 703 2671 758 sanandos
2701 719 2824 757 esse
2857 701 3118 756 conﬁdit.

383 798 448 850 In
476 795 622 848 libro
653 794 957 848 undecimo
989 799 1044 848 et
1073 795 1447 866 sequentibus
1473 799 1676 849 tractat
1705 795 1774 849 de
1804 793 2108 864 Scripturis
2133 793 2359 847 sanctis.
2394 794 2601 848 Totum
2630 795 2802 862 caput
2849 790 3105 862 primum
3135 790 3437 856 Geneseos,
3470 805 3586 860 quo
3619 790 3838 844 mundi

312 883 524 938 creatio
554 882 910 946 describitur,
943 882 1437 938 dissertationibus
1468 884 1736 952 illustrat,
1769 883 2131 937 difﬁcultates
2163 881 2519 935 incurrentes
2549 880 2881 946 dissolvens,
2914 883 2970 932 et
3008 879 3077 932 ab
3108 878 3567 932 adversariorum
3593 878 3843 947 objectis

306 972 620 1026 vindicans.
637 971 745 1025 Sed
760 971 821 1024 in
833 971 1138 1026 undecimo
1168 972 1417 1042 disputat
1446 973 1618 1042 paulo
1647 971 1826 1026 fusius
1856 972 2218 1042 detempore.
2235 972 2303 1024 In
2318 970 2659 1024 duodecimo
2674 970 2743 1023 de
2760 967 3001 1022 materia
3027 967 3282 1034 informi,
3310 966 3495 1036 deque
3519 967 3842 1036 multiplici

312 1061 616 1131 Scriptura;
647 1076 834 1114 sensu.
883 1061 949 1114 In
995 1060 1166 1115 tertio
1209 1061 1432 1116 decimo
1475 1061 1572 1115 Dei
1621 1060 1935 1115 bonitatem
1966 1076 2035 1114 ex
2090 1076 2285 1114 rerum
2337 1059 2714 1130 productione
2744 1057 3146 1124 commendat;
3180 1056 3451 1128 praedicat
3485 1057 3666 1110 Deum
3698 1057 3837 1111 Tri-

311 1151 568 1215 nitatem,
626 1153 682 1203 et
731 1148 975 1220 Spiritus
1033 1149 1213 1203 sancti
1277 1148 1572 1220 prepriam
1641 1153 1948 1220 quamdam
2001 1149 2319 1203 notionem.
2378 1147 2634 1219 Denique
2699 1146 2873 1201 creati
2921 1144 3126 1200 mundi
3175 1144 3478 1199 historiam
3521 1145 3838 1216 allegorice

315 1239 574 1308 exponit.

383 1328 558 1380 Hosce
579 1325 754 1379 libros
787 1325 1151 1379 observamus
1177 1325 1418 1396 scriptos
1447 1327 1670 1381 circiter
1700 1343 1915 1381 annum
1947 1324 2155 1380 Christi
2184 1323 2836 1396 quadringentesimum,
2877 1326 3179 1394 propterea
3217 1323 3369 1394 quod
3401 1322 3472 1376 ab
3502 1322 3838 1392 Augustino

313 1419 681 1468 recensentur
708 1414 972 1484 proxime
999 1419 1130 1468 ante
1161 1414 1289 1468 illos
1335 1431 1478 1486 quos
1503 1415 1800 1486 episcopus
1831 1416 2097 1470 adversus
2128 1414 2399 1467 Faustum
2447 1411 2832 1466 manichaaum
2863 1427 2979 1465 non
3007 1412 3187 1464 multo
3214 1414 3346 1465 ante
3385 1410 3472 1464 vel
3507 1415 3637 1482 post
3668 1411 3834 1465 hunc

311 1519 528 1557 annum
555 1502 883 1569 elaboravit,
919 1503 1003 1556 uti
1032 1519 1133 1556 suo
1160 1503 1379 1558 dicetur
1409 1505 1549 1559 loco.
1583 1506 1743 1559 Certe
1768 1504 1816 1558 si
1841 1521 1955 1576 qua
1980 1519 2153 1574 opera
2176 1503 2476 1556 indubiam
2501 1500 2900 1556 etdistinctam
2931 1500 3206 1571 temporis
3254 1504 3450 1554 notam
3477 1517 3597 1570 prae
3620 1517 3679 1554 se
3707 1517 3837 1554 non

316 1592 523 1654 ferunt,
559 1590 603 1642 si
650 1589 775 1642 aliis
807 1590 1040 1644 demum
1083 1591 1435 1660 argumentis
1465 1591 1523 1645 id
1553 1592 1883 1662 investigari
1913 1607 2029 1646 non
2059 1594 2266 1661 potest,
2301 1589 2725 1644 decernendum
2755 1588 2978 1642 videtur
3007 1605 3072 1642 ex
3094 1588 3581 1643 Retractationum
3635 1588 3793 1644 serie
3820 1607 3836 1656 ;

317 1678 805 1750 quandoquidem,
829 1683 1112 1748 quantum
1142 1679 1347 1748 potuit,
1373 1680 1592 1734 curavit
1619 1681 1989 1751 Augustinus,
2022 1684 2085 1732 ut
2109 1695 2213 1732 nos
2243 1694 2310 1731 ex
2331 1677 2453 1748 ipsa
2485 1676 2746 1730 ordinem
2779 1693 2892 1747 quo
2923 1692 3167 1748 qumque
3199 1677 3405 1748 scripta
3438 1683 3592 1743 sunt,
3623 1693 3841 1731 nosse-

314 1782 443 1820 mus
471 1766 566 1834 (l).
593 1766 785 1835 Neque
816 1765 1194 1820 difﬁtebimur
1221 1771 1415 1821 tamen
1438 1768 1578 1839 quin
1607 1767 1898 1822 interdum
1919 1768 2300 1839 chronologize
2329 1767 2542 1833 minus,
2574 1766 2756 1836 magis
2793 1769 2986 1820 autem
3017 1766 3347 1836 pertractati
3374 1767 3706 1837 argumenti
3737 1783 3832 1821 ra-

323 1854 540 1908 tionem
571 1852 851 1908 habuerit.

1306 1943 1362 1997 S.
1397 1945 1760 2000 AUGUSTINUS
1801 1960 2053 1998 EPISTOLA
2091 1946 2230 2016 231,
2267 1945 2440 1997 DARIO
2469 1959 2666 2010 comm,
2699 1959 2754 1996 Ν.
2788 1945 2842 1996 6.

397 2065 425 2098 ((
457 2047 627 2102 Sume
647 2045 842 2114 libros,
884 2062 1026 2118 quos
1051 2043 1405 2116 desiderasti,
1439 2050 1873 2106 Confessionum
1906 2065 2183 2104 mearum.
2218 2049 2302 2103 Ibi
2332 2063 2423 2103 me
2453 2047 2700 2119 inspice;
2731 2063 2804 2102 ne
2838 2063 2930 2102 me
2957 2046 3152 2101 laudes
3179 2047 3331 2100 ultra
3360 2061 3532 2116 quam
3559 2061 3722 2112 sum;
3754 2047 3849 2101 ibi

324 2151 442 2189 non
479 2134 605 2188 aliis
644 2135 713 2188 de
739 2150 830 2187 me
860 2135 1046 2201 crede,
1077 2135 1176 2188 sed
1208 2133 1380 2202 mihi;
1411 2135 1494 2190 ibi
1523 2153 1614 2192 me
1653 2137 1902 2204 attende,
1935 2142 1993 2191 et
2019 2137 2144 2192 vide
2176 2136 2312 2206 quid
2342 2135 2550 2190 fuerim
2579 2135 2641 2189 in
2666 2135 2911 2206 meipso,
2952 2151 3054 2206 per
3083 2133 3395 2204 meipsum:
3430 2139 3487 2188 et
3515 2133 3561 2186 si
3587 2135 3728 2205 quid
3776 2135 3848 2189 in

322 2240 414 2278 me
444 2222 550 2277 tibi
575 2222 872 2294 placuerit,
902 2223 1072 2276 lauda
1099 2223 1177 2276 ibi
1205 2240 1452 2292 mecum,
1477 2242 1650 2296 quem
1670 2225 1893 2280 laudari
1912 2225 2064 2279 volui
2089 2225 2157 2279 de
2187 2240 2307 2290 me;
2330 2239 2519 2294 neque
2549 2223 2704 2277 enim
2731 2240 2844 2278 me.
2871 2223 3150 2288 Quoniam
3172 2222 3293 2292 ipse
3323 2221 3456 2276 fecit
3486 2239 3608 2289 nos,
3635 2227 3692 2277 et
3715 2240 3845 2278 non

323 2311 434 2382 ipsi
465 2327 596 2365 nos:
632 2327 735 2364 nos
776 2314 968 2364 autem
994 2311 1430 2380 perdideramus
1465 2329 1594 2381 nos;
1628 2313 1725 2368 sed
1766 2313 1867 2384 qui
1901 2312 2054 2380 fecit,
2085 2311 2303 2366 refecit.
2337 2311 2478 2365 Cum
2509 2315 2701 2365 autem
2738 2310 2818 2365 ibi
2852 2327 2943 2364 me
2988 2309 3295 2378 inveneris,
3333 2326 3433 2364 ora
3462 2326 3567 2380 pro
3604 2327 3720 2378 me,
3761 2328 3843 2366 ne

326 2399 608 2467 deﬁciam,
637 2399 734 2454 sed
759 2397 1043 2469 perﬁciar.
1078 2418 1106 2451 »

1420 2499 1496 2552 EX
1525 2515 1686 2553 LIBRO
1717 2515 1784 2551 DE
1812 2514 1956 2552 DONO
1986 2500 2462 2563 PERSEVERANTIE,
2485 2512 2601 2551 CAP.
2634 2512 2726 2551 XX.

399 2611 427 2642 (ι
469 2591 613 2654 Quid
627 2593 818 2645 autem
841 2607 1104 2645 meorum
1126 2593 1536 2662 opusculorum
1560 2594 1918 2665 frequentius
1944 2598 1999 2648 et
2027 2593 2416 2647 delectabilius
2448 2593 2804 2647 innotescere
2819 2592 3024 2664 potuit,
3048 2609 3223 2664 quam
3246 2592 3380 2647 libri
3401 2592 3844 2646 Confessionum

329 2695 588 2733 mearum
608 2680 637 2732 ?
664 2679 807 2734 Cum
838 2684 895 2732 et
920 2679 1070 2750 ipsos
1097 2680 1377 2736 ediderim
1406 2686 1715 2752 antequam
1754 2683 2060 2753 Pelagiana
2089 2682 2320 2738 hmresis
2343 2682 2665 2746 exstitisset,
2700 2681 2760 2735 in
2790 2681 2871 2734 eis
2893 2685 3043 2735 certe
3071 2680 3190 2736 dixi
3217 2683 3329 2736 Deo
3350 2686 3565 2747 nostro,
3597 2685 3655 2734 et
3686 2697 3847 2752 saepe

332 2767 486 2820 dixi:
520 2769 600 2820 Da
638 2767 782 2836 quod
813 2767 991 2836 jubes,
1025 2773 1074 2822 et
1118 2768 1253 2837 jube
1294 2769 1440 2837 quod
1497 2772 1602 2825 vis.
1643 2770 1779 2834 Quae
1833 2787 1963 2825 mea
2003 2772 2175 2826 verba
2205 2770 2469 2841 Pelagius
2515 2771 2715 2825 Romae
2763 2786 2894 2824 cum
2925 2787 2958 2823 a
3000 2770 3248 2841 quodam
3279 2769 3453 2823 fratre
3499 2767 3846 2838 coepiscopo

325 2871 450 2908 meo
474 2853 713 2908 fuissent
750 2871 816 2908 eo
845 2860 1130 2926 praesente
1153 2863 1619 2927 commemorata,
1649 2858 1796 2913 ferre
1822 2876 1937 2914 non
1965 2860 2152 2930 potuit
2176 2880 2189 2928 ,
2224 2865 2280 2915 et
2309 2859 3010 2931 contradicensaliquanto
3039 2859 3398 2924 commotius,
3425 2873 3574 2929 pene
3605 2873 3741 2912 cum
3770 2873 3845 2910 eo

327 2943 427 3014 qui
446 2943 544 2996 illa
574 2950 1150 3014 commemoraverat,
1182 2945 1443 3016 litigavit.
1480 2967 1508 2998 »

430 3035 574 3099 Vide
604 3044 902 3117 praeterea
933 3035 1159 3100 librum
1200 3037 1265 3113 2,
1308 3057 1438 3119 cap.
1481 3037 1546 3116 6,
1583 3039 2155 3119 Retractationum,
2201 3061 2349 3125 pag.
2405 3039 2560 3118 632,
2608 3059 2674 3104 η.
2740 3040 2769 3104 1
2830 3050 2889 3104 et
2953 3043 3020 3116 2,
3075 3038 3294 3116 verbis,
3349 3035 3847 3103 Confessionum

334 3157 624 3203 mearum
665 3160 853 3224 usque
886 3145 968 3205 ad
995 3139 1207 3218 verba,
1240 3143 1508 3227 Magnus
1546 3162 1636 3222 es,
1675 3143 1968 3210 Domine.
2374 3146 2457 3210 M.

393 3279 463 3342 (l)
492 3279 700 3342 Prolog.
737 3281 966 3329 Retract.
1003 3294 1057 3328 n.
1090 3284 1136 3329 3.

1008 3573 1136 3700 s.
1254 3573 1989 3702 AURELII
2075 3478 2077 3480 ί
2179 3575 3164 3703 AUGUSTINI

1615 3818 2152 3884 HIPPONENSIS
2200 3818 2564 3884 EPISCOPI

1496 3994 2694 4117 CONFESSITONUM

1302 4218 1766 4338 LIBRI
1851 4217 2720 4342 TREDECIM
2802 4209 2910 4339 (α).

1452 4593 1966 4715 LIBER
2065 4591 2733 4716 PRIMUS.

408 4813 686 4863 Praemissa
705 4813 800 4862 Dei
819 4796 1169 4876 invocatione,
1185 4816 1370 4865 recolit
1386 4815 1508 4865 vitae
1525 4828 1635 4864 suae
1664 4814 1949 4878 primordia
1971 4813 2037 4862 ad
2065 4826 2266 4862 annum
2296 4812 2559 4863 decimum
2579 4813 2841 4877 quintum.
2869 4811 3112 4862 Infantia;
3136 4816 3350 4877 peccata
3379 4813 3624 4875 agnoscit
3654 4818 3710 4863 et
3734 4830 3861 4878 pue-

341 4893 507 4953 ritiae;
543 4897 697 4954 atque
731 4892 830 4942 hac
848 4898 1000 4943 aetate
1033 4895 1087 4943 in
1137 4895 1311 4944 lusum
1339 4898 1388 4944 et
1424 4895 1646 4958 puerilia
1669 4907 1892 4958 quaeque
1917 4893 2319 4954 oblectamenta,
2349 4907 2509 4957 quam
2548 4895 2601 4943 in
2631 4895 2923 4943 litterarum
2967 4893 3142 4943 studia
3179 4893 3554 4956 procliviorem
3587 4907 3647 4943 se
3676 4894 3857 4944 fuisse

351 4973 646 5022 conﬁtetur.

899 5237 1122 5291 CAPUT
1162 5239 1455 5294 PRIMUM.
2151 5252 2322 5304 cxuv,
2356 5238 2438 5308 3):
2475 5252 2683 5307 magna
2701 5235 2878 5291 virtus
2908 5240 3027 5306 tua,
3060 5242 3115 5290 et
3143 5236 3436 5307 sapientiae
3469 5241 3583 5291 tuae
3615 5253 3739 5292 non
3772 5246 3860 5293 est

326 5397 334 5406 '
621 5329 784 5380 Deum
815 5326 935 5379 vult
971 5325 1196 5379 laudare
1223 5327 1290 5380 ab
1321 5329 1438 5396 ipso
1469 5330 1754 5382 excitatus.
2149 5341 2422 5380 numerus
2455 5325 2616 5395 (Psal.
2650 5339 2823 5392 cxnvx,
2871 5324 2944 5396 5).
2991 5327 3056 5379 Et
3094 5325 3326 5380 laudare
3373 5330 3430 5379 te
3478 5327 3602 5379 vult
3653 5327 3855 5394 homo,

381 5418 453 5476 ,1.
497 5416 727 5483 Magnus
786 5429 865 5478 es,
919 5413 1178 5478 Domine,
1234 5420 1290 5469 et
1328 5415 1598 5470 laudabili
1659 5417 1820 5471 valde
1861 5416 2027 5486 (Psal.
2142 5413 2333 5484 aliqua
2370 5413 2557 5483 portio
2607 5417 2880 5468 creaturae
2919 5418 3065 5481 tum;
3118 5419 3175 5468 et
3229 5413 3400 5468 homo
3439 5413 3853 5471 circumferens

403 5530 471 5589 ((1)
505 5529 690 5590 Scripti
715 5542 856 5578 anno
886 5528 1092 5577 circiter
1115 5531 1221 5578 400.
