4062 6350
421 332 523 383 663

419 456 624 505 aestuas
650 466 662 518 ;
696 451 863 517 zelas,
905 453 960 504 et
989 465 1218 503 securus
1269 466 1362 518 es;
1392 449 1629 519 pamitet
1675 452 1751 514 te,
1781 453 1840 502 et
1869 465 1986 502 non
2014 449 2116 502 do-

418 541 518 605 les,
564 539 823 592 irasceris
875 542 931 592 et
976 537 1320 608 tranquillus
1375 553 1468 604 es;
1526 552 1700 607 opera
1756 540 1963 601 mutas,
2012 553 2117 590 nec

419 632 608 682 mutas
637 627 977 681 consilium:
1030 626 1236 697 recipis
1267 625 1419 696 quod
1462 625 1703 692 invenis,
1736 629 1792 679 et
1820 641 2116 696 nunquam

419 714 747 781 amisisti‘;
777 729 1074 784 nunquam
1120 714 1307 784 inops,
1344 719 1401 767 et
1458 714 1672 784 gaudes
1711 713 1913 779 lueris;
1967 729 2115 767 nun-

420 821 594 876 quam
623 821 844 870 avarus,
878 809 933 857 et
959 819 1158 857 usuras
1188 801 1388 873 exigis.
1423 802 1872 872 Supererogatur
1899 802 2022 864 tibi,
2052 807 2119 856 ut

417 893 660 958 debeas;
695 896 752 945 et
795 891 924 962 quis
955 891 1128 944 habet
1158 890 1471 961 quidquam
1519 907 1632 944 non
1667 895 1832 944 tuum
1854 892 1884 944 ?
1913 889 2117 944 Reddis

419 982 608 1036 debita
637 981 780 1034 nulli
819 980 1050 1038 debeus,
1101 980 1280 1034 donas
1326 979 1516 1034 debita
1563 978 1705 1032 nihil
1748 979 2014 1048 perdens.
2051 979 2118 1031 Et

417 1069 554 1140 quid
587 1068 830 1122 diximus
862 1071 901 1131 ³,
945 1069 1092 1120 Deus
1141 1084 1320 1133 meus,
1376 1067 1488 1120 vita
1521 1083 1668 1133 mea,
1714 1067 1954 1120 dulcedo
1987 1082 2114 1119 mea

418 1157 654 1209 sancta?
687 1160 786 1209 aut
813 1155 952 1225 quid
990 1155 1126 1209 dicit
1149 1155 1375 1225 aliquis,
1399 1171 1527 1208 cum
1561 1155 1629 1208 de
1656 1159 1710 1208 te
1731 1154 1913 1208 dicit?
1933 1155 2003 1208 Et
2033 1171 2115 1208 rte

416 1246 735 1300 tacentibus
774 1245 843 1299 de
875 1249 968 1311 te;
994 1244 1267 1316 quoniam
1304 1245 1570 1315 loquaces
1603 1243 1747 1297 muti
1777 1248 1936 1298 sunt.

1100 1333 1327 1386 CAPUT
1363 1333 1424 1386 V.

597 1473 602 1476 .
645 1423 784 1476 Petit
814 1437 1046 1475 amorem
1073 1423 1190 1488 Dei,
1223 1425 1273 1475 et
1302 1421 1616 1475 delictorum
1643 1423 1876 1475 veniam.

490 1513 540 1565 5.
573 1510 708 1574 Quis
739 1509 881 1563 mihi
912 1509 1070 1564 dabit
1095 1509 1452 1580 acquiescere
1474 1509 1533 1563 in
1556 1514 1610 1563 te
1630 1509 1658 1564 ‘?
1706 1509 1842 1574 Quis
1863 1509 2004 1563 mihi
2024 1509 2116 1563 da-

417 1598 503 1652 bit
529 1604 590 1652 ut
620 1598 811 1652 venias
839 1598 897 1651 in
933 1614 1032 1651 cor
1061 1614 1276 1663 meum,
1310 1603 1366 1652 et
1403 1598 1652 1652 inebries
1678 1598 1838 1664 illud,
1875 1603 1937 1652 ut
1964 1597 2117 1652 obli-

415 1684 597 1737 viscar
625 1685 772 1737 mala
787 1689 1006 1753 mea,et
1035 1701 1213 1739 unum
1234 1687 1448 1747 bonum
1468 1703 1660 1740 meum
1690 1687 2002 1755 amplectar
2022 1685 2116 1739 te?

416 1771 562 1836 Quid
594 1771 736 1826 mihi
753 1790 810 1825 es
829 1775 858 1827 ‘?
880 1773 1160 1840 Miserere,
1194 1778 1258 1826 ut
1282 1775 1504 1845 loquar,
1539 1775 1684 1838 Quid
1702 1774 1805 1828 tibi
1827 1789 1952 1826 sum
1970 1773 2112 1843 ipse,

416 1864 481 1914 ut
508 1861 688 1913 amari
717 1866 772 1914 te
796 1861 1000 1930 jubeas
1024 1877 1057 1914 a
1082 1877 1193 1926 me,
1221 1867 1278 1915 et
1303 1861 1414 1914 nisi
1438 1861 1644 1915 faciam
1673 1861 1932 1915 irascaris
1951 1861 2113 1926 mihi,

416 1953 470 2000 et
499 1947 754 2018 mineris,
776 1948 1036 2018 ingentes
1067 1948 1327 2002 miserias
1346 1950 1374 2002 ‘P
1425 1951 1678 2002 Parvane
1729 1949 1853 2018 ipsa
1879 1953 1963 2002 est
1992 1947 2035 2014 ³,
2068 1948 2114 2002 si

417 2052 533 2089 non
562 2053 750 2090 amem
780 2037 879 2090 te?
915 2037 1015 2090 llei
1048 2036 1217 2092 mihi!
1251 2037 1344 2090 Dic
1391 2036 1532 2090 mihi
1563 2053 1667 2107 per
1717 2036 2116 2090 miserationes

417 2131 564 2193 tuas,
594 2125 831 2179 Domine
865 2127 1013 2179 Deus
1039 2141 1221 2193 meus,
1265 2125 1402 2196 quid
1457 2125 1533 2178 sis
1577 2125 1746 2179 mihi.
1788 2129 1883 2180 Dic
1922 2128 2118 2179 animae

413 2230 576 2268 meae:
621 2215 780 2269 Salus
812 2218 907 2267 tua
954 2229 1047 2280 ego
1076 2229 1195 2267 sum
1243 2214 1406 2282 (Psal.
1437 2229 1624 2282 xxxrv,
1673 2216 1750 2282 3).
1784 2214 1873 2270 Sic
1905 2213 2014 2279 die,
2055 2217 2117 2268 ut

417 2302 668 2358 audiam.
705 2304 839 2356 Ecce
895 2318 1059 2356 aures
1117 2301 1303 2356 cordis
1356 2302 1471 2355 mei
1525 2305 1655 2355 ante
1710 2306 1789 2368 te,
1835 2303 2110 2368 Domine;

415 2407 530 2457 eas,
561 2395 616 2444 et
631 2391 716 2444 dic
737 2392 930 2444 anima
946 2406 1072 2444 mea?
1095 2407 1108 2444 :
1128 2391 1287 2445 Salus
1314 2395 1409 2443 tua
1437 2406 1532 2458 ego
1559 2405 1694 2444 sum.
1730 2390 1964 2443 Curram
1983 2396 2118 2461 post

410 2493 606 2532 vocem
637 2479 803 2545 hanc,
846 2483 903 2532 et
933 2478 1366 2548 apprehendam
1409 2482 1483 2532 te.
1530 2477 1655 2532 Noli
1703 2479 2052 2532 abscondere
2083 2497 2115 2534 a

415 2582 510 2620 me
535 2566 737 2620 faciem
767 2570 926 2621 tuam
955 2583 968 2621 :
1004 2567 1237 2634 moriar,
1260 2583 1330 2619 ne
1360 2565 1594 2631 moriar,
1618 2570 1681 2620 ut
1710 2582 1835 2620 eam
1866 2566 2111 2621 videam.
2159 2559 2170 2568 ’

486 2656 538 2706 6.
570 2656 826 2722 Angusta
867 2658 951 2707 est
981 2654 1184 2707 domus
1213 2653 1423 2707 animae
1458 2669 1602 2707 meae.
1649 2670 1762 2724 quo
1803 2654 1999 2707 venias
2038 2654 2112 2708 ad

419 2759 545 2797 eam
570 2763 586 2810 ;
608 2743 876 2797 dilatetur
905 2743 1004 2796 abs
1033 2748 1106 2798 te.
1138 2743 1390 2798 Ruinosa
1419 2747 1533 2808 est;
1567 2742 1732 2796 reﬁce
1763 2759 1910 2798 eam.
1938 2743 2117 2797 Habet

415 2847 544 2900 quae
587 2830 876 2884 offendant
918 2831 1112 2884 oculos
1149 2835 1316 2896 tuos;
1362 2831 1542 2884 fateor
1575 2835 1630 2883 et
1659 2829 1814 2884 seio:
1849 2831 1946 2884 sed
1986 2831 2115 2901 quis

411 2918 713 2973 mundabit
741 2935 867 2972 eam
889 2919 917 2973 ?
944 2923 1041 2972 aut
1064 2918 1155 2972 cui
1184 2919 1346 2972 alteri
1375 2922 1583 2988 praeter
1613 2922 1666 2971 te
1709 2918 1992 2984 clamabo,
2026 2918 2113 2972 Ab

412 3007 632 3060 occultis
652 3009 782 3060 meis
800 3006 1003 3060 munda
1025 3023 1125 3070 me,
1150 3009 1387 3071 Domine,
1407 3011 1456 3059 et
1484 3006 1551 3058 ab
1576 3007 1768 3059 alienis
1785 3021 1949 3074 parce
1963 3021 2114 3059 servo

417 3095 546 3146 tuo?
579 3091 745 3163 (Psat.
781 3109 936 3159 xvnI,
987 3097 1069 3155 εδ,
1110 3093 1217 3163 14.)
1260 3093 1439 3146 Credo
1465 3096 1708 3162 propter
1735 3092 1892 3163 quod
1935 3097 1990 3146 et
2032 3092 2113 3146 lo-

413 3197 562 3251 quor
609 3181 802 3251 (Psal.
841 3197 964 3248 cxv,
1001 3184 1064 3234 10
1092 3184 1152 3246 );
1205 3180 1465 3247 Domine,
1506 3185 1568 3234 tu
1615 3179 1742 3235 scis.
1775 3181 1976 3233 Nonne
2010 3179 2116 3233 tibi

415 3269 748 3339 prolocutus
778 3285 903 3321 sum
927 3269 1225 3321 adversum
1246 3284 1338 3321 me
1357 3268 1562 3322 delicta
1584 3284 1727 3331 mea,
1759 3269 1908 3321 Deus
1923 3283 2112 3335 meus;

418 3360 472 3409 et
503 3360 565 3409 tu
590 3355 855 3410 dimisisti
884 3355 1240 3426 impietatem
1272 3355 1456 3408 cordis
1479 3355 1591 3408 mei
1611 3356 1828 3423 ?(Psal.
1858 3371 2009 3421 xxxx,
2034 3360 2112 3423 5.)

416 3445 768 3514 Νοη]ιι(]ιοὶο
791 3445 1071 3498 contendo
1103 3449 1285 3497 tecum
1315 3444 1412 3514 qui
1436 3443 1641 3496 veritas
1671 3459 1729 3498 es
1761 3443 1910 3514 (Job.
1941 3460 2014 3512 ιχ,
2058 3446 2113 3497 2.

417 3534 465 3600 3)
495 3549 508 3599 ;
532 3538 587 3586 et
601 3548 704 3601 ego
725 3533 854 3585 nolo
874 3532 1069 3586 fallere
1093 3532 1395 3602 meipsum,
1424 3547 1495 3585 ne
1518 3530 2114 3602 mentiaturiniquitas

418 3636 548 3674 mea
569 3620 675 3674 sibi
706 3622 870 3686 (Psal.
916 3637 1064 3686 xxvx,
1100 3622 1210 3687 t2).
1257 3621 1380 3673 Non
1429 3636 1563 3690 ergo
1588 3619 1804 3691 judicio
1833 3620 2115 3674 contendo

417 3713 605 3762 tecum
631 3725 644 3773 ;
680 3709 810 3779 quia
845 3709 889 3762 si
921 3709 1252 3779 iniquitates
1279 3708 1686 3778 observaveris,
1705 3707 1979 3775 Domine;
2009 3709 2116 3762 Do-

416 3797 590 3859 mine,
632 3797 759 3868 quis
785 3797 1133 3852 sustinebit?
1164 3798 1326 3866 (Psal.
1359 3814 1534 3862 cxxrx,
1559 3798 1632 3867 3.)

1091 3887 1316 3941 CAPUT
1345 3887 1434 3941 VI.

415 3978 719 4041 Infantiam
763 3991 918 4030 snam
947 3976 1224 4043 describit,
1272 3975 1463 4029 laudat
1494 3976 1590 4028 Dei
1610 3973 2017 4044 providentiam
2061 3976 2113 4026 et

1078 4065 1451 4116 aeternitatem.

485 4155 538 4205 ’7.
581 4151 690 4205 Sed
729 4153 945 4219 tamen,
977 4150 1096 4204 sine
1129 4166 1219 4204 me
1268 4149 1430 4220 loqui
1472 4149 1623 4219 apud
1665 4149 2114 4206 misericordiam

415 4243 598 4305 tuam,
631 4254 722 4291 me
745 4243 955 4291 terram
983 4242 1040 4290 et
1059 4237 1329 4293 cinerem.
1354 4237 1488 4292 Sine
1509 4241 1529 4273 ⁸
1549 4238 1942 4309 tamenloqui;
1976 4256 2116 4310 quo-

418 4327 572 4381 niam
597 4342 721 4379 ecce
743 4325 1129 4379 misericordia
1144 4329 1241 4378 tua
1265 4328 1368 4393 est,
1383 4341 1501 4378 non
1519 4325 1695 4378 homo
1718 4325 1917 4381 irrisor
1933 4345 2114 4398 meus,

416 4414 508 4468 cui
541 4415 762 4484 loquor.
813 4415 879 4467 Et
907 4419 968 4467 tu
995 4413 1234 4466 fortasse
1265 4412 1470 4466 irrides
1502 4428 1595 4466 me
1622 4432 1637 4479 ;
1682 4413 1779 4466 sed
1808 4429 2116 4469 conversus

418 4501 780 4556 misereberis
809 4501 941 4556 mei.
975 4501 1115 4564 Quid
1139 4500 1295 4554 enim
1326 4504 1410 4554 est
1445 4500 1598 4571 quod
1619 4501 1744 4554 volo
1773 4500 1981 4564 dicere,
2005 4503 2114 4556 Do-

425 4591 580 4643 mine
615 4591 763 4644 Deus
785 4607 968 4648 mcus.
998 4590 1108 4643 nisi
1139 4590 1273 4661 quia
1297 4589 1488 4644 nescio
1514 4589 1666 4644 unde
1697 4591 1953 4644 venerim
1981 4591 2112 4657 huc,

421 4679 482 4732 in
512 4678 682 4731 istam
713 4677 838 4732 dico
877 4678 1051 4732 vitam
1077 4679 1377 4733 mortalem
1399 4676 1441 4744 ⁵,
1477 4695 1550 4732 an
1582 4682 1828 4733 mortem
1861 4679 2113 4748 vitalem,

484 4769 496 4800 ι
524 4765 684 4813 Juxta
709 4765 905 4815 Somm.
939 4767 1074 4825 Flor,
1100 4767 1298 4815 Roud.:
1331 4769 1551 4818 Amittis.
1578 4767 1644 4816 M.

481 4829 502 4862 9
533 4827 730 4876 Somm.
767 4833 821 4876 et
840 4829 1008 4877 Rond.
1038 4843 1100 4877 ex
1123 4844 1229 4877 uno
1264 4829 1351 4879 Cd.
1388 4843 1399 4878 :
1425 4831 1682 4878 Dicimus.
1710 4829 1780 4877 M.

481 4892 501 4923 3
528 4889 587 4937 In
615 4890 845 4952 antiquis
875 4890 1002 4938 Edd.
1037 4891 1161 4940 Bad.
1203 4891 1300 4939 An.
1345 4895 1397 4940 et
1445 4891 1550 4951 Er.,
1598 4905 1695 4940 nec
1724 4904 1832 4940 non
1868 4892 1922 4940 in
1951 4905 2055 4941 uno
2085 4906 2113 4941 e

417 4951 541 4999 Mss.
572 4951 799 5008 additur,
829 4955 1062 5002 miseria.

477 5016 498 5048 ι
529 5013 782 5062 Summa].
808 5029 821 5074 ;
852 5014 1022 5062 Rond.
1063 5028 1126 5062 ex
1157 5027 1348 5063 novem
1395 5014 1552 5074 Mss;
1590 5015 1739 5064 Mart.
1796 5029 1861 5064 ex
1905 5015 2111 5066 duobus

417 5075 576 5133 Mss;
610 5077 733 5124 Sine
763 5089 867 5124 me.
895 5076 961 5124 M.

478 5139 500 5172 δ
529 5137 606 5200 Ita
636 5139 756 5185 Mss.
787 5136 950 5200 ferme
1001 5150 1183 5200 omnes
1211 5139 1263 5185 et
1290 5137 1449 5200 editio
1483 5151 1576 5200 per
1599 5137 1888 5187 Antonium
1923 5139 2111 5189 Arna]-

418 5198 547 5246 dum
574 5199 842 5248 doctorem
879 5199 1226 5247 Sorbonicum
1250 5198 1506 5248 adornata
1529 5215 1541 5259 ;
1573 5201 1666 5248 ubi
1690 5201 1910 5249 verbum
1937 5206 2112 5252 nescio

417 5261 640 5326 refertur
660 5262 725 5326 ad
739 5262 1058 5326 superiorem
1073 5261 1388 5326 sententiam
1413 5276 1424 5309 :
1448 5263 1590 5326 Unde
1611 5265 1846 5326 venerim
1869 5263 1988 5322 huc,
2010 5278 2115 5326 qua

419 5335 474 5387 se
493 5322 826 5387 Augustinus:
849 5322 1109 5387 signiﬁcat
1132 5323 1269 5370 circa
1285 5324 1473 5387 animas
1495 5324 1750 5387 originem
1767 5322 2115 5387 fluctuare—At

420 5384 544 5432 Bad.
578 5384 694 5434 Am.
713 5389 765 5434 et
790 5385 872 5434 Er.
903 5384 1099 5433 habent
1122 5399 1132 5431 :
1167 5387 1230 5433 In
1258 5388 1415 5435 istam
1441 5386 1558 5435 dico
1580 5384 1876 5436 mortalem
1904 5389 2066 5438 vitam
2093 5403 2112 5436 .-

420 5448 710 5512 mortalem
729 5448 1117 5512 gica—mettum.
1134 5458 1208 5512 an
1224 5451 1454 5512 mortem
1466 5451 1712 5512 nitatem,
1733 5448 1916 5512 nescio
1930 5463 2112 5512 :quam

418 5506 696 5558 lectionem
732 5510 1078 5558 Lovanienses
1107 5508 1172 5556 ad
1202 5509 1362 5558 trium
1383 5511 1502 5558 Mss.
1537 5506 1796 5558 ﬁdemsic
1821 5506 2110 5571 mutarunt;

419 5571 481 5616 In
493 5571 653 5618 istam
663 5571 832 5619 dicam
845 5571 1128 5621 mortalem
1141 5572 1404 5631 vitam,an
1419 5575 1648 5622 mortem
1658 5572 2108 5628 vitalemmesrio.

1626 328 2165 384 CONFESSIONUM
2215 327 2272 383 S.
2317 328 2729 386 AUGUSTINI.

3833 333 3940 385 663

2227 445 2438 500 nescio.
2467 446 2531 499 Et
2545 450 2916 515 susceperunt
2940 459 3033 499 me
3055 444 3474 500 consolationes
3486 445 3784 502 miseratio
3793 464 3940 503 num

2229 537 2475 599 tuarum,
2499 533 2641 586 sicut
2670 532 2903 587 audivia
2930 533 3264 604 parentibus
3283 535 3470 588 carnis
3497 550 3664 606 meas,
3683 552 3750 591 ex
3771 553 3894 608 quo
3917 539 3938 568 ι

2226 626 2282 675 et
2310 621 2369 674 in
2401 637 2514 692 qua
2534 619 2791 674 formasti
2830 635 2922 674 me
2952 620 3012 673 in
3040 625 3321 690 tempore,
3349 638 3466 675 non
3498 623 3655 678 enim
3680 640 3792 694 ego
3817 641 3941 679 me-

2228 708 2389 764 mini.
2412 709 2764 778 Exceperunt
2781 723 2917 777 ergo
2939 723 3030 762 me
3047 709 3464 764 consolationes
3485 711 3645 765 lactis
3666 712 3932 768 humani.

2228 799 2338 852 Nec
2394 802 2576 850 mater
2631 811 2779 862 mea,
2835 797 2922 850 vel
2991 797 3240 851 nutrices
3291 814 3435 852 mea:
3483 799 3664 854 ubera
3718 800 3935 873 imple-

2226 887 2400 940 bant:
2432 886 2529 940 sed
2567 888 2626 938 tu
2657 885 2798 938 mihi
2824 901 2926 956 per
2954 902 3047 939 eas
3079 885 3252 940 dabas
3272 887 3614 943 alimentum
3643 887 3931 961 infantiae,

2226 973 2431 1026 secund
2443 988 2538 1025 um
2565 971 2981 1026 institutionem
3005 977 3164 1026 tuam
3177 976 3234 1027 et
3261 972 3493 1028 divitias
3507 990 3689 1046 usque
3701 975 3772 1028 ad
3794 976 3929 1030 fun-

2225 1060 2362 1114 dum
2395 1075 2582 1114 rerum
2616 1058 2933 1129 dispositas.
2955 1062 3038 1114 'l‘u
3059 1061 3232 1115 etiam
3257 1061 3399 1115 mihi
3429 1061 3604 1116 dabas
3632 1064 3790 1117 nolle
3810 1080 3930 1118 am-

2224 1148 2375 1218 plius
2397 1163 2570 1218 quam
2601 1148 2774 1201 dabas
2797 1164 2810 1212 ;
2838 1152 2894 1202 et
2925 1148 3315 1203 nutrientibus
3347 1165 3436 1204 me
3461 1150 3597 1204 dare
3620 1151 3768 1205 mihi
3783 1153 3930 1206 velle

2225 1237 2379 1308 quod
2418 1236 2500 1290 eis
2543 1237 2738 1290 dabas.
2770 1238 2914 1291 Dare
2944 1237 3097 1291 enim
3129 1237 3273 1291 mihi
3300 1255 3402 1309 per
3431 1239 3768 1294 ordinatum
3792 1241 3930 1295 affe-

2224 1331 2380 1380 ctum
2409 1325 2671 1379 volebant
2692 1341 2804 1396 quo
2821 1341 2890 1379 ex
2919 1331 2973 1379 te
2996 1326 3380 1382 abundaba‘nt.
3403 1329 3544 1381 Nam
3566 1329 3787 1382 bonum
3809 1336 3933 1384 erat

2224 1414 2307 1468 eis
2335 1415 2554 1469 bonum
2572 1430 2766 1468 meum
2788 1431 2851 1469 ex
2875 1416 2955 1468 eis
2981 1435 2996 1482 ;
3019 1415 3172 1487 quod
3194 1431 3309 1469 non
3337 1432 3404 1470 ex
3427 1417 3506 1470 eis
3527 1421 3568 1484 ²,
3595 1417 3693 1472 sed
3709 1434 3817 1488 per
3834 1435 3932 1472 eas

2221 1508 2342 1557 erat
2375 1519 2388 1557 :
2425 1519 2489 1556 ex
2513 1507 2567 1557 te
2597 1503 2810 1574 quippe
2843 1503 2990 1557 bona
3015 1503 3228 1570 omnia,
3259 1505 3407 1558 Deus
3435 1525 3450 1573 ;
3480 1509 3535 1559 et
3557 1521 3627 1560 ex
3650 1507 3768 1560 Deo
3797 1523 3933 1562 meo

2225 1593 2375 1646 salus
2404 1591 2546 1646 mihi
2577 1591 2861 1646 universa.
2912 1592 3077 1656 Quod
3117 1592 3495 1648 animadverti
3525 1595 3933 1664 postmodum,

2225 1682 2506 1734 clamante
2537 1685 2593 1734 te
2621 1679 2761 1732 mihi
2803 1695 2906 1750 per
2950 1680 3076 1734 haec
3123 1680 3247 1752 ipsa
3286 1697 3416 1752 quas
3445 1681 3650 1736 tribuis
3688 1682 3851 1736 intus
3880 1689 3939 1738 et

2224 1769 2381 1824 foris.
2417 1770 2555 1823 Nam
2586 1775 2725 1824 tunc
2749 1785 2954 1840 sugere
2983 1785 3207 1833 noram,
3234 1775 3289 1823 et
3305 1771 3663 1841 acquiescere
3685 1771 3939 1827 delecta-

2225 1857 2496 1925 tionibus,
2531 1859 2666 1913 tlere
2725 1863 2916 1913 autem
2956 1857 3302 1913 offensiones
3349 1859 3532 1914 carnis
3569 1875 3755 1928 meae;
3789 1861 3938 1915 nihil

2227 1945 2496 2017 amplius.

2297 2037 2348 2089 8.
2393 2036 2524 2088 Post
2578 2039 2636 2088 et
2663 2034 2852 2089 ridere
2900 2034 3069 2104 coepi,
3111 2034 3404 2090 dormiens
3447 2036 3655 2108 primo,
3717 2037 3938 2092 deinde

2223 2122 2485 2193 vigilans.
2522 2124 2634 2176 Hoc
2662 2123 2818 2178 enim
2847 2123 2916 2177 de
2947 2139 3038 2176 me
3071 2123 3211 2177 mihi
3242 2124 3553 2178 indicatum
3586 2129 3670 2180 est
3706 2129 3766 2180 et
3809 2143 3936 2180 cre-

2229 2210 2368 2276 didi,
2403 2211 2676 2281 quoniam
2709 2211 2787 2266 sic
2813 2211 3071 2266 videmus
3101 2217 3156 2266 et
3173 2214 3314 2267 alios
3342 2212 3624 2268 infantes:
3656 2230 3798 2269 nam
3827 2215 3939 2269 ista

2225 2315 2354 2352 mea
2376 2315 2495 2353 non
2518 2300 2774 2355 memini.
2810 2301 2874 2355 Et
2903 2317 3032 2354 ecce
3062 2301 3340 2370 paulatim
3369 2302 3687 2356 sentiebam
3716 2304 3822 2357 ubi
3852 2320 3938 2358 es-

2225 2403 2367 2456 sem,
2382 2391 2438 2441 et
2461 2390 2777 2442 voluntates
2801 2404 2955 2443 meas
2970 2390 3228 2444 volebam
3248 2391 3550 2446 ostendere
3561 2391 3763 2462 eisper
3783 2408 3937 2463 quos

2223 2475 2623 2544 implerentur,
2660 2481 2718 2530 et
2759 2493 2871 2530 non
2901 2482 3160 2548 poteram
3188 2498 3203 2546 ;
3233 2479 3368 2550 quia
3398 2479 3511 2533 illa:
3559 2479 3716 2534 intus
3741 2485 3932 2546 erant,

2222 2563 2362 2618 foris
2391 2569 2583 2618 autem
2614 2564 2721 2631 illi,
2753 2581 2856 2619 nec
2887 2567 3003 2620 ullo
3041 2583 3144 2620 suo
3177 2583 3347 2622 sensu
3398 2568 3660 2622 valebant
3688 2568 3935 2624 introire

2223 2651 2283 2705 in
2316 2652 2567 2706 animam
2599 2669 2806 2708 meam.
2837 2655 3035 2726 Itaque
3051 2655 3340 2725 jactabam
3370 2657 3630 2711 membra
3653 2661 3713 2712 et
3740 2674 3933 2727 voces,

2223 2739 2386 2809 signa
2415 2740 2627 2795 similia
2653 2742 3045 2796 voluntatibus
3075 2743 3242 2813 meis,
3276 2760 3459 2814 pauca
3489 2761 3618 2815 quas
3643 2749 3930 2815 poteram,

2225 2828 2417 2899 qualia
2438 2835 2736 2899 poteram:
2767 2847 2885 2884 non
2929 2831 3084 2884 enim
3105 2836 3267 2886 erant
3296 2833 3411 2887 veri
3443 2833 3672 2888 similia.
3711 2835 3933 2888 Etcum

2223 2917 2365 2970 mihi
2397 2934 2511 2971 non
2551 2919 3074 2990 obtemperabatur,
3105 2921 3192 2973 vel
3223 2937 3340 2975 non
3395 2921 3704 2989 intellecto,
3735 2923 3826 2976 vel
3859 2940 3932 2978 ne

2224 3007 2466 3071 obesset,
2498 3006 2839 3078 indignabar
2868 3023 2986 3061 non
3014 3008 3251 3063 subditis
3282 3009 3614 3079 majoribus,
3648 3015 3705 3064 et
3732 3011 3932 3065 liberis

2223 3111 2341 3148 non
2370 3094 2771 3164 servientibus,
2813 3100 2872 3150 et
2908 3111 2999 3150 me
3044 3096 3114 3151 de
3149 3097 3264 3151 illis
3309 3097 3499 3151 ﬂendo
3540 3097 3927 3154 vindicabam.

2224 3184 2387 3238 Tales
2418 3199 2538 3236 esse
2569 3183 2813 3237 infantes
2864 3183 3036 3238 didici
3083 3201 3225 3256 quos
3261 3185 3475 3240 discere
3521 3186 3705 3256 potui,
3750 3192 3809 3242 et
3836 3204 3932 3241 me

2223 3273 2400 3326 talem
2430 3271 2602 3325 fuisse
2635 3271 2817 3341 magis
2839 3272 2978 3326 mihi
3009 3273 3120 3344 ipsi
3149 3273 3544 3329 indicaverunt
3588 3274 3930 3342 nescientes,

2227 3376 2404 3431 quam
2431 3359 2671 3413 scientes
2695 3360 3002 3414 nutritores
3030 3361 3164 3416 mei.

2296 3451 2348 3502 9.
2377 3449 2443 3502 Et
2471 3463 2599 3502 ecce
2628 3434 2872 3502 infantia
2914 3465 3042 3503 mea
3098 3449 3237 3504 olim
3297 3453 3520 3504 mortua
3569 3454 3672 3517 est,
3722 3455 3782 3506 et
3818 3468 3933 3522 ego

2223 3533 2371 3588 vivo.
2397 3535 2478 3588 Tu
2519 3541 2733 3596 autem,
2768 3537 3025 3604 Domine,
3059 3537 3160 3608 qui
3183 3543 3239 3592 et
3259 3554 3486 3609 semper
3511 3538 3674 3606 vivis,
3699 3545 3760 3595 et
3786 3541 3936 3596 nihil

2224 3623 2467 3677 moritur
2495 3623 2555 3677 in
2584 3629 2658 3690 te,
2691 3625 2964 3695 quoniam
2991 3631 3123 3680 ante
3147 3626 3462 3696 primordia
3491 3629 3938 3696 saeculorum,et

2223 3717 2362 3766 ante
2379 3728 2549 3766 omne
2580 3713 2734 3783 quod
2783 3715 2868 3767 vel
2910 3718 3041 3768 ante
3074 3714 3181 3769 dici
3212 3719 3415 3786 potest,
3464 3719 3525 3769 tu
3566 3732 3648 3784 es,
3689 3722 3748 3771 et
3781 3720 3936 3774 Deus

2226 3815 2284 3852 es
2305 3798 2697 3870 Dominusque
2713 3800 2971 3854 omnium
2994 3817 3123 3872 quas
3139 3803 3345 3856 creasti
3370 3819 3382 3857 :
3407 3807 3464 3857 et
3482 3803 3632 3874 apud
3647 3808 3704 3860 te
3725 3822 3928 3862 rerum

2224 3887 2485 3941 omnium
2514 3888 2870 3943 instabilium
2904 3893 3053 3943 stant
3080 3906 3301 3957 causae;
3335 3895 3390 3945 et
3417 3908 3612 3946 rerum
3665 3896 3933 3950 omnium

2223 3975 2704 4031 irrationabilium
2732 3982 2788 4031 et
2815 3978 3218 4048 temporalium
3239 3980 3598 4050 sempiternas
3621 3981 3826 4038 vivunt
3843 4001 3938 4038 ra-

2223 4063 2426 4118 tiones.
2461 4065 2556 4119 Dic
2583 4065 2724 4119 milii
2755 4066 2998 4136 supplici
3025 4071 3145 4134 tuo,
3181 4069 3350 4138 Deus,
3381 4074 3438 4122 et
3469 4070 3798 4125 misericors
3829 4075 3938 4127 mi-

2225 4168 2352 4206 sero
2381 4156 2480 4206 tuo
2504 4171 2521 4216 ;
2553 4153 2644 4207 dic
2673 4153 3023 4209 mihiutrum
3031 4155 3150 4225 jam
3169 4157 3666 4214 alicuiaatatimeae
3685 4167 3938 4217 mortuae

2226 4241 2561 4296 successerit
2592 4241 2838 4296 infantia
2861 4259 2989 4296 mea
3020 4259 3033 4297 :
3065 4260 3138 4297 an
3187 4245 3285 4298 illa
3314 4250 3400 4298 est
3443 4262 3616 4317 quam
3655 4248 3752 4318 egi
3783 4249 3940 4303 intra

2223 4329 2436 4382 viscera
2459 4329 2655 4382 matris
2686 4347 2829 4384 meae
2849 4333 2876 4385 ?
2903 4332 3044 4384 Nam
3077 4337 3134 4386 et
3161 4333 3229 4386 de
3255 4333 3352 4387 illa
3386 4333 3528 4388 mihi
3549 4337 3818 4390 nonnihil
3843 4338 3932 4392 in-

2225 4417 2475 4472 dicatum
2507 4425 2609 4483 est,
2663 4424 2718 4472 et
2750 4427 3115 4490 praegnantes
3159 4420 3280 4491 ipse
3325 4422 3439 4476 vidi
3486 4422 3746 4478 feminas.
3777 4426 3936 4490 Quid

2225 4511 2355 4559 ante
2387 4506 2533 4560 hanc
2563 4507 2755 4570 etiam,
2792 4507 3030 4562 dulcedo
3060 4525 3208 4577 mea,
3245 4511 3392 4564 Deus
3416 4513 3616 4566 meus?
3642 4513 3806 4568 fuiue
3837 4516 3938 4569 ali-

2224 4594 2376 4660 cubi,
2398 4598 2497 4648 aut
2511 4594 2718 4666 aliquis
2741 4598 2769 4651 ‘?
2796 4597 2937 4651 Nam
2967 4597 3095 4668 quis
3123 4598 3264 4652 mihi
3285 4599 3550 4654 dicatista
3579 4617 3696 4655 non
3712 4603 3932 4668 habeo;

2222 4699 2328 4738 nec
2347 4687 2509 4754 pater
2530 4700 2634 4738 nec
2647 4689 2826 4739 mater
2837 4690 3166 4756 potuerunt,
3182 4703 3286 4741 nec
3304 4688 3551 4742 aliorum
3563 4690 3934 4760 experimen-

2225 4776 2368 4834 tum,
2401 4787 2506 4825 nec
2536 4773 2817 4827 memoria
2847 4789 2994 4830 mea.
3045 4777 3132 4828 An
3165 4773 3369 4829 irrides
3398 4791 3490 4830 me
3519 4778 3627 4830 ista
3656 4793 3932 4848 quaeren-

2222 4863 2361 4922 tem,
2393 4864 2564 4932 teque
2593 4862 2662 4916 de
2711 4862 2815 4916 hoc
2847 4863 2996 4933 quod
3023 4862 3174 4930 novi,
3207 4863 3429 4918 laudari
3476 4880 3620 4920 ame
3643 4865 3841 4936 jubes,
3879 4874 3938 4922 et

2227 4948 2488 5003 conﬁteri
2519 4965 2611 5003 me
2640 4950 2744 5004 tibi
2773 4950 2797 4982 ³
2824 4950 2852 5005 ‘I

2297 5039 2380 5093 10.
2415 5038 2702 5093 Conﬁteor
2738 5037 2862 5106 tibi,
2915 5040 3157 5095 Domine
3213 5041 3338 5095 coeli
3383 5045 3438 5095 et
3465 5045 3655 5110 terrae,
3693 5043 3936 5102 laudem

2284 5205 2300 5239 ¹
2323 5202 2633 5273 Apud_1_3ad.
2659 5207 2770 5273 Am.
2801 5204 2970 5273 Erzet
3001 5207 3122 5273 Lov.
3150 5222 3162 5256 :
3194 5209 3276 5273 Ea:
3303 5212 3486 5273 quaet
3505 5208 3560 5258 in
3583 5222 3712 5273 qua.
3734 5211 3934 5262 Verius

2220 5265 2378 5339 porro
2405 5265 2460 5313 in
2482 5266 2604 5314 Mss.
2635 5271 2690 5339 _et
2718 5267 2781 5339 in
2804 5267 3181 5339 editioneAut.
3215 5265 3430 5319 Arnoldi
3470 5285 3566 5334 pro
3590 5265 3936 5335 designanda

2223 5332 2444 5388 utroque
2466 5332 2681 5389 parente
2706 5343 2717 5376 :
2741 5329 2820 5379 Ex
2841 5343 2947 5393 quo
2969 5331 3092 5380 etin
3111 5345 3234 5394 qua.
3473 5329 3488 5334 “
3711 5329 3741 5335 ⁷

2282 5391 2304 5423 9
2332 5390 2392 5437 In
2422 5389 2498 5444 Β..
2525 5390 2755 5452 quodex
2778 5394 2850 5439 eis
2889 5405 3020 5451 non;
3053 5397 3105 5441 at
3135 5394 3331 5443 Somm.
3368 5394 3504 5444 Dub.
3553 5395 3709 5446 Mart.
3749 5398 3932 5449 Rond.

2222 5464 2341 5499 cum
2372 5452 2399 5498 4
2428 5451 2494 5499 Μ.
2519 5451 2546 5498 ;⁷⁷
2567 5451 2708 5511 Quod
2732 5466 2836 5502 non
2869 5467 2935 5504 ea:
2957 5457 3051 5504 eis.
3079 5457 3145 5504 M.

2282 5512 2310 5582 εξ
2336 5512 2533 5582 Somm.
2565 5515 2702 5582 Lov._
2725 5515 2987 5582 Rond._ex
3010 5517 3290 5582 nonnullis
3317 5517 3446 5568 Cdd.
3485 5523 3824 5582 quwrentem
3864 5526 3937 5581 te,

2223 5575 2310 5636 qui
2333 5574 2397 5623 de
2423 5573 2532 5634 hoc,
2564 5575 2702 5638 quod
2729 5581 2867 5636 nari,
2890 5579 3190 5630 laudartte.
3217 5581 3282 5628 M.
