4062 6356
233 347 336 397 665

233 464 426 519 dicens
453 463 559 518 tibi
579 463 649 518 de
665 461 993 534 primordiis
1017 464 1073 515 et
1093 460 1333 515 infantia
1353 476 1480 514 mea
1509 476 1638 532 quae
1660 476 1776 514 non
1803 476 1923 514 me-

233 552 408 619 mini;
440 557 495 607 et
519 551 723 607 dedisti
755 568 820 605 ea
851 549 1068 604 homini
1097 566 1165 603 ex
1194 549 1319 603 aliis
1349 549 1416 603 de
1451 565 1508 602 se
1539 548 1838 617 conjicere,
1874 552 1930 602 et

231 640 660 695 auctoritatibus
687 638 862 694 etiam
901 637 1367 692 muliercularum
1407 636 1588 690 multa
1624 636 1692 690 de
1723 652 1780 690 se
1807 651 1928 690 cre-

233 729 389 784 dere.
434 730 600 783 Eram
648 727 803 782 enim
851 731 908 780 et
931 726 1190 780 vivebam
1238 724 1408 778 etiam
1456 729 1612 791 tunc,
1644 728 1700 778 et
1746 724 1926 795 signa,

231 818 442 889 quibus
471 832 634 871 sensa
662 833 792 870 mea
816 821 953 869 nota
994 814 1121 868 aliis
1150 814 1417 880 facerem,
1450 813 1572 884 jam
1603 813 1660 867 in
1698 813 1810 867 ﬁne
1842 813 1930 866 in-

231 906 429 960 fantiae
466 906 813 975 quaerebam.
853 903 1010 958 Unde
1049 903 1154 956 hoc
1191 902 1303 956 tale
1340 901 1553 954 animal
1590 901 1700 954 nisi
1725 901 1823 954 abs
1853 904 1927 963 te,

235 993 476 1048 Domine
492 993 520 1047 τ
538 995 623 1047 Au
649 993 948 1064 quisquam
969 1007 1027 1045 se
1048 990 1288 1044 faciendi
1310 989 1416 1043 erit
1437 988 1675 1044 artifex?
1693 992 1791 1042 aut
1817 989 1933 1042 ulla

232 1096 377 1134 vena
396 1079 641 1134 trahitur
660 1080 911 1148 aliunde,
936 1095 1048 1150 qua
1065 1095 1184 1132 esse
1203 1083 1261 1132 et
1275 1077 1461 1131 vivere
1495 1081 1686 1131 currat
1713 1076 1772 1131 in
1802 1093 1928 1142 nos,

231 1174 618 1240 praeterquam
661 1169 812 1240 quod
859 1173 919 1222 tu
964 1168 1100 1222 facis
1148 1183 1270 1234 nos,
1317 1167 1576 1233 Domine,
1606 1165 1696 1219 cui
1728 1182 1848 1220 esse
1877 1170 1935 1220 ct

233 1257 421 1311 vivere
442 1274 556 1311 non
571 1257 725 1311 aliud
751 1263 921 1327 atque
951 1255 1107 1310 aliud
1140 1259 1248 1320 est;
1276 1254 1410 1325 quia
1430 1270 1653 1308 summe
1675 1270 1816 1320 esse,
1848 1260 1932 1308 at-

233 1362 348 1416 que
386 1362 608 1400 summe
649 1345 830 1400 vivere
862 1344 1113 1415 idipsum
1153 1345 1250 1398 es?
1280 1343 1549 1397 Summus
1579 1342 1734 1396 enim
1766 1359 1846 1404 es,
1879 1347 1934 1396 et

232 1446 351 1484 non
382 1430 655 1496 mutaris;
675 1446 860 1501 neque
880 1428 1176 1500 peragitur
1203 1428 1262 1481 in
1292 1431 1346 1481 te
1367 1427 1682 1482 hodiernus
1710 1427 1852 1493 dies,
1878 1432 1936 1480 et

231 1523 430 1572 tamen
468 1519 528 1572 in
555 1522 608 1573 te
637 1518 950 1590 peragitur,
983 1517 1118 1588 quia
1147 1517 1207 1570 in
1234 1520 1289 1570 te
1320 1520 1453 1570 sunt
1481 1521 1538 1570 et
1564 1515 1672 1569 ista
1699 1515 1892 1569 omnia
1916 1532 1928 1570 :

233 1623 351 1660 non
375 1607 527 1660 enim
554 1607 828 1661 haberent
848 1605 963 1660 vias
983 1605 1336 1669 transeundi,
1361 1603 1470 1658 nisi
1499 1603 1817 1658 contineres
1847 1619 1933 1658 ea.

233 1697 304 1749 Et
332 1695 607 1766 quoniam
635 1695 771 1748 anni
802 1694 886 1748 tui
915 1710 1031 1748 non
1061 1693 1332 1747 deﬁciunt
1363 1695 1406 1761 ¹,
1438 1692 1574 1746 anni
1593 1693 1678 1746 tui
1706 1693 1936 1746 hodier-

236 1799 346 1836 nus
373 1783 526 1837 dies:
565 1788 621 1838 et
643 1797 818 1854 quam
839 1780 1138 1849 multijam
1158 1781 1278 1836 dies
1305 1781 1486 1835 nostri
1502 1785 1557 1835 et
1585 1785 1812 1851 patrum
1835 1797 1939 1834 no-

233 1876 485 1925 atrorum
515 1887 620 1942 per
664 1871 1007 1925 hodiernum
1052 1874 1217 1924 tuum
1252 1869 1622 1936 transierunt,
1654 1873 1710 1923 et
1743 1886 1810 1924 ex
1839 1871 1937 1924 illo

234 1964 578 2030 acceperunt
607 1961 828 2028 modos,
858 1963 913 2013 et
940 1963 1251 2030 utcumque
1281 1959 1640 2024 exstiterunt,
1670 1963 1725 2012 et
1755 1963 1938 2012 trans-

234 2048 405 2101 ibunt
440 2047 625 2102 adhuc
663 2046 784 2113 alii,
813 2051 870 2101 et
906 2047 1204 2117 accipient,
1235 2051 1291 2100 et
1326 2051 1632 2117 utcumque
1669 2045 1935 2101 existant!

234 2137 322 2191 Tu
351 2139 540 2190 autem
580 2135 734 2190 idem
784 2135 905 2205 ipse
933 2151 1024 2202 es;
1055 2139 1110 2189 et
1132 2134 1326 2188 omnia
1367 2134 1614 2187 crastina
1661 2137 1829 2204 atque
1858 2135 1941 2187 ul-

236 2230 352 2293 tra,
382 2224 689 2294 omniaque
736 2223 1004 2277 hesterna
1034 2227 1090 2276 et
1133 2226 1284 2276 retro
1326 2221 1496 2276 hodie
1542 2221 1734 2288 facies,
1773 2221 1941 2276 hodie

239 2307 444 2367 fecisti;
476 2311 621 2376 Quid
669 2311 739 2366 ad
782 2329 894 2378 me,
926 2311 972 2365 si
1019 2311 1148 2382 quis
1176 2327 1293 2365 non
1329 2310 1654 2381 intelligat?
1693 2311 1944 2364 Gaudeat

242 2405 301 2455 et
327 2401 468 2472 ipse,
498 2400 727 2454 dicens:
771 2399 918 2464 Quid
949 2404 1033 2454 est
1069 2399 1216 2453 hoc?
1255 2399 1510 2454 Gaudeat
1547 2397 1718 2452 etiam
1747 2397 1854 2464 sic;
1889 2402 1946 2452 et

241 2494 396 2544 amet
440 2505 554 2544 non
607 2488 951 2543 inveniendo
1007 2486 1284 2551 invenire,
1337 2486 1532 2558 potius
1575 2502 1749 2557 quam
1792 2487 1945 2541 inve-

237 2577 452 2634 niendo
478 2595 598 2633 non
629 2577 885 2632 invenire
913 2582 988 2632 te.

905 2683 1130 2738 CAPUT
1167 2683 1282 2737 VII.

561 2777 809 2842 Infantia
847 2790 1055 2842 quoque
1086 2775 1321 2844 peccatis
1359 2773 1620 2827 obnoxia.

323 2866 404 2919 ll.
447 2863 683 2930 Exaudi,
718 2865 883 2917 Deus.
917 2863 1011 2916 Vae
1041 2862 1286 2934 peccatis
1316 2859 1644 2914 hominum!
1677 2861 1742 2914 Et
1768 2859 1944 2913 homo

243 2951 381 3005 dicit
405 2951 549 3013 haec,
591 2954 647 3004 et
684 2948 972 3003 misereris
1003 2949 1158 3018 ejus;
1188 2946 1464 3018 quoniam
1491 2952 1553 3001 tu
1581 2946 1764 3001 fecisti
1789 2963 1941 3013 eum,

244 3043 302 3092 et
329 3042 624 3109 peccatum
653 3054 767 3091 non
794 3036 974 3091 fecisti
998 3037 1056 3090 in
1085 3053 1170 3090 eo.
1206 3036 1342 3100 Quis
1374 3052 1463 3090 me
1484 3038 1507 3072 ⁸
1535 3039 1947 3090 commemorat

241 3132 538 3200 peccatum
571 3125 827 3180 infantia:
863 3127 1046 3179 meas?
1091 3124 1370 3189 Quoniam
1420 3140 1589 3178 nemo
1635 3123 1883 3176 mundus
1914 3139 1946 3176 a

245 3220 476 3290 peccato
506 3231 697 3268 coram
719 3218 792 3279 te,
828 3229 931 3267 nec
960 3212 1146 3266 infans
1177 3212 1340 3282 cujus
1370 3215 1452 3266 est
1487 3212 1660 3266 unius
1691 3211 1804 3265 diei
1830 3211 1944 3264 vita

248 3321 421 3376 super
464 3311 675 3359 terram
728 3302 862 3372 (Job.
919 3317 1054 3370 xxv,
1082 3302 1154 3371 4).
1203 3301 1338 3365 Quis
1368 3317 1458 3354 me
1498 3301 1946 3354 commemorat?

247 3399 334 3448 An
361 3391 602 3465 quilibet
625 3391 881 3446 tantillus
902 3405 1054 3444 nunc
1074 3391 1365 3460 parvulus,
1387 3389 1446 3443 in
1480 3406 1593 3460 quo
1611 3389 1772 3443 video
1793 3389 1946 3459 quod

248 3499 365 3538 non
392 3480 628 3535 memini
658 3479 728 3533 de
777 3479 905 3532 me?
954 3479 1099 3542 Quid
1143 3493 1278 3547 ergo
1314 3481 1449 3530 tunc
1490 3477 1833 3546 peccabam?
1861 3479 1950 3530 An

248 3569 385 3642 quia
403 3568 676 3624 uberibus
696 3567 986 3621 inhiabam
1007 3567 1278 3636 plorans?
1299 3567 1438 3619 Nam
1466 3564 1510 3618 si
1542 3580 1694 3618 nunc
1724 3563 1948 3632 faciam,

248 3675 368 3713 non
395 3657 630 3730 quidem
656 3655 947 3717 uberibus,
972 3655 1071 3709 sed
1094 3671 1236 3709 escas
1260 3653 1601 3724 congruenti
1624 3653 1786 3706 annis
1807 3653 1948 3706 meis

247 3748 328 3801 ita
355 3747 604 3811 inhians,
646 3744 950 3799 deridebor
985 3747 1155 3815 atque
1193 3741 1581 3813 reprehendar
1609 3740 1944 3811 justissima.

249 3837 407 3889 Tunc
432 3850 569 3904 ergo
596 3832 1066 3904 reprehendenda
1107 3831 1420 3886 faciebam:
1453 3829 1551 3884 sed
1588 3829 1724 3900 quia
1757 3845 1950 3901 repre-

248 3922 596 3977 hendentem
626 3920 945 3990 intelligere
975 3936 1090 3973 non
1129 3924 1424 3990 poteram;
1464 3933 1567 3971 nec
1596 3933 1720 3971 mos
1755 3933 1950 3988 repre-

250 4010 424 4064 hendi
445 4025 560 4077 me,
587 4025 692 4062 nec
719 4009 864 4062 ratio
905 4008 1144 4062 sinebat.
1177 4009 1317 4062 Nam
1349 4007 1730 4078 exstirpamus
1756 4011 1812 4060 et
1850 4006 1953 4076 eji-

251 4099 434 4153 cimus
463 4097 568 4152 ista
593 4103 926 4151 crescentes.
957 4098 1068 4151 Nec
1113 4096 1228 4150 vidi
1267 4112 1617 4166 quemquam
1657 4094 1950 4154 scientem.

251 4203 382 4243 cum
413 4185 631 4258 aliquid
659 4191 868 4257 purgat
893 4189 934 4254 ³,
965 4186 1115 4240 bona
1131 4185 1430 4256 projicere.
1454 4187 1543 4239 An
1562 4200 1666 4255 pro
1696 4188 1952 4253 tempore

251 4276 424 4331 etiam
449 4275 547 4330 illa
573 4275 724 4328 bona
753 4279 936 4343 erant,
961 4273 1153 4328 ﬂendo
1182 4279 1376 4344 petere
1405 4273 1578 4327 etiam
1609 4272 1765 4344 quod
1786 4272 1952 4326 nuxie

252 4366 505 4430 daretur,
553 4363 839 4433 indignari
886 4363 1092 4416 acriter
1132 4379 1246 4416 non
1287 4362 1553 4432 subjectis
1603 4361 1951 4428 hominibus,

253 4453 448 4508 liberis
464 4457 521 4508 et
540 4451 875 4523 majoribus,
897 4451 1101 4522 hisque
1129 4468 1162 4505 a
1191 4451 1398 4522 quibus
1421 4450 1648 4522 genitus
1679 4455 1782 4516 est,
1811 4450 1955 4504 mul-

253 4542 438 4614 tisque
465 4546 744 4612 praeterea
773 4540 1238 4610 prudentioribus
1263 4555 1380 4594 non
1411 4539 1480 4593 ad
1514 4543 1717 4593 nutum
1748 4539 1955 4592 volun-

255 4631 389 4685 tatis
421 4626 978 4698 obtemperantibus;
1011 4626 1265 4680 feriendo
1305 4642 1509 4681 nocere
1539 4626 1644 4680 niti
1676 4629 1954 4696 quantum

253 4723 466 4790 potest,
495 4717 628 4789 quia
655 4733 770 4770 non
801 4715 1068 4769 obeditur
1107 4714 1365 4785 imperiis
1395 4714 1602 4785 quibus
1639 4713 1954 4783 perniciose

256 4806 621 4862 obediretur?
651 4805 733 4858 Ita
762 4803 1119 4858 imbecillitas
1168 4802 1558 4855 membrorum
1609 4801 1955 4856 infantilium

254 4896 527 4950 innocens
567 4896 668 4956 est,
713 4908 829 4946 non
867 4891 1092 4946 animus
1132 4889 1456 4944 infantium.
1486 4889 1610 4942 Vidi
1638 4905 1742 4960 ego
1777 4893 1832 4944 et
1862 4906 1953 4943 ex-

319 5015 335 5048 ¹
371 5013 517 5066 Lov..
537 5021 610 5060 an
639 5009 775 5061 anni
807 5010 903 5060 tui.
935 5009 1094 5059 Abest
1113 5012 1287 5058 tamen
1307 5022 1374 5058 an
1405 5023 1435 5057 ει
1454 5009 1646 5058 nostris
1671 5009 1792 5057 Mss.
1824 5013 1875 5058 et
1891 5010 1956 5059 ab

257 5075 373 5123 aliis
407 5073 565 5138 pleris
607 5086 669 5120 ue
699 5073 1112 5122 Edd.-—Eodem
1126 5072 1242 5121 loco
1255 5071 1954 5120 Somm.Roud.cum6Mss.

257 5138 464 5199 legunt:
495 5085 766 5199 De%cie1tt,
787 5135 855 5184 M.
912 5197 918 5199 Α
1040 5196 1054 5199 _
1079 5195 1089 5199 _
1472 5198 1477 5199 γ
1511 5196 1540 5199 _
1601 5194 1613 5199 _
1664 5195 1673 5199 _
1840 5195 1877 5199 _

256 5135 464 5199 legunt:
495 5135 766 5199 Deﬁcient.
787 5135 855 5184 M.

267 5263 295 5271 Α
319 5200 485 5271 {Lov.
500 5202 552 5246 et
567 5196 778 5248 Arnald.
799 5197 948 5271 :Quis
960 5195 1090 5271 mihi
1101 5198 1497 5271 cpmmqmorat.
1510 5194 1635 5271 βω.
1651 5195 1954 5271 ΔοξιθῐΕω

258 5261 379 5328 Quis
393 5273 612 5328 mecum
628 5263 1035 5328 commemorat;
1054 5258 1143 5307 sed
1161 5271 1282 5328 vera
1295 5259 1447 5328 lectio
1460 5263 1708 5328 estquam
1723 5258 1844 5328 Mss.
1860 5271 1957 5328 ope

259 5320 600 5383 restituimus,
619 5321 770 5385 juxta
788 5334 939 5385 quem
959 5320 1210 5385 loquendi
1241 5321 1526 5385 modumin
1549 5320 1683 5368 libro
1706 5320 1769 5385 de
1789 5320 1956 5382 Magi-

261 5391 387 5442 stro,
417 5398 531 5447 cap.
561 5382 769 5447 1',llicit_
791 5382 1145 5447 Augustinus;
1181 5385 1324 5447 Duas
1342 5383 1460 5443 jam
1494 5382 1740 5444 loquendi
1769 5392 1958 5447 causas

261 5444 514 5496 constituo
528 5451 651 5502 ,σθαι
669 5451 725 5496 ut
737 5445 1034 5502 doceamus,
1053 5445 1150 5492 aut
1165 5446 1229 5493 ut
1241 5455 1496 5493 comme-m
1505 5455 1725 5493 oremus
1740 5444 1962 5494 velalios

263 5509 346 5559 vel
373 5511 744 5571 nosmetipsos.

323 5574 343 5605 ³
363 5570 515 5632 Angl.
547 5567 690 5630 Μέθη
710 5567 1157 5631 purgabat—Ita
1187 5567 1356 5616 Ilond.
1389 5581 1506 5616 cum
1530 5569 1556 5615 8
1587 5567 1715 5623 Cdd,
1750 5568 1816 5615 Μ.

1725 338 1940 395 LIBER
1978 337 2262 395 PRIMUS.

3641 343 3743 396 666

2039 465 2235 530 pertus
2257 475 2382 513 sum
2413 460 2693 513 zelantem
2723 459 3058 529 parvulum:
3093 459 3349 514 nondum
3372 462 3739 532 loquebatur,

2042 553 2096 603 et
2143 548 2472 602 intuebatur
2521 547 2763 615 pallidus
2802 564 2996 601 amaro
3046 553 3278 618 aspectu
3336 550 3744 606 collactaueum

2041 653 2230 691 suum.
2266 636 2404 701 Quis
2435 637 2542 689 hoc
2570 636 2834 706 ignorat?
2883 636 3115 706 Expiare
3161 653 3218 690 se
3259 637 3453 692 dicunt
3485 639 3589 692 ista
3617 656 3746 693 ma-

2041 733 2157 780 tres
2183 730 2353 795 atque
2384 725 2627 778 nutrices
2658 724 2847 778 nescio
2889 725 3097 795 quibus
3137 725 3422 780 remediis.
3452 725 3566 779 Nisi
3607 742 3739 779 vero

2042 818 2098 868 et
2118 813 2225 867 ista
2252 812 2579 866 innocentia
2607 819 2709 879 est,
2742 812 2801 866 in
2827 813 2981 866 fonte
3014 813 3169 867 lactis
3197 814 3446 867 ubertim
3476 820 3742 868 manante

2043 907 2212 973 atque
2259 900 2606 966 abundante,
2657 900 2782 970 opis
2824 900 3276 969 egentissimum,
3327 907 3385 956 et
3423 901 3524 955 illo
3556 902 3744 956 adhuc

2042 1007 2156 1044 uno
2203 989 2474 1044 alimento
2501 989 2673 1042 vitam
2718 989 3039 1049 ducentem.
3085 994 3409 1044 consortem
3444 1007 3559 1044 non
3601 990 3742 1061 pati.

2043 1079 2153 1133 Sed
2177 1078 2385 1132 blande
2418 1077 2736 1132 tolerantur
2764 1077 2905 1142 haec,
2939 1093 3058 1130 non
3087 1078 3221 1148 quia
3251 1079 3411 1132 nulla
3434 1079 3517 1131 vel
3552 1095 3744 1149 parva,

2044 1167 2138 1220 sed
2167 1167 2303 1237 quia
2331 1165 2510 1219 mtatis
2534 1182 2770 1218 accensu
2800 1165 3054 1235 peritura
3083 1171 3233 1220 sunt.
3270 1167 3426 1230 Quod
3466 1167 3592 1220 licet
3619 1184 3748 1238 pro-

2043 1256 2162 1323 bes,
2192 1271 2322 1308 cum
2347 1257 2366 1291 ί
2397 1254 2533 1308 ferri
2563 1270 2728 1324 aequo
2747 1253 2940 1306 animo
2963 1254 3162 1307 eadem
3193 1254 3315 1324 ipsa
3345 1270 3458 1308 non
3487 1259 3743 1324 possunt,

2044 1346 2271 1414 quando
2298 1343 2360 1396 in
2385 1344 2578 1413 aliquo
2607 1343 2910 1396 annosiore
2941 1343 3467 1413 deprehenduntur.

2118 1435 2201 1486 t2.
2234 1433 2318 1486 Tu
2348 1430 2561 1501 itaque,
2594 1429 2834 1484 Domine
2878 1432 3025 1485 Deus
3067 1447 3248 1492 meus,
3279 1431 3382 1502 qui
3432 1431 3636 1486 dedisti
3664 1431 3746 1484 vi-

2044 1525 2163 1575 tam
2188 1519 2410 1586 infanti,
2441 1524 2498 1574 et
2526 1536 2752 1590 corpus,
2778 1520 2932 1590 quod
2956 1519 3036 1573 ita
3056 1525 3121 1574 ut
3149 1520 3406 1574 videmus
3430 1520 3749 1575 instruxisti

2047 1608 2326 1674 sensibus,
2363 1607 2700 1678 compegisti
2729 1607 3024 1674 membris,
3061 1608 3247 1677 ﬁgura
3279 1609 3581 1674 decorasti,
3613 1624 3747 1679 pro-

2047 1713 2158 1768 que
2188 1697 2310 1766 ejus
2332 1696 2696 1750 universitate
2731 1700 2903 1767 atque
2933 1696 3320 1750 incolumitate
3352 1713 3551 1750 omnes
3582 1713 3750 1750 cona-

2049 1791 2140 1840 tus
2165 1783 2474 1838 animantis
2499 1783 2801 1837 insinuasti
2827 1800 2840 1849 ;
2865 1784 3031 1854 juhes
3076 1799 3166 1836 me
3199 1784 3430 1836 laudare
3460 1789 3513 1836 te
3543 1783 3602 1836 in
3628 1783 3750 1835 istis

2049 1878 2107 1927 et
2142 1871 2402 1950 conﬁteri
2449 1870 2574 1936 tibi,
2625 1874 2682 1924 et
2721 1872 2964 1940 psallere
3010 1870 3231 1924 nomini
3287 1876 3410 1938 tuo,
3467 1871 3750 1924 Altissime

2052 1958 2220 2032 (Psal.
2274 1976 2378 2025 XCI,
2411 1960 2468 2027 2)
2504 1975 2515 2012 :
2549 1959 2684 2029 quia
2714 1960 2865 2012 Deus
2902 1974 2962 2012 es
3009 1957 3374 2028 omnipotens
3433 1962 3488 2012 et
3540 1957 3748 2022 bonus,

2051 2049 2275 2104 etiamsi
2305 2049 2420 2102 sola
2468 2047 2575 2100 ista
2603 2047 2850 2112 fecisses,
2906 2062 3036 2118 qua:
3088 2062 3258 2100 nemo
3289 2047 3434 2100 alius
3462 2051 3646 2118 potest
3675 2047 3751 2100 fa-

2052 2154 2199 2204 cere,
2230 2137 2340 2191 nisi
2370 2141 2455 2203 tu,
2491 2152 2624 2202 une,
2657 2153 2688 2189 a
2717 2152 2832 2206 quo
2864 2141 2948 2189 est
2978 2135 3163 2189 omnis
3196 2136 3398 2189 modus
3428 2155 3442 2202 ;
3472 2135 3754 2188 formosis-

2053 2227 2214 2291 sime,
2243 2225 2342 2297 qui
2368 2226 2579 2280 formas
2611 2224 2824 2290 omnia,
2873 2228 2930 2278 et
2976 2225 3098 2293 lege
3126 2228 3225 2278 tua
3269 2223 3502 2276 ordinas
3532 2223 3747 2278 omnia.

2059 2317 2211 2369 I-lanc
2243 2330 2377 2385 ergo
2405 2317 2652 2372 aetatem,
2706 2312 2967 2376 Domine,
3007 2328 3182 2383 quam
3237 2327 3329 2365 me
3359 2311 3562 2366 vixisse
3592 2310 3616 2343 ³
3640 2327 3754 2365 non

2055 2403 2313 2467 memini,
2345 2402 2414 2456 de
2462 2417 2575 2472 qua
2625 2400 2750 2454 aliis
2777 2399 3014 2464 credidi,
3049 2405 3105 2453 et
3134 2415 3304 2470 quam
3339 2416 3428 2456 me
3472 2399 3653 2469 egisse
3685 2415 3753 2453 ex

2056 2493 2178 2546 aliis
2204 2489 2518 2545 infantibus
2572 2488 2814 2559 conjeci,
2852 2504 3183 2559 quanquam
3215 2487 3320 2542 ista
3364 2489 3610 2542 multum
3641 2487 3753 2541 lida

2055 2582 2378 2651 conjectura
2409 2579 2498 2646 sit,
2527 2578 2686 2648 piget
2726 2593 2817 2631 me
2848 2575 3226 2631 annumerare
3266 2577 3400 2630 huic
3429 2577 3558 2630 vitae
3589 2592 3753 2637 more,

2057 2685 2228 2741 quam
2255 2667 2380 2721 vivo
2415 2667 2474 2720 in
2522 2667 2631 2720 hoc
2687 2666 2916 2720 saeculo.
2950 2665 3238 2728 Quantum
3269 2663 3428 2717 enim
3460 2663 3661 2717 attinet
3689 2663 3759 2716 ad

2055 2755 2356 2811 oblivionis
2386 2769 2525 2807 mea:
2552 2754 2836 2818 tenebras,
2868 2768 2972 2822 par
2991 2751 3076 2805 illi
3107 2755 3192 2806 est
3218 2767 3393 2821 quam
3418 2751 3531 2804 vixi
3562 2750 3621 2803 in
3644 2766 3760 2802 ma-

2054 2845 2157 2901 tris
2189 2848 2371 2898 utero.
2400 2841 2562 2905 Quod
2579 2841 2625 2894 si
2653 2845 2710 2894 et
2737 2845 2758 2876 ³
2783 2841 2845 2894 in
2873 2839 3178 2910 iniquitate
3205 2844 3513 2908 conceptus
3530 2854 3677 2901 sum,
3702 2842 3760 2891 et

2055 2931 2116 2985 in
2143 2929 2388 3002 peccatis
2418 2944 2508 2982 me
2541 2933 2724 2982 mater
2753 2943 2882 2981 mea
2926 2927 2988 2980 in
3016 2933 3179 2981 utero
3221 2926 3364 2980 aluit
3393 2927 3552 2995 (Psal.
3586 2942 3637 2990 L,
3667 2928 3753 2994 7);

2056 3020 2174 3086 ubi,
2205 3035 2305 3072 oro
2336 3023 2413 3084 te,
2446 3019 2593 3070 Deus
2615 3033 2794 3084 meus,
2817 3016 2936 3081 ubi,
2970 3015 3230 3081 Domine,
3255 3031 3359 3084 ego
3389 3030 3582 3067 servus
3605 3018 3756 3078 tuus,

2057 3108 2156 3162 ubi
2207 3111 2307 3161 aut
2352 3105 2579 3176 quando
2609 3105 2883 3158 innocens
2913 3103 3042 3156 fui?
3064 3103 3170 3157 Sed
3219 3118 3346 3156 ecce
3387 3101 3588 3155 omitto
3617 3101 3760 3155 illud

2054 3201 2281 3266 tempus
2311 3211 2326 3248 :
2361 3198 2417 3248 et
2445 3193 2582 3262 quid
2606 3193 2747 3247 mihi
2767 3194 2888 3263 jam
2910 3208 3040 3246 cum
3068 3207 3134 3246 eo
3161 3195 3264 3258 est,
3296 3191 3460 3262 cujus
3491 3191 3649 3244 nulla
3677 3206 3765 3245 ve-

2058 3283 2230 3354 stigia
2262 3284 2451 3337 recolo
2474 3284 2503 3336 ?

2707 3369 2934 3424 CAPUT
2967 3370 3109 3423 VIII.

2517 3457 2664 3513 Unde
2690 3473 2825 3526 puer
2854 3459 3004 3525 loqui
3031 3457 3302 3511 didicerit.

2134 3552 2218 3604 l3.
2262 3550 2462 3603 Nonne
2491 3548 2561 3601 ab
2591 3546 2830 3600 infantia
2868 3547 2978 3599 huc
3015 3561 3261 3616 pergens
3299 3545 3428 3599 veni
3463 3545 3522 3598 in
3561 3544 3763 3615 pueri-

2060 3638 2232 3704 tiam;
2258 3639 2344 3691 vel
2376 3637 2564 3706 potius
2603 3635 2726 3706 ipsa
2756 3635 2816 3688 in
2846 3651 2937 3688 me
2967 3635 3140 3700 venit,
3183 3638 3238 3687 et
3274 3635 3541 3688 successit
3577 3634 3763 3687 infan-

2061 3727 2186 3794 tiae;
2218 3727 2330 3781 Nec
2360 3723 2614 3778 discessit
2643 3724 2772 3777 illa:
2807 3739 2920 3794 quo
2951 3723 3107 3776 enim
3136 3722 3312 3776 abiit?
3344 3727 3400 3775 et
3429 3726 3619 3776 tamen
3641 3723 3762 3791 jam

2060 3831 2179 3869 non
2199 3817 2336 3867 erat.
2361 3814 2488 3866 Non
2513 3811 2668 3865 enim
2687 3826 2843 3864 eram
2870 3810 3059 3863 infans
3087 3809 3186 3880 qui
3207 3825 3320 3863 non
3342 3809 3509 3873 farer,
3529 3809 3623 3863 sed
3639 3809 3760 3878 jam

2061 3918 2206 3975 puer
2233 3902 2475 3971 loquens
2504 3915 2679 3953 eram.
2710 3901 2774 3952 Et
2802 3897 3041 3952 memini
3068 3898 3202 3964 hoc;
3236 3901 3294 3951 et
3321 3897 3473 3950 unde
3495 3897 3649 3967 loqui
3677 3897 3763 3950 di-

2063 3991 2298 4048 dicerim
2321 3993 2451 4061 post
2479 3988 2709 4043 adverti.
2743 3988 2868 4041 Non
2909 3987 3062 4040 enim
3091 3986 3368 4040 docebant
3396 4001 3488 4039 me
3519 3985 3764 4055 majores

2063 4081 2325 4135 homines
2370 4077 2687 4148 praebentes
2717 4076 2859 4130 mihi
2907 4077 3079 4129 verba
3125 4079 3280 4128 certo
3328 4075 3520 4144 aliquo
3565 4075 3764 4128 ordine

2065 4167 2362 4233 doctrinas,
2393 4166 2538 4219 sicut
2563 4166 2732 4236 paulo
2750 4168 2879 4234 post
2899 4164 3142 4218 litteras:
3169 4162 3266 4217 sed
3296 4152 3402 4232 ego
3433 4162 3553 4233 ipse
3577 4166 3764 4215 mente

2063 4275 2234 4330 quam
2268 4256 2467 4311 dedisti
2501 4255 2662 4317 mihi,
2698 4256 2844 4308 Deus
2873 4269 3054 4318 meus,
3088 4269 3213 4307 cum
3249 4252 3555 4322 gemitibus
3580 4256 3638 4305 et
3667 4268 3765 4304 vo-

2064 4347 2221 4400 cibus
2249 4344 2439 4409 variis,
2473 4349 2531 4396 et
2558 4342 2729 4395 variis
2758 4341 3145 4395 membrorum
3177 4340 3421 4393 motibus
3452 4339 3619 4392 edere
3649 4339 3764 4391 vel-

2063 4437 2178 4490 lem
2211 4450 2375 4488 sensa
2400 4432 2587 4486 cordis
2617 4431 2731 4485 mei
2763 4434 2822 4484 ut
2859 4429 3133 4484 voluntati
3170 4433 3487 4500 pareretur,
3529 4444 3632 4482 nec
3670 4443 3768 4480 va-

2064 4523 2239 4577 lerem
2269 4537 2398 4593 quas
2418 4521 2676 4575 volebam
2697 4520 2909 4584 omnia,
2933 4535 3037 4572 nec
3062 4518 3269 4588 quibus
3295 4517 3556 4572 volebam
3579 4515 3767 4570 omni-

2063 4613 2189 4678 bus,
2229 4611 2628 4682 praasonabam
2665 4608 2941 4662 memoria
2979 4612 3030 4674 ‘;
3075 4623 3206 4660 cum
3253 4606 3361 4676 ipsi
3401 4604 3769 4676 appellabant

2062 4716 2188 4754 rem
2208 4699 2482 4770 aliquam,
2509 4702 2567 4751 et
2590 4712 2720 4750 cum
2747 4695 3059 4750 secundum
3083 4711 3207 4748 eam
3237 4709 3433 4748 vocem
3461 4709 3667 4763 corpus
3697 4693 3768 4745 ad

2129 4825 2144 4857 ¹
2169 4824 2246 4870 Ita
2265 4821 2316 4868 in
2341 4821 2461 4868 Mss.
2480 4822 2531 4867 et
2551 4822 2706 4867 recte.
2735 4818 2861 4867 Vult
2883 4816 3134 4866 nimirum
3163 4816 3492 4879 Augustinus
3512 4823 3663 4879 posse
3689 4815 3770 4862 vel

2067 4899 2131 4935 ex
2154 4899 2227 4954 _eo
2244 4883 2470 4954 probari,
2494 4881 2746 4954 quod‘illa
2767 4894 2884 4942 quin
2907 4880 3203 4954 infantibus
3220 4878 3448 4954 benigne
3476 4878 3772 4948 tolerantur

2067 4947 2202 4996 mala
2233 4941 2356 5003 sint,
2383 4941 2572 5007 quiain
2593 4947 2745 5007 (etate
2766 4941 3402 5007 provectioribustolerari
3423 4954 3576 5007 aequo
3593 4941 3768 5007 animo

2067 5024 2174 5058 non
2201 5003 2440 5070 possunt.
2465 5006 2710 5054 Mendose
2733 5003 2856 5067 ergo
2879 5004 2932 5052 in
2958 5003 3088 5052 Etld.
3113 5003 3330 5066 legitur:
3350 5003 3495 5062 Quod
3511 5003 3630 5051 licet
3643 5013 3768 5062 pro-

2067 5073 2171 5125 bes,
2203 5069 2380 5120 tamen
2394 5069 2560 5128 ferri.

2131 5135 2151 5168 9
2165 5123 2249 5181 Er.
2273 5123 2436 5193 Lugd.
2453 5130 2585 5179 Ven.
2601 5130 2724 5178 Lov.
2739 5127 2991 5193 Sommal.
3011 5126 3180 5174 Rond.
3201 5141 3318 5193 cum
3339 5129 3396 5193 10
3411 5125 3528 5172 Mss.
3547 5131 3599 5193 et
3618 5123 3766 5193 Mart,

2069 5209 2187 5244 cum
2202 5185 2378 5244 tribus
2380 5193 2500 5240 Mss.
2519 5207 2530 5240 :
2556 5195 2670 5248 Qua
2687 5204 2772 5241 me
2787 5190 2984 5240 vixisse
3003 5202 3108 5238 non
3128 5191 3346 5238 memini
3361 5204 3373 5247 ;
3391 5192 3441 5236 et
3453 5185 3608 5247 paulo
3621 5189 3765 5247 post:

2069 5260 2181 5318 Qua
2210 5259 2394 5306 vivo...
2429 5267 2530 5317 qua
2559 5256 2686 5318 vixi.
2710 5254 2776 5301 M.

2130 5322 2150 5353 ³
2181 5313 2466 5375 Omittitur,
2496 5320 2537 5364 si
2558 5318 2620 5373 et,
2654 5317 2706 5364 in
2735 5315 2858 5364 edit.
2884 5313 3213 5362 Lovaniensi.

2131 5384 2150 5415 ι
2183 5381 2303 5428 Lov.
2322 5394 2332 5427 :
2353 5367 2676 5428 Preusubam
2691 5376 2963 5427 memoria.
2981 5376 3102 5423 Bad.
3126 5377 3239 5421 Am.
3254 5367 3627 5419 Er.etArnald.
3645 5383 3766 5418 cum

2069 5442 2342 5491 nonnullis
2373 5442 2524 5489 Mss:
2547 5439 2836 5490 Pensabam
2865 5436 3141 5486 memoria.
3170 5433 3350 5482 Melior
3382 5433 3490 5478 visa
3511 5436 3590 5480 est
3611 5432 3765 5479 lectio

2071 5505 2368 5615 Mss.bC0rb.
2393 5504 2590 5551 Fossam.
2611 5501 2896 5550 etaliorum
2916 5498 3128 5560 optima),
3154 5499 3289 5542 noue
3306 5493 3606 5555 quihabent
3625 5506 3766 5555 prm-

2071 5580 2192 5615 sona
2227 5580 2332 5615 am.

2069 5580 2332 5616 sonaoam.
