4058 6356
136 309 242 364 669

131 428 206 483 ab
237 432 398 483 utero
426 425 624 483 matris
652 442 819 495 mete,
848 441 977 498 quae
995 425 1242 480 multum
1265 424 1515 496 speravit
1542 424 1604 479 in
1632 429 1707 482 te.
1739 425 1831 479 Vi-

135 517 295 587 disti,
323 518 580 581 Domine,
615 532 746 570 cum
775 516 959 569 adhuc
979 530 1122 585 puer
1152 530 1355 579 essem,
1387 520 1442 568 ct
1471 516 1723 585 quodam
1744 514 1833 569 die

121 623 327 677 pressu
351 606 627 660 stomachi
658 602 676 637 ‘
711 609 945 675 repente
972 607 1276 657 aestuarem
1304 619 1451 673 pene
1483 603 1824 670 moriturus;

120 695 339 762 vidisti,
369 696 518 749 Deus
564 710 746 759 meus,
799 692 1076 764 quoniam
1108 697 1294 746 custos
1326 708 1485 745 meus
1517 691 1638 762 jam
1682 709 1829 761 eras,

122 799 246 853 quo
291 788 453 838 motu
494 781 673 836 animi
711 786 768 835 et
797 797 911 852 qua
946 780 1057 834 ﬁde
1112 780 1464 849 baptismum
1507 780 1713 835 Christi
1749 780 1835 835 tui

122 871 234 926 Dei
261 876 318 927 et
349 870 579 925 Domini
611 870 723 924 mei
752 868 1003 940 ﬂagitavi
1035 886 1066 923 a
1093 869 1308 939 pietate
1338 867 1537 922 matris
1570 885 1733 933 meas,
1779 872 1834 923 et

116 958 323 1014 matris
354 958 617 1012 omnium
643 963 904 1012 nostrum
933 958 1190 1011 Ecclesiae
1221 962 1354 1011 tum.
1391 958 1454 1011 Et
1483 957 1822 1011 conturbata

122 1052 315 1101 mater
343 1046 529 1101 carnis
559 1062 721 1113 mem,
762 1046 1033 1117 quoniam
1069 1050 1125 1100 et
1156 1045 1561 1116 sempiternam
1592 1047 1832 1100 salutem

122 1151 320 1189 meam
359 1134 585 1188 charius
642 1134 1000 1204 parturiebat
1032 1134 1202 1188 corde
1246 1138 1399 1187 casto
1454 1133 1514 1187 in
1566 1134 1677 1188 ﬁde
1709 1137 1830 1203 tua,

111 1223 248 1293 jam
277 1227 499 1277 curaret
536 1221 934 1277 festinabunda
964 1227 1026 1276 ut
1063 1222 1443 1276 Sacramentis
1487 1223 1832 1277 salutaribus

122 1310 393 1365 initiarer
420 1313 476 1364 et
515 1310 794 1376 abluerer,
841 1315 916 1378 te,
964 1310 1201 1364 Domine
1250 1314 1402 1378 .lesu,
1450 1310 1724 1365 conﬁtens
1770 1312 1831 1365 in

120 1400 531 1455 remissionem
560 1404 943 1471 peccatorum,
977 1400 1085 1453 nisi
1106 1399 1297 1453 statim
1320 1404 1606 1454 recreatus
1626 1417 1826 1457 essem.

123 1488 319 1543 Dilata
349 1493 432 1542 est
473 1488 667 1558 itaque
697 1488 993 1542 mundatio
1021 1504 1171 1555 mea,
1218 1488 1380 1560 quasi
1410 1505 1636 1543 necesse
1684 1495 1831 1545 esset

115 1580 194 1630 ut
222 1574 407 1630 adhuc
439 1575 781 1642 sordidarer,
814 1576 861 1630 si
898 1576 1187 1643 viverem;
1221 1576 1357 1648 quia
1396 1577 1658 1632 videlicet
1701 1584 1832 1649 post

119 1664 419 1718 lavacrum
444 1663 583 1718 illud
614 1665 801 1735 major
832 1669 886 1718 et
913 1664 1291 1736 periculosior
1313 1664 1372 1719 in
1403 1666 1662 1720 sordibus
1686 1667 1830 1722 deli-

116 1756 353 1807 ctorum
400 1757 591 1807 reatus
645 1753 817 1808 foret.
870 1754 953 1807 Ita
1003 1754 1125 1824 jam
1166 1754 1487 1822 credebam,
1528 1759 1584 1809 et
1633 1756 1731 1810 illa
1776 1760 1833 1811 et

118 1840 320 1894 omnis
358 1840 583 1907 domus,
616 1839 727 1893 nisi
758 1844 924 1911 pater
952 1841 1126 1908 solus,
1161 1840 1261 1912 qui
1290 1846 1483 1896 tamen
1518 1857 1639 1897 non
1665 1843 1832 1898 evicit

116 1928 190 1981 in
217 1943 309 1982 me
356 1928 450 1999 jus
481 1932 754 1982 maternae
792 1928 1041 1999 pietatis,
1085 1929 1395 2000 quominus
1435 1929 1496 1984 in
1544 1930 1830 1986 Christum

115 2015 441 2081 crederem,
466 2015 611 2069 sicut
636 2015 731 2069 ille
761 2016 1020 2071 nondum
1050 2017 1388 2072 crediderat.
1422 2019 1565 2072 Nam
1593 2018 1693 2073 illa
1724 2024 1830 2073 sat-

115 2104 335 2174 agebat
387 2107 451 2158 ut
490 2108 547 2157 tu
591 2103 734 2158 mihi
770 2109 934 2174 pater
990 2122 1159 2173 esses,
1209 2107 1355 2160 Deus
1403 2123 1585 2172 meus,
1636 2107 1824 2178 potius

118 2208 304 2264 quam
334 2191 461 2247 ille:
488 2195 543 2246 et
572 2192 632 2246 in
662 2194 769 2247 hoc
796 2193 1104 2264 adjuvabas
1147 2211 1273 2249 eam
1304 2198 1369 2249 ut
1396 2201 1691 2266 superaret
1745 2196 1828 2251 vi-

120 2296 287 2347 rum,
319 2281 412 2335 cui
438 2281 645 2335 melior
672 2282 987 2352 serviebat;
1015 2282 1153 2354 quia
1180 2288 1235 2337 et
1262 2282 1323 2338 in
1349 2284 1455 2338 hoc
1484 2283 1589 2339 tibi
1630 2284 1828 2357 utique

124 2368 196 2424 id
218 2370 444 2440 jubenti
474 2370 776 2425 serviebat.

204 2461 294 2513 18.
334 2460 495 2530 Rogo
515 2464 593 2529 te,
626 2460 773 2513 Deus
805 2475 989 2530 meus,
1018 2459 1226 2516 vellem
1255 2460 1417 2528 scire,
1459 2460 1507 2515 si
1552 2465 1615 2515 tu
1650 2462 1823 2518 etiam

117 2546 323 2614 velles,
368 2564 482 2618 quo
517 2548 754 2603 consilio
792 2549 1003 2603 dilatus
1037 2566 1165 2604 sum
1194 2566 1265 2604 ne
1293 2555 1429 2605 tunc
1474 2550 1824 2622 baptizarer:

118 2640 324 2690 utrum
355 2637 508 2691 bono
535 2653 665 2692 meo
689 2638 829 2692 mihi
851 2638 1014 2709 quasi
1040 2639 1224 2693 laxata
1240 2644 1373 2693 sunt
1393 2640 1516 2693 lora
1536 2641 1826 2711 peccandi,

117 2740 203 2778 an
233 2740 351 2779 non
376 2726 563 2780 laxata
586 2730 719 2780 sunt
745 2728 809 2780 ’τί
857 2727 1012 2782 Unde
1043 2742 1177 2797 ergo
1207 2728 1379 2781 etiam
1408 2744 1560 2782 nunc
1606 2729 1674 2783 de
1704 2729 1829 2782 aliis

117 2818 298 2884 atque
330 2813 452 2867 aliis
482 2820 643 2869 sonat
662 2815 918 2887 undique
966 2815 1027 2870 in
1057 2816 1291 2869 auribus
1323 2817 1554 2879 nostris,
1582 2816 1714 2871 Sine
1759 2818 1828 2873 il-

116 2903 275 2969 lum,
307 2901 477 2957 faciat
506 2903 661 2973 quod
689 2904 810 2957 vult
838 2908 884 2970 ³;
919 2903 1177 2957 nondum
1196 2904 1349 2958 enim
1368 2904 1687 2975 baptizatus
1712 2909 1823 2960 est:

114 2994 183 3046 et
210 2994 405 3045 tamen
442 2990 503 3045 in
549 2992 728 3044 salute
762 2992 1014 3062 corporis
1062 3008 1178 3046 non
1210 2992 1472 3060 dicimus,
1504 2993 1653 3059 Sine,
1702 2995 1826 3048 vul-

117 3083 367 3134 neretur
386 3079 656 3150 amplius;
702 3080 957 3135 nondum
987 3080 1141 3135 enim
1171 3085 1402 3135 sanatus
1449 3085 1576 3137 est?
1606 3083 1826 3147 Quanto

116 3183 263 3238 ergo
294 3167 500 3222 melius
529 3172 586 3222 et
609 3168 721 3223 cito
755 3185 987 3223 sanarer
1015 3167 1061 3239 ⁸,
1092 3173 1147 3224 et
1177 3169 1234 3224 id
1288 3175 1552 3240 ageretur
1600 3186 1827 3226 mecum

124 3272 398 3311 meorum
442 3272 687 3329 meaque
735 3258 1049 3330 diligentia,
1094 3262 1161 3313 ut
1187 3264 1413 3330 recepta
1443 3260 1594 3314 salus
1620 3260 1827 3315 animas

123 3360 276 3399 mea:
297 3349 420 3399 tuta
450 3353 597 3401 esset
641 3346 823 3401 tutela
850 3351 968 3412 tua,
1012 3347 1111 3418 qui
1142 3347 1390 3402 dedisses
1421 3350 1587 3404 eam?
1632 3349 1826 3404 Melius

118 3449 283 3488 vero.
324 3433 434 3488 Sed
465 3438 606 3505 quot
634 3439 690 3489 et
718 3435 918 3506 quanti
947 3436 1153 3489 ﬂuctus
1182 3436 1516 3508 impendere
1561 3437 1825 3493 tentatio-

118 3538 269 3577 num
294 3526 424 3593 post
452 3523 755 3594 pueritiam
786 3523 1145 3588 videbantur,
1180 3529 1417 3580 noverat
1443 3542 1540 3580 eos
1559 3528 1681 3595 jam
1729 3526 1828 3581 illa

121 3615 339 3678 mater;
368 3614 424 3665 et
478 3616 690 3666 terram
734 3628 839 3684 per
898 3629 993 3667 eos
1030 3610 1053 3647 ⁵
1082 3612 1233 3667 unde
1284 3618 1480 3685 postea
1522 3614 1824 3687 formarer,

121 3714 301 3770 quam
330 3698 512 3770 ipsam
528 3701 650 3772 jam
680 3700 933 3771 efﬁgiem
953 3702 1310 3756 committere
1334 3701 1574 3758 volebat.

803 3790 1029 3844 CAPUT
1065 3791 1178 3845 XII.

118 3874 222 3929 Ad
282 3875 491 3929 litteras
536 3876 845 3946 cogebatur,
875 3892 979 3945 quo
1025 3882 1202 3932 tamen
1231 3880 1369 3933 Deus
1395 3878 1649 3932 utebatur
1678 3878 1821 3932 bene.

201 3966 286 4018 19.
315 3963 381 4016 In
409 3962 534 4034 ipsa
553 3967 748 4018 tamen
766 3965 1035 4036 pueritia,
1054 3966 1123 4021 de
1150 3983 1265 4038 qua
1280 3967 1422 4021 mihi
1444 3967 1635 4021 minus
1658 3983 1827 4038 quam

117 4052 196 4107 de
213 4051 593 4106 adolescentia
605 4053 986 4120 metuebatur,
1010 4069 1124 4107 non
1140 4054 1400 4108 amabam
1418 4055 1654 4123 litteras,
1668 4059 1722 4107 et
1734 4070 1825 4109 me

118 4142 186 4195 in
201 4156 296 4193 eas
311 4140 505 4211 urgeri
516 4140 747 4195 oderam
762 4158 775 4209 ;
792 4145 848 4195 et
862 4142 1107 4212 urgebar
1117 4146 1329 4209 tamen,
1345 4143 1559 4197 etbene
1573 4142 1713 4197 mihi
1733 4142 1827 4197 fie-

116 4229 245 4295 bat,
266 4244 371 4283 nec
382 4228 657 4283 faciebam
676 4246 781 4300 ego
803 4230 974 4284 bene:
995 4246 1113 4284 non
1130 4231 1283 4284 enim
1296 4230 1592 4298 discerem,
1606 4231 1716 4285 nisi
1738 4247 1827 4284 co-

120 4333 313 4390 gerer.
331 4319 509 4372 Nemo
523 4322 714 4373 autem
728 4320 941 4373 invitus
952 4319 1097 4373 bene
1107 4320 1259 4387 facit,
1276 4319 1500 4373 etiamsi
1516 4321 1732 4375 bonum
1744 4324 1829 4373 est

121 4406 284 4478 quod
293 4406 444 4462 facit.
470 4409 581 4463 Nec
594 4408 695 4479 qui
710 4425 801 4463 me
813 4409 1114 4480 urgebant,
1127 4409 1272 4464 bene
1293 4409 1604 4477 faciebant;
1619 4411 1715 4464 sed
1729 4410 1826 4464 be-

121 4558 252 4610 vero
277 4545 333 4594 in
353 4545 449 4595 lib.
478 4546 542 4610 de
565 4547 959 4597 Catechizandis
977 4550 1238 4605 rudib.,‘c.
1264 4553 1323 4599 26
1344 4565 1356 4610 ;
1379 4550 1471 4599 ubi
1490 4551 1740 4600 mendum
1771 4553 1825 4600 in

121 4607 388 4675 editiones
406 4622 517 4658 non
531 4609 644 4658 leve
660 4609 873 4675 irrepsit
890 4610 956 4659 ad
972 4610 1087 4675 haec
1106 4613 1283 4673 verba,
1304 4607 1484 4675 «quid
1504 4613 1560 4662 in
1580 4614 1672 4663 illo
1706 4628 1828 4663 con-

121 4670 303 4733 datur,
332 4688 355 4711 ι»
390 4684 503 4733 pro,
537 4687 563 4715 α
584 4672 673 4733 qui
703 4670 877 4721 in'illo
902 4673 1130 4721 condiat.
1152 4690 1178 4719 ››

192 4730 308 4806 inSic
322 4730 613 4806 reperimus
632 4733 685 4779 in
711 4733 1013 4806 melioribus
1036 4735 1156 4806 Mss.
1178 4734 1327 4806 Apud
1345 4736 1472 4806 Arn;
1488 4750 1611 4806 vero
1627 4739 1827 4806 et_uon_-

120 4792 306 4859 pullos
324 4792 456 4859 Mss.
491 4807 503 4841 :
536 4796 754 4843 Pressus
777 4796 1066 4859 stomacho.
1106 4792 1341 4859 Denique
1371 4797 1496 4847 Bad.
1519 4799 1634 4847 Am.
1658 4800 1747 4846 Er.
1775 4804 1827 4848 et

118 4856 250 4903 Lov.
276 4870 287 4902 :
312 4857 540 4905 Pressus
563 4858 831 4908 stomachi
857 4858 1053 4908 dolore.

187 4915 569 4982 _9_Sinl_,_juxta
608 4918 701 4982 Er.
738 4919 871 4982 Lug.
900 4920 1037 4982 ,Ven.
1072 4921 1195 4970 Lov.
1237 4920 1432 4981 Somm,
1466 4921 1603 4970 Flor.
1646 4936 1765 4971 cum
1797 4926 1824 4972 ϐ

120 4976 257 5027 Cdd.
285 4980 337 5026 et
357 4976 505 5027 Mart.
539 4992 656 5027 cum
684 4981 712 5028 6
742 4976 857 5029 aliis
882 4981 1008 5031 Cdd.
1046 4983 1113 5030 Μ.

187 5041 211 5075 ³
233 5040 411 5103 Abest,
434 5040 575 5103 quod
603 5042 735 5099 vult,
761 5057 791 5091 a
813 5045 934 5092 Mss.
972 5044 1155 5103 Optimi

397 5076 411 5098 ,
434 5057 573 5103 quoa
603 5057 735 5107 vute,
761 5057 791 5091 a
813 5057 934 5107 mss.
972 5057 1186 5107 optimis

187 5103 209 5135 ⁴
231 5102 294 5164 Ut
314 5104 414 5150 cito
433 5102 679 5162 sanarer,
700 5103 856 5164 juxta
879 5102 1078 5155 Somin.
1104 5107 1238 5157 Dub.
1266 5108 1417 5164 Mart.
1443 5121 1562 5157 cum
1582 5111 1609 5157 6
1631 5109 1753 5157 Mss.
1774 5112 1826 5158 et

187 5118 209 5135 ο
231 5118 294 5151 ut
314 5118 414 5150 cuo
433 5118 679 5162 ωηατ-ετ,
729 5119 734 5150 ι

120 5163 299 5211 Rond.
322 5177 442 5212 cum
465 5167 491 5213 li
516 5165 639 5212 Mss.

188 5226 317 5293 5ita
340 5225 479 5293 l_egit_
498 5226 734 5293 Aruald.,
764 5241 864 5293 nec
889 5229 1041 5293 aliter
1078 5231 1258 5279 ferunt
1275 5230 1511 5293 plerique
1542 5232 1695 5287 Mss.;
1732 5232 1823 5281 sed

118 5287 271 5356 varia
302 5287 590 5356 lab_es_huic
616 5289 731 5356 loco
748 5290 908 5356 illata
921 5295 1001 5340 est
1024 5292 1229 5356 iniEdgd.
1254 5287 1291 5341 θ’
1316 5287 1507 5356 quibus
1524 5294 1639 5343 Am.
1663 5295 1747 5343 Er.
1772 5298 1826 5343 et

120 5349 248 5396 Lov.
273 5363 355 5420 sic
383 5349 601 5420 habent:
622 5352 1054 5420 _El_ti_bitam_eos.
1082 5354 1211 5403 Bad.
1234 5349 1415 5417 porro:
1438 5358 1504 5404 Et
1521 5357 1711 5405 territa
1731 5369 1825 5420 per

121 5422 228 5459 eos.
259 5410 377 5482 Aiii,
416 5413 673 5482 particula
696 5414 1022 5482 interposita,
1046 5422 1103 5482 et
1121 5410 1331 5482 terram
1356 5420 1527 5482 magis
1559 5430 1661 5482 per
1680 5410 1819 5482 gebsgz

122 5485 282 5542 quam
300 5476 475 5523 tamen
490 5475 803 5546 particulam
824 5475 933 5526 non
954 5477 1280 5541 ineleganter
1293 5475 1824 5530 interdum'subintel-

123 5532 386 5596 lugendam
416 5535 665 5600 relinquit
692 5539 1039 5603 Augustinus.

591 5553 665 5587 ιιιι
692 5553 1039 5587 Λυαυειιῑιυε.

1621 303 1835 360 LIBER
1873 302 2159 360 PRIMUS.

3545 310 3651 363 6'70

1946 441 2018 479 ne
2050 426 2192 481 mihi
2222 425 2393 481 ﬂebat
2418 426 2517 480 abs
2543 430 2596 480 te
2620 427 2767 481 Deus
2796 440 2976 482 meus.
3012 426 3101 481 Illi
3128 427 3285 483 enim
3304 445 3422 483 non
3448 430 3643 484 intue-

1942 515 2151 570 bantur
2180 532 2292 587 quo
2315 516 2585 571 referrem
2609 517 2627 553 ¹
2647 517 2800 588 quod
2827 533 2915 570 me
2935 516 3149 571 discere
3172 518 3470 588 cogebant,
3492 535 3643 590 pra:-

1941 608 2204 675 terquam
2239 605 2306 659 ad
2338 605 2617 659 satiaudas
2648 606 2994 661 insatiabiles
3027 606 3365 678 cupiditates
3396 608 3641 678 copiosae

1942 690 2155 762 inopiae
2186 696 2243 746 et
2268 692 2667 763 ignominiosae
2698 694 2894 764 gloriae
2947 695 3030 748 Tu
3065 710 3197 748 vero
3232 694 3325 748 cui
3354 695 3644 750 numerati

1942 784 2076 837 sunt
2094 779 2282 849 capilli
2305 779 2507 850 capitis
2530 781 2709 835 nostri
2728 782 2940 852 (Matth.
2966 798 3020 851 Χ,
3038 783 3146 851 30),
3167 799 3357 837 errore
3380 782 3643 837 omnium

1943 867 2040 938 qui
2064 868 2205 922 mihi
2225 868 2515 923 instabant
2536 873 2598 923 ut
2624 869 2923 937 discerem,
2956 871 3208 925 utebaris
3231 871 3302 925 ad
3329 871 3638 926 utilitatem

1942 971 2157 1010 meam:
2190 973 2318 1010 meo
2347 963 2561 1023 autem,
2585 957 2684 1029 qui
2716 957 2931 1011 discere
2964 958 3252 1027 nolebam,
3282 959 3533 1013 utebaris
3565 960 3639 1014 ad

1937 1061 2168 1115 poenam
2195 1061 2401 1112 meam;
2435 1062 2550 1117 qua
2578 1046 2748 1115 plecti
2777 1063 2891 1100 non
2921 1063 3075 1101 eram
3127 1047 3398 1117 indignus
3445 1048 3642 1102 tantil-

1939 1134 2026 1187 lus
2051 1150 2194 1204 puer
2232 1139 2288 1187 et
2313 1140 2503 1188 tantus
2534 1139 2813 1205 peccator.
2844 1136 2926 1189 Ita
2964 1135 3034 1190 de
3066 1152 3180 1189 non
3210 1136 3358 1190 bene
3380 1136 3643 1199 facienti-

1939 1220 2045 1274 bus
2084 1225 2147 1275 tu
2182 1221 2328 1275 bene
2375 1221 2617 1275 faciebas
2662 1222 2844 1285 mihi;
2891 1227 2946 1277 et
2992 1223 3061 1277 de
3104 1228 3373 1294 peccante
3424 1223 3643 1295 meipso

1930 1308 2085 1378 juste
2122 1308 2479 1363 retribuebas
2523 1308 2686 1364 mihi.
2729 1310 2951 1364 Iussisti
2992 1310 3167 1377 enim,
3221 1315 3277 1365 et
3304 1311 3383 1365 sic
3434 1316 3545 1382 est,
3579 1316 3642 1367 ut

1936 1413 2108 1469 poena
2137 1414 2240 1452 sua
2267 1398 2376 1452 sibi
2403 1398 2478 1452 sit
2510 1399 2698 1452 omnis
2727 1398 3088 1454 inordinatus
3118 1400 3365 1456 animus.

2590 1500 2814 1554 CAPUT
2853 1501 2995 1554 XIII.

2158 1587 2362 1654 Quibus
2390 1588 2592 1642 studiis
2616 1590 2962 1657 potissimum
2992 1591 3066 1644 sit
3107 1589 3417 1645 delectatus.

2005 1679 2097 1734 20.
2128 1677 2274 1742 Quid
2336 1681 2529 1730 autem
2586 1681 2707 1731 erat
2758 1694 2941 1731 causa;
2992 1694 3115 1750 cur.
3152 1694 3367 1749 graecas
3417 1679 3643 1735 litteras

1940 1764 2174 1820 oderam
2203 1765 2413 1837 quibus
2443 1766 2716 1835 puerulus
2766 1766 3087 1832 imbuebar,
3118 1782 3191 1820 ne
3220 1782 3373 1821 nunc
3403 1768 3642 1838 quidem

1940 1853 2081 1908 mihi
2107 1854 2242 1908 satis
2272 1854 2626 1924 exploratum
2656 1858 2760 1908 est.
2794 1855 3204 1909 Adamaveram
3231 1854 3385 1909 enim
3411 1856 3651 1925 latinas,

1938 1959 2053 1997 non
2089 1959 2228 2014 quas
2255 1942 2732 2014 primimagistri,
2766 1942 2865 1997 sed
2897 1959 3038 2014 quas
3067 1943 3275 1998 docent
3314 1943 3414 2014 qui
3443 1961 3641 2015 gram-

1938 2028 2131 2083 matici
2158 2035 2446 2084 vocantur.
2483 2032 2626 2085 Nam
2655 2030 2780 2085 illas
2810 2034 3024 2102 primas
3059 2030 3155 2085 ubi
3184 2032 3372 2103 legere
3408 2038 3465 2087 et
3501 2034 3638 2088 scri-

1937 2117 2072 2171 bere
2119 2122 2176 2172 et
2241 2135 2547 2175 numerare
2619 2120 2875 2186 discitur,
2924 2135 3044 2174 non
3108 2120 3301 2175 minus
3372 2137 3639 2178 onerosas

1938 2208 2305 2278 pmnalesque
2361 2208 2662 2275 habebam,
2714 2225 2889 2280 quam
2936 2225 3136 2263 omnes
3195 2225 3428 2280 graecas.
3474 2212 3633 2267 Unde

1937 2301 2131 2350 tamen
2176 2300 2231 2350 et
2277 2297 2385 2350 hoc
2427 2296 2536 2350 nisi
2568 2297 2636 2351 de
2668 2302 2898 2368 peccato
2924 2302 2981 2352 et
3011 2297 3261 2352 vanitate
3311 2298 3462 2362 vitae,
3505 2298 3643 2370 quia

1938 2400 2069 2438 caro
2107 2400 2263 2437 eram
2294 2386 2337 2453 ³,
2380 2389 2437 2438 et
2472 2385 2699 2455 spiritus
2731 2386 3031 2440 ambulans
3060 2390 3120 2439 et
3160 2402 3272 2441 non
3302 2389 3637 2441 revertens?

1940 2472 2105 2540 (Psat.
2141 2487 2346 2537 Lxxvu,
2382 2474 2492 2544 39.)
2522 2474 2665 2526 Nam
2696 2473 2900 2544 utique
2942 2473 3226 2543 meliores,
3260 2474 3398 2544 quia
3439 2474 3642 2529 certio-

1936 2576 2027 2613 res
2056 2565 2219 2614 erant
2255 2560 2460 2630 primm
2517 2560 2629 2616 illa:
2659 2561 2886 2628 litteras,
2916 2562 3125 2633 quibus
3150 2562 3321 2616 ﬁebat
3353 2562 3414 2615 in
3444 2578 3558 2632 me,
3585 2567 3643 2618 et

1936 2648 2149 2702 factum
2163 2652 2266 2715 est,
2299 2654 2356 2702 et
2375 2648 2557 2703 habeo
2579 2649 2719 2704 illud
2746 2655 2806 2703 ut
2827 2654 2883 2703 et
2902 2651 3088 2720 legam
3117 2650 3166 2704 si
3194 2650 3335 2721 quid
3358 2650 3638 2721 scriptum

1936 2736 2187 2803 invenio,
2210 2741 2267 2791 et
2291 2737 2533 2791 scribam
2564 2737 2686 2807 ipse
2714 2738 2759 2791 si
2789 2738 2927 2809 quid
2957 2739 3106 2805 volo,
3138 2755 3313 2810 quam
3353 2738 3468 2792 illae
3512 2738 3641 2809 qui-

1937 2826 2043 2880 bus
2080 2830 2274 2880 tenere
2304 2827 2546 2896 cogebar
2576 2828 2764 2881 Aineaa
2792 2826 2982 2881 nescio
3029 2828 3193 2896 cujus
3223 2843 3462 2892 errores,
3494 2827 3639 2882 obli-

1936 2919 2028 2969 tus
2059 2931 2320 2970 errorum
2350 2931 2644 2982 meorum;
2677 2920 2734 2969 et
2759 2916 2989 2985 plorare
3024 2915 3308 2970 Didonem
3327 2920 3639 2985 mortuam,

1936 3002 2072 3073 quia
2100 3019 2159 3057 se
2204 3003 2408 3057 occidit
2435 3004 2506 3057 ob
2536 3018 2813 3069 amorem,
2846 3019 2976 3057 cum
3009 3003 3230 3058 interea
3259 3003 3543 3073 meipsum
3579 3004 3640 3058 in

1934 3091 2023 3146 his
2042 3108 2077 3146 a
2104 3096 2157 3146 te
2187 3092 2547 3160 morientem,
2575 3093 2744 3164 [Deus
2773 3092 2889 3146 vita
2925 3107 3075 3161 mea,
3106 3092 3263 3146 siccis
3313 3090 3491 3146 oculis
3519 3092 3631 3147 fer-

1934 3196 2060 3235 rem
2091 3180 2466 3235 miserrimus.

2004 3272 2093 3324 2l.
2126 3269 2271 3334 Quid
2303 3269 2456 3323 enim
2492 3267 2757 3323 miserius
2794 3268 3005 3323 misero
3036 3285 3152 3324 non
3195 3268 3503 3325 miserante
3546 3286 3634 3324 se-

1935 3356 2143 3427 ipsum,
2174 3361 2232 3410 et
2258 3357 2430 3411 ﬂente
2457 3356 2692 3411 Didonis
2717 3362 2983 3424 mortem,
3016 3373 3146 3429 quae
3175 3358 3348 3412 fiebat
3387 3356 3634 3412 amando

1935 3446 2169 3499 Eneam
2185 3465 2200 3514 ;
2214 3461 2331 3500 non
2346 3445 2518 3500 flente
2530 3452 2721 3501 autem
2733 3435 2980 3501 mortem
2996 3462 3179 3515 suam,
3197 3462 3325 3518 qua:
3339 3445 3510 3501 ﬁebat
3522 3461 3639 3500 non

1933 3534 2177 3588 amando
2199 3539 2272 3601 te,
2304 3535 2472 3601 Deus,
2494 3535 2689 3589 lumen
2708 3535 2892 3589 cordis
2909 3535 3044 3604 mei,
3067 3539 3124 3589 et
3150 3534 3318 3606 panis
3342 3535 3457 3590 oris
3477 3535 3636 3589 intus

1935 3622 2143 3677 animae
2178 3638 2340 3688 mete,
2373 3627 2428 3676 et
2457 3623 2636 3677 virtus
2664 3623 2939 3678 maritans
2969 3628 3223 3678 mentem
3254 3638 3442 3677 meam
3473 3626 3530 3677 et
3565 3622 3640 3677 si-

1935 3728 2075 3766 num
2105 3712 2465 3783 cogitationis
2494 3715 2678 3767 meas?
2698 3714 2823 3767 Non
2844 3717 2899 3767 te
2918 3712 3204 3779 amabam,
3237 3716 3293 3766 et
3313 3712 3637 3767 fornicabar

1934 3802 2034 3855 abs
2079 3806 2156 3860 te,
2208 3805 2265 3854 et
2292 3800 2590 3855 fornicanti
2633 3801 2871 3856 sonabat
2902 3801 3181 3871 undique,
3239 3801 3415 3869 Euge,
3469 3816 3635 3871 euge.

1933 3888 2198 3945 Amicitia
2231 3889 2383 3944 enim
2415 3889 2615 3943 mundi
2650 3890 2842 3959 hujus,
2869 3889 3170 3944 fornicatio
3207 3892 3291 3942 est
3317 3888 3417 3942 abs
3443 3891 3540 3956 te;
3579 3892 3640 3943 et

1936 3979 2110 4048 Euge,
2141 3993 2284 4046 euge
2307 3977 2532 4047 dicitur,
2564 3982 2626 4031 ut
2655 3978 2871 4048 pudeat
2900 3977 2948 4031 si
2973 3993 3092 4032 non
3119 3976 3199 4031 ita
3233 3976 3408 4031 homo
3449 3976 3539 4030 sit.
3574 3977 3639 4032 Et

1936 4068 2058 4121 hac
2088 4083 2225 4137 non
2272 4067 2500 4131 flebam,
2548 4066 2643 4120 sed
2694 4065 2901 4120 ﬂebam
2948 4065 3229 4119 Didonem
3292 4066 3637 4135 exstinctam,

1933 4158 2186 4224 ferroque
2229 4159 2470 4210 extrema
2512 4160 2749 4209 secutam
2792 4155 3027 4224 (Eneid.
3079 4170 3154 4222 v1,
3203 4154 3347 4222 456),
3393 4168 3637 4224 sequens

1933 4245 2055 4316 ipse
2104 4248 2356 4297 extrema
2388 4242 2613 4297 condita
2654 4247 2771 4298 tua.
2818 4242 3015 4297 relicto
3059 4246 3137 4308 te,
3172 4245 3228 4296 et
3256 4245 3408 4295 terra
3435 4240 3458 4275 ⁸
3511 4240 3638 4296 iens

1935 4334 1996 4388 in
2021 4337 2268 4387 terram:
2302 4336 2358 4386 et
2412 4331 2461 4386 si
2489 4331 2825 4403 prohiberer
2850 4347 2917 4385 ea
2939 4331 3150 4401 legere,
3184 4330 3456 4395 dolerem,
3502 4329 3640 4401 quia

1935 4438 2049 4476 non
2067 4423 2319 4493 legerem
2339 4421 2491 4492 quod
2509 4422 2780 4475 dolerem.
2807 4420 2957 4474 Talis
2970 4418 3261 4474 dementia
3281 4418 3639 4474 honestiores

1937 4516 1994 4565 et
2022 4511 2314 4566 uberiores
2336 4511 2540 4565 litterae
2561 4513 2853 4580 putantur,
2879 4525 3053 4580 quam
3082 4508 3197 4563 illae
3220 4507 3430 4579 quibus
3449 4506 3637 4579 legere

1936 4604 1992 4654 et
2020 4600 2268 4654 scribere
2303 4598 2503 4654 didici.

2004 4691 2091 4743 22.
2125 4688 2233 4743 Sed
2263 4704 2416 4742 nunc
2443 4688 2503 4741 in
2534 4686 2730 4741 anima
2758 4702 2886 4741 mea
2914 4686 3140 4751 clamet,
3173 4685 3322 4739 Deus
3350 4700 3536 4752 meus,
3579 4687 3635 4739 et

1933 4777 2138 4831 veritas
2166 4781 2265 4831 tua
2283 4776 2433 4831 dicat
2452 4776 2622 4830 mihi:
2659 4777 2779 4829 Non
2810 4779 2893 4829 est
2916 4774 3016 4840 ita,
3049 4790 3164 4828 non
3186 4778 3270 4827 est
3290 4774 3368 4828 ita
3391 4790 3405 4841 ;
3435 4774 3639 4828 melior

1934 4870 2018 4919 est
2047 4881 2277 4936 prorsus
2298 4865 2555 4919 doctrina
2586 4864 2684 4918 illa
2707 4863 2883 4935 prior.
2920 4865 3062 4917 Nam
3085 4879 3210 4917 ecce
3233 4863 3487 4934 paratior
3507 4878 3634 4917 sum

1933 4953 2187 5008 oblivisci
2217 4969 2437 5008 errores
2455 4955 2664 5021 Enem,
2691 4957 2864 5024 atque
2900 4951 3096 5006 omnia
3121 4952 3424 5023 ejusmodi,
3463 4967 3634 5023 quam

1934 5043 2176 5097 scribere
2207 5046 2262 5097 et
2290 5043 2499 5113 legere.
2549 5045 2620 5097 At
2662 5042 2815 5095 enim
2857 5042 2983 5096 vela
3035 5043 3291 5113 pendent
3336 5041 3634 5095 liminibus

1931 5131 2436 5203 grammaticarum
2486 5131 2838 5185 scholarum:
2874 5130 2975 5185 sed
3007 5147 3122 5185 non
3175 5131 3275 5185 illa
3304 5129 3485 5199 magis
3533 5129 3633 5181 ho-

1930 5236 2133 5274 norem
2154 5220 2374 5286 secreti,
2412 5236 2587 5290 quam
2616 5225 3016 5290 tegumentum
3046 5219 3253 5273 erroris
3282 5216 3628 5285 significant.

1933 5310 2057 5363 Non
2089 5309 2335 5363 clament
2360 5310 2630 5363 adversus
2661 5325 2774 5373 me,
2805 5326 2950 5382 quos
2964 5310 3086 5380 jam
3107 5323 3222 5362 non
3249 5306 3443 5370 timeo,
3486 5303 3623 5356 dum

1996 5419 2007 5450 ¹
2034 5417 2094 5480 In
2121 5417 2242 5480 Mss.
2267 5415 2483 5480 Lyrensi
2507 5430 2519 5463 :
2550 5415 2886 5480 Referretur.

1992 5479 2013 5513 ²
2038 5479 2161 5527 Mss.
2194 5478 2513 5541 frequentes,
2547 5478 2654 5541 qua
2681 5491 2813 5527 caro
2845 5488 3009 5527 eram.

1994 5542 2015 5573 ³
2046 5540 2160 5589 Am.
2186 5540 2270 5588 Er.
2296 5540 2353 5589 et
2384 5541 2527 5595 Lov..
2560 5540 2588 5589 ε
2624 5543 2788 5588 terra.
