4058 6352
448 323 545 375 671
722 324 731 333 '
1651 321 2189 379 CONFESSIONUM
2229 322 2284 378 S.
2327 322 2733 381 AUGUSTINI.

441 441 717 495 conﬁteor
735 440 838 495 tibi
868 458 997 513 quae
1027 443 1143 496 vult
1163 441 1354 495 anima
1401 457 1546 508 mea,
1578 443 1725 496 Deus
1756 460 1937 509 meus,
1968 450 2023 498 et
2045 462 2134 498 ac-

435 528 669 601 quiesco
701 528 762 583 in
791 529 1232 619 reprehensione
1263 530 1544 585 malarum
1568 530 1788 585 viarum
1847 548 2134 601 mearum,

435 621 501 671 ut
541 617 774 688 diligam
814 616 1140 671 bonas-vias
1193 622 1336 671 tuas.
1373 618 1510 671 Non'
1536 620 1784 675 clament
1832 622 2134 677 adversum

437 722 529 760 me
550 706 873 760 venditores
898 706 1283 776 grammaticas
1312 707 1400 761 vel
1431 713 1743 778 emptores:
1776 710 1911 780 quia
1933 710 1978 764 si
2005 727 2132 781 pro-

438 810 648 865 ponam
671 794 772 859 cis,
794 793 1151 863 interrogans
1180 799 1375 847 utrum
1405 810 1602 849 verum
1625 796 1697 849 sit
1719 797 1872 867 quod
1901 800 2135 852 ZEneam

442 882 750 953 aliquando
766 881 1170 952 Carthaginem
1180 881 1402 936 venisse
1417 884 1586 937 Poeta
1606 884 1769 951 dicit;
1793 884 2137 941 indoctiores

439 986 498 1024 se
531 970 745 1025 nescire
788 969 1235 1039 respondebunt,
1271 970 1550 1025 doctiores
1594 977 1783 1027 autem
1825 973 1998 1027 etiam
2033 991 2134 1029 ne-

439 1058 656 1127 gabunt
686 1073 881 1111 verum
912 1073 1053 1112 esse.
1082 1060 1156 1111 At
1183 1058 1230 1111 si
1258 1074 1512 1129 qureram
1542 1060 1750 1130 quibus
1772 1060 1978 1115 litteris
2002 1062 2135 1115 scri-

441 1147 608 1201 batur
634 1148 823 1201 Ainea:
852 1162 1085 1212 nomen,
1113 1162 1311 1199 omnes
1342 1146 1503 1208 mihi,
1533 1148 1633 1217 qui
1654 1148 1774 1202 haec
1795 1150 2133 1215 didicerunt,

440 1250 638 1289 verum
676 1236 1129 1304 reSpondebunt;
1172 1235 1486 1289 secundum
1516 1236 1575 1290 id
1602 1244 1834 1307 pactum
1863 1244 1918 1292 et
1960 1239 2134 1309 placi-

438 1325 584 1390 tum,
616 1337 729 1393 quo
759 1321 908 1375 inter
931 1338 989 1375 se
1018 1321 1277 1376 homines
1302 1323 1412 1376 ista
1440 1324 1601 1395 signa
1620 1324 1943 1381 ﬁrmarunt.
1972 1329 2134 1395 Item,

439 1410 486 1463 si
515 1425 771 1481 quaaram
795 1410 933 1481 quid
956 1411 1162 1464 horum
1182 1410 1400 1481 majore
1430 1413 1560 1466 vita:
1581 1414 1752 1484 hujus
1775 1414 2137 1469 incommodo

437 1498 678 1569 quisque
709 1498 1092 1567 obliviscatur,
1122 1499 1312 1569 legere
1330 1504 1385 1553 et
1406 1501 1673 1566 scribere,
1700 1518 1772 1556 an
1799 1504 2019 1575 poetica
2036 1505 2134 1558 illa

437 1586 748 1656 ﬁgmenta;
778 1585 905 1657 quis
951 1601 1066 1639 non
1095 1586 1281 1640 videat
1308 1586 1448 1657 quid
1496 1605 1873 1660 responsurus
1904 1592 1992 1656 sit,
2028 1592 2128 1663 qui

438 1690 557 1728 non
586 1678 670 1727 est
698 1674 927 1745 penitus
954 1673 1166 1728 oblitus
1198 1674 1325 1729 sui?
1355 1677 1662 1731 Peccabam
1684 1695 1820 1750 ergo
1846 1696 1991 1750 puer
2009 1696 2139 1734 cum

437 1761 537 1815 illa
568 1762 760 1816 inania
788 1762 911 1833 istis
955 1761 1281 1817 utilioribus
1332 1779 1527 1818 amore
1575 1767 2005 1837 praeponebam,
2050 1768 2138 1822 vel

439 1850 627 1921 potius
655 1850 762 1905 ista
810 1852 1064 1917 oderam,
1097 1852 1198 1906 illa
1226 1853 1510 1908 amabam.
1558 1855 1819 1909 Jamvero
1852 1870 2035 1909 unum
2084 1859 2140 1909 et

440 1954 619 1993 unum
651 1940 787 2008 duo,
821 1941 932 1994 duo
982 1945 1037 1995 et
1066 1940 1183 1994 duo
1222 1947 1489 2012 quatuor,
1524 1943 1720 1997 odiosa
1768 1943 1955 1996 cantio
1994 1943 2139 1997 mihi

439 2031 586 2094 erat;
619 2032 675 2081 et
700 2028 1097 2083 dulcissimum
1130 2032 1520 2099 spectaculum
1552 2030 1815 2085 vanitatis
1845 2047 2027 2103 equus
2070 2032 2137 2085 li-

439 2129 619 2183 gneus
638 2116 844 2185 plenus
862 2116 1115 2183 armatis,
1142 2122 1199 2171 et
1216 2118 1397 2188 Troja:
1412 2118 1756 2178 incendium,
1773 2123 1944 2190 atque
1962 2118 2139 2189 ipsius

440 2202 646 2257 umbra
672 2204 895 2258 Creusae
928 2203 1170 2273 (Eneid.
1202 2206 1290 2275 ιι).

1099 2292 1323 2347 CAPUT
1351 2294 1487 2348 XIV.

937 2380 1176 2435 Litteras
1200 2396 1405 2449 graecas
1434 2382 1642 2437 oderat.

511 2470 600 2523 23.
644 2468 756 2523 Cur
797 2483 933 2539 ergo
962 2485 1210 2540 grmcam
1240 2470 1411 2524 etiam
1442 2470 1875 2541 grammaticam
1903 2470 2139 2525 oderam

443 2556 581 2609 talia
640 2558 1002 2612 cantantem?
1059 2559 1198 2612 Nam
1249 2563 1303 2612 et
1352 2560 1629 2613 Homerus
1689 2558 1906 2629 peritus
1954 2564 2141 2612 texere

443 2646 586 2699 tales
628 2644 880 2712 fabellas,
921 2651 978 2700 et
1024 2646 1348 2701 dulcissime
1393 2664 1572 2701 vanus
1623 2652 1728 2717 est,
1776 2652 1833 2701 et
1872 2647 2016 2701 mihi
2057 2651 2140 2701 ta-

448 2748 583 2787 men
629 2749 857 2787 amarus
886 2739 1009 2789 erat
1036 2751 1234 2806 puero.
1275 2736 1454 2791 Credo
1493 2734 1667 2790 etiam
1708 2734 1906 2806 graecis
1949 2736 2142 2806 pueris

444 2820 713 2891 Virgilius
743 2822 822 2876 ita
850 2823 940 2887 sit,
967 2839 1093 2878 cum
1120 2840 1251 2878 eum
1283 2824 1363 2878 sic
1392 2824 1605 2878 discere
1628 2829 1930 2895 coguntur,
1952 2831 2017 2878 ut
2037 2840 2142 2894 ego

442 2909 628 2964 illum.
708 2911 978 2965 Videlicet
1047 2912 1350 2967 difficultas
1416 2912 1458 2979 ‘,
1508 2912 1744 2967 omnino
1823 2913 2141 2968 ediscenda:

443 2998 759 3070 peregrinm
789 2999 1023 3071 linguaz,
1058 3002 1220 3071 quasi
1248 3001 1378 3055 felle
1411 3002 1745 3073 aspergebat
1772 3018 1971 3056 omnes
2012 3018 2142 3055 sua-

442 3086 642 3141 vitates
676 3103 889 3158 graecas
917 3090 1305 3144 fabulosarum
1346 3091 1760 3145 narrationum.
1795 3091 1961 3144 Nulla
1988 3091 2143 3145 enim

441 3177 614 3230 verba
641 3176 741 3231 illa
787 3194 1077 3246 noveram,
1110 3183 1166 3232 et
1192 3179 1356 3232 suavis
1386 3179 1699 3233 terroribus
1748 3194 1811 3233 ac
1848 3179 2033 3250 poenis
2081 3183 2143 3233 ut

442 3278 669 3317 nossem
699 3263 1018 3319 instabatur
1066 3265 1211 3319 mihi
1255 3266 1642 3319 vehementer.
1678 3267 1821 3319 Nam
1868 3271 1926 3320 et
1966 3266 2144 3320 latina

444 3350 752 3421 aliquando
783 3351 969 3405 infans
997 3353 1197 3423 utique
1227 3354 1385 3423 nulla
1410 3360 1727 3421 noveram;
1752 3359 1809 3408 et
1827 3359 2019 3409 tamen
2049 3356 2144 3409 ad-

443 3440 715 3492 vertendo
764 3440 936 3494 didici
966 3440 1088 3495 sine
1117 3442 1235 3496 ullo
1274 3446 1432 3496 metu
1482 3446 1649 3514 atque
1679 3442 1954 3509 cruciatu,
1996 3443 2145 3497 inter

444 3527 619 3582 etiam
649 3528 1036 3583 blandimenta
1065 3530 1377 3599 nutricum,
1426 3535 1482 3584 et
1504 3531 1631 3601 joca
1660 3530 2056 3600 arridentium,
2088 3536 2144 3587 et

443 3616 671 3670 lzetitias
685 3617 1080 3674 alludentium.
1113 3619 1558 3674 Didiciveroilla
1590 3620 1938 3691 sinepmnali
1970 3637 2143 3675 onere

444 3705 795 3775 urgentium,
839 3723 968 3761 cum
998 3724 1090 3762 me
1126 3714 1360 3780 urgeret
1407 3725 1505 3764 cor
1546 3726 1740 3764 meum
1770 3710 1840 3764 ad
1868 3709 2147 3781 parienda

442 3799 716 3866 concepta
756 3812 877 3862 sua,
912 3813 1040 3868 quae
1076 3814 1194 3853 non
1224 3815 1456 3870 possem
1487 3798 1533 3869 ³,
1581 3799 1693 3853 nisi
1734 3799 1926 3870 aliqua
1970 3800 2146 3853 verba

442 3882 785 3951 didicissem,
835 3901 950 3940 non
998 3903 1030 3940 a
1076 3887 1430 3954 docentibus,
1464 3888 1562 3943 sed
1592 3904 1625 3942 a
1652 3887 2040 3959 loquentibus,
2084 3887 2144 3941 in

437 3986 686 4041 quorum
730 3977 785 4027 et
821 3990 927 4044 ego
968 3974 1202 4031 auribus
1244 3976 1633 4047 parturiebam
1691 3976 1982 4047 quidquid
2022 3992 2147 4029 sen-

437 4059 667 4114 tiebam.
704 4062 842 4115 Hinc
872 4063 1006 4116 satis
1037 4064 1221 4119 elucet
1246 4065 1525 4135 majorem
1563 4065 1774 4118 habere
1804 4064 1917 4118 vim
1960 4065 2031 4118 ad
2055 4064 2143 4117 di-

442 4149 647 4202 scenda
673 4148 779 4202 ista
808 4150 1048 4205 liberam
1087 4152 1495 4214 curiositatem,
1531 4169 1705 4223 quam
1750 4153 2146 4207 meticulosam

442 4236 858 4290 necessitatem.
891 4239 1001 4291 Sed
1032 4238 1185 4292 illius
1216 4240 1434 4293 ﬂuxum
1468 4241 1588 4294 haec
1608 4241 1898 4310 restringit
1917 4241 2140 4311 legibus

444 4322 579 4389 tuis,
616 4324 785 4391 Deus,
817 4325 1040 4395 legibus
1081 4326 1194 4380 tuis
1222 4343 1256 4380 a
1294 4328 1699 4398 magistrorum
1741 4328 1936 4382 ferulis
1964 4345 2146 4400 usque

446 4410 517 4464 ad
551 4410 892 4465 tentationes
920 4418 1256 4485 martyrum,
1293 4416 1614 4470 valentibus
1645 4416 1864 4488 legibus
1891 4416 2005 4471 tuis
2036 4418 2144 4472 mi-

447 4513 600 4551 scere
654 4499 907 4555 salubres
949 4503 1380 4567 amaritudines,
1425 4511 1754 4560 revocantes
1794 4522 1900 4560 nos
1930 4507 2003 4561 ad
2030 4512 2084 4561 te
2112 4523 2147 4560 a

445 4585 809 4656 jucunditate
832 4590 1122 4660 pestifera,
1154 4594 1290 4664 quia
1315 4593 1651 4649 recessimus
1679 4611 1713 4649 a
1741 4598 1797 4649 te
1833 4591 1873 4648 ⁸.

1090 4700 1316 4756 CAPUT
1357 4703 1467 4758 XV.

1022 4790 1264 4843 Precatio
1293 4789 1367 4843 ad
1395 4793 1580 4845 Deum.

518 4872 605 4926 24.
640 4871 871 4939 Exaudi,
908 4877 1168 4944 Domine,
1202 4879 1664 4950 deprecationem
1695 4895 1903 4945 meam,
1935 4894 2007 4933 ne
2045 4878 2144 4933 de-

449 4958 601 5014 ﬁciat
629 4961 821 5015 anima
850 4980 978 5018 mea
1020 4966 1124 5019 sub
1166 4967 1465 5038 disciplina
1507 4972 1632 5036 tua;
1670 4984 1854 5039 neque
1884 4967 2143 5022 deﬁciam

445 5047 505 5102 in
554 5049 875 5105 confitendo
936 5054 1033 5107 ubi
1064 5055 1461 5110 miserationes
1510 5061 1657 5126 tuas,
1698 5057 1908 5128 quibus
1947 5056 2145 5111 eruisti

451 5154 540 5192 me
573 5138 642 5193 ab
671 5140 935 5195 omnibus
965 5142 1067 5196 viis
1096 5144 1237 5197 meis
1262 5144 1552 5215 pessimis;
1586 5151 1651 5200 ut
1689 5146 1975 5200 dulcescas
2002 5144 2147 5198 mihi

520 5264 656 5328 lita
693 5263 815 5313 Mss.
860 5266 1285 5328 praestantiores;
1319 5271 1373 5315 at
1396 5268 1521 5316 Lov.
1560 5270 1613 5316 et
1639 5267 1785 5321 Arn.,
1826 5267 1879 5317 dt

451 5325 771 5394 difﬁcultas.
807 5325 876 5394 —_-'
899 5326 1227 5394 lgi‘fﬁcutter.
1261 5331 1321 5394 Di

453 5389 574 5442 cum
607 5394 633 5438 5
666 5389 795 5438 Cdd.
826 5390 888 5438 Et
916 5389 1085 5439 Rond.
1114 5404 1234 5439 cum
1265 5393 1292 5439 3

1882 5266 2142 5332 fﬁculter,

1367 5329 1566 5440 Ξοίιιέἑις
1589 5329 1740 5392 juxta
1769 5329 1964 5379 Somni.
1993 5332 2143 5379 Mart.

1403 5412 1415 5440 t
1443 5428 1453 5440 ι
1533 5428 1544 5439 .

510 5454 668 5518 "MSS.
699 5452 900 5515 aliquot
920 5467 1039 5501 cum
1062 5453 1187 5501 Arn.
1211 5468 1223 5501 :
1248 5455 1313 5501 Et
1334 5456 1465 5518 quia
1488 5466 1595 5505 non
1612 5454 1740 5503 esset
1764 5455 1882 5514 nisi,
1913 5454 2002 5504 alii
2018 5467 2146 5503 non-

449 5516 584 5564 nulli
608 5531 619 5563 :
650 5519 703 5566 et
724 5527 842 5577 qua:
866 5528 973 5564 non
994 5519 1171 5565 nosset
1196 5518 1312 5565 nisi.

516 5580 536 5611 ³
582 5578 753 5626 Rond.
772 5591 890 5626 cum
921 5582 948 5625 7
971 5577 1097 5626 Calvi.
1120 5593 1131 5625 :
1164 5581 1549 5629 Recessernmm
1574 5591 1608 5629 α
1632 5580 1683 5629 te
1706 5578 1769 5626 M.

3864 328 3979 379 ‘672

2243 480 2416 536 super
2443 480 2640 519 omnes
2670 464 3028 520 seductiones
3058 480 3199 537 quas
3230 464 3542 536 sequebar;
3576 468 3636 522 et
3669 481 3877 521 amem
3925 472 3976 521 te

2241 553 2584 608 validissime
2615 558 2672 608 et
2692 554 2983 625 amplexer
3005 569 3239 608 manum
3265 558 3428 608 tuam
3452 554 3591 609 totis
3618 556 3969 625 praecordiis

2245 642 2407 709 meis,
2440 647 2493 697 et
2513 658 2677 697 eruas
2711 659 2801 697 me
2831 643 2901 697 ab
2917 643 3075 697 omni
3104 642 3422 697 tentatione
3452 659 3637 713 usque
3670 643 3736 697 in
3763 643 3971 699 tinem.

2245 733 2380 786 Ecce
2410 732 2562 785 enim
2591 737 2674 797 tu,
2723 732 2978 800 Domine,
3020 747 3119 786 rex
3149 747 3308 785 mens
3332 734 3391 785 et
3438 732 3591 786 Dens
3617 747 3819 801 meus,
3867 733 3973 787 tibi

2244 818 2449 873 serviat
2477 818 2754 890 quidquid
2802 819 2940 872 utile
2976 834 3121 889 puer
3150 818 3358 884 didici;
3408 818 3513 873 tibi
3561 819 3783 879 serviat
3813 821 3971 891 quod

2244 907 2464 978 loquor,
2497 910 2552 960 et
2581 906 2786 976 scribo,
2818 911 2873 960 et
2904 908 3054 977 lego,
3102 911 3159 960 et
3190 922 3458 961 numero:
3507 907 3799 977 quoniam
3835 924 3969 963 cum

2243 1010 2390 1048 vana
2422 993 2719 1061 discerem,
2747 998 2808 1048 tu
2839 993 3200 1065 disciplinam
3232 992 3405 1048 dabas
3439 993 3616 1061 mihi;
3662 999 3725 1049 et
3776 995 3843 1049 in
3887 995 3968 1049 eis

2242 1082 2402 1136 vanis
2432 1088 2660 1152 peccata
2702 1083 3141 1137 delectationum
3173 1098 3434 1136 mearum
3476 1083 3753 1137 dimisisti
3786 1083 3956 1138 mihi.

2248 1169 2427 1223 Didici
2457 1170 2611 1223 enim
2639 1169 2697 1223 in
2749 1170 2827 1223 eis
2860 1171 3037 1224 multa
3065 1169 3238 1223 verba
3277 1169 3461 1235 utilia,
3492 1169 3593 1224 sed
3623 1175 3681 1224 et
3716 1186 3857 1241 qum
3908 1170 3965 1224 in

2246 1258 2414 1312 rebus
2461 1274 2575 1312 non
2605 1258 2760 1311 vanis
2807 1258 2945 1312 disci
2974 1262 3238 1329 postunt:
3271 1262 3327 1311 et
3360 1272 3428 1312 ea
3455 1257 3571 1312 vita
3615 1262 3748 1313 tuta
3781 1264 3876 1314 est
3910 1258 3966 1311 in

2249 1362 2359 1417 qua
2387 1344 2554 1415 pueri
2584 1345 2961 1399 ambularent.
3010 1410 3014 1415 _
3074 1394 3099 1417 ο

2895 1434 3121 1489 CAPUT
3176 1434 3313 1489 XVI.

2493 1523 2767 1592 Improbat
2799 1522 3016 1577 modum
3040 1522 3345 1592 juventutis
3367 1524 3704 1580 erudiendae.

2315 1613 2404 1665 25.
2436 1611 2544 1666 Sed
2594 1627 2678 1665 va:
2724 1611 2847 1677 tibi,
2890 1612 3108 1666 ﬂumen
3141 1612 3317 1666 moris
3367 1612 3641 1668 humani!
3694 1611 3846 1677 Quis
3880 1629 3969 1666 re-

2247 1698 2407 1753 sistet
2433 1699 2584 1753 tibi?
2613 1699 2894 1770 quamdiu
2915 1715 3031 1754 non
3060 1698 3398 1753 siccaberis?
3422 1716 3735 1773 quousque
3767 1701 3967 1755 volves

2249 1792 2374 1845 Eva:
2407 1790 2551 1844 ﬁlios
2582 1790 2641 1845 in
2677 1806 2835 1844 mare
2870 1805 3143 1861 magnum
3185 1793 3242 1844 et
3286 1790 3754 1857 formidolosum,
3811 1792 3967 1861 quod

2245 1880 2333 1933 vix
2380 1883 2678 1932 transeunt
2706 1879 2805 1950 qui
2840 1878 3057 1950 lignum
3102 1878 3571 1933 eonscenderint?
3604 1879 3818 1932 Nonne
3858 1896 3965 1949 ego

2245 1968 2305 2022 in
2350 1973 2405 2023 te
2440 1967 2553 2037 legi
2597 1972 2654 2022 et
2702 1972 2995 2021 tonantem
3041 1967 3239 2022 Jovem
3286 1970 3343 2021 et
3369 1967 3850 2021 adulterantem?
3909 1968 3971 2020 Et

2247 2056 2444 2129 utique
2475 2072 2593 2110 non
2622 2057 2954 2126 possethznc
2983 2055 3124 2122 duo;
3150 2056 3247 2110 sed
3264 2059 3453 2109 actum
3484 2060 3589 2125 est,
3621 2061 3688 2109 ut
3716 2056 3970 2110 haberet

2244 2144 2639 2198 auctoritatem
2669 2145 2739 2198 ad
2762 2144 3107 2199 imitandum
3140 2160 3337 2199 verum
3367 2143 3744 2210 adulterium,
3801 2145 3969 2198 leno-

2247 2232 2475 2287 cinante
2496 2231 2638 2285 falso
2657 2232 2932 2287 tonitruo.
2965 2231 3100 2297 Quis
3122 2236 3315 2287 autem
3346 2233 3756 2304 penulatorum
3782 2233 3968 2303 magi-

2247 2325 2495 2375 strorum
2516 2321 2673 2375 audit
2691 2336 2826 2375 aure
2848 2321 3058 2387 sobria,
3079 2336 3145 2375 ex
3172 2321 3378 2375 eodem
3397 2322 3630 2391 pulvere
3650 2320 3964 2376 hominem

2247 2406 2591 2461 clamantem
2647 2413 2705 2462 et
2742 2408 3053 2462 dicentem:
3106 2408 3374 2476 Fingebat
3418 2411 3527 2464 haec
3578 2410 3879 2476 Homerus,
3921 2413 3968 2460 et

2249 2496 2487 2549 humana
2516 2496 2590 2548 ad
2618 2499 2750 2550 Deos
2780 2497 3173 2562 transferebat;
3207 2496 3396 2550 divina
3442 2497 3657 2551 mallem
3705 2497 3789 2550 ad
3824 2500 3969 2551 nos?

2252 2585 2481 2650 (Cicero,
2516 2584 2728 2638 Tuscul.
2782 2584 2852 2653 l.)
2895 2583 3003 2639 Sed
3042 2584 3231 2638 verius
3261 2583 3469 2638 dicitur
3513 2584 3667 2655 quod
3699 2584 3966 2655 ﬁngebat

2249 2672 2372 2727 hrec
2407 2672 2640 2743 quidem
2671 2672 2797 2739 ille;
2829 2672 2926 2726 sed
2954 2668 3285 2727 hominibus
3304 2671 3601 2744 ﬂagitiosis
3632 2672 3840 2727 divina
3873 2674 3970 2727 tri-

2248 2760 2500 2827 buendo,
2526 2776 2597 2814 ne
2625 2760 2843 2831 ﬂagitia
2862 2760 3082 2833 ﬂagitia
3100 2766 3440 2832 putarentur
3459 2763 3503 2831 ί,
3523 2764 3580 2815 et
3598 2765 3664 2815 ut
3688 2761 3964 2832 quisquis

2250 2865 2316 2904 ea
2348 2849 2588 2914 fecisset,
2619 2864 2736 2903 non
2774 2848 3036 2903 homines
3074 2848 3348 2919 perditos,
3383 2848 3483 2904 sed
3519 2849 3778 2904 ccelestes
3826 2850 3965 2904 deos

2249 2937 2541 2991 videretur
2573 2936 2853 2993 imitatus.

2320 3026 2416 3080 26.
2456 3025 2520 3079 Et
2546 3027 2759 3091 tamen,
2796 3041 2828 3078 ο
2854 3024 3071 3080 ﬂumen
3109 3028 3441 3093 tartareum,
3468 3024 3765 3096 jactentur
3795 3025 3864 3080 in
3910 3031 3966 3081 te

2251 3128 2354 3183 ﬁlii
2382 3130 2706 3201 hominum,
2753 3147 2887 3186 cum
2928 3131 3283 3187 mercedibus
3332 3136 3394 3187 ut
3433 3132 3556 3187 hac
3592 3132 3858 3198 discant;
3912 3138 3969 3187 et

2253 3234 2461 3288 magna
2488 3234 2576 3271 res
2608 3220 2817 3289 agitur,
2858 3236 2986 3274 cum
3022 3221 3129 3274 hoc
3159 3220 3349 3291 agitur
3371 3219 3596 3291 publice
3626 3221 3690 3274 in
3724 3220 3877 3286 foro,
3906 3220 3964 3274 in

2253 3311 2561 3377 conspectu
2608 3308 2800 3378 legum
2832 3324 3005 3378 supra
3033 3309 3355 3363 mercedem
3394 3308 3599 3363 salaria
3631 3307 3963 3362 decernen-

2252 3394 2429 3461 tium;
2461 3399 2519 3448 et
2540 3412 2671 3450 saxa
2690 3400 2789 3450 tua
2818 3396 3065 3467 percutis
3081 3400 3137 3451 et
3166 3412 3332 3450 sonas
3354 3396 3548 3450 dicens
3571 3412 3586 3450 :
3621 3395 3769 3450 Hinc
3787 3397 3966 3450 verba

2253 3482 2568 3551 discuntur,
2615 3482 2748 3538 hinc
2783 3483 3099 3554 acquiritur
3138 3482 3471 3555 eloquentia
3516 3482 3689 3538 rebus
3722 3500 3969 3555 persua-

2252 3571 2452 3625 dendis
2499 3570 2910 3642 sententiisque
2939 3570 3289 3642 explicandis
3313 3570 3561 3625 maxime
3606 3572 3965 3626 necessaria.

2253 3660 2338 3713 Ita
2374 3676 2506 3715 vero
2536 3676 2650 3715 non
2681 3675 3145 3730 cognosceremus
3186 3659 3359 3713 verba
3390 3660 3529 3727 haec,
3568 3658 3827 3714 imbrem
3863 3677 3965 3713 au-

2252 3764 2438 3816 reum,
2467 3754 2523 3804 et
2548 3750 2855 3821 gremium,
2886 3754 2941 3803 et
2974 3749 3187 3816 fucum,
3219 3755 3276 3804 et
3306 3749 3519 3820 templa
3560 3749 3713 3816 caeli,
3749 3754 3810 3804 et
3860 3751 3971 3804 alia

2251 3836 2424 3891 verba
2442 3854 2569 3909 quae
2589 3837 2650 3892 in
2679 3854 2745 3892 eo
2771 3838 2895 3892 loco
2915 3838 3143 3909 scripta,
3163 3842 3316 3901 sunt,
3344 3838 3456 3892 nisi
3472 3838 3782 3893 Terentius
3805 3839 3969 3893 indu-

2252 3930 2404 3980 ceret
2425 3942 2672 3997 nequam
2689 3927 3106 3982 adolescentem
3117 3931 3529 3999 proponentem
3543 3926 3655 3982 sibi
3669 3928 3880 3982 Jovem
3901 3929 3968 3982 ad

2252 4016 2579 4086 exemplum
2611 4015 2814 4087 stupri,
2836 4016 2975 4071 dum
3004 4020 3219 4087 spectat
3245 4015 3500 4071 tabulam
3525 4016 3853 4087 quamdam
3885 4017 3964 4086 pi-

2254 4106 2403 4156 ctam
2432 4102 2490 4158 in
2524 4103 2763 4173 pariete,
2798 4105 2895 4159 ubi
2938 4105 3127 4159 inerat
3172 4104 3393 4176 pictura
3420 4104 3575 4158 haec:
3625 4106 3821 4159 Jovem
3868 4121 3968 4174 quo

2251 4196 2407 4260 pacto
2428 4195 2626 4247 Danaae
2647 4196 2853 4248 misisse
2875 4196 3035 4247 aiunt
3062 4196 3123 4247 in
3142 4195 3404 4261 gremium
3427 4191 3705 4262 quondam
3733 4193 3967 4247 imbrem

2253 4294 2495 4340 aureum.
2508 4282 2696 4346 fucum
2713 4282 2923 4347 factum
2944 4283 3201 4336 mulieri?
3228 4282 3293 4335 Et
3309 4281 3434 4336 vide
3454 4280 3962 4351 quemadmodum

2253 4383 2311 4421 se
2334 4367 2579 4422 concitat
2609 4369 2680 4423 ad
2701 4369 3021 4435 libidinem,
3055 4369 3216 4440 quasi
3245 4367 3461 4424 ccelesti
3491 4368 3863 4437 magisterio:

2252 4453 2318 4502 At
2352 4466 2508 4516 quem
2542 4453 2699 4504 deum
2737 4454 2980 4519 (inquit)?
3002 4454 3102 4512 Qui
3145 4455 3337 4518 templa
3380 4453 3501 4504 οωιὶ
3538 4467 3755 4504 summa
3785 4457 3965 4505 sonitu

2440 4535 2696 4583 concutit.

2252 4613 2359 4674 Ego
2388 4613 2673 4663 homuncio
2708 4613 2761 4663 id
2794 4627 2902 4664 non
2924 4614 3185 4664 facerem?
3214 4614 3324 4678 Ego
3356 4627 3480 4665 vero
3505 4614 3605 4664 feci
3639 4612 3778 4663 illud
3806 4615 3884 4664 ita
3909 4629 3966 4663 ac

2438 4693 2645 4743 lubens.
3190 4738 3201 4747 .

2871 4773 2948 4837 (in
2983 4770 3232 4824 Eunucho
3256 4810 3269 4831 ,
3296 4775 3399 4822 act.
3423 4771 3476 4829 3,
3505 4783 3649 4823 scen.
3702 4773 3774 4834 5.)

2322 4853 2446 4907 Non
2472 4853 2709 4909 omnino
2739 4869 2843 4925 per
2870 4854 3014 4908 hanc
3033 4853 3451 4925 turpitudinem
3478 4853 3651 4907 verba
3670 4852 3784 4907 ista
3810 4869 3969 4907 com-

2251 4940 2476 4996 modius
2504 4942 2836 5009 discuntur;
2869 4942 2967 4996 sed
2999 4958 3100 5013 per
3128 4942 3251 4996 haec
3282 4941 3455 4996 verba
3497 4940 3806 5011 turpitudo
3851 4941 3963 4996 ista

2252 5030 2628 5085 confidentius
2651 5034 3032 5101 perpetratur.
3061 5032 3186 5085 Non
3205 5046 3407 5084 accuso
3419 5029 3614 5097 verba,
3639 5030 3811 5101 quasi
3833 5046 3968 5083 vasa

2252 5119 2428 5173 electa
2451 5124 2623 5190 atque
2653 5119 2934 5189 pretiosa;
2986 5119 3086 5174 sed
3111 5119 3309 5173 vinum
3338 5117 3551 5172 erroris
3579 5118 3755 5189 quod
3774 5118 3842 5173 in
3886 5120 3969 5173 eis

2252 5208 2414 5261 nobis
2439 5207 2851 5278 propinabatur
2878 5207 2950 5261 ab
2980 5207 3153 5263 ebriis
3181 5206 3543 5262 doctoribus:
3574 5211 3633 5262 et
3660 5207 3778 5262 nisi
3799 5207 3966 5262 bibe-

2252 5310 2464 5362 remus,
2504 5295 2886 5361 caedebamur,
2932 5312 3035 5350 nec
3085 5296 3371 5367 appellare
3409 5295 3667 5366 aliquem
3705 5295 3968 5367 judicem

2253 5383 2509 5438 sobrium
2536 5382 2761 5438 licebat.
2794 5385 2859 5439 Et
2888 5388 3079 5439 tamen
3110 5400 3237 5454 ego,
3269 5385 3419 5438 Deus
3466 5399 3651 5451 meus,
3687 5383 3753 5440 in
3802 5385 3972 5455 cujus

2254 5476 2567 5543 conspectu
2581 5474 2700 5543 jam
2730 5489 2927 5527 secura
2943 5479 3029 5528 est
3052 5472 3372 5527 recordatio
3392 5485 3545 5538 mea,
3570 5472 3828 5528 libenter
3846 5473 3973 5528 haec

2319 5579 2333 5611 ¹
2369 5577 2517 5640 Αριιά
2552 5579 2677 5628 Lov.
2700 5594 2711 5628 :
2737 5582 2814 5631 Ne
2833 5578 3052 5644 ﬂagitia
3070 5581 3416 5643 putarentur.
3446 5578 3563 5626 Non
3598 5577 3830 5640 integre.
