4058 6348
85 257 208 308 U73

83 377 307 445 didici,
338 381 396 433 et
442 378 524 433 eis
556 377 880 432 delectabar
906 375 1082 431 miser
1118 379 1175 431 et
1219 376 1291 432 ob
1319 376 1430 431 hoc
1472 377 1647 432 bona:
1693 386 1825 449 spei

84 483 252 536 puer
282 466 635 539 appellabar.

760 536 987 591 CAPUT
1014 536 1175 591 XVII.

86 626 468 697 Prosequitur
506 630 692 682 contra
735 625 951 680 modum
979 624 1285 679 exercendae
1306 625 1626 695 juventutis
1668 625 1727 678 in
1764 639 1822 678 re

816 715 834 769 ι
840 716 858 767 ἱ
863 716 1092 769 tteraria
1103 755 1117 769 .

170 804 275 859 27.
319 802 450 859 Sine
489 820 604 874 me,
649 805 797 858 Deus
832 818 1011 870 meus,
1051 802 1239 857 dicere
1281 802 1501 873 aliquid
1543 806 1599 857 et
1632 802 1701 857 de
1732 801 1819 856 in-

95 892 291 961 genio
321 908 450 947 meo
488 908 727 947 munere
765 895 884 959 tuo,
918 890 980 945 in
1009 892 1218 962 quibus
1250 908 1284 945 a
1309 907 1401 945 me
1433 890 1821 946 deliramentis

95 980 487 1034 atterebatur.
512 979 945 1050 Proponebatur
961 979 1116 1034 enim
1136 978 1278 1033 mihi
1298 979 1596 1050 negotium
1611 978 1819 1032 animze

101 1083 268 1121 mea:
298 1067 431 1121 satis
464 1066 807 1138 inquietum,
836 1067 1075 1138 praemio
1094 1068 1300 1136 laudis,
1322 1073 1377 1122 et
1407 1067 1699 1121 dedecoris
1729 1066 1816 1121 vel

98 1159 421 1230 plagarum
452 1166 629 1229 metu,
676 1164 738 1213 ut
770 1159 1019 1214 dicerem
1058 1159 1231 1213 verba
1257 1159 1496 1214 Iunonis
1526 1158 1822 1213 irascentis

101 1251 168 1301 et
195 1248 444 1302 dolentis
469 1248 622 1319 quod
644 1264 758 1302 non
789 1252 983 1319 posset
1002 1248 1163 1302 Italia
1182 1249 1531 1302 Teucrorum
1562 1252 1820 1301 avertere

99 1351 315 1405 regem
348 1336 577 1407 (zEneid.
617 1337 710 1390 lib.
753 1339 802 1403 l,
842 1352 893 1390 υ.
938 1338 1153 1405 36-75);
1195 1352 1323 1407 qua:
1367 1352 1666 1407 nunquam
1718 1335 1822 1389 Ju-

101 1439 331 1479 nonem
353 1424 556 1479 dixisse
577 1424 870 1479 audieram
892 1441 904 1478 :
926 1424 1022 1478 sed
1043 1424 1449 1495 ﬁgmentarum
1469 1424 1822 1495 poeticorum

101 1512 360 1583 vestigia
374 1517 629 1568 errantes
650 1512 1190 1583 sequicogchamur,
1206 1517 1262 1567 et
1281 1513 1391 1566 tale
1410 1512 1624 1583 aliquid
1640 1512 1824 1567 dicere

103 1600 324 1656 solutis
345 1601 553 1668 verbis,
586 1602 755 1672 quale
781 1603 956 1655 Poeta
977 1600 1211 1655 dixisset
1232 1601 1517 1667 versibus;
1553 1605 1608 1654 et
1629 1599 1724 1654 ille
1747 1600 1826 1654 di-

102 1688 282 1743 cebat
296 1688 660 1756 laudabilius,
682 1689 742 1743 in
758 1705 872 1760 quo
885 1705 988 1759 pro
1014 1688 1287 1759 dignitate
1309 1689 1664 1743 adumbrata:
1693 1705 1821 1759 per-

105 1794 300 1845 sonas,
331 1777 432 1831 ira:
472 1793 536 1831 ac
578 1777 791 1831 doloris
822 1777 1067 1832 similior
1098 1778 1331 1832 effectus
1360 1777 1667 1844 eminebat,
1700 1793 1823 1831 ver-

111 1864 211 1919 bis
245 1864 552 1919 sententias
588 1869 971 1935 congruenter
1001 1864 1396 1920 vestientibus.
1435 1865 1649 1936 thuid
1684 1865 1827 1919 mihi

110 1950 293 2020 illud,
321 1968 354 2006 ο
374 1966 508 2005 vera
526 1950 642 2005 vita
662 1967 808 2018 mea,
844 1952 1190 2020 Deusmeus,
1224 1953 1377 2023 quod
1402 1953 1544 2007 mihi
1565 1952 1826 2007 recitanti

111 2039 548 2094 acclamabatur
575 2055 695 2110 prae
744 2039 940 2094 multis
985 2040 1287 2094 coaetaneis
1333 2045 1388 2094 et
1413 2039 1830 2095 conlectoribus

112 2127 310 2182 meis?
339 2128 538 2183 Nonne
569 2144 696 2182 ecce
727 2127 824 2182 illa
854 2128 1047 2183 omnia
1076 2122 1268 2182 fumus
1298 2132 1355 2182 et
1384 2128 1629 2184 ventus?
1671 2130 1827 2182 Itane

114 2216 285 2271 aliud
297 2232 413 2271 non
434 2220 557 2271 erat
576 2216 676 2271 ubi
688 2222 1047 2271 exerceretur
1062 2215 1119 2270 in
1128 2216 1363 2287 genium
1375 2221 1433 2270 et
1453 2215 1650 2286 lingua
1663 2218 1830 2270 mea?

118 2305 349 2360 Laudes
388 2309 527 2372 tua},
563 2304 823 2371 Domine,
858 2306 1056 2360 laudes
1089 2310 1202 2360 tua:
1230 2321 1334 2375 per
1361 2305 1682 2375 Scripturas
1706 2309 1830 2358 tuas

116 2393 542 2464 suspenderent
568 2393 867 2464 palmitem
904 2394 1090 2448 cordis
1121 2393 1255 2459 mei,
1298 2398 1356 2448 et
1384 2410 1498 2448 non
1528 2398 1828 2465 raperetur

115 2498 227 2552 per
274 2482 470 2536 inania
512 2498 797 2551 nugarum
845 2482 1031 2552 turpis
1069 2482 1265 2553 praeda
1312 2482 1657 2538 volatilibus.
1708 2483 1830 2537 Non

113 2570 281 2625 enim
306 2587 423 2625 uno
454 2571 626 2625 modo
657 2571 1007 2625 sacrificatur
1030 2571 1551 2641 transgressoribus
1581 2571 1820 2641 angelis.

758 2660 983 2715 CAPUT
1012 2661 1199 2715 XVII].

116 2748 279 2816 Quod
314 2749 548 2804 homines
584 2752 777 2803 curant
816 2762 1033 2802 servare
1067 2749 1205 2815 leges
1245 2753 1743 2816 grammaticorum,
1781 2752 1833 2802 et

537 2852 645 2891 non
674 2836 984 2890 divinorum
1005 2842 1417 2905 praceptorum.

196 2928 289 2981 28.
323 2924 472 2989 Quid
518 2929 711 2979 autem
740 2924 953 2979 mirum
988 2925 1143 2995 quod
1171 2924 1232 2979 in
1260 2924 1540 2979 vanitates
1570 2924 1650 2979 ita
1684 2925 1830 2979 fere-

121 3013 255 3075 bar,
305 3017 364 3067 et
401 3028 436 3066 a
467 3015 544 3079 te,
592 3013 741 3067 Deus
771 3028 953 3078 meus,
995 3012 1148 3067 ibam
1190 3011 1362 3079 foras,
1411 3012 1639 3083 quando
1688 3012 1832 3067 mihi

122 3100 397 3156 imitandi
415 3100 885 3171 proponebantur
907 3100 1187 3168 homines,
1217 3101 1317 3172 qui
1343 3101 1534 3172 aliqua
1553 3101 1700 3155 facta
1730 3116 1832 3155 sua

125 3206 247 3244 non
291 3189 465 3258 mala,
502 3188 550 3243 si
579 3204 709 3243 cum
752 3188 1107 3243 barbarismo
1146 3192 1244 3243 aut
1275 3188 1591 3243 soloecismo
1640 3204 1829 3243 enun-

127 3278 362 3341 tiarent,
409 3277 744 3348 reprehensi
789 3277 1314 3343 confundebantur;
1361 3277 1409 3330 si
1455 3282 1647 3332 autem
1703 3276 1830 3331 libi-

125 3366 296 3421 dines
340 3382 470 3419 suas
499 3364 739 3436 integris
771 3369 827 3419 et
856 3365 962 3419 rite
1002 3364 1482 3435 consequentibus
1512 3364 1699 3418 verbis
1736 3381 1828 3417 co-

123 3454 288 3524 piose
312 3458 627 3525 ornateque
657 3458 978 3520 narrarent,
1010 3452 1226 3507 laudati
1256 3452 1698 3522 gloriabantur?
1732 3452 1829 3505 Vi-

128 3542 229 3596 des
255 3542 399 3610 hasc,
436 3541 699 3608 Domine,
748 3547 817 3596 et
871 3547 1041 3607 taces,
1077 3540 1442 3612 longanimis,
1492 3544 1550 3594 et
1586 3541 1830 3593 multum

131 3629 474 3696 misericors,
513 3634 570 3685 et
618 3646 804 3684 verax.
844 3628 1133 3701 Numquid
1178 3644 1406 3699 semper
1454 3628 1711 3683 tacebis?
1762 3629 1827 3683 Et

130 3733 288 3772 nunc
303 3717 456 3773 eruis
475 3719 495 3755 ι
513 3717 583 3772 de
606 3718 715 3773 hoc
735 3719 1152 3773 immanissima
1173 3717 1460 3788 profundo
1477 3721 1832 3788 quaerentem

129 3809 188 3859 te
219 3806 492 3872 animam,
531 3809 589 3859 et
630 3805 919 3861 sitientem
949 3805 1351 3861 delectationes
1382 3810 1530 3875 tuas,
1574 3811 1631 3860 et
1671 3806 1832 3875 cujus

130 3910 234 3949 cor
276 3894 415 3949 dicit
459 3894 592 3949 tibi:
638 3895 871 3961 Quaesivi
922 3896 1131 3949 vultum
1168 3900 1357 3961 tuum;
1399 3896 1605 3949 vultum
1656 3899 1830 3962 tuum,

130 3983 371 4049 Domine,
428 3984 707 4051 requiram
772 3984 950 4051 (Psal.
1007 3998 1151 4047 xxvx,
1212 3985 1303 4052 8).
1348 3983 1488 4036 Nam
1530 3986 1553 4018 ³
1594 3983 1762 4053 longe
1801 3999 1831 4036 a

129 4070 289 4125 vultu
329 4074 454 4137 tuo,
484 4068 545 4122 in
576 4069 781 4123 atl'ectu
818 4069 1123 4124 tenebroso
1155 4066 1196 4123 ³.
1234 4070 1358 4124 Non
1402 4069 1555 4123 enim
1588 4070 1830 4141 pedibus

131 4162 235 4213 aut
263 4156 459 4228 spatiis
503 4158 761 4212 locorum
807 4158 923 4213 itur
960 4156 1060 4212 abs
1090 4162 1164 4219 te,
1219 4162 1320 4211 aut
1365 4157 1590 4212 reditur
1631 4158 1702 4212 ad
1752 4162 1830 4213 te.

134 4249 248 4301 Aut
292 4261 426 4300 vero
474 4245 626 4301 ﬁlius
673 4246 769 4300 ille
815 4249 947 4301 tuus
990 4245 1184 4299 minor
1225 4262 1422 4316 equos,
1471 4250 1571 4300 aut
1610 4262 1829 4314 currus,

134 4334 224 4387 vel
254 4349 423 4389 naves
470 4333 751 4405 quaesivit,
801 4338 902 4389 aut
936 4333 1180 4388 avolavit
1221 4350 1414 4405 penna
1455 4334 1688 4402 visibili,
1735 4339 1836 4389 aut

136 4427 292 4476 mata
334 4422 552 4493 poplite
582 4421 693 4477 iter
735 4421 872 4492 egit,
918 4426 982 4476 ut
1018 4421 1080 4476 in
1109 4421 1427 4493 longinqua
1473 4422 1708 4493 regione
1752 4423 1834 4477 vi-

136 4525 271 4563 vens
312 4510 553 4581 prodige
580 4509 882 4581 dissiparet
930 4511 1086 4581 quod
1130 4510 1370 4566 dederas
1417 4511 1835 4583 proﬁciscenti?

138 4597 325 4651 Dulcis
351 4601 515 4669 pater
543 4598 680 4669 quia
707 4598 964 4662 dederas,
996 4604 1055 4652 et
1103 4614 1285 4669 egeno
1316 4600 1579 4654 redeunti
1612 4599 1831 4654 dulcior

138 4687 278 4755 (Luc.
311 4702 404 4749 xv,
438 4688 520 4751 12,
573 4686 683 4756 32).
727 4685 793 4739 In
826 4685 1032 4740 affectu
1062 4702 1198 4756 ergo
1229 4687 1556 4755 libidinoso,
1590 4687 1646 4742 id
1674 4687 1832 4741 enim

140 4779 222 4828 est
245 4773 562 4841 tenebroso,
596 4777 768 4844 atque
796 4773 854 4828 id
883 4778 969 4828 est
998 4774 1167 4845 longe
1189 4792 1223 4829 a
1242 4777 1400 4829 vultu
1430 4780 1548 4830 tuo.

207 4864 296 4915 ‘29.
316 4860 474 4923 Vide,
508 4860 747 4915 Domine
779 4862 950 4931 Deus,
973 4866 1030 4916 et
1048 4863 1349 4933 patienter,
1382 4868 1446 4917 ut
1472 4862 1649 4931 vides,
1679 4862 1830 4930 vide,

140 4948 426 5020 quomodo
455 4948 760 5019 diligenter
779 4949 1080 5004 observent
1098 4951 1201 5005 tilii
1221 4951 1524 5006 hominum
1555 4956 1722 5021 pacta
1744 4952 1835 5005 lit-

202 5040 228 5107 ι,
238 5036 357 5107 _Am,
375 5037 460 5085 Er.
473 5039 526 5107 et
545 5036 771 5107 Lemnii!
781 5048 892 5087 non
903 5040 1067 5107 eruis.
1085 5038 1184 5087 Sed
1198 5038 1385 5088 melius
1398 5038 1553 5103 longe
1566 5039 1670 5088 Bad
1703 5040 1831 5088 Arn.

141 5103 191 5149 et
210 5099 329 5162 Mss.
366 5098 616 5162 praecipui
632 5112 644 5146 :
660 5101 740 5162 Et
754 5112 892 5147 nunc
913 5102 1071 5162 eruis.

201 5164 221 5196 ²
255 5159 383 5209 Mss:
407 5165 513 5210 tres
527 5159 716 5211 λωιιά
748 5163 886 5210 Nam
907 5161 1004 5211 ivi.

201 5226 223 5259 ³
244 5222 548 5285 ApudALav.
578 5222 807 5285 additur,
828 5236 1098 5285 cesserant.
1121 5222 1242 5272 Am.
1282 5226 1334 5272 et
1355 5224 1470 5282 Er.,
1501 5236 1829 5274 recesserant.

144 5285 201 5333 ln
220 5283 340 5349 Mss.
358 5283 473 5333 ΑΗ).
488 5283 727 5342 habetur,
740 5284 1009 5349 iuga/lectu
1033 5298 1182 5335 eram
1200 5286 1491 5336 tenebroso.
1510 5287 1689 5349 Apud.
1705 5287 1831 5336 Bad.

144 5360 279 5403 vero,
303 5346 429 5410 Arn.
460 5350 512 5410 et
540 5346 891 5410 caeterosfere
919 5348 1252 5410 omnengss.
1284 5346 1579 5410 generalioi'
1621 5348 1834 5398 ell'ertur

146 5408 398 5472 sententia
431 5409 627 5472 absque
653 5408 849 5472 addito,
878 5412 937 5456 ut
957 5407 1312 5472 intelligamus
1337 5408 1492 5472 longe
1519 5424 1549 5458 a
1578 5410 1685 5459 Deo
1715 5422 1828 5460 esse

146 5469 258 5518 illos
290 5469 379 5533 qui
414 5469 626 5519 suntin
660 5470 850 5519 dilectu
882 5471 1183 5520 tenebroso.

1589 254 1804 310 LIBER
1850 254 2137 311 PRIMUS.

3512 262 3616 315 674

1932 380 2203 444 terarum,
2241 379 2298 431 et
2324 377 2675 447 syllabarum
2713 382 2944 448 accepta
2973 394 3008 432 a
3051 378 3337 450 prioribus
3363 381 3632 436 locutori-

1929 464 2057 533 bus,
2089 468 2143 518 et
2180 483 2211 519 a
2263 470 2318 519 te
2352 470 2579 536 accepta
2624 471 2836 521 aeterna
2881 472 3047 537 pacta
3089 474 3382 539 perpetuae
3426 468 3627 523 salutis

1930 552 2253 623 negligant;
2310 557 2372 607 ut
2412 553 2511 624 qui
2549 554 2647 607 illa
2675 570 2947 608 sonorum
2989 560 3179 609 vetera
3208 556 3414 627 placita
3440 560 3633 611 teneat

1930 646 2029 695 aut
2057 642 2271 709 doceat,
2308 641 2354 695 si
2384 647 2580 696 contra
2608 643 2968 713 disciplinam
2998 644 3453 715 grammaticam,
3504 643 3627 698 sine

1929 729 2272 800 aspiratione
2327 729 2528 801 prima:
2568 730 2818 800 syllabae,
2848 732 3122 798 ominem,
3174 732 3398 799 dixerit,
3433 731 3629 803 displi-

1927 823 2050 872 ceat
2078 819 2261 889 magis
2292 819 2645 886 hominibus,
2676 836 2851 891 quam
2901 821 2947 874 si
2988 827 3187 875 contra
3221 826 3316 876 tua
3346 826 3633 892 praecepta

1928 908 2221 961 hominem
2258 908 2462 974 oderit,
2503 924 2636 961 cum
2665 908 2737 961 sit
2779 909 2971 963 homo.
3023 910 3192 974 Quasi
3242 926 3374 964 vero
3429 926 3630 981 quem-

1930 996 2067 1050 libet
2112 995 2409 1049 inimicum
2457 996 2752 1050 hominem
2791 997 3164 1067 perniciosius
3204 999 3413 1053 sentiat
3456 1015 3630 1069 quam

1929 1085 2119 1155 ipsum
2151 1084 2373 1150 adium,
2404 1101 2517 1155 quo
2546 1085 2606 1138 in
2636 1101 2768 1139 eum
2801 1076 3075 1153 irritatur,
3107 1092 3207 1141 aut
3255 1092 3434 1142 vastat
3465 1087 3627 1158 quis-

1931 1188 2105 1244 quam
2145 1174 2538 1243 persequendo
2583 1174 2761 1228 alium
2810 1175 3059 1245 gravius,
3112 1191 3282 1246 quam
3324 1192 3419 1229 car
3459 1191 3626 1230 suum

1930 1264 2114 1314 vastat
2150 1258 2517 1315 inimicando.
2572 1262 2638 1315 Et
2681 1268 2829 1316 certe
2879 1279 2993 1316 non
3025 1266 3109 1317 est
3149 1264 3384 1318 interior
3412 1263 3628 1318 littera-

1931 1365 2062 1402 rum
2092 1348 2346 1414 scientia,
2383 1365 2556 1419 quam
2586 1350 2797 1419 scripta
2825 1352 3196 1421 conscientia,
3226 1352 3286 1406 id
3326 1369 3384 1406 se
3414 1352 3581 1407 alteri
3611 1355 3629 1390 ί

1932 1437 2117 1491 facere
2147 1437 2300 1507 quod
2331 1437 2475 1491 nolit
2499 1437 2641 1507 pati.
2687 1438 2869 1501 Quam
2894 1443 2953 1492 tu
2983 1445 3231 1493 secretus
3262 1457 3340 1507 es,
3366 1440 3634 1495 habitans

1932 1526 1992 1580 in
2023 1526 2258 1580 excelsis
2287 1525 2346 1579 in
2373 1525 2621 1592 silentio,
2652 1528 2799 1581 Deus
2831 1528 2983 1581 solus
3014 1545 3275 1600 magnus,
3324 1530 3451 1601 lege
3490 1530 3635 1585 infa-

1935 1613 2155 1685 tigabili
2184 1630 2459 1684 spargens
2488 1614 2741 1684 poenales
2772 1616 3052 1670 caacitates
3080 1633 3251 1688 super
3287 1617 3513 1673 illicitas
3544 1636 3638 1673 cu-

1935 1702 2227 1773 piditatesl
2307 1702 2449 1756 Cum
2508 1702 2682 1757 homo
2746 1704 3091 1775 eloquentiae
3146 1705 3358 1760 famam
3406 1706 3634 1777 quaerit,

1936 1796 2124 1844 astans
2144 1793 2274 1844 ante
2295 1789 2590 1843 hominem
2608 1791 2883 1860 judicem,
2910 1791 3308 1846 circumstante
3334 1792 3637 1847 hominum

1943 1879 2327 1945 multitudine,
2367 1878 2667 1932 inimicum
2723 1895 2888 1933 suum
2928 1880 3059 1934 odio
3104 1879 3522 1934 immanissima
3551 1880 3639 1934 in-

1938 1970 2179 2034 sectans,
2208 1966 2639 2038 vigilantissime
2681 1971 2842 2022 cavet
2868 1983 2941 2021 ne
2992 1983 3096 2037 per
3125 1967 3338 2039 linguae
3383 1983 3637 2023 errorem

1939 2056 2109 2125 dicat,
2156 2057 2310 2110 Inter
2337 2055 2670 2110 hominibus
2698 2059 2758 2122 ²;
2800 2060 2858 2110 et
2889 2071 2957 2109 ne
2988 2072 3090 2127 per
3136 2056 3346 2111 mentis
3382 2056 3635 2111 furorem

1937 2143 2236 2199 hominem
2265 2144 2487 2198 auferat
2513 2160 2582 2198 ex
2609 2144 2961 2210 hominibus,
2995 2160 3109 2198 non
3140 2149 3315 2199 cavet.

2599 2268 2824 2323 CAPUT
2862 2270 2989 2323 XIX.

2080 2360 2338 2413 Pueritiae
2357 2360 2495 2412 vitia
2515 2372 2633 2427 qua
2658 2359 2715 2411 in
2734 2358 2968 2426 majores
2992 2362 3174 2412 aetates
3195 2362 3494 2413 transeunt.

2014 2447 2101 2499 30.
2136 2446 2353 2500 Horum
2402 2461 2506 2516 ego
2560 2460 2707 2516 puer
2760 2461 2983 2499 morum
3045 2445 3103 2498 in
3155 2446 3349 2500 limine
3382 2446 3639 2515 jacebam

1946 2532 2141 2599 miser,
2172 2539 2230 2587 et
2280 2534 2453 2603 hujus
2492 2549 2681 2587 arente
2710 2532 2978 2603 palaestra
3008 2539 3128 2587 erat
3156 2533 3273 2602 illa,
3333 2534 3432 2587 ubi
3461 2535 3643 2603 magis

1943 2620 2217 2675 timebam
2249 2621 2666 2676 barbarismum
2698 2622 2902 2690 facere,
2933 2638 3103 2692 quam
3154 2622 3420 2676 cavebam
3468 2622 3515 2676 si
3556 2625 3640 2677 fa-

1942 2724 2153 2774 cerem,
2207 2725 2323 2762 non
2371 2708 2709 2763 facientibus
2738 2709 3013 2765 invidere.
3059 2710 3193 2764 Dico
3239 2711 3361 2765 haec
3405 2715 3461 2765 et
3506 2727 3640 2765 con-

1941 2797 2109 2850 titeor
2159 2795 2285 2862 tibi,
2336 2797 2484 2850 Deus
2516 2813 2696 2863 meus,
2747 2796 2806 2850 in
2858 2797 3066 2868 quibus
3112 2798 3386 2852 laudabar
3437 2799 3506 2853 ab
3536 2799 3638 2866 eis,

1940 2884 2149 2955 quibus
2178 2884 2402 2954 placere
2445 2890 2583 2939 tunc
2623 2884 2765 2939 mihi
2810 2890 2933 2939 erat
2972 2886 3211 2939 honeste
3259 2885 3466 2941 vivere.
3516 2887 3638 2941 Non

1943 2973 2095 3027 enim
2126 2972 2389 3027 videbam
2429 2973 2756 3043 voraginem
2796 2973 3169 3044 turpitudinis
3201 2973 3260 3027 in
3294 2991 3466 3044 quam
3505 2991 3639 3046 pro-

1935 3062 2118 3133 jectus
2149 3078 2305 3117 eram
2334 3061 2404 3115 ab
2436 3062 2612 3115 oculis
2641 3060 2776 3117 tuis.
2816 3062 2955 3115 Nam
2985 3062 3046 3115 in
3074 3060 3188 3115 illis
3220 3063 3343 3133 jam
3375 3062 3511 3134 quid
3546 3079 3638 3118 me

1943 3150 2148 3205 foedius
2177 3149 2323 3217 fuit;
2364 3149 2460 3204 ubi
2502 3149 2674 3203 etiam
2702 3149 2911 3203 talibus
2965 3149 3358 3219 displicebant,
3391 3151 3639 3206 fallendo

1941 3237 2459 3292 innumerabilibus
2491 3237 2801 3291 mendaciis
2830 3242 2887 3291 et
2917 3239 3322 3309 pzedagogum,
3356 3243 3411 3293 et
3456 3240 3639 3310 magi-

1942 3332 2111 3395 stros,
2148 3331 2203 3381 et
2248 3329 2513 3397 parentes
2569 3343 2761 3379 amore
2812 3325 3067 3392 ludendi,
3124 3326 3311 3381 studio
3346 3329 3641 3399 spectandi

1939 3413 2262 3484 nugatoria,
2312 3419 2369 3467 et
2417 3412 2682 3467 imitandi
2721 3413 2937 3467 ludicra
2980 3414 3428 3485 inquietudine?
3472 3417 3643 3471 Furta

1940 3503 2115 3557 etiam
2152 3503 2428 3556 faciebam
2460 3503 2528 3556 de
2559 3502 2788 3555 cellario
2832 3506 3137 3573 parentum
3186 3509 3243 3558 et
3300 3504 3368 3558 de
3418 3521 3637 3572 mensa,

1940 3591 2028 3645 vel
2068 3591 2202 3661 gula
2240 3590 2626 3661 imperitante,
2685 3590 2774 3645 vel
2822 3596 2886 3645 ut
2930 3591 3199 3645 haberem
3249 3592 3398 3663 quod
3439 3594 3634 3648 darem

1940 3678 2154 3749 pueris,
2187 3678 2387 3733 ludum
2419 3693 2587 3731 suum
2627 3676 2789 3744 mihi,
2834 3694 2949 3749 quo
2979 3680 3195 3749 pariter
3235 3680 3436 3751 utique
3482 3682 3637 3736 delc-

1942 3766 2260 3834 ctabantur,
2277 3771 2472 3819 tamen
2492 3764 2889 3819 vendentibus.
2922 3766 2983 3819 In
3002 3783 3115 3837 quo
3138 3767 3311 3821 etiam
3335 3768 3466 3822 ludo
3490 3770 3640 3823 frau-

1944 3853 2207 3907 dulentas
2230 3850 2511 3917 victorias,
2544 3851 2666 3921 ipse
2695 3867 2842 3904 vana
2871 3855 2892 3887 ³
2930 3853 3279 3907 excellentiae
3328 3854 3639 3924 cupiditate

1941 3940 2142 4007 victus,
2190 3957 2341 4010 saepe
2385 3939 2729 4010 aucupabar.
2772 3938 2918 4003 Quid
2968 3945 3163 3994 autem
3209 3944 3327 3995 tam
3373 3941 3638 3996 nolebam

1941 4029 2079 4099 pati,
2110 4034 2282 4099 atque
2312 4027 2600 4092 atrociter,
2645 4027 2692 4081 si
2743 4026 3253 4097 deprehenderem,
3304 4030 3637 4099 arguebam,

1942 4133 2114 4188 quam
2145 4116 2201 4171 id
2240 4115 2393 4187 quod
2432 4115 2559 4169 aliis
2599 4114 2897 4182 faciebam,
2930 4120 2986 4169 et
3017 4116 3063 4169 si
3110 4116 3494 4188 deprehensus
3545 4133 3638 4172 ar-

1942 4221 2167 4277 guerer,
2198 4204 2394 4258 saevire
2424 4204 2608 4274 magis
2638 4220 2811 4275 quam
2842 4205 3042 4258 cedere
3065 4205 3319 4259 libebat?
3341 4207 3524 4259 Istane
3555 4211 3640 4259 est

1944 4292 2275 4348 innocentia
2303 4292 2587 4363 puerilis?
2630 4294 2756 4346 Non
2792 4296 2895 4359 est,
2939 4293 3199 4363 Domine,
3245 4309 3362 4348 non
3393 4299 3508 4349 est:
3540 4311 3640 4349 aro

1942 4386 2018 4450 te,
2064 4384 2209 4436 Deus
2240 4397 2421 4435 meus.
2456 4381 2598 4434 Nam
2627 4379 2749 4435 haec
2778 4380 2902 4450 ipsa
2929 4388 3062 4435 sunt
3092 4398 3220 4452 qua:
3251 4398 3284 4435 a
3309 4382 3641 4455 paedagogis

1944 4476 2000 4526 et
2042 4471 2351 4543 magistris,
2394 4486 2427 4524 a
2456 4470 2717 4537 nucibus,
2746 4475 2801 4523 et
2832 4470 3044 4541 pilulis,
3080 4476 3135 4525 ct
3177 4471 3519 4543 passeribus,
3570 4473 3640 4526 ad

1942 4560 2239 4631 praefectos
2265 4564 2321 4613 et
2367 4576 2551 4630 reges,
2602 4575 2830 4625 aurum,
2880 4559 3116 4630 praedia,
3165 4558 3484 4632 mancipia;
3518 4561 3640 4615 haec

1945 4649 2069 4719 ipsa
2107 4647 2340 4702 omnino
2382 4664 2511 4719 quae
2557 4647 2987 4701 succedentibus
3028 4648 3336 4718 majoribus
3380 4649 3641 4704 aetatibus

1942 4741 2254 4802 transeant,
2292 4736 2437 4791 sicut
2486 4735 2682 4789 ferulis
2727 4736 2944 4807 majora
2992 4736 3269 4807 supplicia
3310 4738 3636 4810 succedunt.

1945 4826 2287 4881 llumilitatis
2316 4842 2452 4895 ergo
2484 4824 2711 4895 signum
2742 4824 2804 4877 in
2834 4830 3048 4878 statura
3080 4826 3361 4896 puerilim,
3393 4829 3510 4882 Rex
3539 4844 3640 4881 no-

1940 4919 2073 4981 ster,
2107 4913 2378 4985 probasti,
2409 4929 2541 4967 cum
2563 4912 2728 4966 aisti:
2767 4915 2982 4969 Talium
3012 4918 3090 4969 est
3130 4930 3355 4983 regnum
3389 4916 3639 4971 castorum

1944 5004 2163 5071 (Matth.
2194 5018 2306 5069 xxx,
2342 5003 2452 5073 14).

2009 5166 2023 5198 ¹
2051 5161 2221 5213 Alteri
2246 5159 2544 5224 non,juxta
2574 5162 2742 5211 Rond.
2772 5175 2893 5211 cum
2925 5164 2952 5211 4
2981 5163 3103 5211 Mss.
3137 5163 3204 5212 M.

2002 5225 2024 5259 ²
2043 5225 2189 5281 Lov.,
2201 5226 2348 5274 inter
2362 5223 2617 5287 hamines.
2639 5225 2784 5273 Patet
2804 5224 3086 5287 legendum
3104 5239 3217 5273 esse
3233 5237 3351 5272 cum
3364 5223 3482 5287 Mss.
3500 5223 3637 5271 inlrr

1944 5285 2245 5337 hominibus
2262 5286 2375 5344 ,-vel
2396 5286 2509 5334 sine
2522 5284 3026 5346 aspirationefinter
3046 5292 3285 5335 omines:
3305 5284 3444 5346 quod
3464 5286 3639 5346 Augu-

1944 5300 2245 5337 nommtous
2262 5300 2375 5344 ,-vel
2396 5300 2578 5334 sineas
2620 5300 2858 5343 iratione,
2880 5300 3026 5335 mter
3046 5300 3254 5335 ommes
3273 5301 3285 5332 :
3305 5300 3444 5346 quau
3464 5300 3539 5331 au
3586 5300 3635 5331 u-

1942 5349 2113 5415 stipus
2134 5350 2188 5396 in
2202 5348 2502 5415 exemplum
2519 5300 2671 5415 adgrt
2685 5348 2966 5415 locutionis
2983 5300 3635 5415 incongruieetcavengas.

2007 5408 2025 5437 ⁸
2070 5412 2237 5461 l'nnrr.
2262 5406 2413 5470 jux‘la
2443 5410 2612 5457 Romi.
2636 5424 2755 5458 cum
2778 5413 2803 5454 3
2833 5410 2958 5458 Mss.
2984 5406 3174 5470 quibus
3196 5406 3586 5469 adstipulantur
3604 5410 3630 5454 2

1942 5471 2063 5521 Mss.
2097 5473 2235 5535 apud
2265 5471 2416 5520 Mart.
2451 5472 2518 5519 Μ.
