4058 6348
449 266 549 318 675

1110 385 1335 440 CAPUT
1369 383 1476 440 XX.

551 495 656 548 Pro
687 491 837 547 bonis
855 492 963 546 sibi
980 493 1039 546 in
1060 494 1302 561 pueritia
1326 493 1536 546 collatis
1546 495 1649 547 Deo
1668 494 1882 560 gratias
1893 496 2031 561 agit.

518 602 604 655 31.
637 598 750 654 Sed
773 602 991 667 tamen,
1027 597 1287 663 Domine,
1317 598 1423 653 tibi
1452 597 1931 654 excellentissimo
1964 604 2137 669 atque

448 687 669 758 optimo
700 686 980 741 conditori
1009 691 1064 740 et
1095 687 1303 741 rectori
1331 687 1736 754 universitatis,
1789 688 1903 743 Deo
1948 691 2140 742 nostro

447 775 681 845 gratias,
727 774 950 829 etiamsi
991 791 1084 828 me
1125 790 1373 844 puerum
1409 779 1636 829 tantum
1680 791 1802 829 esse
1842 775 2136 833 voluisses.

447 864 612 919 Eram
658 862 814 917 enim
861 862 1034 918 etiam
1062 867 1221 932 tunc,
1251 862 1514 918 vivebam
1540 865 1559 900 ¹
1589 868 1761 934 atque
1797 864 2135 930 sentiebam,

446 967 751 1023 meamque
780 950 1250 1018 incolumitatem,
1278 951 1582 1021 vestigium
1609 952 1999 1006 secretissimae
2021 952 2141 1007 uni-

444 1041 578 1095 tatis
608 1057 677 1094 ex
702 1056 816 1111 qua
844 1056 1021 1107 eram,
1071 1056 1223 1094 cura:
1248 1039 1539 1094 'habebam
1567 1057 1581 1107 ;
1622 1040 2011 1095 custodiebam
2043 1040 2140 1095 in—

444 1128 653 1183 teriore
680 1145 848 1183 sensu
899 1128 1285 1199 integritatem
1318 1144 1592 1182 sensuum
1633 1144 1916 1194 meorum,
1965 1129 2139 1200 inque

445 1214 586 1286 ipsis
613 1214 823 1286 parvis,
857 1231 1277 1285 parvarumque
1316 1230 1508 1269 rerum
1525 1214 1964 1286 cogitationibus
1992 1215 2127 1269 veri-

444 1306 560 1358 tate
609 1303 950 1358 delectabar.
995 1302 1135 1357 Falli
1187 1302 1471 1369 nolebam,
1525 1302 1809 1358 memoria
1854 1303 2136 1374 vigebam,

445 1392 735 1447 locutione
764 1391 1107 1460 iustruebar,
1124 1390 1375 1445 amicitia
1396 1391 1702 1457 mulcebat,
1731 1390 2022 1462 fugiebam
2044 1392 2142 1447 do-

445 1481 648 1552 lorem,
678 1480 1079 1552 abjectionem,
1108 1479 1521 1551 ignorantiam.
1576 1479 1723 1544 Quid
1768 1479 1832 1533 in
1870 1479 1972 1534 tali
2014 1479 2141 1535 ani-

510 1617 526 1650 ι
563 1614 646 1664 Sic
665 1615 787 1662 Mss.
810 1628 930 1664 cum
949 1612 1081 1662 Edd.
1100 1612 1393 1675 plerisque.
1428 1613 1516 1662 ubi
1550 1613 1673 1675 Lov.
1696 1611 1895 1662 habent
1914 1614 2004 1662 :Et
2025 1614 2139 1673 iam

443 1680 570 1726 tunc
598 1676 883 1726 audebam.
913 1700 975 1711 —
994 1676 1061 1724 Et
1074 1673 1200 1736 jam
1222 1673 1353 1726 tunc
1368 1675 1629 1734 vivebant,
1636 1673 1792 1738 juxta
1821 1675 2071 1725 Sommal.
2090 1680 2143 1726 et

444 1738 617 1788 Rond.
653 1751 773 1787 cum
794 1740 821 1786 4
844 1738 967 1786 Mss.
1003 1737 1073 1787 Μ.

1652 261 2194 319 CONFESSIONUM
2234 260 2290 317 S.
2335 261 2743 319 AUGUSTINI.
3864 264 3969 316 670

2247 388 2441 439 mante
2481 400 2597 439 non
2645 380 2886 438 mirable
2932 386 3104 455 atque
3134 382 3465 439 laudabile?
3500 384 3573 437 At
3599 382 3714 438 ista
3766 383 3971 438 omnia

2250 473 2351 528 Dei
2383 472 2497 527 mei
2535 473 2687 527 dona
2717 476 2875 539 sunt;
2907 487 3027 526 non
3062 471 3204 526 mihi
3230 486 3337 542 ego
3364 470 3492 526 dedi
3523 471 3687 526 haec:
3721 475 3785 526 et
3814 471 3970 526 bona

2248 565 2397 627 sunt,
2428 565 2484 616 et
2520 562 2641 615 haec
2664 560 2857 615 omnia
2895 576 3021 632 ego.
3054 561 3245 615 Bonus
3277 575 3412 630 ergo
3441 563 3525 614 est
3551 559 3653 631 qui
3683 558 3828 614 fecit
3852 575 3968 627 me,

2248 654 2306 703 et
2333 649 2454 720 ipse
2487 654 2571 703 est
2607 650 2821 704 bonum
2852 665 3065 715 meum,
3100 654 3159 704 et
3189 648 3272 703 illi
3301 649 3520 702 exsulto
3557 647 3728 702 bonis
3772 648 3968 702 omni-

2246 737 2354 792 bus
2395 738 2602 809 quibus
2646 738 2819 793 etiam
2860 753 3007 809 puer
3036 752 3214 791 eram.
3266 734 3383 791 Hoc
3423 735 3580 790 enim
3621 736 3960 808 peccabam,

2248 826 2402 898 quod
2438 843 2555 881 non
2602 826 2663 881 in
2695 827 2841 897 ipso,
2889 826 2983 881 sed
3023 825 3083 880 in
3129 824 3405 880 creaturis
3450 825 3597 896 ejus,
3648 841 3745 880 me
3792 826 3968 896 atque

2247 915 2467 970 caeteris
2498 914 2539 981 ί,
2581 915 2920 985 voluptates,
2968 914 3368 981 sublimitates,
3414 913 3681 968 veritates
3730 930 3969 986 quasre-

2246 1004 2412 1072 bam;
2462 1008 2632 1075 atque
2678 1003 2760 1058 ita
2813 1002 3104 1058 irruebam
3156 1002 3217 1056 in
3259 1002 3502 1069 dolores,
3555 1001 3952 1070 confusiones,

2245 1109 2486 1147 errores.
2533 1092 2752 1148 Gratias
2789 1092 2911 1155 tibi,
2959 1091 3201 1147 dulcedo
3248 1108 3396 1159 mea,
3438 1095 3495 1145 et
3541 1091 3729 1146 honor
3768 1108 3956 1161 meus,

2246 1187 2301 1236 et
2344 1181 2554 1236 fiducia
2610 1198 2758 1247 mea,
2812 1182 2960 1236 Deus
3009 1196 3201 1235 meus:
3265 1179 3478 1251 gratias
3525 1180 3631 1235 tibi
3670 1180 3743 1235 de
3794 1180 3965 1235 donis

2244 1269 2390 1338 tuis;
2444 1270 2542 1324 sed
2584 1274 2643 1325 tu
2689 1269 2832 1324 mihi
2880 1286 2945 1324 ea
2985 1286 3164 1323 serva.
3208 1270 3290 1323 Ita
3328 1268 3484 1323 enim
3534 1268 3793 1323 servabis
3840 1285 3961 1335 me;

2247 1362 2303 1412 et
2330 1358 2697 1430 augebuntur
2742 1363 2799 1412 et
2846 1357 3216 1429 perﬁcientur
3261 1373 3391 1428 quas
3438 1356 3647 1412 dedisti
3697 1356 3872 1426 mihi,
3905 1361 3960 1411 et

2247 1462 2344 1501 ero
2366 1446 2488 1517 ipse
2510 1450 2734 1511 tecum;
2765 1447 2901 1517 quia
2921 1450 2977 1501 ct
3004 1449 3066 1500 ut
3085 1445 3215 1506 sim,
3246 1448 3311 1499 tu
3337 1443 3541 1499 dedisti
3565 1444 3731 1499 mihi.

2308 1556 2324 1588 ι
2347 1554 2471 1601 Bad.
2497 1552 2611 1601 Am.
2634 1553 2716 1602 Er.
2740 1556 2790 1601 et
2809 1553 2927 1601 Lov.
2952 1555 3188 1602 caeteras.
3211 1550 3532 1602 Castigatum
3553 1556 3636 1601 est
3652 1565 3722 1602 ex
3745 1551 3883 1600 Arn.
3907 1555 3960 1600 et

2244 1615 2372 1664 Mss.
2408 1615 2856 1678 ca’teris.Quippe
2876 1615 2975 1664 hoc
2992 1615 3108 1664 loco
3124 1614 3329 1678 fatetur
3347 1613 3678 1678 Augustinus
3708 1626 3768 1662 se
3798 1613 3859 1662 in
3895 1626 3955 1678 eo

2243 1677 2676 1787 Beccasse,_quod
2706 1675 3022 1739 voluptates,
3054 1675 3729 1749 sublimitatesfveritates,
3760 1675 3963 1725 nonin

2290 1753 2371 1787 eo.
2392 1741 2482 1787 sed
2513 1753 2569 1787 ιιι
2598 1753 2770 1787 seinso
2796 1743 2849 1787 et
2876 1742 3131 1787 creaturis
3160 1738 3277 1787 alus
3301 1742 3582 1787 quareret.

2290 1753 2371 1800 eo,
2392 1738 2569 1788 sed'iu
2598 1740 2770 1802 seipso
2796 1738 2849 1788 et
2876 1739 3131 1789 creaturis
3160 1738 3277 1788 aliis
3301 1742 3582 1802 quareret.

1443 1924 1958 2121 LIBER
2035 1995 2947 2122 SECUNDUS.

503 2183 583 2234 Ad
607 2187 812 2234 aetatem
844 2182 1001 2232 aliam
1034 2181 1385 2246 progreditur,
1412 2182 1644 2231 Primum
1657 2195 1775 2245 quos
1801 2181 2169 2231 adolescentia:
2198 2196 2327 2242 sum,
2346 2183 2400 2231 id
2427 2186 2525 2243 est,
2552 2186 2760 2232 sextum
2781 2182 3043 2231 decimum
3064 2181 3186 2232 vita
3207 2195 3430 2242 annum,
3465 2194 3626 2245 quem
3650 2181 3710 2231 in
3737 2167 3966 2246 paterna

442 2264 599 2314 domo
631 2264 818 2313 studiis
852 2262 1167 2316 intermissis
1198 2265 1595 2325 consumpserat
1616 2262 1772 2325 genio
1819 2276 1878 2311 ac
1912 2261 2217 2312 libidinibus
2246 2262 2547 2325 indulgens,
2583 2262 2650 2311 ad
2678 2266 2911 2312 mentem
2937 2266 3151 2313 revocat
3178 2276 3301 2313 cum
3322 2261 3471 2327 gravi
3502 2261 3708 2323 dolore,
3742 2276 3965 2312 severus

440 2344 728 2394 admodum
756 2344 813 2394 in
838 2342 1183 2409 dijudicando
1216 2341 1358 2392 furto
1391 2356 1421 2391 a
1447 2356 1503 2391 se
1527 2345 1654 2391 tunc
1678 2342 1927 2408 temporis
1955 2354 2075 2390 cum
2111 2341 2379 2391 sodalibus
2406 2345 2727 2406 perpetrato.

2058 2451 2353 2465 ἡ

1012 2537 1237 2593 CAPUT
1276 2538 1569 2593 PRIMUM.

731 2626 1123 2681 Adolescentia:
1149 2631 1359 2681 aetatem
1388 2631 1439 2681 et
1464 2629 1601 2681 vitia
1628 2628 1833 2685 recolit.

516 2717 566 2769 1.
613 2714 918 2771 Recordari
972 2717 1099 2769 volo
1154 2720 1466 2770 transactas
1514 2716 1793 2772 foeditates
1856 2733 2033 2787 meas,
2082 2719 2139 2770 et

439 2804 692 2862 carnales
738 2803 1130 2875 corruptiones
1170 2804 1377 2859 animas
1416 2821 1603 2860 meae:
1656 2822 1773 2860 non
1827 2806 1980 2879 quod
2043 2822 2137 2859 eas

438 2906 666 2959 amem;
700 2893 795 2947 sed
824 2898 887 2947 ut
907 2909 1095 2947 amem
1128 2898 1206 2963 te,
1249 2894 1398 2947 Deus
1440 2909 1625 2950 meus.
1667 2896 1877 2949 Amore
1925 2893 2137 2948 amoris

436 2979 521 3033 tui
562 2980 707 3036 facio
762 2982 934 3048 istud,
985 2983 1239 3036 recolens
1282 2981 1402 3037 vias
1444 2999 1601 3037 meas
1654 2982 2036 3055 nequissimas
2077 2982 2137 3037 in

439 3071 820 3125 amaritudine
841 3070 1268 3141 recogitationis
1299 3087 1462 3137 meas,
1494 3075 1560 3125 ut
1577 3077 1637 3126 tu
1660 3071 1945 3126 dulcescas
1972 3071 2132 3133 mibi,

442 3159 677 3215 dulcedo
701 3175 821 3213 non
850 3159 1040 3227 fallax,
1079 3158 1318 3212 dulcedo
1361 3159 1497 3213 felix
1539 3164 1597 3213 et
1635 3176 1846 3221 secura,
1888 3163 1945 3213 et
1978 3158 2139 3213 colli-

441 3264 581 3318 gens
610 3250 628 3284 ί
664 3263 761 3312 me
808 3263 839 3301 a
887 3246 1240 3317 dispersione
1273 3245 1335 3300 in
1379 3262 1491 3317 qua
1528 3246 1817 3301 frustatim
1869 3246 2133 3300 discissus

440 3353 588 3403 sum,
616 3337 753 3391 dum
784 3336 854 3389 ab
878 3352 994 3389 uno
1026 3341 1083 3389 te
1114 3351 1338 3389 aversus
1367 3335 1426 3388 in
1466 3336 1645 3389 multa
1688 3334 1909 3391 evanui.
1947 3334 2137 3388 Exarsi

441 3424 597 3479 enim
647 3423 954 3496 aliquando
1002 3422 1194 3477 satiari
1243 3423 1439 3477 inferis
1475 3422 1501 3457 ²
1533 3423 1594 3477 iu
1631 3423 2029 3490 adolescentia,
2080 3426 2137 3476 et

445 3513 740 3567 silvescere
767 3528 938 3568 ausus
959 3528 1086 3566 sum
1106 3511 1274 3566 variis
1307 3517 1364 3567 et
1391 3512 1678 3566 umbrosis
1719 3512 2011 3567 amoribus
2035 3528 2048 3579 ;
2080 3515 2135 3566 et

439 3601 732 3657 contabuit
762 3601 975 3673 species
1023 3617 1190 3669 mea;
1242 3604 1298 3655 et
1342 3601 1669 3672 computrui
1710 3617 1904 3655 coram
1952 3600 2132 3654 oculis

437 3693 549 3750 tuis
574 3693 803 3763 placens
824 3690 991 3757 milii,
1015 3694 1069 3745 et
1092 3691 1317 3761 placere
1346 3690 1581 3760 cupiens
1603 3689 1782 3745 oculis
1801 3688 2106 3744 hominum

1115 3779 1337 3833 CAPUT
1368 3779 1438 3833 ΙΙ.

433 3874 653 3928 Annum
679 3870 856 3925 atatis
883 3882 992 3924 suae
1017 3867 1279 3922 decimum
1307 3872 1518 3922 sertum
1542 3870 1601 3923 in
1621 3868 1817 3923 ardore
1844 3867 2131 3923 libidinoso

1081 3962 1472 4027 consumptum.

506 4052 557 4104 1.
597 4050 663 4103 Et
688 4046 825 4118 quid
852 4050 975 4100 erat
1003 4045 1155 4116 quod
1181 4061 1271 4098 me
1319 4045 1654 4111 delectabat,
1686 4038 1797 4099 nisi
1845 4060 2036 4099 amare
2075 4046 2132 4097 et

432 4135 652 4190 amari?
680 4135 786 4190 Sed
813 4150 928 4188 non
957 4133 1260 4187 tenebatur
1284 4134 1489 4187 modus
1519 4133 1590 4188 ab
1621 4133 1814 4187 animo
1852 4149 2030 4203 usque
2056 4132 2130 4185 ad

431 4224 692 4278 animum
740 4224 1023 4293 quatenus
1079 4225 1163 4274 est
1203 4220 1526 4274 luminosus
1561 4225 1582 4257 ³
1610 4221 1775 4275 limes
1815 4220 2078 4274 amicitiae
2112 4236 2126 4286 ;

432 4312 529 4366 sed
577 4311 993 4366 exhalabantur
1031 4308 1255 4362 nebula:
1301 4309 1372 4363 de
1426 4310 1631 4363 limosa
1672 4308 2130 4379 concupiscentia

427 4398 616 4453 carnis
647 4403 703 4452 et
749 4398 1005 4452 scatebra
1040 4396 1377 4468 pubertatis,
1411 4401 1466 4451 et
1504 4397 1918 4452 obnubilabant
1957 4402 2127 4468 atque

432 4486 786 4543 otfuscabaut
814 4501 910 4540 cor
948 4501 1166 4554 meum,
1214 4490 1279 4539 ut
1305 4500 1422 4539 non
1463 4485 1884 4540 discerneretur
1912 4484 2126 4539 sereni-

430 4581 515 4631 tas
537 4574 859 4631 dilectionis
888 4592 919 4630 a
949 4574 1188 4646 caligine
1234 4573 1506 4628 libidinis.
1556 4575 1871 4646 Utrumque
1902 4574 1962 4628 in
1992 4590 2127 4627 con-

425 4665 552 4720 fuso
607 4664 899 4732 aestuabat,
938 4669 994 4718 et
1038 4663 1299 4735 rapiebat
1337 4662 1684 4717 imbecillam
1731 4668 1958 4718 aetatem
2026 4678 2129 4733 per

429 4754 670 4824 abrupta
700 4754 1100 4824 cupiditatum,
1143 4757 1313 4825 atque
1361 4753 1647 4807 mersabat
1689 4753 1915 4824 gurgite
1961 4751 2126 4822 ﬂagi-

427 4841 664 4897 tiorum.
698 4843 1020 4897 Invaluerat
1058 4858 1229 4913 super
1268 4857 1362 4896 me
1406 4841 1493 4895 ira
1519 4846 1641 4911 tua,
1686 4846 1743 4896 et
1779 4839 2123 4894 nesciebam.

428 4931 853 4987 Obsurdueram
890 4930 914 4966 "‘
963 4930 1203 4985 stridore
1257 4934 1475 4986 catenas
1540 4929 1904 4985 mortalitatis
1960 4945 2124 4996 meae,

489 5050 503 5083 ¹
540 5048 664 5096 Tres
691 5048 814 5096 Mss.
845 5045 1020 5107 Angl.,
1048 5045 1287 5107 colligas.

485 5112 507 5144 ²
532 5112 782 5171 Lov.cum
801 5105 1184 5171 antiquioribus
1199 5106 1553 5168 Edd.,satiari
1563 5119 1621 5158 ιη
1632 5106 1842 5171 inferis.
1859 5105 2128 5169 Expunxi-

425 5185 545 5221 mus
578 5173 631 5222 in
649 5170 802 5235 juxta
828 5170 959 5235 Mss.
989 5170 1204 5235 ctam.

485 5237 507 5270 ³
524 5236 582 5284 In
605 5231 754 5283 libris
779 5233 933 5282 editis
956 5232 1022 5280 ab
1052 5232 1274 5280 Henrico
1307 5231 1593 5281 Sommalio
1615 5231 1887 5280 Societatis
1906 5231 2048 5279 Jesu.
2075 5233 2128 5279 et

424 5310 452 5345 a
482 5297 677 5346 Thoma
692 5296 881 5353 Blasio,
896 5294 1089 5356 legitur
1107 5295 1356 5343 :limosus
1371 5294 1516 5356 limes
1552 5295 1610 5342 In
1624 5294 1802 5342 codice
1823 5292 1975 5356 Corb.
1992 5294 2129 5356 limi:-

424 5370 601 5408 nosus.
615 5358 903 5421 Utrobique
919 5353 1180 5421 corrupte:
1199 5356 1307 5421 illic
1323 5356 1464 5421 enim
1478 5355 1903 5421 delletAugustin
1913 5369 1972 5402 us
1985 5353 2128 5421 quod

425 5434 536 5469 sese
552 5422 692 5470 intra
710 5415 948 5470 honesta:
971 5415 1216 5467 amicitiae
1230 5417 1424 5466 limites
1445 5418 1589 5467 haud
1608 5415 1930 5467 continuerit
1947 5415 2129 5475 uideo-

426 5494 526 5543 que
552 5482 836 5542 legendum
870 5495 992 5531 cum
1034 5480 1155 5528 Mss.
1191 5484 1243 5529 et
1264 5480 1407 5543 aliis
1434 5480 1583 5538 Edd.,
1637 5480 1929 5543 luminosus
1959 5478 2124 5543 limes.

487 5545 509 5579 ⁴
530 5546 587 5593 In
606 5539 731 5593 Lov.
746 5544 944 5594 Somm.
962 5546 1014 5593 et
1029 5542 1186 5592 Bias:
1212 5541 1621 5596 Obsordueram.
1640 5539 2021 5591 Substituimus
2040 5539 2123 5589 ob-

2244 2554 2415 2609 poena
2442 2536 2757 2609 surperbiac
2788 2536 2998 2592 animae
3022 2553 3203 2604 meas;
3238 2542 3297 2592 et
3339 2537 3494 2592 ibam
3533 2537 3775 2609 longius
3823 2555 3858 2593 a
3886 2544 3962 2607 te,

2246 2630 2302 2680 et
2330 2626 2589 2692 sinebas;
2642 2632 2699 2680 et
2725 2627 2998 2697 jactabar,
3029 2630 3085 2680 et
3113 2626 3467 2693 effundebar,
3500 2630 3556 2680 et
3590 2626 3961 2693 difﬂuebam,

2245 2719 2302 2769 et
2330 2715 2676 2770 ebulliebam
2704 2731 2809 2786 per
2848 2713 3253 2769 fornicationes
3297 2730 3475 2782 meas,
3522 2719 3578 2770 et
3623 2715 3879 2771 tacebas.
3916 2716 3959 2770 Ο

2247 2804 2474 2859 tardum
2504 2804 2781 2875 gaudium
2810 2803 3031 2859 meuml
3076 2803 3319 2858 Tacebas
3360 2808 3513 2869 tunc,
3545 2809 3603 2858 et
3642 2820 3755 2877 ego
3802 2805 3962 2858 ibam

2242 2908 2417 2962 porro
2461 2893 2632 2964 longe
2671 2897 2785 2947 ate
2823 2893 2884 2948 in
2926 2894 3093 2964 plura
3134 2891 3349 2947 sterilia
3394 2893 3616 2948 semina
3659 2893 3957 2959 dolorum,

2243 2981 2491 3052 superba
2508 2981 2846 3051 dejectione,
2879 2986 2932 3035 et
2953 2980 3214 3053 inquieta
3239 2981 3597 3036 lassitudine.

2315 3073 2366 3125 3.
2392 3070 2527 3134 Quis
2550 3070 2690 3124 mihi
2715 3069 3148 3125 moderaretur‘
3175 3086 3496 3125 aerumnam
3525 3086 3741 3138 meam,
3761 3075 3823 3126 et
3852 3088 3952 3126 no-

2242 3157 2604 3213 vissimarum
2650 3175 2848 3214 rerum
2903 3159 3131 3230 fugaces
3175 3159 3632 3230 pulchritudines
3668 3159 3735 3214 in
3783 3176 3960 3214 usum

2243 3251 2508 3312 verteret,
2540 3264 2855 3319 earumque
2885 3248 3261 3303 suavitatibus
3296 3253 3478 3302 metas
3505 3248 3866 3320 praefigeret,
3893 3254 3961 3303 ut

2244 3352 2424 3407 usque
2454 3336 2524 3391 ad
2566 3337 2867 3408 coniugale
2897 3336 3055 3391 littus
3101 3332 3479 3391 exaestuarent
3508 3336 3717 3391 ﬂuctus
3766 3336 3960 3391 aetatis

2242 3440 2408 3490 mete,
2442 3424 2489 3478 si
2513 3425 2896 3495 tranquillitas
2924 3424 2985 3478 in
3015 3424 3096 3478 eis
3118 3441 3237 3480 non
3266 3429 3489 3496 poterat
3509 3441 3652 3492 esse,
3685 3425 3803 3479 ﬁne
3825 3440 3961 3495 pro-

2241 3511 2621 3567 creandorum
2650 3513 2967 3567 liberorum
3009 3518 3301 3582 contenta,
3333 3513 3478 3568 sicut
3507 3513 3835 3585 praescribit
3862 3514 3953 3568 lex

2240 3602 2357 3665 tua,
2401 3600 2662 3670 Domine,
2701 3601 2802 3672 qui
2825 3602 3041 3656 formas
3071 3602 3247 3656 etiam
3272 3602 3654 3674 propaginem
3686 3601 3955 3656 mortali-

2238 3687 2369 3741 tatis
2418 3694 2626 3743 nostrai
2686 3692 2728 3756 ³,
2766 3695 2967 3759 potens
3009 3690 3307 3762 imponere
3358 3692 3548 3746 lenem
3593 3705 3840 3745 manum
3887 3689 3959 3743 ad

2239 3781 2757 3847 temperamentum
2776 3778 3074 3849 spinarum
3097 3796 3128 3833 a
3149 3779 3413 3850 paradiso
3439 3785 3538 3834 tuo
3555 3779 3916 3833 seclusarum
3930 3780 3959 3834 ?

2240 3866 2367 3920 Non
2396 3867 2550 3921 enim
2584 3868 2751 3938 longe
2782 3872 2867 3922 est
2903 3885 2937 3922 a
2964 3868 3130 3923 nobis
3162 3868 3582 3940 omnipotentia
3608 3871 3734 3936 tua,
3776 3866 3958 3922 etiam

2238 3971 2370 4010 cum
2413 3957 2580 4028 longe
2616 3973 2813 4010 sumus
2843 3973 2876 4011 a
2923 3961 3001 4011 te.
3033 3960 3147 4012 Aut
3193 3962 3345 4012 certe
3401 3956 3657 4011 sonitum
3705 3955 3956 4010 nubium

2236 4048 2466 4098 tuarum
2510 4045 2837 4115 vigilantius
2884 4046 3268 4100 adverterem:
3314 4046 3741 4101 Tribulationem
3773 4049 3959 4099 autem

2237 4136 2417 4188 carnis
2442 4134 2713 4188 habebunt
2741 4134 3074 4203 hujusmodi.
3107 4137 3221 4202 Ego
3251 4139 3431 4189 autem
3448 4135 3598 4189 vobis
3621 4149 3798 4204 parco
3822 4150 3838 4200 ;
3874 4143 3956 4197 et,

2235 4224 2441 4277 Bonum
2469 4229 2547 4277 est
2585 4224 2791 4277 homini
2823 4224 3097 4278 mulierem
3136 4239 3244 4278 non
3285 4229 3544 4293 tangere;
3573 4227 3651 4290 et,
3693 4223 3803 4289 Qui
3840 4225 3961 4278 sine

2236 4327 2404 4365 umore
2431 4316 2528 4375 est,
2576 4314 2778 4379 cogitat
2822 4328 2884 4366 ea
2932 4328 3053 4380 quae
3093 4317 3219 4367 sunt
3258 4313 3375 4376 Dei,
3423 4311 3685 4381 quomodo
3726 4312 3961 4381 placeat

2234 4403 2369 4455 Deo:
2395 4399 2491 4469 qui
2518 4407 2698 4455 autem
2725 4402 3071 4455 matrimonio
3092 4402 3318 4470 junctus
3350 4405 3451 4468 est,
3492 4402 3698 4469 cogitat
3737 4416 3804 4454 ea
3833 4417 3961 4470 qua

2235 4494 2361 4544 sunt
2388 4488 2600 4554 mundi,
2633 4489 2894 4558 quomodo
2929 4490 3145 4559 placeat
3174 4491 3339 4544 umori
3378 4490 3420 4560 (Ι
3450 4489 3573 4556 Cor,
3612 4504 3712 4554 vn,
3763 4490 3861 4556 28,
3904 4493 3957 4556 1,

2238 4580 2326 4643 32,
2365 4580 2450 4645 33,
2485 4579 2592 4647 34).
2641 4579 2751 4632 Has
2781 4594 2918 4649 ergo
2949 4594 3112 4632 voces
3140 4578 3474 4632 exaudirem
3501 4576 3865 4648 vigilantior,
3901 4583 3962 4632 et

2236 4665 2489 4720 abscisus
2542 4671 2778 4737 propter
2820 4683 3066 4738 regnum
3111 4667 3384 4721 ccelorum
3413 4666 3632 4738 (Matth.
3677 4681 3794 4735 nx,
3843 4667 3960 4737 i2),

2234 4753 2455 4809 felicior
2484 4760 2870 4824 exspectarem
2900 4755 3196 4825 amplexus
3222 4758 3372 4809 tuos.

2274 4844 2356 4898 ’4.
2385 4843 2493 4898 Sed
2519 4842 2758 4898 eiferbui
2789 4842 2978 4910 miser,
3011 4858 3258 4914 sequens
3280 4842 3565 4913 impetum
3595 4843 3793 4901 fluxus
3831 4844 3952 4898 mei

2234 4931 2429 4986 relicto
2476 4938 2559 4997 te;
2605 4936 2663 4987 et
2694 4933 2907 4986 excessi
2942 4932 3139 4986 omnia
3182 4931 3445 5004 legitima
3489 4937 3607 4999 tua,
3648 4947 3759 4986 nec
3800 4932 3961 4986 evasi

2236 5022 2466 5091 flagella
2481 5026 2612 5075 tua:
2637 5021 2767 5092 quis
2783 5021 2937 5075 enim
2956 5022 3064 5075 hoc
3079 5020 3415 5075 mortalium
3427 5023 3455 5075 ?
3470 5021 3614 5075 Nam
3632 5024 3700 5073 tu
3717 5036 3961 5092 semper

2236 5110 2438 5164 aderas
2463 5109 2904 5163 misericorditer
2940 5109 3201 5173 saeviens,
3235 5114 3292 5164 et
3325 5108 3708 5164 amarissimis
3747 5125 3957 5182 asper-

2237 5214 2378 5269 gens
2411 5197 2818 5252 offensionibus
2840 5214 3040 5252 omnes
3071 5198 3298 5253 illicitas
3329 5197 3730 5269 jucunditates
3769 5215 3959 5265 meas,

2234 5286 2577 5353 surduerarn,
2598 5286 2828 5353 aliorum
2852 5287 3092 5353 codicum
3120 5287 3449 5353 auctoritate,
3467 5300 3685 5336 necnon
3701 5288 3961 5353 exigente

2234 5350 2492 5399 vocabulo
2515 5349 2762 5412 stridore.
2794 5351 2934 5412 quod
2964 5351 3029 5398 ad
3047 5363 3201 5398 aures
3227 5350 3468 5412 refertur.

2302 5414 2317 5447 ι
2348 5413 2474 5475 Mss.
2495 5411 2678 5475 prima:
2700 5410 2839 5459 uotae
2856 5416 2907 5460 et
2926 5426 3089 5475 prope
3107 5425 3290 5459 omnes
3302 5410 3518 5475 habent,
3534 5412 3963 5474 modularetur;

2233 5487 2391 5538 quam
2422 5472 2698 5538 lectionem
2732 5472 3116 5538 parum'abfuit
3147 5477 3199 5538 et
3226 5472 3683 5537 praeeligeremus.

2298 5536 2319 5571 ⁸
2355 5535 2416 5585 In
2444 5535 2566 5585 Mss.
2595 5534 2823 5599 Optimis,
2854 5536 3053 5586 mortis
3084 5534 3289 5585 nostra.
