4058 6344
205 248 307 298 677

204 373 269 423 ut
297 368 378 423 ita
405 385 724 441 quaererem
746 373 868 428 sine
895 374 1209 430 offensione
1233 376 1539 446 jucundari
1563 396 1577 443 ;
1611 383 1666 434 et
1685 379 1784 434 ubi
1797 381 1905 434 hoc

201 473 430 528 possem
452 476 568 513 non
593 461 910 516 invenirem
923 463 1260 534 quidquam,
1285 472 1495 536 praeter
1525 473 1602 535 te,
1639 468 1898 535 Domine,

200 552 415 617 praeter
443 553 499 602 te
516 549 614 620 qui
647 550 815 621 ﬁngis
833 551 1088 606 dolorem
1112 553 1171 606 in
1186 561 1471 625 praecepto
1490 559 1759 625 (Ps.xcni,
1785 557 1900 627 20),

202 639 262 688 et
290 635 538 705 percutis
567 640 630 690 ut
649 654 831 704 sanes,
866 643 922 693 et
948 639 1153 694 occidis
1177 658 1279 694 nos
1305 658 1374 695 ne
1397 643 1712 698 moriamur
1737 645 1834 698 abs
1847 651 1902 698 te

199 724 379 794 (Deut.
413 741 572 786 xxxu,
606 728 713 795 39).
750 726 852 780 Ubi
884 743 1061 795 eram,
1097 734 1152 783 et
1178 746 1351 800 quam
1376 731 1544 800 longe
1576 733 1901 787 exsulabam

201 828 238 864 a
266 811 483 866 deliciis
499 813 704 867 domus
720 819 852 880 tum,
879 833 1027 871 anno
1059 817 1155 871 illo
1170 823 1324 873 sexto
1350 821 1572 875 decimo
1587 822 1769 876 aetatis
1781 839 1900 875 car-

198 901 291 954 nis
319 917 484 967 meas,
517 919 646 956 cum
676 905 892 975 accepit
919 905 979 960 in
1004 923 1096 961 me
1126 914 1436 978 sceptrum,
1488 915 1543 964 et
1589 915 1736 965 totas
1780 927 1900 964 ma-

197 1005 309 1044 nus
334 989 386 1042 ei
418 989 569 1056 dedi,
601 993 831 1047 vesania
858 994 1105 1048 libidinis
1132 995 1173 1064 ί,
1197 996 1504 1052 licentiosas
1526 1015 1627 1069 per
1657 999 1900 1053 dedecus

199 1077 540 1140 humanum,
582 1079 795 1134 illicitae
845 1087 1035 1136 autem
1079 1100 1181 1154 per
1231 1086 1385 1155 leges
1428 1088 1602 1140 tuas?
1641 1088 1765 1140 Non
1795 1087 1900 1141 fuit

197 1181 336 1219 cura
364 1182 619 1220 meorum
648 1174 908 1224 ruentem
941 1171 1198 1241 excipere
1237 1189 1329 1226 me
1357 1174 1726 1229 matrimonio
1752 1192 1765 1241 ;
1799 1175 1898 1230 sed

198 1271 338 1308 cura
369 1256 476 1310 fuit
503 1261 728 1312 tantum
757 1263 822 1312 ut
851 1259 1126 1314 discerem
1157 1278 1482 1319 sermonem
1511 1264 1694 1319 facere
1725 1281 1899 1336 quam

196 1343 502 1414 optimum,
537 1350 593 1400 et
621 1348 967 1417 persuadere
998 1349 1268 1406 dictione.

876 1437 1099 1492 CAPUT
1122 1439 1222 1493 IlI.

191 1521 271 1573 De
317 1524 748 1590 peregrinatione
801 1526 1106 1580 studiorum
1159 1543 1346 1596 causa,
1403 1533 1454 1582 et
1496 1529 1562 1583 de
1606 1535 1898 1600 parentum

892 1617 1192 1683 proposito.

269 1700 319 1751 5.
353 1699 417 1752 Et
446 1714 596 1752 anno
614 1700 966 1770 quidemillo
996 1703 1322 1758 intermissa
1340 1709 1504 1759 erant
1523 1705 1713 1760 studia
1743 1723 1890 1774 mea,

191 1784 335 1839 dum
363 1787 506 1840 mihi
551 1788 788 1843 reducto
837 1806 869 1844 a
917 1791 1216 1858 Madauris,
1251 1791 1312 1846 in
1359 1809 1472 1864 qua
1519 1794 1704 1848 vicina
1753 1797 1895 1850 urbe

181 1873 311 1944 jam
335 1891 618 1946 cmperam
648 1877 981 1933 litteraturae
1011 1884 1182 1952 atque
1213 1883 1476 1936 oratoriae
1516 1883 1896 1954 percipiendae

190 1964 382 2032 gratia
413 1964 789 2035 peregrinari,
834 1968 1255 2040 longinquioris
1300 1971 1451 2041 apud
1495 1972 1897 2043 Carthaginem

188 2051 672 2122 peregrinationis
702 2061 962 2126 sumptus
1010 2059 1504 2129 praeparabantur,
1536 2061 1895 2115 animositate

188 2139 377 2210 magis
407 2157 579 2211 quam
609 2141 812 2212 opibus
832 2145 1033 2215 patris,
1057 2147 1366 2217 municipis
1384 2149 1784 2219 Tbagastensis
1801 2151 1896 2204 ad-

187 2227 430 2281 modum
460 2229 674 2286 tenuis.
705 2231 806 2286 Cui
828 2248 996 2287 narro
1026 2233 1189 2287 haec?
1222 2235 1412 2306 Neque
1441 2236 1594 2289 enim
1608 2235 1730 2303 tibi,
1749 2237 1896 2290 Deus

187 2331 356 2370 meus
381 2333 394 2371 :
429 2318 526 2372 sed
558 2319 710 2388 apud
737 2324 792 2374 te
813 2337 982 2375 narro
1015 2322 1136 2377 hazc
1158 2323 1356 2394 generi
1382 2340 1531 2391 meo,
1560 2326 1756 2396 generi
1784 2326 1894 2379 hu-

186 2420 385 2472 mano,
420 2408 946 2480 quantulacumque
988 2427 1052 2464 ex
1097 2411 1377 2481 particula
1409 2412 1657 2468 incidere
1707 2419 1894 2484 potest

186 2491 251 2545 in
279 2491 417 2546 istas
449 2509 603 2548 meas
633 2495 865 2551 litteras.
900 2498 963 2551 Et
994 2499 1194 2569 utquid
1227 2499 1376 2554 hoc?
1404 2501 1472 2554 Ut
1495 2500 1757 2555 videlicet
1785 2519 1890 2572 ego

189 2585 249 2634 et
278 2581 536 2652 quisquis
563 2583 685 2638 hinc
715 2584 874 2655 legit,
923 2586 1237 2655 cogitemus
1285 2589 1356 2643 de
1403 2605 1577 2659 quam
1608 2590 1890 2660 profundo

185 2669 555 2724 clamandum
586 2672 658 2726 sit
686 2674 757 2728 ad
810 2678 887 2728 te.
924 2676 987 2729 Et
1018 2676 1154 2747 quid
1183 2677 1423 2748 propius
1471 2678 1708 2732 auribus
1753 2679 1887 2750 tuis,

184 2756 236 2810 si
271 2774 369 2811 cor
393 2759 668 2813 conﬁtens
694 2765 748 2814 et
778 2761 894 2816 vita
923 2779 986 2816 ex
1009 2763 1122 2818 ﬁde
1153 2765 1280 2820 est?
1310 2765 1446 2828 Quis
1477 2766 1630 2820 enim
1661 2783 1776 2820 non
1798 2783 1890 2821 ex-

184 2845 426 2900 tollebat
455 2847 719 2902 laudibus
735 2854 871 2904 tunc
889 2851 1183 2906 hominem
1210 2857 1431 2922 patrem
1461 2870 1657 2908 meum
1679 2854 1891 2926 ',quod

181 2933 340 2986 ultra
369 2933 514 2987 vires
543 2935 935 2992 reifamiliaris
961 2955 1078 2993 sua:
1109 2939 1596 3011 impenderetfilio
1611 2943 1889 3014 quidquid

181 3019 361 3075 etiam
392 3023 560 3093 longe
589 3025 980 3095 peregrinanti
1030 3028 1348 3083 studiorum
1394 3046 1562 3084 causa
1609 3047 1752 3102 opus
1800 3049 1887 3087 es-

183 3111 321 3163 set?
359 3111 664 3166 Multorum
691 3113 846 3168 enim
870 3115 1078 3169 civium
1108 3117 1275 3187 longe
1299 3118 1728 3188 opulentiorum
1758 3121 1887 3175 nul-

182 3197 309 3251 lum
338 3199 450 3252 tale
480 3201 776 3271 negotium
812 3219 916 3273 pro
949 3204 1140 3258 liberis
1169 3211 1328 3260 erat:
1365 3223 1495 3260 cum
1525 3207 1742 3262 interea
1771 3225 1886 3262 non

183 3288 468 3354 satageret
498 3287 649 3342 idem
679 3294 843 3359 pater
869 3291 1054 3362 qualis
1078 3309 1390 3347 crescerem
1424 3294 1550 3362 tibi,
1583 3300 1682 3350 aut
1713 3313 1887 3366 quam

178 3377 370 3426 castus
401 3390 621 3443 essem;
652 3376 965 3434 dummodo
995 3397 1177 3435 essem
1209 3381 1473 3452 disertus,
1503 3385 1592 3438 vel
1623 3384 1887 3439 desertus

176 3460 374 3530 potius
407 3465 691 3533 acultura,
713 3471 830 3533 tua,
848 3469 1014 3535 Deus,
1039 3469 1139 3540 qui
1167 3485 1226 3524 es
1251 3487 1399 3525 unus
1421 3487 1589 3526 verus
1617 3477 1673 3528 et
1697 3474 1884 3528 bonus

183 3549 462 3605 Dominus
491 3553 617 3622 agri
645 3554 730 3608 tui
756 3556 940 3611 cordis
969 3557 1100 3612 mei.

260 3641 312 3693 6.
343 3638 448 3693 Sed
475 3640 572 3694 ubi
602 3648 757 3696 sexto
807 3643 905 3698 illo
958 3649 1013 3699 et
1041 3646 1261 3700 decimo
1317 3664 1491 3716 anno,
1547 3648 1885 3720 interposito

177 3724 295 3782 otio
329 3741 397 3780 ex
424 3728 757 3784 necessitate
788 3731 1098 3787 domestica
1123 3733 1360 3789 feriatus
1382 3737 1453 3790 ab
1484 3737 1643 3791 omni
1669 3738 1883 3807 schola,

182 3829 313 3868 cum
347 3817 677 3885 parentibus
708 3835 829 3873 esse
859 3820 1024 3890 coepi,
1074 3828 1436 3877 excesserunt
1475 3829 1645 3895 caput
1691 3842 1884 3880 meum

176 3919 375 3973 vepres
421 3903 762 3971 libidinum;
820 3912 876 3962 et
926 3910 1082 3964 nulla
1140 3917 1260 3966 erat
1289 3913 1583 3967 eradicans
1650 3931 1875 3968 manus.

176 3990 448 4056 Quinimo
477 3991 577 4045 ubi
592 4009 680 4046 me
707 3993 800 4047 ille
813 3996 1050 4064 paterin
1066 3998 1286 4052 balneis
1300 3999 1879 4071 viditpubescentem,

177 4083 236 4134 et
268 4077 522 4148 inquieta
560 4079 825 4136 indutum
856 4083 1258 4152 adolescentia,
1290 4088 1454 4158 quasi
1507 4089 1629 4158 jam
1660 4106 1725 4143 ex
1775 4090 1883 4144 hoc

176 4165 238 4220 in
270 4171 506 4235 nepotes
526 4168 781 4238 gestiret,
807 4171 1062 4240 gaudens
1090 4173 1260 4227 matri
1287 4174 1556 4230 indicavit
1584 4197 1599 4243 ;
1628 4178 1883 4248 gaudens

177 4253 490 4308 vinolentia
522 4255 582 4309 in
600 4272 712 4327 qua
727 4258 897 4312 teiste
929 4261 1175 4315 mundus
1205 4262 1415 4317 oblitus
1445 4268 1530 4318 est
1558 4265 1882 4320 Creatorem

180 4357 372 4410 suum,
405 4347 462 4397 et
489 4349 809 4400 creaturam
834 4353 992 4402 tuam
1023 4365 1124 4418 pro
1159 4355 1216 4403 te
1247 4351 1476 4418 amavit,
1523 4353 1593 4407 de
1630 4353 1762 4408 vino
1791 4354 1883 4409 in-

178 4429 388 4484 visibili
417 4443 698 4500 perversa:
746 4439 918 4506 atque
964 4435 1251 4492 inclinatae
1275 4444 1296 4474 ³
1325 4439 1386 4493 in
1429 4440 1548 4496 ima
1575 4442 1882 4497 voluntatis

175 4535 312 4573 suae.
355 4519 464 4574 Sed
489 4522 688 4575 matris
715 4522 774 4576 in
803 4528 1030 4594 pectore
1051 4525 1174 4596 jam
1196 4526 1563 4583 inchoaveras
1593 4532 1875 4601 templum

175 4609 362 4673 tuum,
391 4613 446 4662 et
471 4609 768 4664 exordium
799 4617 1008 4666 sanctas
1055 4613 1422 4670 habitationis
1451 4623 1563 4672 tua;
1589 4635 1601 4673 :
1635 4635 1766 4672 nam
1785 4619 1879 4673 ille

173 4694 359 4749 adhuc
382 4698 846 4766 catechumenus,
874 4707 932 4753 et
970 4700 1077 4754 hoc
1130 4718 1326 4757 recens
1356 4711 1496 4760 erat.
1539 4708 1736 4777 Itaque
1774 4707 1874 4762 illa

172 4782 386 4837 exilivit
415 4783 510 4854 pia
540 4785 922 4856 trepidatione
957 4805 1020 4842 ac
1057 4794 1302 4845 tremore
1327 4809 1340 4860 ;
1367 4800 1423 4847 et
1450 4795 1710 4864 quamvis
1734 4795 1877 4850 mihi

170 4871 433 4925 nondum
462 4873 640 4941 ﬁdeli,
675 4875 869 4930 timuit
894 4881 1087 4931 tamen
1114 4877 1232 4934 vias
1261 4880 1545 4949 distortas,
1574 4881 1634 4936 in
1667 4883 1876 4954 quibus

170 4959 472 5014 ambulant
500 4961 600 5031 qui
629 4968 853 5032 ponunt
871 4965 943 5019 ad
976 4970 1032 5020 te
1052 4971 1299 5037 tergum,
1337 4973 1394 5023 et
1421 4985 1537 5024 non
1565 4971 1792 5027 faciem.

238 5051 293 5102 7.
328 5047 430 5102 Hei
460 5049 601 5104 mihi
625 5051 636 5105 !
666 5053 913 5108 etaudeo
931 5055 1118 5111 dicere
1147 5057 1389 5112 tacuisse
1423 5062 1500 5129 te,
1522 5060 1666 5115 Deus
1688 5077 1872 5128 meus,

231 5160 253 5238 ξ
295 5163 419 5238 μον.
443 5163 722 5238 Somm._e_t
750 5167 905 5238 Illas"
935 5172 1214 5238 accepttin
1232 5187 1312 5222 me
1343 5173 1566 5238 luxuria
1593 5179 1870 5238 sceptrum,

164 5226 374 5302 attritas
397 5239 592 5302 mqnus
611 5230 657 5302 et
679 5229 798 5300 dedi
832 5226 1068 5302 υᾳζδαηίιτί
1086 5234 1330 5285 libidinis.
1351 5238 1420 5302 _ln
1447 5237 1563 5286 aliis
1602 5226 1864 5302 plerisque

180 5287 451 5359 condi’cibus
477 5288 765 5359 habeturin
780 5299 939 5354 recto,
965 5302 1213 5356 vesania;
1247 5303 1298 5347 et
1317 5299 1466 5348 abest
1487 5287 1618 5359 vox:
1634 5287 1871 5352 luxuria.

233 5350 857 5427 quuAtseuiﬁrri‘horniuum
893 5350 1008 5427 τιόηΔ
1034 5350 1315 5427 ςῳτοιζὲρᾳι
1355 5350 1609 5412 laudibus
1625 5350 1748 5413 tunc
1773 5377 1871 5427 pa-

169 5413 301 5457 trem
320 5420 526 5462 meum?
555 5414 714 5463 Juxta
740 5416 935 5465 Somm.
965 5422 1016 5466 et
1047 5420 1218 5468 Rond.
1237 5422 1305 5469 M.

231 5473 251 5504 ³
281 5473 402 5521 Mss.
435 5475 696 5538 Lyrensis.
719 5491 1004 5542 perc-crsu:
1033 5487 1192 5544 atque
1225 5482 1530 5536 inclinatus.

1618 257 1830 314 LIBER
1907 260 2294 322 SECUNDUS.

3606 292 3708 342 678

2019 403 2148 442 cum
2179 387 2322 444 irem
2352 391 2450 445 abs
2479 396 2534 446 te
2564 395 2809 466 longius.
2844 399 3002 453 Itane
3032 405 3093 454 tu
3124 404 3349 458 tacebas
3373 409 3509 460 tunc
3534 408 3718 463 mihi?

2019 479 2085 532 Et
2114 481 2274 548 cujus
2301 488 2482 550 erant,
2510 485 2622 538 nisi
2647 492 2762 555 tua,
2797 489 2969 542 verba
2989 489 3086 543 illa
3104 507 3208 561 per
3236 499 3472 549 matrem
3506 513 3712 564 meam,

2017 568 2243 624 tidelem
2274 576 2448 636 tuam,
2485 590 2611 644 quae
2640 576 2876 630 cantasti
2912 579 2972 631 in
3009 595 3173 633 aures
3213 583 3412 636 meas?
3443 585 3554 638 Nec
3585 585 3718 640 inde

2015 658 2331 730 quidquam
2364 662 2653 716 descendit
2685 664 2743 717 in
2771 681 2888 731 cor,
2919 672 2985 720 ut
3014 668 3258 724 facerem
3289 670 3452 725 illud.
3473 674 3711 728 Volebat

2014 746 2168 800 enim
2199 747 2315 815 illa,
2349 754 2403 803 et
2433 756 2646 805 secreto
2678 754 2915 808 memini
2947 761 3009 809 ut
3037 759 3327 813 monuerit
3347 776 3478 814 cum
3508 762 3712 816 sollici-

2013 835 2210 890 tudine
2243 837 2460 907 ingenti
2491 855 2559 892 ne
2591 840 2918 909 fornicarer,
2970 846 3326 919 maximeque
3369 864 3440 902 ne
3481 850 3706 906 adulte-

2012 940 2198 980 rarem
2223 927 2562 999 cujusquam
2593 946 2848 986 uxorem.
2883 933 2990 996 Qui
3023 935 3164 989 mihi
3209 937 3458 992 monitus
3498 940 3704 994 mulie-

2012 1013 2140 1067 bres
2177 1015 2536 1083 videbantur,
2592 1019 2802 1089 quibus
2850 1023 3246 1092 obtemperare
3291 1027 3707 1083 erubescerem.

2012 1102 2099 1155 Illi
2121 1109 2310 1157 autem
2346 1105 2427 1158 tui
2458 1113 2638 1173 erant,
2667 1113 2722 1161 et
2749 1110 3070 1163 nesciebam
3103 1129 3114 1166 :
3143 1119 3199 1166 et
3228 1117 3285 1167 te
3326 1120 3513 1169 tacere
3540 1122 3706 1186 puta-

2011 1191 2164 1256 bam,
2189 1193 2530 1263 atqueillam
2552 1195 2729 1265 loqui,
2763 1214 2865 1266 per
2891 1215 3062 1268 quam
3079 1200 3217 1254 mihi
3237 1207 3301 1255 tu
3318 1220 3432 1256 non
3459 1205 3702 1267 tacebas,

2010 1279 2137 1334 etin
2157 1280 2255 1334 illa
2271 1285 2769 1339 contemnebarisa
2789 1302 2878 1339 me
2895 1288 3012 1340 tilio
3037 1289 3178 1359 ejus,
3197 1291 3314 1344 ﬁlio
3336 1293 3555 1346 ancillae
3571 1299 3705 1361 tum,

2010 1385 2170 1422 servo
2201 1374 2318 1423 tuo.
2352 1371 2458 1424 Sed
2497 1372 2838 1440 nesciebam,
2874 1381 2928 1429 et
2957 1393 3210 1448 praeceps
3233 1379 3387 1434 ibam
3414 1385 3571 1436 tanta
3599 1399 3707 1436 cae-

2009 1457 2200 1528 citate,
2232 1462 2294 1512 ut
2325 1459 2471 1513 inter
2500 1466 2819 1516 coaetaneos
2869 1481 3026 1518 meos
3064 1468 3306 1536 puderet
3338 1485 3428 1523 me
3466 1471 3708 1525 minoris

2009 1546 2316 1612 dedecoris,
2367 1549 2638 1619 quoniam
2688 1552 2987 1607 audiebam
3031 1571 3125 1608 eos
3168 1557 3448 1625 jactantes
3492 1559 3708 1629 ﬂagitia

2009 1652 2130 1702 sua,
2161 1640 2213 1690 et
2237 1641 2395 1690 tanto
2423 1639 2732 1707 gloriantes
2777 1642 2977 1712 magis.
3029 1650 3244 1714 quanto
3277 1647 3459 1716 magis
3510 1652 3705 1719 turpes

2009 1730 2230 1779 essent:
2265 1731 2322 1780 et
2351 1727 2564 1782 libebat
2621 1730 2801 1783 facere
2860 1747 2976 1784 non
3027 1733 3214 1786 solum
3272 1734 3510 1788 libidine
3550 1735 3704 1803 facti,

2007 1829 2204 1868 verum
2235 1814 2405 1869 etiam
2446 1816 2645 1871 laudis.
2705 1819 2853 1882 Quid
2883 1819 3122 1889 dignum
3159 1825 3246 1875 est
3274 1823 3697 1892 vituperatione

2008 1902 2120 1956 nisi
2148 1903 2396 1959 vitium?
2453 1906 2566 1976 Ego
2612 1923 2684 1961 ne
2736 1907 3108 1978 vituperarer,
3162 1908 3420 1964 vitiosior
3449 1910 3702 1979 fiebam;

2008 1995 2064 2045 et
2089 1991 2188 2044 ubi
2218 2008 2336 2046 non
2367 1993 2596 2048 suberat
2623 2011 2736 2066 quo
2757 1995 3003 2049 admisso
3031 2013 3292 2068 mquarer
3312 2000 3571 2068 perditis,
3593 2001 3702 2055 ﬁn-

2007 2079 2212 2150 gebam
2245 2097 2334 2134 me
2363 2081 2557 2136 fecisse
2589 2084 2739 2154 quod
2767 2101 2882 2138 non
2929 2085 3193 2153 feceram,
3226 2103 3297 2141 ne
3330 2088 3553 2143 viderer
3603 2091 3700 2144 ab-

2000 2165 2204 2236 jectior
2224 2183 2336 2237 quo
2367 2155 2524 2223 eram
2548 2169 2926 2234 innocentior,
2949 2177 3006 2226 et
3026 2189 3098 2227 ne
3129 2173 3295 2227 vilior
3317 2175 3559 2230 haberer
3587 2192 3702 2247 quo

2006 2271 2161 2308 eram
2193 2256 2417 2312 castior.

2074 2345 2125 2398 8.
2159 2345 2292 2398 Ecce
2320 2361 2451 2398 cum
2481 2346 2689 2417 quibus
2719 2348 3021 2403 comitibus
3052 2348 3160 2402 iter
3188 2350 3427 2417 agebam
3477 2352 3692 2422 platea-

2003 2447 2136 2486 rum
2166 2433 2506 2504 Babyloniae,
2539 2439 2596 2489 et
2624 2437 2917 2490 volutabar
2944 2437 3005 2491 in
3036 2453 3195 2492 coeno
3249 2439 3391 2509 ejus,
3423 2444 3699 2511 tanquam

2000 2519 2061 2574 in
2113 2522 2390 2576 cinnamis
2443 2528 2498 2578 et
2550 2526 2861 2595 unguentis
2900 2525 3178 2596 pretiosis.
3219 2527 3281 2580 Et
3332 2527 3391 2580 in
3423 2528 3694 2582 umbilico

2003 2608 2144 2678 ejus,
2195 2627 2308 2681 quo
2355 2611 2611 2665 tenacius
2657 2613 2960 2682 haererem,
3003 2613 3255 2666 calcabat
3313 2630 3404 2668 me
3435 2615 3699 2669 inimicus

2001 2695 2324 2766 invisibilis,
2388 2702 2443 2752 et
2507 2700 2810 2754 seducebat
2872 2716 2986 2768 me,
3041 2701 3177 2771 quia
3245 2717 3352 2772 ego
3410 2703 3698 2757 seductilis

2002 2801 2176 2840 eram.
2211 2786 2337 2840 Non
2365 2787 2518 2840 enim
2556 2793 2611 2841 et
2641 2789 2757 2856 illa,
2789 2805 2916 2859 quas
2955 2790 3079 2859 jam
3125 2789 3194 2842 de
3237 2790 3427 2844 medio
3457 2792 3695 2860 Babylo-

2000 2871 2088 2925 nis
2118 2873 2365 2944 fugerat,
2414 2876 2508 2928 sed
2557 2875 2675 2929 ibat
2719 2876 2781 2929 in
2830 2877 3052 2930 caeteris
3093 2877 3216 2946 ejus
3259 2878 3476 2931 tardior
3517 2884 3701 2932 mater

2000 2961 2184 3014 carnis
2211 2978 2374 3029 meae,
2408 2963 2551 3017 sicut
2578 2964 2800 3018 monuit
2828 2980 2918 3018 me
2961 2965 3317 3035 pudicitiam,
3359 2966 3439 3020 ita
3481 2967 3697 3021 curavit

1999 3050 2152 3120 quod
2184 3051 2252 3104 de
2275 3067 2366 3105 me
2396 3070 2426 3104 a
2456 3052 2578 3105 viro
2609 3068 2710 3106 suo
2742 3053 3016 3118 audierat,
3068 3054 3301 3124 jamque
3344 3055 3695 3124 pestilentio-

2000 3155 2126 3192 sum
2157 3143 2214 3193 et
2243 3139 2299 3193 in
2322 3144 2610 3210 posterum
2664 3141 3047 3212 periculosum
3092 3141 3390 3208 sentiebat,
3435 3159 3694 3197 coercere

1998 3227 2244 3281 termino
2274 3228 2588 3299 conjugalis
2619 3229 2870 3296 affectus,
2903 3231 2948 3283 si
2985 3231 3228 3284 resecari
3258 3231 3326 3284 ad
3359 3231 3547 3284 vivum
3575 3248 3692 3286 non

1997 3320 2242 3386 poterat.
2267 3316 2392 3370 Non
2421 3316 2638 3371 curavit
2667 3317 2773 3370 hoc
2805 3318 2940 3388 quia
2970 3323 3156 3372 metus
3183 3323 3306 3372 erat
3335 3335 3406 3372 ne
3444 3319 3690 3390 impedi-

1999 3409 2156 3459 retur
2185 3420 2313 3474 spes
2364 3421 2490 3458 mea
2519 3406 2792 3476 compede
2823 3406 3059 3473 uxoria;
3087 3423 3205 3461 non
3237 3423 3363 3478 spes
3392 3407 3490 3462 illa
3516 3424 3690 3479 quam

1997 3492 2057 3546 in
2085 3497 2140 3547 te
2169 3493 2347 3547 futuri
2377 3494 2567 3548 saeculi
2594 3495 2836 3548 habebat
2857 3500 3056 3562 mater,
3085 3495 3181 3549 sed
3195 3513 3322 3566 spes
3347 3495 3690 3564 litterarum,

1998 3598 2138 3652 quas
2170 3587 2235 3636 ut
2266 3597 2489 3636 nossem
2529 3582 2698 3636 nimis
2729 3583 2953 3638 volebat
3004 3600 3215 3654 parens
3263 3589 3500 3656 uterque
3529 3602 3542 3653 ;
3573 3586 3690 3651 ille,

1998 3670 2132 3740 quia
2160 3670 2228 3724 de
2253 3674 2308 3724 te
2338 3687 2518 3740 prope
2548 3671 2691 3724 nihil
2713 3671 3015 3742 cogitabat,
3050 3673 3119 3728 de
3144 3688 3236 3726 me
3254 3678 3443 3727 autem
3471 3674 3682 3740 inania;

1995 3758 2093 3812 illa
2123 3763 2332 3824 autem,
2366 3759 2501 3828 quia
2549 3775 2663 3812 non
2719 3760 2902 3812 solum
2955 3760 3111 3813 nullo
3167 3760 3532 3824 detrimento,
3591 3762 3688 3815 sed

1996 3846 2168 3900 etiam
2200 3847 2476 3899 nonnullo
2507 3846 2840 3916 adjumento
2874 3848 2941 3901 ad
2956 3852 3008 3901 te
3038 3848 3468 3918 adipiscendum
3498 3849 3689 3902 futura

1995 3935 2354 3988 existimabat
2380 3935 2588 3989 usitata
2613 3936 2713 3989 illa
2737 3935 2922 3990 studia
2944 3935 3238 3990 doctrinae.
3271 3938 3352 3990 Ita
3380 3936 3533 3990 enim
3551 3953 3684 3990 con-

1994 4023 2147 4095 jicio,
2181 4024 2456 4092 recolens,
2490 4028 2550 4078 ut
2570 4040 2820 4095 possum,
2857 4041 3043 4078 mores
3072 4030 3376 4095 parentum
3403 4041 3682 4080 meorum.

1995 4111 2417 4166 Relaxabantur
2444 4111 2616 4166 etiam
2649 4112 2790 4166 mihi
2813 4113 2883 4167 ad
2913 4113 3228 4167 ludendum
3258 4113 3687 4179 habente,ultra

1991 4205 2508 4270 temperamentum
2536 4201 2870 4268 severitatis,
2896 4203 2955 4256 in
2970 4202 3404 4256 dissolutionem
3436 4202 3684 4257 all'ectio-

1994 4304 2132 4342 num
2157 4288 2462 4349 variarum,
2494 4293 2550 4343 et
2573 4289 2634 4343 in
2662 4291 2929 4345 omnibus
2959 4296 3080 4345 erat
3094 4291 3276 4361 caligo
3302 4291 3684 4346 intercludens

1992 4376 2156 4445 mihi,
2189 4379 2336 4431 Deus
2365 4393 2544 4444 meus,
2577 4378 2942 4433 serenitatem
2988 4379 3237 4433 veritatis
3269 4383 3417 4433 tum:
3452 4383 3508 4432 et
3544 4395 3684 4449 pro-

1994 4465 2150 4520 dibat
2178 4470 2451 4537 tanquam
2481 4482 2545 4521 ex
2577 4466 2742 4538 adipe
2771 4467 3044 4538 iniquitas
3065 4485 3194 4523 mea
3219 4470 3386 4538 (Psal.
3421 4468 3679 4538 Lxxnﬂ).

2659 4559 2884 4612 CAPUT
2924 4559 3010 4612 IV.

2275 4648 2501 4700 Furtum
2539 4661 2659 4700 cum
2695 4646 2971 4700 sodalibus
3005 4651 3398 4716 perpetratum.

2060 4737 2111 4787 9.
2149 4734 2386 4787 Furtum
2417 4737 2566 4788 certe
2598 4734 2765 4804 punit
2796 4735 2879 4789 lex
2911 4740 3025 4800 tua,
3065 4735 3322 4799 Domine,
3355 4739 3411 4789 et
3439 4735 3526 4789 lex
3543 4734 3684 4812 scri-

1987 4827 2084 4894 pta
2112 4822 2170 4877 in
2201 4823 2465 4878 cordibus
2485 4824 2807 4890 hominum,
2840 4841 3012 4896 quam
3034 4841 3105 4879 ne
3127 4824 3250 4896 ipsa
3275 4825 3508 4896 quidem
3531 4825 3682 4879 delet

1987 4912 2280 4984 iniquitas.
2310 4912 2447 4976 Quis
2477 4912 2632 4966 enim
2659 4913 2750 4967 fur
2779 4929 2944 4984 inquo
2971 4914 3163 4968 animo
3195 4914 3380 4968 furem
3418 4914 3681 4984 patitur?

1988 5002 2101 5055 Nec
2131 4999 2396 5072 copiosus
2427 5001 2689 5055 adactum
2720 5001 2930 5072 inopia.
2971 5004 3034 5056 Et
3085 5019 3192 5073 ego
3221 5003 3440 5056 furtum
3494 5001 3678 5054 facere

1953 5153 1956 5156 ξ
1985 5089 2140 5143 volui
2168 5093 2224 5143 et
2252 5089 2377 5156 feci,
2413 5090 2570 5143 nulla
2599 5091 2928 5161 compulsus
2967 5096 3214 5163 egestate
3265 5107 3369 5144 nec
3413 5088 3673 5159 penuria,

1987 5177 2080 5231 sed
2110 5177 2336 5232 fastidio
2370 5178 2610 5248 justitia:
2639 5175 2683 5244 ί,
2729 5183 2785 5232 et
2817 5179 3015 5250 sagina
3046 5178 3388 5250 iniquitatis.
3429 5177 3572 5229 Nam
3617 5174 3674 5228 id

1983 5265 2202 5320 furatus
2235 5282 2362 5320 sum
2395 5266 2546 5336 quod
2580 5267 2721 5320 mihi
2748 5268 3093 5335 abundabat,
3132 5273 3186 5321 et
3211 5267 3390 5320 multo
3420 5264 3624 5317 melius
3657 5279 3670 5317 :

1983 5370 2089 5409 nec
2131 5371 2198 5409 ea
2226 5371 2287 5409 re
2319 5357 2577 5410 volebam
2608 5356 2718 5410 frui
2751 5374 2923 5428 quam
2975 5357 3124 5411 furto
3162 5353 3498 5424 appetebam
3525 5368 3539 5418 ;
3573 5353 3671 5406 sed

2048 5490 2059 5522 ι
2093 5488 2213 5535 Mss.
2241 5487 2653 5551 frequentiores:
2688 5463 2800 5538 Nisi
2821 5493 3044 5552 penuria
3065 5491 3115 5536 et
3132 5465 3604 5549 [ds/idiojustitia’.
