  <div class='ocr_page' id='page_1' title='image "/cluster/home/n/w/nwhite01/storage/ocr_20150623/32/umn.31951002477326y/351.png"; bbox 0 0 4058 6366; ppageno 0'>
   <div class='ocr_carea' id='block_1_1' title="bbox 418 236 521 286">
    <p class='ocr_par' dir='ltr' id='par_1_1' title="bbox 418 236 521 286">
     <span class='ocr_line' id='line_1_1' title="bbox 418 236 521 286; baseline -0.01 0"><span class='ocrx_word' id='word_1_1' title='bbox 418 236 521 286; x_wconf 83' lang='lat'><strong>679</strong></span> 
     </span>
    </p>
   </div>
   <div class='ocr_carea' id='block_1_2' title="bbox 399 350 2097 426">
    <p class='ocr_par' dir='ltr' id='par_1_2' title="bbox 399 350 2097 426">
     <span class='ocr_line' id='line_1_2' title="bbox 399 350 2097 426; baseline -0.003 -17"><span class='ocrx_word' id='word_1_2' title='bbox 399 355 525 426; x_wconf 91' lang='lat' dir='ltr'><strong>ipso</strong></span> <span class='ocrx_word' id='word_1_3' title='bbox 545 354 699 410; x_wconf 90' lang='lat' dir='ltr'><strong>furto</strong></span> <span class='ocrx_word' id='word_1_4' title='bbox 729 356 785 408; x_wconf 92' lang='lat' dir='ltr'><strong>et</strong></span> <span class='ocrx_word' id='word_1_5' title='bbox 811 356 1064 424; x_wconf 89' lang='lat' dir='ltr'><strong>peccato.</strong></span> <span class='ocrx_word' id='word_1_6' title='bbox 1092 352 1276 407; x_wconf 81' lang='lat' dir='ltr'><strong>Arbor</strong></span> <span class='ocrx_word' id='word_1_7' title='bbox 1315 356 1438 406; x_wconf 88' lang='lat' dir='ltr'><strong>erat</strong></span> <span class='ocrx_word' id='word_1_8' title='bbox 1481 351 1640 423; x_wconf 83' lang='lat' dir='ltr'><strong>pirus</strong></span> <span class='ocrx_word' id='word_1_9' title='bbox 1681 350 1744 405; x_wconf 91' lang='lat' dir='ltr'><strong>in</strong></span> <span class='ocrx_word' id='word_1_10' title='bbox 1768 350 1976 406; x_wconf 82' lang='lat' dir='ltr'><strong>vicinia</strong></span> <span class='ocrx_word' id='word_1_11' title='bbox 2010 351 2097 405; x_wconf 85' lang='lat' dir='ltr'><strong>vi-</strong></span> 
     </span>
    </p>
   </div>
   <div class='ocr_carea' id='block_1_3' title="bbox 390 440 2095 512">
    <p class='ocr_par' dir='ltr' id='par_1_3' title="bbox 390 440 2095 512">
     <span class='ocr_line' id='line_1_3' title="bbox 390 440 2095 512; baseline -0.002 -14"><span class='ocrx_word' id='word_1_12' title='bbox 390 460 514 498; x_wconf 85' lang='lat' dir='ltr'><strong>nea</strong></span> <span class='ocrx_word' id='word_1_13' title='bbox 543 447 753 497; x_wconf 87' lang='lat' dir='ltr'><strong>nostra</strong></span> <span class='ocrx_word' id='word_1_14' title='bbox 783 441 968 512; x_wconf 90' lang='lat' dir='ltr'><strong>pomis</strong></span> <span class='ocrx_word' id='word_1_15' title='bbox 993 448 1216 508; x_wconf 88' lang='lat' dir='ltr'><strong>onusta,</strong></span> <span class='ocrx_word' id='word_1_16' title='bbox 1247 457 1352 495; x_wconf 91' lang='lat' dir='ltr'><strong>nec</strong></span> <span class='ocrx_word' id='word_1_17' title='bbox 1380 440 1565 495; x_wconf 89' lang='lat' dir='ltr'><strong>forma</strong></span> <span class='ocrx_word' id='word_1_18' title='bbox 1593 456 1699 494; x_wconf 91' lang='lat' dir='ltr'><strong>nec</strong></span> <span class='ocrx_word' id='word_1_19' title='bbox 1728 457 1930 511; x_wconf 88' lang='lat' dir='ltr'><strong>sapore</strong></span> <span class='ocrx_word' id='word_1_20' title='bbox 1967 440 2095 495; x_wconf 88' lang='lat' dir='ltr'><strong>ille-</strong></span> 
     </span>
    </p>
   </div>
   <div class='ocr_carea' id='block_1_4' title="bbox 389 529 2090 600">
    <p class='ocr_par' dir='ltr' id='par_1_4' title="bbox 389 529 2090 600">
     <span class='ocr_line' id='line_1_4' title="bbox 389 529 2090 600; baseline -0.002 -14"><span class='ocrx_word' id='word_1_21' title='bbox 389 531 657 587; x_wconf 86' lang='lat' dir='ltr'><strong>cebrosis.</strong></span> <span class='ocrx_word' id='word_1_22' title='bbox 692 532 776 585; x_wconf 88' lang='lat' dir='ltr'><strong>Ad</strong></span> <span class='ocrx_word' id='word_1_23' title='bbox 828 530 977 584; x_wconf 83' lang='lat' dir='ltr'><strong>hanc</strong></span> <span class='ocrx_word' id='word_1_24' title='bbox 1007 529 1399 584; x_wconf 75' lang='lat' dir='ltr'><strong>excutiendam</strong></span> <span class='ocrx_word' id='word_1_25' title='bbox 1454 533 1623 600; x_wconf 87' lang='lat' dir='ltr'><strong>atque</strong></span> <span class='ocrx_word' id='word_1_26' title='bbox 1662 529 2090 600; x_wconf 75' lang='lat' dir='ltr'><strong>asportandum,</strong></span> 
     </span>
    </p>
   </div>
   <div class='ocr_carea' id='block_1_5' title="bbox 390 616 2092 689">
    <p class='ocr_par' dir='ltr' id='par_1_5' title="bbox 390 616 2092 689">
     <span class='ocr_line' id='line_1_5' title="bbox 390 616 2092 689; baseline -0.001 -17"><span class='ocrx_word' id='word_1_27' title='bbox 390 617 732 689; x_wconf 86' lang='lat' dir='ltr'><strong>nequissimi</strong></span> <span class='ocrx_word' id='word_1_28' title='bbox 747 617 1155 672; x_wconf 84' lang='lat' dir='ltr'><strong>adolescentuli</strong></span> <span class='ocrx_word' id='word_1_29' title='bbox 1166 616 1524 688; x_wconf 84' lang='lat' dir='ltr'><strong>perreximus</strong></span> <span class='ocrx_word' id='word_1_30' title='bbox 1536 621 1703 671; x_wconf 90' lang='lat' dir='ltr'><strong>nocte</strong></span> <span class='ocrx_word' id='word_1_31' title='bbox 1728 617 2092 688; x_wconf 82' lang='lat' dir='ltr'><strong>intempesta,</strong></span> 
     </span>
    </p>
   </div>
   <div class='ocr_carea' id='block_1_6' title="bbox 391 705 2097 779">
    <p class='ocr_par' dir='ltr' id='par_1_6' title="bbox 391 705 2097 779">
     <span class='ocr_line' id='line_1_6' title="bbox 391 705 2097 779; baseline -0.001 -19"><span class='ocrx_word' id='word_1_32' title='bbox 391 723 690 779; x_wconf 80' lang='lat' dir='ltr'><strong>quousque</strong></span> <span class='ocrx_word' id='word_1_33' title='bbox 721 706 921 762; x_wconf 90' lang='lat' dir='ltr'><strong>ludum</strong></span> <span class='ocrx_word' id='word_1_34' title='bbox 977 706 1047 759; x_wconf 90' lang='lat' dir='ltr'><strong>de</strong></span> <span class='ocrx_word' id='word_1_35' title='bbox 1079 705 1418 776; x_wconf 88' lang='lat' dir='ltr'><strong>pestilentia</strong></span> <span class='ocrx_word' id='word_1_36' title='bbox 1465 721 1626 760; x_wconf 88' lang='lat' dir='ltr'><strong>more</strong></span> <span class='ocrx_word' id='word_1_37' title='bbox 1682 705 1743 759; x_wconf 90' lang='lat' dir='ltr'><strong>in</strong></span> <span class='ocrx_word' id='word_1_38' title='bbox 1774 707 1919 760; x_wconf 92' lang='lat' dir='ltr'><strong>areis</strong></span> <span class='ocrx_word' id='word_1_39' title='bbox 1967 722 2097 777; x_wconf 75' lang='lat' dir='ltr'><strong>pro-</strong></span> 
     </span>
    </p>
   </div>
   <div class='ocr_carea' id='block_1_7' title="bbox 396 792 2096 865">
    <p class='ocr_par' dir='ltr' id='par_1_7' title="bbox 396 792 2096 865">
     <span class='ocr_line' id='line_1_7' title="bbox 396 792 2096 865; baseline -0.002 -15"><span class='ocrx_word' id='word_1_40' title='bbox 396 796 776 861; x_wconf 82' lang='lat' dir='ltr'><strong>duxeramus;</strong></span> <span class='ocrx_word' id='word_1_41' title='bbox 809 798 863 847; x_wconf 87' lang='lat' dir='ltr'><strong>et</strong></span> <span class='ocrx_word' id='word_1_42' title='bbox 896 794 1237 847; x_wconf 83' lang='lat' dir='ltr'><strong>abstulimus</strong></span> <span class='ocrx_word' id='word_1_43' title='bbox 1265 793 1401 848; x_wconf 90' lang='lat' dir='ltr'><strong>inde</strong></span> <span class='ocrx_word' id='word_1_44' title='bbox 1436 810 1610 848; x_wconf 90' lang='lat' dir='ltr'><strong>onera</strong></span> <span class='ocrx_word' id='word_1_45' title='bbox 1654 792 1939 865; x_wconf 88' lang='lat' dir='ltr'><strong>ingentia,</strong></span> <span class='ocrx_word' id='word_1_46' title='bbox 1979 809 2096 847; x_wconf 92' lang='lat' dir='ltr'><strong>non</strong></span> 
     </span>
    </p>
   </div>
   <div class='ocr_carea' id='block_1_8' title="bbox 391 879 2094 952">
    <p class='ocr_par' dir='ltr' id='par_1_8' title="bbox 391 879 2094 952">
     <span class='ocr_line' id='line_1_8' title="bbox 391 879 2094 952; baseline -0.002 -15"><span class='ocrx_word' id='word_1_47' title='bbox 391 883 463 937; x_wconf 89' lang='lat' dir='ltr'><strong>ad</strong></span> <span class='ocrx_word' id='word_1_48' title='bbox 492 887 719 937; x_wconf 88' lang='lat' dir='ltr'><strong>nostras</strong></span> <span class='ocrx_word' id='word_1_49' title='bbox 741 882 956 952; x_wconf 85' lang='lat' dir='ltr'><strong>epulas,</strong></span> <span class='ocrx_word' id='word_1_50' title='bbox 987 881 1085 935; x_wconf 84' lang='lat' dir='ltr'><strong>sed</strong></span> <span class='ocrx_word' id='word_1_51' title='bbox 1114 882 1201 936; x_wconf 87' lang='lat' dir='ltr'><strong>vel</strong></span> <span class='ocrx_word' id='word_1_52' title='bbox 1230 880 1588 951; x_wconf 87' lang='lat' dir='ltr'><strong>projicienda</strong></span> <span class='ocrx_word' id='word_1_53' title='bbox 1615 881 1825 951; x_wconf 90' lang='lat' dir='ltr'><strong>porcis,</strong></span> <span class='ocrx_word' id='word_1_54' title='bbox 1866 879 2094 935; x_wconf 89' lang='lat' dir='ltr'><strong>etiamsi</strong></span> 
     </span>
    </p>
   </div>
   <div class='ocr_carea' id='block_1_9' title="bbox 395 969 2095 1042">
    <p class='ocr_par' dir='ltr' id='par_1_9' title="bbox 395 969 2095 1042">
     <span class='ocr_line' id='line_1_9' title="bbox 395 969 2095 1042; baseline -0.001 -17"><span class='ocrx_word' id='word_1_55' title='bbox 395 970 615 1042; x_wconf 88' lang='lat' dir='ltr'><strong>aliquid</strong></span> <span class='ocrx_word' id='word_1_56' title='bbox 645 971 778 1025; x_wconf 87' lang='lat' dir='ltr'><strong>inde</strong></span> <span class='ocrx_word' id='word_1_57' title='bbox 804 969 1189 1036; x_wconf 88' lang='lat' dir='ltr'><strong>comedimus;</strong></span> <span class='ocrx_word' id='word_1_58' title='bbox 1232 970 1367 1026; x_wconf 90' lang='lat' dir='ltr'><strong>dum</strong></span> <span class='ocrx_word' id='word_1_59' title='bbox 1416 975 1608 1025; x_wconf 87' lang='lat' dir='ltr'><strong>tamen</strong></span> <span class='ocrx_word' id='word_1_60' title='bbox 1655 970 1817 1025; x_wconf 85' lang='lat' dir='ltr'><strong>ﬁeret</strong></span> <span class='ocrx_word' id='word_1_61' title='bbox 1845 986 1874 1023; x_wconf 86' lang='lat' dir='ltr'><strong>a</strong></span> <span class='ocrx_word' id='word_1_62' title='bbox 1932 969 2095 1023; x_wconf 88' lang='lat' dir='ltr'><strong>nobis</strong></span> 
     </span>
    </p>
   </div>
   <div class='ocr_carea' id='block_1_10' title="bbox 391 1058 2085 1130">
    <p class='ocr_par' dir='ltr' id='par_1_10' title="bbox 391 1058 2085 1130">
     <span class='ocr_line' id='line_1_10' title="bbox 391 1058 2085 1130; baseline -0.002 -16"><span class='ocrx_word' id='word_1_63' title='bbox 391 1060 547 1130; x_wconf 89' lang='lat' dir='ltr'><strong>quod</strong></span> <span class='ocrx_word' id='word_1_64' title='bbox 578 1076 645 1113; x_wconf 90' lang='lat' dir='ltr'><strong>eo</strong></span> <span class='ocrx_word' id='word_1_65' title='bbox 689 1060 893 1113; x_wconf 83' lang='lat' dir='ltr'><strong>liberet</strong></span> <span class='ocrx_word' id='word_1_66' title='bbox 935 1076 1048 1130; x_wconf 87' lang='lat' dir='ltr'><strong>quo</strong></span> <span class='ocrx_word' id='word_1_67' title='bbox 1104 1075 1221 1112; x_wconf 89' lang='lat' dir='ltr'><strong>non</strong></span> <span class='ocrx_word' id='word_1_68' title='bbox 1276 1058 1492 1113; x_wconf 85' lang='lat' dir='ltr'><strong>liceret.</strong></span> <span class='ocrx_word' id='word_1_69' title='bbox 1530 1060 1664 1114; x_wconf 88' lang='lat' dir='ltr'><strong>Ecce</strong></span> <span class='ocrx_word' id='word_1_70' title='bbox 1713 1074 1812 1112; x_wconf 92' lang='lat' dir='ltr'><strong>cor</strong></span> <span class='ocrx_word' id='word_1_71' title='bbox 1867 1073 2085 1126; x_wconf 88' lang='lat' dir='ltr'><strong>meum,</strong></span> 
     </span>
    </p>
   </div>
   <div class='ocr_carea' id='block_1_11' title="bbox 394 1146 2095 1219">
    <p class='ocr_par' dir='ltr' id='par_1_11' title="bbox 394 1146 2095 1219">
     <span class='ocr_line' id='line_1_11' title="bbox 394 1146 2095 1219; baseline -0.002 -17"><span class='ocrx_word' id='word_1_72' title='bbox 394 1149 563 1215; x_wconf 88' lang='lat' dir='ltr'><strong>Deus,</strong></span> <span class='ocrx_word' id='word_1_73' title='bbox 592 1164 718 1202; x_wconf 89' lang='lat' dir='ltr'><strong>ecce</strong></span> <span class='ocrx_word' id='word_1_74' title='bbox 747 1164 846 1202; x_wconf 90' lang='lat' dir='ltr'><strong>cor</strong></span> <span class='ocrx_word' id='word_1_75' title='bbox 874 1164 1068 1202; x_wconf 90' lang='lat' dir='ltr'><strong>meum</strong></span> <span class='ocrx_word' id='word_1_76' title='bbox 1099 1147 1250 1219; x_wconf 86' lang='lat' dir='ltr'><strong>quod</strong></span> <span class='ocrx_word' id='word_1_77' title='bbox 1278 1147 1579 1202; x_wconf 84' lang='lat' dir='ltr'><strong>miseratus</strong></span> <span class='ocrx_word' id='word_1_78' title='bbox 1608 1164 1668 1201; x_wconf 91' lang='lat' dir='ltr'><strong>es</strong></span> <span class='ocrx_word' id='word_1_79' title='bbox 1695 1147 1754 1201; x_wconf 89' lang='lat' dir='ltr'><strong>in</strong></span> <span class='ocrx_word' id='word_1_80' title='bbox 1779 1146 1897 1201; x_wconf 87' lang='lat' dir='ltr'><strong>imo</strong></span> <span class='ocrx_word' id='word_1_81' title='bbox 1923 1146 2095 1216; x_wconf 83' lang='lat' dir='ltr'><strong>abys-</strong></span> 
     </span>
    </p>
   </div>
   <div class='ocr_carea' id='block_1_12' title="bbox 392 1234 2090 1307">
    <p class='ocr_par' dir='ltr' id='par_1_12' title="bbox 392 1234 2090 1307">
     <span class='ocr_line' id='line_1_12' title="bbox 392 1234 2090 1307; baseline -0.002 -18"><span class='ocrx_word' id='word_1_82' title='bbox 392 1236 463 1291; x_wconf 91' lang='lat' dir='ltr'><strong>si.</strong></span> <span class='ocrx_word' id='word_1_83' title='bbox 498 1236 658 1291; x_wconf 90' lang='lat' dir='ltr'><strong>Dicat</strong></span> <span class='ocrx_word' id='word_1_84' title='bbox 684 1236 790 1291; x_wconf 89' lang='lat' dir='ltr'><strong>tibi</strong></span> <span class='ocrx_word' id='word_1_85' title='bbox 820 1252 972 1290; x_wconf 91' lang='lat' dir='ltr'><strong>nunc</strong></span> <span class='ocrx_word' id='word_1_86' title='bbox 1002 1251 1128 1290; x_wconf 87' lang='lat' dir='ltr'><strong>ecce</strong></span> <span class='ocrx_word' id='word_1_87' title='bbox 1159 1252 1258 1290; x_wconf 94' lang='lat' dir='ltr'><strong>cor</strong></span> <span class='ocrx_word' id='word_1_88' title='bbox 1286 1251 1477 1290; x_wconf 87' lang='lat' dir='ltr'><strong>meum</strong></span> <span class='ocrx_word' id='word_1_89' title='bbox 1504 1235 1641 1307; x_wconf 92' lang='lat' dir='ltr'><strong>quid</strong></span> <span class='ocrx_word' id='word_1_90' title='bbox 1674 1234 1757 1289; x_wconf 92' lang='lat' dir='ltr'><strong>ibi</strong></span> <span class='ocrx_word' id='word_1_91' title='bbox 1779 1234 2090 1306; x_wconf 87' lang='lat' dir='ltr'><strong>quarebat,</strong></span> 
     </span>
    </p>
   </div>
   <div class='ocr_carea' id='block_1_13' title="bbox 395 1321 2095 1395">
    <p class='ocr_par' dir='ltr' id='par_1_13' title="bbox 395 1321 2095 1395">
     <span class='ocr_line' id='line_1_13' title="bbox 395 1321 2095 1395; baseline -0.002 -17"><span class='ocrx_word' id='word_1_92' title='bbox 395 1329 459 1379; x_wconf 91' lang='lat' dir='ltr'><strong>ut</strong></span> <span class='ocrx_word' id='word_1_93' title='bbox 489 1340 672 1379; x_wconf 90' lang='lat' dir='ltr'><strong>essem</strong></span> <span class='ocrx_word' id='word_1_94' title='bbox 703 1324 880 1395; x_wconf 84' lang='lat' dir='ltr'><strong>gratis</strong></span> <span class='ocrx_word' id='word_1_95' title='bbox 909 1325 1114 1392; x_wconf 90' lang='lat' dir='ltr'><strong>malus,</strong></span> <span class='ocrx_word' id='word_1_96' title='bbox 1164 1327 1220 1377; x_wconf 89' lang='lat' dir='ltr'><strong>et</strong></span> <span class='ocrx_word' id='word_1_97' title='bbox 1264 1323 1499 1377; x_wconf 87' lang='lat' dir='ltr'><strong>malitia</strong></span> <span class='ocrx_word' id='word_1_98' title='bbox 1539 1339 1684 1377; x_wconf 86' lang='lat' dir='ltr'><strong>mea</strong></span> <span class='ocrx_word' id='word_1_99' title='bbox 1733 1337 1905 1377; x_wconf 84' lang='lat' dir='ltr'><strong>causa</strong></span> <span class='ocrx_word' id='word_1_100' title='bbox 1935 1321 2095 1376; x_wconf 90' lang='lat' dir='ltr'><strong>nulla</strong></span> 
     </span>
    </p>
   </div>
   <div class='ocr_carea' id='block_1_14' title="bbox 397 1409 2090 1478">
    <p class='ocr_par' dir='ltr' id='par_1_14' title="bbox 397 1409 2090 1478">
     <span class='ocr_line' id='line_1_14' title="bbox 397 1409 2090 1478; baseline -0.003 -11"><span class='ocrx_word' id='word_1_101' title='bbox 397 1417 544 1467; x_wconf 87' lang='lat' dir='ltr'><strong>esset</strong></span> <span class='ocrx_word' id='word_1_102' title='bbox 572 1412 681 1466; x_wconf 91' lang='lat' dir='ltr'><strong>nisi</strong></span> <span class='ocrx_word' id='word_1_103' title='bbox 711 1412 952 1468; x_wconf 86' lang='lat' dir='ltr'><strong>malitia.</strong></span> <span class='ocrx_word' id='word_1_104' title='bbox 1009 1412 1178 1466; x_wconf 84' lang='lat' dir='ltr'><strong>Fada</strong></span> <span class='ocrx_word' id='word_1_105' title='bbox 1207 1417 1347 1476; x_wconf 88' lang='lat' dir='ltr'><strong>erat,</strong></span> <span class='ocrx_word' id='word_1_106' title='bbox 1401 1416 1457 1466; x_wconf 93' lang='lat' dir='ltr'><strong>et</strong></span> <span class='ocrx_word' id='word_1_107' title='bbox 1487 1410 1673 1466; x_wconf 88' lang='lat' dir='ltr'><strong>amavi</strong></span> <span class='ocrx_word' id='word_1_108' title='bbox 1705 1426 1869 1478; x_wconf 91' lang='lat' dir='ltr'><strong>eam;</strong></span> <span class='ocrx_word' id='word_1_109' title='bbox 1902 1409 2090 1463; x_wconf 88' lang='lat' dir='ltr'><strong>amavi</strong></span> 
     </span>
    </p>
   </div>
   <div class='ocr_carea' id='block_1_15' title="bbox 395 1496 2091 1572">
    <p class='ocr_par' dir='ltr' id='par_1_15' title="bbox 395 1496 2091 1572">
     <span class='ocr_line' id='line_1_15' title="bbox 395 1496 2091 1572; baseline -0.002 -18"><span class='ocrx_word' id='word_1_110' title='bbox 395 1500 587 1572; x_wconf 90' lang='lat' dir='ltr'><strong>perire</strong></span> <span class='ocrx_word' id='word_1_111' title='bbox 621 1500 850 1555; x_wconf 88' lang='lat' dir='ltr'><strong>:amavi</strong></span> <span class='ocrx_word' id='word_1_112' title='bbox 893 1500 1176 1555; x_wconf 87' lang='lat' dir='ltr'><strong>defectum</strong></span> <span class='ocrx_word' id='word_1_113' title='bbox 1224 1516 1460 1567; x_wconf 89' lang='lat' dir='ltr'><strong>meum;</strong></span> <span class='ocrx_word' id='word_1_114' title='bbox 1490 1516 1610 1553; x_wconf 90' lang='lat' dir='ltr'><strong>non</strong></span> <span class='ocrx_word' id='word_1_115' title='bbox 1655 1499 1795 1553; x_wconf 91' lang='lat' dir='ltr'><strong>illud</strong></span> <span class='ocrx_word' id='word_1_116' title='bbox 1828 1498 1900 1553; x_wconf 89' lang='lat' dir='ltr'><strong>ad</strong></span> <span class='ocrx_word' id='word_1_117' title='bbox 1939 1496 2091 1569; x_wconf 91' lang='lat' dir='ltr'><strong>quod</strong></span> 
     </span>
    </p>
   </div>
   <div class='ocr_carea' id='block_1_16' title="bbox 393 1585 2094 1659">
    <p class='ocr_par' dir='ltr' id='par_1_16' title="bbox 393 1585 2094 1659">
     <span class='ocr_line' id='line_1_16' title="bbox 393 1585 2094 1659; baseline -0.004 -14"><span class='ocrx_word' id='word_1_118' title='bbox 393 1589 747 1657; x_wconf 74' lang='lat' dir='ltr'><strong>deﬁciebant,</strong></span> <span class='ocrx_word' id='word_1_119' title='bbox 780 1590 876 1644; x_wconf 91' lang='lat' dir='ltr'><strong>sed</strong></span> <span class='ocrx_word' id='word_1_120' title='bbox 901 1588 1185 1643; x_wconf 89' lang='lat' dir='ltr'><strong>defectum</strong></span> <span class='ocrx_word' id='word_1_121' title='bbox 1206 1605 1397 1646; x_wconf 86' lang='lat' dir='ltr'><strong>meum</strong></span> <span class='ocrx_word' id='word_1_122' title='bbox 1418 1588 1612 1659; x_wconf 90' lang='lat' dir='ltr'><strong>ipsum</strong></span> <span class='ocrx_word' id='word_1_123' title='bbox 1640 1587 1827 1641; x_wconf 90' lang='lat' dir='ltr'><strong>amavi</strong></span> <span class='ocrx_word' id='word_1_124' title='bbox 1859 1602 1874 1641; x_wconf 91' lang='lat'><strong>:</strong></span> <span class='ocrx_word' id='word_1_125' title='bbox 1906 1585 2094 1656; x_wconf 87' lang='lat' dir='ltr'><strong>turpis</strong></span> 
     </span>
    </p>
   </div>
   <div class='ocr_carea' id='block_1_17' title="bbox 393 1674 2090 1740">
    <p class='ocr_par' dir='ltr' id='par_1_17' title="bbox 393 1674 2090 1740">
     <span class='ocr_line' id='line_1_17' title="bbox 393 1674 2090 1740; baseline -0.002 -9"><span class='ocrx_word' id='word_1_126' title='bbox 393 1677 586 1731; x_wconf 85' lang='lat' dir='ltr'><strong>anima</strong></span> <span class='ocrx_word' id='word_1_127' title='bbox 606 1681 662 1731; x_wconf 89' lang='lat' dir='ltr'><strong>et</strong></span> <span class='ocrx_word' id='word_1_128' title='bbox 689 1676 971 1731; x_wconf 89' lang='lat' dir='ltr'><strong>dissiliens</strong></span> <span class='ocrx_word' id='word_1_129' title='bbox 991 1694 1022 1730; x_wconf 91' lang='lat' dir='ltr'><strong>a</strong></span> <span class='ocrx_word' id='word_1_130' title='bbox 1043 1678 1406 1730; x_wconf 84' lang='lat' dir='ltr'><strong>ﬁrmamento</strong></span> <span class='ocrx_word' id='word_1_131' title='bbox 1435 1680 1534 1730; x_wconf 90' lang='lat' dir='ltr'><strong>tuo</strong></span> <span class='ocrx_word' id='word_1_132' title='bbox 1562 1675 1623 1729; x_wconf 92' lang='lat' dir='ltr'><strong>in</strong></span> <span class='ocrx_word' id='word_1_133' title='bbox 1653 1674 2090 1740; x_wconf 84' lang='lat' dir='ltr'><strong>exterminium;</strong></span> 
     </span>
    </p>
   </div>
   <div class='ocr_carea' id='block_1_18' title="bbox 328 1762 1870 1844">
    <p class='ocr_par' dir='ltr' id='par_1_18' title="bbox 328 1762 1870 1844">
     <span class='ocr_line' id='line_1_18' title="bbox 328 1762 1870 1844; baseline -0.001 -22"><span class='ocrx_word' id='word_1_134' title='bbox 328 1838 339 1844; x_wconf 88' lang='lat'>_</span> <span class='ocrx_word' id='word_1_135' title='bbox 391 1782 507 1821; x_wconf 91' lang='lat' dir='ltr'><strong>non</strong></span> <span class='ocrx_word' id='word_1_136' title='bbox 536 1765 812 1821; x_wconf 81' lang='lat' dir='ltr'><strong>dedecore</strong></span> <span class='ocrx_word' id='word_1_137' title='bbox 842 1762 861 1798; x_wconf 74' lang='grc' dir='ltr'>ί</span> <span class='ocrx_word' id='word_1_138' title='bbox 895 1764 1137 1837; x_wconf 89' lang='lat' dir='ltr'><strong>aliquid,</strong></span> <span class='ocrx_word' id='word_1_139' title='bbox 1169 1766 1265 1818; x_wconf 90' lang='lat' dir='ltr'><strong>sed</strong></span> <span class='ocrx_word' id='word_1_140' title='bbox 1297 1764 1541 1819; x_wconf 89' lang='lat' dir='ltr'><strong>dedecus</strong></span> <span class='ocrx_word' id='word_1_141' title='bbox 1570 1768 1870 1836; x_wconf 88' lang='lat' dir='ltr'><strong>appetens.</strong></span> 
     </span>
    </p>
   </div>
   <div class='ocr_carea' id='block_1_19' title="bbox 1081 1852 1397 1909">
    <p class='ocr_par' dir='ltr' id='par_1_19' title="bbox 1081 1852 1397 1909">
     <span class='ocr_line' id='line_1_19' title="bbox 1081 1852 1397 1909; baseline -0.009 0"><span class='ocrx_word' id='word_1_142' title='bbox 1081 1853 1308 1909; x_wconf 85' lang='lat' dir='ltr'><strong>CAPUT</strong></span> <span class='ocrx_word' id='word_1_143' title='bbox 1336 1852 1397 1907; x_wconf 90' lang='lat' dir='ltr'><strong>V.</strong></span> 
     </span>
    </p>
   </div>
   <div class='ocr_carea' id='block_1_20' title="bbox 794 1942 1685 2011">
    <p class='ocr_par' dir='ltr' id='par_1_20' title="bbox 794 1942 1685 2011">
     <span class='ocr_line' id='line_1_20' title="bbox 794 1942 1685 2011; baseline -0.006 -12"><span class='ocrx_word' id='word_1_144' title='bbox 794 1943 1071 1999; x_wconf 81' lang='lat' dir='ltr'><strong>Neminem</strong></span> <span class='ocrx_word' id='word_1_145' title='bbox 1092 1957 1315 2011; x_wconf 83' lang='lat' dir='ltr'><strong>peccare</strong></span> <span class='ocrx_word' id='word_1_146' title='bbox 1363 1942 1480 1995; x_wconf 83' lang='lat' dir='ltr'><strong>sine</strong></span> <span class='ocrx_word' id='word_1_147' title='bbox 1501 1955 1685 1995; x_wconf 87' lang='lat' dir='ltr'><strong>causa.</strong></span> 
     </span>
    </p>
   </div>
   <div class='ocr_carea' id='block_1_21' title="bbox 468 2027 2093 2107">
    <p class='ocr_par' dir='ltr' id='par_1_21' title="bbox 468 2027 2093 2107">
     <span class='ocr_line' id='line_1_21' title="bbox 468 2027 2093 2107; baseline -0.004 -21"><span class='ocrx_word' id='word_1_148' title='bbox 468 2033 551 2087; x_wconf 87' lang='lat' dir='ltr'><strong>l0.</strong></span> <span class='ocrx_word' id='word_1_149' title='bbox 586 2030 809 2086; x_wconf 88' lang='lat' dir='ltr'><strong>Etenim</strong></span> <span class='ocrx_word' id='word_1_150' title='bbox 836 2030 1053 2101; x_wconf 86' lang='lat' dir='ltr'><strong>species</strong></span> <span class='ocrx_word' id='word_1_151' title='bbox 1096 2034 1183 2084; x_wconf 90' lang='lat' dir='ltr'><strong>est</strong></span> <span class='ocrx_word' id='word_1_152' title='bbox 1222 2028 1476 2101; x_wconf 88' lang='lat' dir='ltr'><strong>pulchris</strong></span> <span class='ocrx_word' id='word_1_153' title='bbox 1506 2027 1861 2107; x_wconf 86' lang='lat' dir='ltr'><strong>corporibus,</strong></span> <span class='ocrx_word' id='word_1_154' title='bbox 1912 2028 1969 2081; x_wconf 88' lang='lat' dir='ltr'><strong>et</strong></span> <span class='ocrx_word' id='word_1_155' title='bbox 1996 2041 2093 2080; x_wconf 85' lang='lat' dir='ltr'><strong>au-</strong></span> 
     </span>
    </p>
   </div>
   <div class='ocr_carea' id='block_1_22' title="bbox 390 2112 2093 2189">
    <p class='ocr_par' dir='ltr' id='par_1_22' title="bbox 390 2112 2093 2189">
     <span class='ocr_line' id='line_1_22' title="bbox 390 2112 2093 2189; baseline -0.004 -17"><span class='ocrx_word' id='word_1_156' title='bbox 390 2135 476 2185; x_wconf 89' lang='lat' dir='ltr'><strong>ro,</strong></span> <span class='ocrx_word' id='word_1_157' title='bbox 512 2123 567 2173; x_wconf 89' lang='lat' dir='ltr'><strong>et</strong></span> <span class='ocrx_word' id='word_1_158' title='bbox 597 2122 852 2189; x_wconf 88' lang='lat' dir='ltr'><strong>argento,</strong></span> <span class='ocrx_word' id='word_1_159' title='bbox 887 2122 943 2172; x_wconf 91' lang='lat' dir='ltr'><strong>et</strong></span> <span class='ocrx_word' id='word_1_160' title='bbox 968 2116 1274 2184; x_wconf 89' lang='lat' dir='ltr'><strong>omnibus;</strong></span> <span class='ocrx_word' id='word_1_161' title='bbox 1305 2120 1359 2171; x_wconf 94' lang='lat' dir='ltr'><strong>et</strong></span> <span class='ocrx_word' id='word_1_162' title='bbox 1376 2116 1435 2170; x_wconf 92' lang='lat' dir='ltr'><strong>in</strong></span> <span class='ocrx_word' id='word_1_163' title='bbox 1473 2120 1736 2170; x_wconf 89' lang='lat' dir='ltr'><strong>contactu</strong></span> <span class='ocrx_word' id='word_1_164' title='bbox 1767 2112 2093 2169; x_wconf 82' lang='lat' dir='ltr'><strong>carniscon-</strong></span> 
     </span>
    </p>
   </div>
   <div class='ocr_carea' id='block_1_23' title="bbox 387 2203 2089 2277">
    <p class='ocr_par' dir='ltr' id='par_1_23' title="bbox 387 2203 2089 2277">
     <span class='ocr_line' id='line_1_23' title="bbox 387 2203 2089 2277; baseline -0.004 -16"><span class='ocrx_word' id='word_1_165' title='bbox 387 2207 651 2277; x_wconf 87' lang='lat' dir='ltr'><strong>gruentia</strong></span> <span class='ocrx_word' id='word_1_166' title='bbox 676 2208 823 2261; x_wconf 91' lang='lat' dir='ltr'><strong>valet</strong></span> <span class='ocrx_word' id='word_1_167' title='bbox 850 2206 1188 2276; x_wconf 85' lang='lat' dir='ltr'><strong>plurimum,</strong></span> <span class='ocrx_word' id='word_1_168' title='bbox 1218 2204 1556 2275; x_wconf 87' lang='lat' dir='ltr'><strong>caterisque</strong></span> <span class='ocrx_word' id='word_1_169' title='bbox 1586 2203 1847 2258; x_wconf 87' lang='lat' dir='ltr'><strong>sensibus</strong></span> <span class='ocrx_word' id='word_1_170' title='bbox 1878 2207 1962 2257; x_wconf 86' lang='lat' dir='ltr'><strong>est</strong></span> <span class='ocrx_word' id='word_1_171' title='bbox 1984 2217 2089 2255; x_wconf 90' lang='lat' dir='ltr'><strong>sua</strong></span> 
     </span>
    </p>
   </div>
   <div class='ocr_carea' id='block_1_24' title="bbox 394 2290 2093 2366">
    <p class='ocr_par' dir='ltr' id='par_1_24' title="bbox 394 2290 2093 2366">
     <span class='ocr_line' id='line_1_24' title="bbox 394 2290 2093 2366; baseline -0.004 -16"><span class='ocrx_word' id='word_1_172' title='bbox 394 2295 599 2366; x_wconf 90' lang='lat' dir='ltr'><strong>cuique</strong></span> <span class='ocrx_word' id='word_1_173' title='bbox 648 2294 1075 2349; x_wconf 87' lang='lat' dir='ltr'><strong>accommodata</strong></span> <span class='ocrx_word' id='word_1_174' title='bbox 1123 2291 1468 2348; x_wconf 85' lang='lat' dir='ltr'><strong>modificatio</strong></span> <span class='ocrx_word' id='word_1_175' title='bbox 1528 2307 1873 2362; x_wconf 84' lang='lat' dir='ltr'><strong>corporum;</strong></span> <span class='ocrx_word' id='word_1_176' title='bbox 1920 2290 2093 2345; x_wconf 84' lang='lat' dir='ltr'><strong>habet</strong></span> 
     </span>
    </p>
   </div>
   <div class='ocr_carea' id='block_1_25' title="bbox 391 2380 2091 2453">
    <p class='ocr_par' dir='ltr' id='par_1_25' title="bbox 391 2380 2091 2453">
     <span class='ocr_line' id='line_1_25' title="bbox 391 2380 2091 2453; baseline -0.004 -14"><span class='ocrx_word' id='word_1_177' title='bbox 391 2384 565 2439; x_wconf 85' lang='lat' dir='ltr'><strong>etiam</strong></span> <span class='ocrx_word' id='word_1_178' title='bbox 607 2385 796 2439; x_wconf 87' lang='lat' dir='ltr'><strong>honor</strong></span> <span class='ocrx_word' id='word_1_179' title='bbox 833 2383 1180 2453; x_wconf 85' lang='lat' dir='ltr'><strong>temporalis,</strong></span> <span class='ocrx_word' id='word_1_180' title='bbox 1221 2387 1278 2437; x_wconf 90' lang='lat' dir='ltr'><strong>et</strong></span> <span class='ocrx_word' id='word_1_181' title='bbox 1326 2380 1691 2450; x_wconf 87' lang='lat' dir='ltr'><strong>imperitandi</strong></span> <span class='ocrx_word' id='word_1_182' title='bbox 1724 2384 1893 2451; x_wconf 89' lang='lat' dir='ltr'><strong>atque</strong></span> <span class='ocrx_word' id='word_1_183' title='bbox 1923 2394 2091 2449; x_wconf 82' lang='lat' dir='ltr'><strong>supe-</strong></span> 
     </span>
    </p>
   </div>
   <div class='ocr_carea' id='block_1_26' title="bbox 394 2466 2087 2542">
    <p class='ocr_par' dir='ltr' id='par_1_26' title="bbox 394 2466 2087 2542">
     <span class='ocr_line' id='line_1_26' title="bbox 394 2466 2087 2542; baseline -0.002 -17"><span class='ocrx_word' id='word_1_184' title='bbox 394 2471 561 2526; x_wconf 87' lang='lat' dir='ltr'><strong>randi</strong></span> <span class='ocrx_word' id='word_1_185' title='bbox 590 2472 842 2542; x_wconf 88' lang='lat' dir='ltr'><strong>potentia</strong></span> <span class='ocrx_word' id='word_1_186' title='bbox 861 2488 1029 2526; x_wconf 88' lang='lat' dir='ltr'><strong>suum</strong></span> <span class='ocrx_word' id='word_1_187' title='bbox 1060 2471 1252 2537; x_wconf 89' lang='lat' dir='ltr'><strong>decus,</strong></span> <span class='ocrx_word' id='word_1_188' title='bbox 1286 2470 1434 2524; x_wconf 86' lang='lat' dir='ltr'><strong>unde</strong></span> <span class='ocrx_word' id='word_1_189' title='bbox 1466 2469 1635 2522; x_wconf 88' lang='lat' dir='ltr'><strong>etiam</strong></span> <span class='ocrx_word' id='word_1_190' title='bbox 1675 2468 1941 2522; x_wconf 81' lang='lat' dir='ltr'><strong>vindicta</strong></span> <span class='ocrx_word' id='word_1_191' title='bbox 1972 2466 2087 2521; x_wconf 87' lang='lat' dir='ltr'><strong>avi-</strong></span> 
     </span>
    </p>
   </div>
   <div class='ocr_carea' id='block_1_27' title="bbox 394 2556 2092 2627">
    <p class='ocr_par' dir='ltr' id='par_1_27' title="bbox 394 2556 2092 2627">
     <span class='ocr_line' id='line_1_27' title="bbox 394 2556 2092 2627; baseline -0.002 -13"><span class='ocrx_word' id='word_1_192' title='bbox 394 2560 541 2615; x_wconf 86' lang='lat' dir='ltr'><strong>ditas</strong></span> <span class='ocrx_word' id='word_1_193' title='bbox 584 2560 768 2615; x_wconf 89' lang='lat' dir='ltr'><strong>oritur</strong></span> <span class='ocrx_word' id='word_1_194' title='bbox 800 2576 813 2615; x_wconf 92' lang='lat'>:</span> <span class='ocrx_word' id='word_1_195' title='bbox 845 2565 905 2614; x_wconf 90' lang='lat' dir='ltr'><strong>et</strong></span> <span class='ocrx_word' id='word_1_196' title='bbox 943 2564 1137 2614; x_wconf 88' lang='lat' dir='ltr'><strong>tamen</strong></span> <span class='ocrx_word' id='word_1_197' title='bbox 1197 2558 1258 2613; x_wconf 92' lang='lat' dir='ltr'><strong>in</strong></span> <span class='ocrx_word' id='word_1_198' title='bbox 1311 2562 1514 2613; x_wconf 88' lang='lat' dir='ltr'><strong>cuncta</strong></span> <span class='ocrx_word' id='word_1_199' title='bbox 1554 2558 1678 2611; x_wconf 89' lang='lat' dir='ltr'><strong>hac</strong></span> <span class='ocrx_word' id='word_1_200' title='bbox 1729 2556 2092 2627; x_wconf 86' lang='lat' dir='ltr'><strong>adipiscenda</strong></span> 
     </span>
    </p>
   </div>
   <div class='ocr_carea' id='block_1_28' title="bbox 392 2644 2088 2719">
    <p class='ocr_par' dir='ltr' id='par_1_28' title="bbox 392 2644 2088 2719">
     <span class='ocr_line' id='line_1_28' title="bbox 392 2644 2088 2719; baseline -0.003 -16"><span class='ocrx_word' id='word_1_201' title='bbox 392 2665 510 2703; x_wconf 91' lang='lat' dir='ltr'><strong>non</strong></span> <span class='ocrx_word' id='word_1_202' title='bbox 554 2654 639 2703; x_wconf 90' lang='lat' dir='ltr'><strong>est</strong></span> <span class='ocrx_word' id='word_1_203' title='bbox 694 2647 1103 2719; x_wconf 90' lang='lat' dir='ltr'><strong>egrediendum</strong></span> <span class='ocrx_word' id='word_1_204' title='bbox 1149 2648 1249 2702; x_wconf 88' lang='lat' dir='ltr'><strong>abs</strong></span> <span class='ocrx_word' id='word_1_205' title='bbox 1297 2651 1375 2717; x_wconf 92' lang='lat' dir='ltr'><strong>te,</strong></span> <span class='ocrx_word' id='word_1_206' title='bbox 1429 2645 1690 2712; x_wconf 89' lang='lat' dir='ltr'><strong>Domine,</strong></span> <span class='ocrx_word' id='word_1_207' title='bbox 1740 2660 1929 2715; x_wconf 89' lang='lat' dir='ltr'><strong>neque</strong></span> <span class='ocrx_word' id='word_1_208' title='bbox 1989 2644 2088 2699; x_wconf 93' lang='lat' dir='ltr'><strong>de-</strong></span> 
     </span>
    </p>
   </div>
   <div class='ocr_carea' id='block_1_29' title="bbox 391 2733 2088 2808">
    <p class='ocr_par' dir='ltr' id='par_1_29' title="bbox 391 2733 2088 2808">
     <span class='ocr_line' id='line_1_29' title="bbox 391 2733 2088 2808; baseline -0.004 -16"><span class='ocrx_word' id='word_1_209' title='bbox 391 2737 667 2792; x_wconf 88' lang='lat' dir='ltr'><strong>viandum</strong></span> <span class='ocrx_word' id='word_1_210' title='bbox 696 2754 730 2791; x_wconf 89' lang='lat' dir='ltr'><strong>a</strong></span> <span class='ocrx_word' id='word_1_211' title='bbox 759 2738 884 2808; x_wconf 84' lang='lat' dir='ltr'><strong>lege</strong></span> <span class='ocrx_word' id='word_1_212' title='bbox 932 2741 1051 2791; x_wconf 89' lang='lat' dir='ltr'><strong>tua.</strong></span> <span class='ocrx_word' id='word_1_213' title='bbox 1086 2738 1150 2791; x_wconf 88' lang='lat' dir='ltr'><strong>Et</strong></span> <span class='ocrx_word' id='word_1_214' title='bbox 1179 2736 1294 2790; x_wconf 90' lang='lat' dir='ltr'><strong>vita</strong></span> <span class='ocrx_word' id='word_1_215' title='bbox 1350 2750 1523 2806; x_wconf 89' lang='lat' dir='ltr'><strong>quam</strong></span> <span class='ocrx_word' id='word_1_216' title='bbox 1568 2734 1661 2788; x_wconf 85' lang='lat' dir='ltr'><strong>hic</strong></span> <span class='ocrx_word' id='word_1_217' title='bbox 1707 2733 1950 2787; x_wconf 78' lang='lat' dir='ltr'><strong>vivimus</strong></span> <span class='ocrx_word' id='word_1_218' title='bbox 1986 2733 2088 2786; x_wconf 87' lang='lat' dir='ltr'><strong>ha-</strong></span> 
     </span>
    </p>
   </div>
   <div class='ocr_carea' id='block_1_30' title="bbox 389 2820 2088 2896">
    <p class='ocr_par' dir='ltr' id='par_1_30' title="bbox 389 2820 2088 2896">
     <span class='ocr_line' id='line_1_30' title="bbox 389 2820 2088 2896; baseline -0.004 -15"><span class='ocrx_word' id='word_1_219' title='bbox 389 2827 487 2881; x_wconf 85' lang='lat' dir='ltr'><strong>bet</strong></span> <span class='ocrx_word' id='word_1_220' title='bbox 553 2826 880 2881; x_wconf 88' lang='lat' dir='ltr'><strong>illecebram</strong></span> <span class='ocrx_word' id='word_1_221' title='bbox 954 2842 1118 2880; x_wconf 91' lang='lat' dir='ltr'><strong>suam</strong></span> <span class='ocrx_word' id='word_1_222' title='bbox 1172 2830 1412 2896; x_wconf 81' lang='lat' dir='ltr'><strong>propter</strong></span> <span class='ocrx_word' id='word_1_223' title='bbox 1476 2824 1783 2894; x_wconf 88' lang='lat' dir='ltr'><strong>quemdam</strong></span> <span class='ocrx_word' id='word_1_224' title='bbox 1848 2820 2088 2875; x_wconf 89' lang='lat' dir='ltr'><strong>modum</strong></span> 
     </span>
    </p>
   </div>
   <div class='ocr_carea' id='block_1_31' title="bbox 387 2908 2086 2983">
    <p class='ocr_par' dir='ltr' id='par_1_31' title="bbox 387 2908 2086 2983">
     <span class='ocr_line' id='line_1_31' title="bbox 387 2908 2086 2983; baseline -0.005 -13"><span class='ocrx_word' id='word_1_225' title='bbox 387 2915 607 2970; x_wconf 88' lang='lat' dir='ltr'><strong>decoris</strong></span> <span class='ocrx_word' id='word_1_226' title='bbox 635 2914 745 2983; x_wconf 91' lang='lat' dir='ltr'><strong>sui,</strong></span> <span class='ocrx_word' id='word_1_227' title='bbox 776 2918 833 2968; x_wconf 90' lang='lat' dir='ltr'><strong>et</strong></span> <span class='ocrx_word' id='word_1_228' title='bbox 860 2912 1320 2968; x_wconf 88' lang='lat' dir='ltr'><strong>convenientiam</strong></span> <span class='ocrx_word' id='word_1_229' title='bbox 1350 2928 1482 2966; x_wconf 91' lang='lat' dir='ltr'><strong>cum</strong></span> <span class='ocrx_word' id='word_1_230' title='bbox 1526 2911 1616 2965; x_wconf 88' lang='lat' dir='ltr'><strong>his</strong></span> <span class='ocrx_word' id='word_1_231' title='bbox 1648 2910 1913 2965; x_wconf 88' lang='lat' dir='ltr'><strong>omnibus</strong></span> <span class='ocrx_word' id='word_1_232' title='bbox 1955 2908 2086 2963; x_wconf 81' lang='lat' dir='ltr'><strong>inﬁ-</strong></span> 
     </span>
    </p>
   </div>
   <div class='ocr_carea' id='block_1_32' title="bbox 387 2997 2086 3074">
    <p class='ocr_par' dir='ltr' id='par_1_32' title="bbox 387 2997 2086 3074">
     <span class='ocr_line' id='line_1_32' title="bbox 387 2997 2086 3074; baseline -0.005 -15"><span class='ocrx_word' id='word_1_233' title='bbox 387 3003 496 3059; x_wconf 89' lang='lat' dir='ltr'><strong>mis</strong></span> <span class='ocrx_word' id='word_1_234' title='bbox 525 3003 798 3074; x_wconf 91' lang='lat' dir='ltr'><strong>pulchris.</strong></span> <span class='ocrx_word' id='word_1_235' title='bbox 829 3002 1095 3057; x_wconf 77' lang='lat' dir='ltr'><strong>Amicitia</strong></span> <span class='ocrx_word' id='word_1_236' title='bbox 1125 3017 1354 3072; x_wconf 92' lang='lat' dir='ltr'><strong>quoque</strong></span> <span class='ocrx_word' id='word_1_237' title='bbox 1388 2998 1692 3054; x_wconf 87' lang='lat' dir='ltr'><strong>hominum</strong></span> <span class='ocrx_word' id='word_1_238' title='bbox 1721 2999 1893 3052; x_wconf 89' lang='lat' dir='ltr'><strong>charo</strong></span> <span class='ocrx_word' id='word_1_239' title='bbox 1931 2997 2086 3051; x_wconf 93' lang='lat' dir='ltr'><strong>nodo</strong></span> 
     </span>
    </p>
   </div>
   <div class='ocr_carea' id='block_1_33' title="bbox 388 3086 2089 3163">
    <p class='ocr_par' dir='ltr' id='par_1_33' title="bbox 388 3086 2089 3163">
     <span class='ocr_line' id='line_1_33' title="bbox 388 3086 2089 3163; baseline -0.005 -16"><span class='ocrx_word' id='word_1_240' title='bbox 388 3092 566 3147; x_wconf 86' lang='lat' dir='ltr'><strong>dulcis</strong></span> <span class='ocrx_word' id='word_1_241' title='bbox 597 3097 683 3147; x_wconf 90' lang='lat' dir='ltr'><strong>est</strong></span> <span class='ocrx_word' id='word_1_242' title='bbox 708 3096 944 3163; x_wconf 89' lang='lat' dir='ltr'><strong>propter</strong></span> <span class='ocrx_word' id='word_1_243' title='bbox 973 3090 1251 3145; x_wconf 91' lang='lat' dir='ltr'><strong>unitatem</strong></span> <span class='ocrx_word' id='word_1_244' title='bbox 1273 3090 1344 3144; x_wconf 93' lang='lat' dir='ltr'><strong>de</strong></span> <span class='ocrx_word' id='word_1_245' title='bbox 1372 3086 1566 3142; x_wconf 88' lang='lat' dir='ltr'><strong>multis</strong></span> <span class='ocrx_word' id='word_1_246' title='bbox 1587 3087 1813 3142; x_wconf 89' lang='lat' dir='ltr'><strong>animis.</strong></span> <span class='ocrx_word' id='word_1_247' title='bbox 1849 3088 2089 3156; x_wconf 87' lang='lat' dir='ltr'><strong>Propter</strong></span> 
     </span>
    </p>
   </div>
   <div class='ocr_carea' id='block_1_34' title="bbox 388 3174 2085 3250">
    <p class='ocr_par' dir='ltr' id='par_1_34' title="bbox 388 3174 2085 3250">
     <span class='ocr_line' id='line_1_34' title="bbox 388 3174 2085 3250; baseline -0.005 -16"><span class='ocrx_word' id='word_1_248' title='bbox 388 3181 657 3235; x_wconf 83' lang='lat' dir='ltr'><strong>universa</strong></span> <span class='ocrx_word' id='word_1_249' title='bbox 683 3180 805 3234; x_wconf 88' lang='lat' dir='ltr'><strong>hac</strong></span> <span class='ocrx_word' id='word_1_250' title='bbox 833 3185 1003 3250; x_wconf 87' lang='lat' dir='ltr'><strong>atque</strong></span> <span class='ocrx_word' id='word_1_251' title='bbox 1033 3177 1367 3248; x_wconf 86' lang='lat' dir='ltr'><strong>hujusmodi</strong></span> <span class='ocrx_word' id='word_1_252' title='bbox 1405 3180 1702 3245; x_wconf 86' lang='lat' dir='ltr'><strong>peccatum</strong></span> <span class='ocrx_word' id='word_1_253' title='bbox 1746 3174 2085 3240; x_wconf 87' lang='lat' dir='ltr'><strong>admittitur,</strong></span> 
     </span>
    </p>
   </div>
   <div class='ocr_carea' id='block_1_35' title="bbox 390 3263 2087 3323">
    <p class='ocr_par' dir='ltr' id='par_1_35' title="bbox 390 3263 2087 3323">
     <span class='ocr_line' id='line_1_35' title="bbox 390 3263 2087 3323; baseline -0.005 0"><span class='ocrx_word' id='word_1_254' title='bbox 390 3269 530 3323; x_wconf 89' lang='lat' dir='ltr'><strong>dum</strong></span> <span class='ocrx_word' id='word_1_255' title='bbox 587 3268 962 3322; x_wconf 88' lang='lat' dir='ltr'><strong>immoderata</strong></span> <span class='ocrx_word' id='word_1_256' title='bbox 1007 3266 1068 3320; x_wconf 91' lang='lat' dir='ltr'><strong>in</strong></span> <span class='ocrx_word' id='word_1_257' title='bbox 1116 3266 1223 3320; x_wconf 89' lang='lat' dir='ltr'><strong>ista</strong></span> <span class='ocrx_word' id='word_1_258' title='bbox 1249 3263 1618 3318; x_wconf 89' lang='lat' dir='ltr'><strong>inclinatione</strong></span> <span class='ocrx_word' id='word_1_259' title='bbox 1655 3279 1784 3318; x_wconf 89' lang='lat' dir='ltr'><strong>cum</strong></span> <span class='ocrx_word' id='word_1_260' title='bbox 1834 3267 2087 3316; x_wconf 83' lang='lat' dir='ltr'><strong>extrema</strong></span> 
     </span>
    </p>
   </div>
   <div class='ocr_carea' id='block_1_36' title="bbox 386 3349 2087 3417">
    <p class='ocr_par' dir='ltr' id='par_1_36' title="bbox 386 3349 2087 3417">
     <span class='ocr_line' id='line_1_36' title="bbox 386 3349 2087 3417; baseline -0.004 -7"><span class='ocrx_word' id='word_1_261' title='bbox 386 3357 540 3411; x_wconf 86' lang='lat' dir='ltr'><strong>bona</strong></span> <span class='ocrx_word' id='word_1_262' title='bbox 568 3355 702 3417; x_wconf 87' lang='lat' dir='ltr'><strong>sint,</strong></span> <span class='ocrx_word' id='word_1_263' title='bbox 737 3355 974 3409; x_wconf 83' lang='lat' dir='ltr'><strong>meliora</strong></span> <span class='ocrx_word' id='word_1_264' title='bbox 1004 3358 1062 3408; x_wconf 93' lang='lat' dir='ltr'><strong>et</strong></span> <span class='ocrx_word' id='word_1_265' title='bbox 1086 3369 1311 3407; x_wconf 90' lang='lat' dir='ltr'><strong>summa</strong></span> <span class='ocrx_word' id='word_1_266' title='bbox 1338 3352 1701 3416; x_wconf 87' lang='lat' dir='ltr'><strong>deseruntur,</strong></span> <span class='ocrx_word' id='word_1_267' title='bbox 1733 3356 1818 3416; x_wconf 92' lang='lat' dir='ltr'><strong>tu,</strong></span> <span class='ocrx_word' id='word_1_268' title='bbox 1847 3349 2087 3404; x_wconf 89' lang='lat' dir='ltr'><strong>Domine</strong></span> 
     </span>
    </p>
   </div>
   <div class='ocr_carea' id='block_1_37' title="bbox 387 3438 2085 3509">
    <p class='ocr_par' dir='ltr' id='par_1_37' title="bbox 387 3438 2085 3509">
     <span class='ocr_line' id='line_1_37' title="bbox 387 3438 2085 3509; baseline -0.003 -10"><span class='ocrx_word' id='word_1_269' title='bbox 387 3446 536 3499; x_wconf 86' lang='lat' dir='ltr'><strong>Deus</strong></span> <span class='ocrx_word' id='word_1_270' title='bbox 563 3448 776 3509; x_wconf 90' lang='lat' dir='ltr'><strong>noster,</strong></span> <span class='ocrx_word' id='word_1_271' title='bbox 804 3447 860 3497; x_wconf 92' lang='lat' dir='ltr'><strong>et</strong></span> <span class='ocrx_word' id='word_1_272' title='bbox 887 3442 1093 3496; x_wconf 87' lang='lat' dir='ltr'><strong>veritas</strong></span> <span class='ocrx_word' id='word_1_273' title='bbox 1119 3445 1240 3509; x_wconf 91' lang='lat' dir='ltr'><strong>tua,</strong></span> <span class='ocrx_word' id='word_1_274' title='bbox 1272 3444 1328 3494; x_wconf 88' lang='lat' dir='ltr'><strong>et</strong></span> <span class='ocrx_word' id='word_1_275' title='bbox 1368 3440 1462 3494; x_wconf 81' lang='lat' dir='ltr'><strong>lex</strong></span> <span class='ocrx_word' id='word_1_276' title='bbox 1510 3444 1626 3493; x_wconf 86' lang='lat' dir='ltr'><strong>tua.</strong></span> <span class='ocrx_word' id='word_1_277' title='bbox 1675 3439 1893 3493; x_wconf 85' lang='lat' dir='ltr'><strong>[labent</strong></span> <span class='ocrx_word' id='word_1_278' title='bbox 1931 3438 2085 3494; x_wconf 86' lang='lat' dir='ltr'><strong>enim</strong></span> 
     </span>
    </p>
   </div>
   <div class='ocr_carea' id='block_1_38' title="bbox 384 3527 2087 3596">
    <p class='ocr_par' dir='ltr' id='par_1_38' title="bbox 384 3527 2087 3596">
     <span class='ocr_line' id='line_1_38' title="bbox 384 3527 2087 3596; baseline -0.003 -9"><span class='ocrx_word' id='word_1_279' title='bbox 384 3537 442 3588; x_wconf 91' lang='lat' dir='ltr'><strong>et</strong></span> <span class='ocrx_word' id='word_1_280' title='bbox 478 3533 603 3588; x_wconf 86' lang='lat' dir='ltr'><strong>hac</strong></span> <span class='ocrx_word' id='word_1_281' title='bbox 658 3531 775 3586; x_wconf 87' lang='lat' dir='ltr'><strong>ima</strong></span> <span class='ocrx_word' id='word_1_282' title='bbox 803 3530 1224 3596; x_wconf 88' lang='lat' dir='ltr'><strong>delectationes,</strong></span> <span class='ocrx_word' id='word_1_283' title='bbox 1257 3529 1357 3583; x_wconf 90' lang='lat' dir='ltr'><strong>sed</strong></span> <span class='ocrx_word' id='word_1_284' title='bbox 1404 3545 1520 3582; x_wconf 89' lang='lat' dir='ltr'><strong>non</strong></span> <span class='ocrx_word' id='word_1_285' title='bbox 1551 3527 1694 3582; x_wconf 88' lang='lat' dir='ltr'><strong>sicut</strong></span> <span class='ocrx_word' id='word_1_286' title='bbox 1732 3529 1879 3581; x_wconf 92' lang='lat' dir='ltr'><strong>Deus</strong></span> <span class='ocrx_word' id='word_1_287' title='bbox 1924 3544 2087 3582; x_wconf 89' lang='lat' dir='ltr'><strong>meus</strong></span> 
     </span>
    </p>
   </div>
   <div class='ocr_carea' id='block_1_39' title="bbox 385 3616 2088 3693">
    <p class='ocr_par' dir='ltr' id='par_1_39' title="bbox 385 3616 2088 3693">
     <span class='ocr_line' id='line_1_39' title="bbox 385 3616 2088 3693; baseline -0.004 -17"><span class='ocrx_word' id='word_1_288' title='bbox 385 3621 485 3693; x_wconf 86' lang='lat' dir='ltr'><strong>qui</strong></span> <span class='ocrx_word' id='word_1_289' title='bbox 515 3620 647 3676; x_wconf 90' lang='lat' dir='ltr'><strong>fecit</strong></span> <span class='ocrx_word' id='word_1_290' title='bbox 682 3619 916 3686; x_wconf 88' lang='lat' dir='ltr'><strong>omnia;</strong></span> <span class='ocrx_word' id='word_1_291' title='bbox 969 3617 1106 3689; x_wconf 90' lang='lat' dir='ltr'><strong>quia</strong></span> <span class='ocrx_word' id='word_1_292' title='bbox 1150 3617 1212 3671; x_wconf 92' lang='lat' dir='ltr'><strong>in</strong></span> <span class='ocrx_word' id='word_1_293' title='bbox 1258 3617 1382 3689; x_wconf 92' lang='lat' dir='ltr'><strong>ipso</strong></span> <span class='ocrx_word' id='word_1_294' title='bbox 1422 3616 1735 3671; x_wconf 85' lang='lat' dir='ltr'><strong>delectatur</strong></span> <span class='ocrx_word' id='word_1_295' title='bbox 1760 3616 1969 3687; x_wconf 90' lang='lat' dir='ltr'><strong>justus,</strong></span> <span class='ocrx_word' id='word_1_296' title='bbox 2032 3619 2088 3669; x_wconf 92' lang='lat' dir='ltr'><strong>et</strong></span> 
     </span>
    </p>
   </div>
   <div class='ocr_carea' id='block_1_40' title="bbox 383 3706 1404 3782">
    <p class='ocr_par' dir='ltr' id='par_1_40' title="bbox 383 3706 1404 3782">
     <span class='ocr_line' id='line_1_40' title="bbox 383 3706 1404 3782; baseline -0.003 -19"><span class='ocrx_word' id='word_1_297' title='bbox 383 3709 506 3782; x_wconf 87' lang='lat' dir='ltr'><strong>ipse</strong></span> <span class='ocrx_word' id='word_1_298' title='bbox 539 3714 622 3764; x_wconf 89' lang='lat' dir='ltr'><strong>est</strong></span> <span class='ocrx_word' id='word_1_299' title='bbox 650 3708 869 3763; x_wconf 85' lang='lat' dir='ltr'><strong>delicia</strong></span> <span class='ocrx_word' id='word_1_300' title='bbox 894 3714 1179 3762; x_wconf 83' lang='lat' dir='ltr'><strong>rectorum</strong></span> <span class='ocrx_word' id='word_1_301' title='bbox 1208 3706 1404 3761; x_wconf 91' lang='lat' dir='ltr'><strong>corde.</strong></span> 
     </span>
    </p>
   </div>
   <div class='ocr_carea' id='block_1_41' title="bbox 458 3790 2087 3866">
    <p class='ocr_par' dir='ltr' id='par_1_41' title="bbox 458 3790 2087 3866">
     <span class='ocr_line' id='line_1_41' title="bbox 458 3790 2087 3866; baseline -0.002 -18"><span class='ocrx_word' id='word_1_302' title='bbox 458 3798 540 3849; x_wconf 83' lang='lat' dir='ltr'><strong>ll.</strong></span> <span class='ocrx_word' id='word_1_303' title='bbox 562 3795 704 3850; x_wconf 87' lang='lat' dir='ltr'><strong>Cum</strong></span> <span class='ocrx_word' id='word_1_304' title='bbox 735 3795 927 3866; x_wconf 82' lang='lat' dir='ltr'><strong>itaque</strong></span> <span class='ocrx_word' id='word_1_305' title='bbox 955 3794 1023 3849; x_wconf 91' lang='lat' dir='ltr'><strong>de</strong></span> <span class='ocrx_word' id='word_1_306' title='bbox 1053 3794 1298 3848; x_wconf 85' lang='lat' dir='ltr'><strong>facinore</strong></span> <span class='ocrx_word' id='word_1_307' title='bbox 1328 3791 1609 3864; x_wconf 66' lang='lat' dir='ltr'><strong>quaeritur</strong></span> <span class='ocrx_word' id='word_1_308' title='bbox 1640 3808 1753 3863; x_wconf 89' lang='lat' dir='ltr'><strong>qua</strong></span> <span class='ocrx_word' id='word_1_309' title='bbox 1795 3807 1965 3846; x_wconf 87' lang='lat' dir='ltr'><strong>causa</strong></span> <span class='ocrx_word' id='word_1_310' title='bbox 2008 3790 2087 3845; x_wconf 90' lang='lat' dir='ltr'><strong>fa-</strong></span> 
     </span>
    </p>
   </div>
   <div class='ocr_carea' id='block_1_42' title="bbox 385 3879 2085 3951">
    <p class='ocr_par' dir='ltr' id='par_1_42' title="bbox 385 3879 2085 3951">
     <span class='ocr_line' id='line_1_42' title="bbox 385 3879 2085 3951; baseline -0.003 -14"><span class='ocrx_word' id='word_1_311' title='bbox 385 3889 541 3937; x_wconf 88' lang='lat' dir='ltr'><strong>ctum</strong></span> <span class='ocrx_word' id='word_1_312' title='bbox 594 3884 683 3949; x_wconf 89' lang='lat' dir='ltr'><strong>sit,</strong></span> <span class='ocrx_word' id='word_1_313' title='bbox 719 3884 872 3938; x_wconf 88' lang='lat' dir='ltr'><strong>credi</strong></span> <span class='ocrx_word' id='word_1_314' title='bbox 900 3900 1018 3938; x_wconf 86' lang='lat' dir='ltr'><strong>non</strong></span> <span class='ocrx_word' id='word_1_315' title='bbox 1056 3883 1219 3947; x_wconf 85' lang='lat' dir='ltr'><strong>solet,</strong></span> <span class='ocrx_word' id='word_1_316' title='bbox 1253 3882 1364 3937; x_wconf 88' lang='lat' dir='ltr'><strong>nisi</strong></span> <span class='ocrx_word' id='word_1_317' title='bbox 1413 3897 1544 3935; x_wconf 90' lang='lat' dir='ltr'><strong>cum</strong></span> <span class='ocrx_word' id='word_1_318' title='bbox 1589 3879 1877 3951; x_wconf 87' lang='lat' dir='ltr'><strong>appetitus</strong></span> <span class='ocrx_word' id='word_1_319' title='bbox 1907 3879 2085 3949; x_wconf 90' lang='lat' dir='ltr'><strong>adipi-</strong></span> 
     </span>
    </p>
   </div>
   <div class='ocr_carea' id='block_1_43' title="bbox 383 3967 2082 4043">
    <p class='ocr_par' dir='ltr' id='par_1_43' title="bbox 383 3967 2082 4043">
     <span class='ocr_line' id='line_1_43' title="bbox 383 3967 2082 4043; baseline -0.002 -19"><span class='ocrx_word' id='word_1_320' title='bbox 383 3972 574 4026; x_wconf 88' lang='lat' dir='ltr'><strong>scendi</strong></span> <span class='ocrx_word' id='word_1_321' title='bbox 604 3972 845 4043; x_wconf 85' lang='lat' dir='ltr'><strong>alicujus</strong></span> <span class='ocrx_word' id='word_1_322' title='bbox 873 3971 1106 4026; x_wconf 90' lang='lat' dir='ltr'><strong>illorum</strong></span> <span class='ocrx_word' id='word_1_323' title='bbox 1122 3971 1404 4024; x_wconf 88' lang='lat' dir='ltr'><strong>bonorum</strong></span> <span class='ocrx_word' id='word_1_324' title='bbox 1431 3985 1562 4041; x_wconf 82' lang='lat' dir='ltr'><strong>qua</strong></span> <span class='ocrx_word' id='word_1_325' title='bbox 1588 3969 1790 4022; x_wconf 83' lang='lat' dir='ltr'><strong>intima</strong></span> <span class='ocrx_word' id='word_1_326' title='bbox 1812 3967 2082 4034; x_wconf 84' lang='lat' dir='ltr'><strong>diximus,</strong></span> 
     </span>
    </p>
   </div>
   <div class='ocr_carea' id='block_1_44' title="bbox 381 4055 2082 4131">
    <p class='ocr_par' dir='ltr' id='par_1_44' title="bbox 381 4055 2082 4131">
     <span class='ocr_line' id='line_1_44' title="bbox 381 4055 2082 4131; baseline -0.002 -18"><span class='ocrx_word' id='word_1_327' title='bbox 381 4075 501 4113; x_wconf 89' lang='lat' dir='ltr'><strong>esse</strong></span> <span class='ocrx_word' id='word_1_328' title='bbox 514 4059 765 4131; x_wconf 86' lang='lat' dir='ltr'><strong>potuisse</strong></span> <span class='ocrx_word' id='word_1_329' title='bbox 787 4059 1138 4129; x_wconf 89' lang='lat' dir='ltr'><strong>apparuerit,</strong></span> <span class='ocrx_word' id='word_1_330' title='bbox 1157 4062 1255 4112; x_wconf 84' lang='lat' dir='ltr'><strong>aut</strong></span> <span class='ocrx_word' id='word_1_331' title='bbox 1276 4062 1461 4111; x_wconf 89' lang='lat' dir='ltr'><strong>metus</strong></span> <span class='ocrx_word' id='word_1_332' title='bbox 1491 4055 1810 4111; x_wconf 89' lang='lat' dir='ltr'><strong>amittendi.</strong></span> <span class='ocrx_word' id='word_1_333' title='bbox 1837 4056 2082 4110; x_wconf 88' lang='lat' dir='ltr'><strong>Pulchra</strong></span> 
     </span>
    </p>
   </div>
   <div class='ocr_carea' id='block_1_45' title="bbox 378 4143 2083 4216">
    <p class='ocr_par' dir='ltr' id='par_1_45' title="bbox 378 4143 2083 4216">
     <span class='ocr_line' id='line_1_45' title="bbox 378 4143 2083 4216; baseline -0.002 -15"><span class='ocrx_word' id='word_1_334' title='bbox 378 4152 512 4201; x_wconf 90' lang='lat' dir='ltr'><strong>sunt</strong></span> <span class='ocrx_word' id='word_1_335' title='bbox 535 4147 691 4201; x_wconf 89' lang='lat' dir='ltr'><strong>enim</strong></span> <span class='ocrx_word' id='word_1_336' title='bbox 721 4151 778 4201; x_wconf 90' lang='lat' dir='ltr'><strong>et</strong></span> <span class='ocrx_word' id='word_1_337' title='bbox 803 4147 1027 4213; x_wconf 86' lang='lat' dir='ltr'><strong>decora,</strong></span> <span class='ocrx_word' id='word_1_338' title='bbox 1060 4161 1411 4216; x_wconf 89' lang='lat' dir='ltr'><strong>quamquam</strong></span> <span class='ocrx_word' id='word_1_339' title='bbox 1432 4160 1553 4215; x_wconf 89' lang='lat' dir='ltr'><strong>pra</strong></span> <span class='ocrx_word' id='word_1_340' title='bbox 1574 4143 1740 4198; x_wconf 91' lang='lat' dir='ltr'><strong>bonis</strong></span> <span class='ocrx_word' id='word_1_341' title='bbox 1770 4143 2083 4215; x_wconf 85' lang='lat' dir='ltr'><strong>superiori-</strong></span> 
     </span>
    </p>
   </div>
   <div class='ocr_carea' id='block_1_46' title="bbox 378 4232 2084 4303">
    <p class='ocr_par' dir='ltr' id='par_1_46' title="bbox 378 4232 2084 4303">
     <span class='ocr_line' id='line_1_46' title="bbox 378 4232 2084 4303; baseline -0.001 -16"><span class='ocrx_word' id='word_1_342' title='bbox 378 4234 485 4287; x_wconf 92' lang='lat' dir='ltr'><strong>bus</strong></span> <span class='ocrx_word' id='word_1_343' title='bbox 527 4240 584 4288; x_wconf 88' lang='lat' dir='ltr'><strong>et</strong></span> <span class='ocrx_word' id='word_1_344' title='bbox 616 4234 641 4267; x_wconf 71' lang='grc'>³</span> <span class='ocrx_word' id='word_1_345' title='bbox 667 4232 946 4288; x_wconf 89' lang='lat' dir='ltr'><strong>beatilicis</strong></span> <span class='ocrx_word' id='word_1_346' title='bbox 991 4233 1209 4303; x_wconf 87' lang='lat' dir='ltr'><strong>abjecta</strong></span> <span class='ocrx_word' id='word_1_347' title='bbox 1265 4238 1323 4287; x_wconf 85' lang='lat' dir='ltr'><strong>et</strong></span> <span class='ocrx_word' id='word_1_348' title='bbox 1378 4232 1646 4303; x_wconf 83' lang='lat' dir='ltr'><strong>jacentia.</strong></span> <span class='ocrx_word' id='word_1_349' title='bbox 1702 4232 2084 4286; x_wconf 89' lang='lat' dir='ltr'><strong>llomicidium</strong></span> 
     </span>
    </p>
   </div>
   <div class='ocr_carea' id='block_1_47' title="bbox 376 4320 2081 4392">
    <p class='ocr_par' dir='ltr' id='par_1_47' title="bbox 376 4320 2081 4392">
     <span class='ocr_line' id='line_1_47' title="bbox 376 4320 2081 4392; baseline -0.001 -16"><span class='ocrx_word' id='word_1_350' title='bbox 376 4322 528 4377; x_wconf 88' lang='lat' dir='ltr'><strong>fecit.</strong></span> <span class='ocrx_word' id='word_1_351' title='bbox 554 4324 666 4377; x_wconf 90' lang='lat' dir='ltr'><strong>Cur</strong></span> <span class='ocrx_word' id='word_1_352' title='bbox 689 4323 863 4377; x_wconf 87' lang='lat' dir='ltr'><strong>fecit?</strong></span> <span class='ocrx_word' id='word_1_353' title='bbox 882 4321 1180 4377; x_wconf 81' lang='lat' dir='ltr'><strong>Adamavit</strong></span> <span class='ocrx_word' id='word_1_354' title='bbox 1195 4321 1318 4392; x_wconf 87' lang='lat' dir='ltr'><strong>ejus</strong></span> <span class='ocrx_word' id='word_1_355' title='bbox 1341 4321 1642 4391; x_wconf 85' lang='lat' dir='ltr'><strong>conjugem</strong></span> <span class='ocrx_word' id='word_1_356' title='bbox 1664 4325 1761 4374; x_wconf 89' lang='lat' dir='ltr'><strong>aut</strong></span> <span class='ocrx_word' id='word_1_357' title='bbox 1777 4320 2081 4391; x_wconf 87' lang='lat' dir='ltr'><strong>pradium,</strong></span> 
     </span>
    </p>
   </div>
   <div class='ocr_carea' id='block_1_48' title="bbox 382 4408 2082 4480">
    <p class='ocr_par' dir='ltr' id='par_1_48' title="bbox 382 4408 2082 4480">
     <span class='ocr_line' id='line_1_48' title="bbox 382 4408 2082 4480; baseline 0 -16"><span class='ocrx_word' id='word_1_358' title='bbox 382 4414 482 4464; x_wconf 86' lang='lat' dir='ltr'><strong>aut</strong></span> <span class='ocrx_word' id='word_1_359' title='bbox 507 4410 688 4464; x_wconf 90' lang='lat' dir='ltr'><strong>voluit</strong></span> <span class='ocrx_word' id='word_1_360' title='bbox 718 4409 1037 4480; x_wconf 83' lang='lat' dir='ltr'><strong>depradari</strong></span> <span class='ocrx_word' id='word_1_361' title='bbox 1077 4409 1230 4464; x_wconf 87' lang='lat' dir='ltr'><strong>unde</strong></span> <span class='ocrx_word' id='word_1_362' title='bbox 1272 4409 1489 4463; x_wconf 84' lang='lat' dir='ltr'><strong>viveret</strong></span> <span class='ocrx_word' id='word_1_363' title='bbox 1533 4413 1634 4463; x_wconf 86' lang='lat' dir='ltr'><strong>aut</strong></span> <span class='ocrx_word' id='word_1_364' title='bbox 1656 4408 1851 4463; x_wconf 86' lang='lat' dir='ltr'><strong>timuit</strong></span> <span class='ocrx_word' id='word_1_365' title='bbox 1881 4409 1951 4463; x_wconf 88' lang='lat' dir='ltr'><strong>ab</strong></span> <span class='ocrx_word' id='word_1_366' title='bbox 1984 4409 2082 4464; x_wconf 93' lang='lat' dir='ltr'><strong>illo</strong></span> 
     </span>
    </p>
   </div>
   <div class='ocr_carea' id='block_1_49' title="bbox 377 4496 2083 4569">
    <p class='ocr_par' dir='ltr' id='par_1_49' title="bbox 377 4496 2083 4569">
     <span class='ocr_line' id='line_1_49' title="bbox 377 4496 2083 4569; baseline 0 -17"><span class='ocrx_word' id='word_1_367' title='bbox 377 4498 493 4552; x_wconf 88' lang='lat' dir='ltr'><strong>tale</strong></span> <span class='ocrx_word' id='word_1_368' title='bbox 527 4498 745 4569; x_wconf 90' lang='lat' dir='ltr'><strong>aliquid</strong></span> <span class='ocrx_word' id='word_1_369' title='bbox 769 4499 1048 4565; x_wconf 89' lang='lat' dir='ltr'><strong>amittere,</strong></span> <span class='ocrx_word' id='word_1_370' title='bbox 1074 4500 1173 4552; x_wconf 91' lang='lat' dir='ltr'><strong>aut</strong></span> <span class='ocrx_word' id='word_1_371' title='bbox 1190 4497 1358 4551; x_wconf 87' lang='lat' dir='ltr'><strong>lasus</strong></span> <span class='ocrx_word' id='word_1_372' title='bbox 1384 4496 1576 4552; x_wconf 89' lang='lat' dir='ltr'><strong>ulcisci</strong></span> <span class='ocrx_word' id='word_1_373' title='bbox 1602 4513 1660 4551; x_wconf 91' lang='lat' dir='ltr'><strong>se</strong></span> <span class='ocrx_word' id='word_1_374' title='bbox 1691 4497 1919 4552; x_wconf 80' lang='lat' dir='ltr'><strong>exarsit.</strong></span> <span class='ocrx_word' id='word_1_375' title='bbox 1936 4498 2083 4552; x_wconf 86' lang='lat' dir='ltr'><strong>Num</strong></span> 
     </span>
    </p>
   </div>
   <div class='ocr_carea' id='block_1_50' title="bbox 379 4585 2081 4656">
    <p class='ocr_par' dir='ltr' id='par_1_50' title="bbox 379 4585 2081 4656">
     <span class='ocr_line' id='line_1_50' title="bbox 379 4585 2081 4656; baseline -0.001 -15"><span class='ocrx_word' id='word_1_376' title='bbox 379 4586 756 4641; x_wconf 89' lang='lat' dir='ltr'><strong>homicidium</strong></span> <span class='ocrx_word' id='word_1_377' title='bbox 786 4586 908 4641; x_wconf 90' lang='lat' dir='ltr'><strong>sine</strong></span> <span class='ocrx_word' id='word_1_378' title='bbox 950 4603 1121 4641; x_wconf 87' lang='lat' dir='ltr'><strong>causa</strong></span> <span class='ocrx_word' id='word_1_379' title='bbox 1168 4585 1399 4654; x_wconf 88' lang='lat' dir='ltr'><strong>faceret,</strong></span> <span class='ocrx_word' id='word_1_380' title='bbox 1430 4585 1554 4656; x_wconf 81' lang='lat' dir='ltr'><strong>ipso</strong></span> <span class='ocrx_word' id='word_1_381' title='bbox 1580 4585 1891 4639; x_wconf 89' lang='lat' dir='ltr'><strong>homicidio</strong></span> <span class='ocrx_word' id='word_1_382' title='bbox 1922 4586 2081 4640; x_wconf 85' lang='lat' dir='ltr'><strong>dele-</strong></span> 
     </span>
    </p>
   </div>
   <div class='ocr_carea' id='block_1_51' title="bbox 377 4674 2085 4746">
    <p class='ocr_par' dir='ltr' id='par_1_51' title="bbox 377 4674 2085 4746">
     <span class='ocr_line' id='line_1_51' title="bbox 377 4674 2085 4746; baseline 0 -17"><span class='ocrx_word' id='word_1_383' title='bbox 377 4676 607 4730; x_wconf 86' lang='lat' dir='ltr'><strong>ctatus?</strong></span> <span class='ocrx_word' id='word_1_384' title='bbox 634 4676 769 4740; x_wconf 87' lang='lat' dir='ltr'><strong>Quis</strong></span> <span class='ocrx_word' id='word_1_385' title='bbox 811 4675 1158 4731; x_wconf 83' lang='lat' dir='ltr'><strong>crediderit?</strong></span> <span class='ocrx_word' id='word_1_386' title='bbox 1196 4676 1339 4729; x_wconf 84' lang='lat' dir='ltr'><strong>Nam</strong></span> <span class='ocrx_word' id='word_1_387' title='bbox 1386 4679 1441 4728; x_wconf 90' lang='lat' dir='ltr'><strong>et</strong></span> <span class='ocrx_word' id='word_1_388' title='bbox 1485 4674 1554 4729; x_wconf 91' lang='lat' dir='ltr'><strong>de</strong></span> <span class='ocrx_word' id='word_1_389' title='bbox 1600 4691 1714 4746; x_wconf 90' lang='lat' dir='ltr'><strong>quo</strong></span> <span class='ocrx_word' id='word_1_390' title='bbox 1753 4674 1968 4729; x_wconf 90' lang='lat' dir='ltr'><strong>dictum</strong></span> <span class='ocrx_word' id='word_1_391' title='bbox 1999 4679 2085 4730; x_wconf 86' lang='lat' dir='ltr'><strong>est</strong></span> 
     </span>
    </p>
   </div>
   <div class='ocr_carea' id='block_1_52' title="bbox 377 4762 2083 4835">
    <p class='ocr_par' dir='ltr' id='par_1_52' title="bbox 377 4762 2083 4835">
     <span class='ocr_line' id='line_1_52' title="bbox 377 4762 2083 4835; baseline 0.001 -18"><span class='ocrx_word' id='word_1_392' title='bbox 377 4763 606 4818; x_wconf 89' lang='lat' dir='ltr'><strong>vecordi</strong></span> <span class='ocrx_word' id='word_1_393' title='bbox 626 4769 683 4819; x_wconf 92' lang='lat' dir='ltr'><strong>et</strong></span> <span class='ocrx_word' id='word_1_394' title='bbox 711 4763 880 4818; x_wconf 88' lang='lat' dir='ltr'><strong>nimis</strong></span> <span class='ocrx_word' id='word_1_395' title='bbox 912 4764 1127 4819; x_wconf 90' lang='lat' dir='ltr'><strong>crudeli</strong></span> <span class='ocrx_word' id='word_1_396' title='bbox 1156 4762 1412 4833; x_wconf 89' lang='lat' dir='ltr'><strong>homine,</strong></span> <span class='ocrx_word' id='word_1_397' title='bbox 1448 4764 1599 4834; x_wconf 89' lang='lat' dir='ltr'><strong>quod</strong></span> <span class='ocrx_word' id='word_1_398' title='bbox 1620 4763 1869 4834; x_wconf 87' lang='lat' dir='ltr'><strong>gratuito</strong></span> <span class='ocrx_word' id='word_1_399' title='bbox 1890 4763 2083 4835; x_wconf 89' lang='lat' dir='ltr'><strong>potius</strong></span> 
     </span>
    </p>
   </div>
   <div class='ocr_carea' id='block_1_53' title="bbox 379 4850 2076 4922">
    <p class='ocr_par' dir='ltr' id='par_1_53' title="bbox 379 4850 2076 4922">
     <span class='ocr_line' id='line_1_53' title="bbox 379 4850 2076 4922; baseline -0.004 -16"><span class='ocrx_word' id='word_1_400' title='bbox 379 4852 565 4906; x_wconf 84' lang='lat' dir='ltr'><strong>malus</strong></span> <span class='ocrx_word' id='word_1_401' title='bbox 593 4857 764 4922; x_wconf 89' lang='lat' dir='ltr'><strong>atque</strong></span> <span class='ocrx_word' id='word_1_402' title='bbox 794 4851 1038 4906; x_wconf 84' lang='lat' dir='ltr'><strong>crudelis</strong></span> <span class='ocrx_word' id='word_1_403' title='bbox 1069 4856 1209 4918; x_wconf 90' lang='lat' dir='ltr'><strong>erat,</strong></span> <span class='ocrx_word' id='word_1_404' title='bbox 1232 4850 1506 4921; x_wconf 82' lang='lat' dir='ltr'><strong>pradicta</strong></span> <span class='ocrx_word' id='word_1_405' title='bbox 1535 4854 1620 4904; x_wconf 89' lang='lat' dir='ltr'><strong>est</strong></span> <span class='ocrx_word' id='word_1_406' title='bbox 1648 4854 1840 4903; x_wconf 90' lang='lat' dir='ltr'><strong>tamen</strong></span> <span class='ocrx_word' id='word_1_407' title='bbox 1872 4860 2076 4901; x_wconf 87' lang='lat' dir='ltr'><strong>causa:</strong></span> 
     </span>
    </p>
   </div>
   <div class='ocr_carea' id='block_1_54' title="bbox 376 4937 2081 5011">
    <p class='ocr_par' dir='ltr' id='par_1_54' title="bbox 376 4937 2081 5011">
     <span class='ocr_line' id='line_1_54' title="bbox 376 4937 2081 5011; baseline -0.004 -16"><span class='ocrx_word' id='word_1_408' title='bbox 376 4942 452 4996; x_wconf 88' lang='lat' dir='ltr'><strong>Ne</strong></span> <span class='ocrx_word' id='word_1_409' title='bbox 484 4956 585 5009; x_wconf 82' lang='lat' dir='ltr'><strong>per</strong></span> <span class='ocrx_word' id='word_1_410' title='bbox 626 4943 813 5006; x_wconf 79' lang='lat' dir='ltr'><strong>otium,</strong></span> <span class='ocrx_word' id='word_1_411' title='bbox 860 4940 1069 5011; x_wconf 87' lang='lat' dir='ltr'><strong>inquit,</strong></span> <span class='ocrx_word' id='word_1_412' title='bbox 1124 4944 1441 5009; x_wconf 84' lang='lat' dir='ltr'><strong>torpescerct</strong></span> <span class='ocrx_word' id='word_1_413' title='bbox 1496 4954 1688 4993; x_wconf 86' lang='lat' dir='ltr'><strong>manus</strong></span> <span class='ocrx_word' id='word_1_414' title='bbox 1732 4942 1828 4991; x_wconf 84' lang='lat' dir='ltr'><strong>aut</strong></span> <span class='ocrx_word' id='word_1_415' title='bbox 1865 4937 2081 4990; x_wconf 82' lang='lat' dir='ltr'><strong>animus</strong></span> 
     </span>
    </p>
   </div>
   <div class='ocr_carea' id='block_1_55' title="bbox 378 5023 2076 5099">
    <p class='ocr_par' dir='ltr' id='par_1_55' title="bbox 378 5023 2076 5099">
     <span class='ocr_line' id='line_1_55' title="bbox 378 5023 2076 5099; baseline -0.005 -15"><span class='ocrx_word' id='word_1_416' title='bbox 378 5028 709 5099; x_wconf 79' lang='lat' dir='ltr'><strong>(Sallustius,</strong></span> <span class='ocrx_word' id='word_1_417' title='bbox 742 5028 807 5082; x_wconf 87' lang='lat' dir='ltr'><strong>de</strong></span> <span class='ocrx_word' id='word_1_418' title='bbox 838 5029 977 5082; x_wconf 82' lang='lat' dir='ltr'><strong>Bello</strong></span> <span class='ocrx_word' id='word_1_419' title='bbox 1003 5029 1197 5094; x_wconf 80' lang='lat' dir='ltr'><strong>Catil.,</strong></span> <span class='ocrx_word' id='word_1_420' title='bbox 1229 5043 1348 5096; x_wconf 88' lang='lat' dir='ltr'><strong>cap.</strong></span> <span class='ocrx_word' id='word_1_421' title='bbox 1383 5027 1475 5097; x_wconf 79' lang='lat' dir='ltr'><strong>ix).</strong></span> <span class='ocrx_word' id='word_1_422' title='bbox 1499 5026 1684 5091; x_wconf 86' lang='lat' dir='ltr'><strong>Quare</strong></span> <span class='ocrx_word' id='word_1_423' title='bbox 1712 5024 1773 5080; x_wconf 90' lang='lat' dir='ltr'><strong>id</strong></span> <span class='ocrx_word' id='word_1_424' title='bbox 1800 5040 2030 5096; x_wconf 88' lang='lat' dir='ltr'><strong>quoque</strong></span> <span class='ocrx_word' id='word_1_425' title='bbox 2050 5023 2076 5076; x_wconf 65' lang='grc' dir='ltr'>τ</span> 
     </span>
    </p>
   </div>
   <div class='ocr_carea' id='block_1_56' title="bbox 378 5115 2078 5183">
    <p class='ocr_par' dir='ltr' id='par_1_56' title="bbox 378 5115 2078 5183">
     <span class='ocr_line' id='line_1_56' title="bbox 378 5115 2078 5183; baseline -0.004 -12"><span class='ocrx_word' id='word_1_426' title='bbox 378 5134 481 5172; x_wconf 89' lang='lat' dir='ltr'><strong>cur</strong></span> <span class='ocrx_word' id='word_1_427' title='bbox 509 5117 632 5172; x_wconf 87' lang='lat' dir='ltr'><strong>ita?</strong></span> <span class='ocrx_word' id='word_1_428' title='bbox 664 5119 732 5173; x_wconf 92' lang='lat' dir='ltr'><strong>Ut</strong></span> <span class='ocrx_word' id='word_1_429' title='bbox 762 5116 975 5171; x_wconf 88' lang='lat' dir='ltr'><strong>scilicet</strong></span> <span class='ocrx_word' id='word_1_430' title='bbox 1018 5115 1117 5169; x_wconf 87' lang='lat' dir='ltr'><strong>illa</strong></span> <span class='ocrx_word' id='word_1_431' title='bbox 1146 5115 1543 5170; x_wconf 83' lang='lat' dir='ltr'><strong>exercitatione</strong></span> <span class='ocrx_word' id='word_1_432' title='bbox 1577 5115 1881 5183; x_wconf 89' lang='lat' dir='ltr'><strong>scelerum,</strong></span> <span class='ocrx_word' id='word_1_433' title='bbox 1913 5116 2078 5183; x_wconf 87' lang='lat' dir='ltr'><strong>capta</strong></span> 
     </span>
    </p>
   </div>
   <div class='ocr_carea' id='block_1_57' title="bbox 377 5202 2077 5274">
    <p class='ocr_par' dir='ltr' id='par_1_57' title="bbox 377 5202 2077 5274">
     <span class='ocr_line' id='line_1_57' title="bbox 377 5202 2077 5274; baseline -0.004 -14"><span class='ocrx_word' id='word_1_434' title='bbox 377 5205 541 5273; x_wconf 89' lang='lat' dir='ltr'><strong>urbe,</strong></span> <span class='ocrx_word' id='word_1_435' title='bbox 575 5206 845 5272; x_wconf 85' lang='lat' dir='ltr'><strong>honores,</strong></span> <span class='ocrx_word' id='word_1_436' title='bbox 878 5202 1142 5274; x_wconf 86' lang='lat' dir='ltr'><strong>imperia,</strong></span> <span class='ocrx_word' id='word_1_437' title='bbox 1178 5202 1403 5256; x_wconf 87' lang='lat' dir='ltr'><strong>divitias</strong></span> <span class='ocrx_word' id='word_1_438' title='bbox 1431 5205 1851 5273; x_wconf 89' lang='lat' dir='ltr'><strong>assequeretur,</strong></span> <span class='ocrx_word' id='word_1_439' title='bbox 1900 5205 1956 5255; x_wconf 87' lang='lat' dir='ltr'><strong>et</strong></span> <span class='ocrx_word' id='word_1_440' title='bbox 1983 5215 2077 5254; x_wconf 89' lang='lat' dir='ltr'><strong>ca-</strong></span> 
     </span>
    </p>
   </div>
   <div class='ocr_carea' id='block_1_58' title="bbox 441 5342 2072 5409">
    <p class='ocr_par' dir='ltr' id='par_1_58' title="bbox 441 5342 2072 5409">
     <span class='ocr_line' id='line_1_58' title="bbox 441 5342 2072 5409; baseline -0.004 -11"><span class='ocrx_word' id='word_1_441' title='bbox 441 5350 458 5382; x_wconf 74' lang='grc'><strong>1</strong></span> <span class='ocrx_word' id='word_1_442' title='bbox 489 5349 563 5409; x_wconf 77' lang='lat' dir='ltr'><strong>De</strong></span> <span class='ocrx_word' id='word_1_443' title='bbox 604 5347 804 5409; x_wconf 62' lang='lat' dir='ltr'><strong>decore,</strong></span> <span class='ocrx_word' id='word_1_444' title='bbox 846 5345 1003 5409; x_wconf 81' lang='lat' dir='ltr'><strong>juxta</strong></span> <span class='ocrx_word' id='word_1_445' title='bbox 1036 5344 1238 5409; x_wconf 67' lang='lat' dir='ltr'><strong>Sonam.</strong></span> <span class='ocrx_word' id='word_1_446' title='bbox 1289 5347 1341 5393; x_wconf 94' lang='lat' dir='ltr'><strong>et</strong></span> <span class='ocrx_word' id='word_1_447' title='bbox 1374 5343 1545 5392; x_wconf 87' lang='lat' dir='ltr'><strong>Rond.</strong></span> <span class='ocrx_word' id='word_1_448' title='bbox 1578 5343 1729 5409; x_wconf 81' lang='lat' dir='ltr'><strong>Mart.</strong></span> <span class='ocrx_word' id='word_1_449' title='bbox 1757 5357 1821 5392; x_wconf 75' lang='lat' dir='ltr'><strong>ex</strong></span> <span class='ocrx_word' id='word_1_450' title='bbox 1855 5346 1883 5392; x_wconf 89' lang='lat'><strong>3</strong></span> <span class='ocrx_word' id='word_1_451' title='bbox 1908 5342 2031 5391; x_wconf 82' lang='lat' dir='ltr'><strong>Mss.</strong></span> <span class='ocrx_word' id='word_1_452' title='bbox 2058 5356 2072 5391; x_wconf 89' lang='lat'><strong>:</strong></span> 
     </span>
    </p>
   </div>
   <div class='ocr_carea' id='block_1_59' title="bbox 382 5406 1707 5472">
    <p class='ocr_par' dir='ltr' id='par_1_59' title="bbox 382 5406 1707 5472">
     <span class='ocr_line' id='line_1_59' title="bbox 382 5406 1707 5472; baseline -0.005 -14"><span class='ocrx_word' id='word_1_453' title='bbox 382 5411 504 5458; x_wconf 81' lang='lat' dir='ltr'><strong>Non</strong></span> <span class='ocrx_word' id='word_1_454' title='bbox 527 5408 686 5460; x_wconf 70' lang='lat' dir='ltr'><strong>decus</strong></span> <span class='ocrx_word' id='word_1_455' title='bbox 709 5406 946 5472; x_wconf 50' lang='lat' dir='ltr'><strong>aliquod,</strong></span> <span class='ocrx_word' id='word_1_456' title='bbox 982 5410 1076 5472; x_wconf 58' lang='lat' dir='ltr'><strong>sed</strong></span> <span class='ocrx_word' id='word_1_457' title='bbox 1094 5406 1612 5472; x_wconf 47' lang='lat' dir='ltr'><strong>(latericia/2p:Vens.</strong></span> <span class='ocrx_word' id='word_1_458' title='bbox 1642 5406 1707 5453; x_wconf 75' lang='grc' dir='ltr'><strong>Μ.</strong></span> 
     </span>
    </p>
   </div>
   <div class='ocr_carea' id='block_1_60' title="bbox 441 5468 1558 5534">
    <p class='ocr_par' dir='ltr' id='par_1_60' title="bbox 441 5468 1558 5534">
     <span class='ocr_line' id='line_1_60' title="bbox 441 5468 1558 5534; baseline -0.005 -13"><span class='ocrx_word' id='word_1_459' title='bbox 441 5472 461 5505; x_wconf 72' lang='grc'>³</span> <span class='ocrx_word' id='word_1_460' title='bbox 491 5474 559 5521; x_wconf 73' lang='lat' dir='ltr'><strong>Et</strong></span> <span class='ocrx_word' id='word_1_461' title='bbox 589 5468 973 5534; x_wconf 56' lang='lat' dir='ltr'><strong>apibusfjuxta</strong></span> <span class='ocrx_word' id='word_1_462' title='bbox 1007 5469 1202 5518; x_wconf 83' lang='lat' dir='ltr'><strong>Summ.</strong></span> <span class='ocrx_word' id='word_1_463' title='bbox 1230 5473 1282 5517; x_wconf 92' lang='lat' dir='ltr'><strong>ct</strong></span> <span class='ocrx_word' id='word_1_464' title='bbox 1305 5468 1477 5516; x_wconf 85' lang='lat' dir='ltr'><strong>Rond.</strong></span> <span class='ocrx_word' id='word_1_465' title='bbox 1511 5470 1558 5515; x_wconf 84' lang='grc' dir='ltr'><strong>Μ</strong></span> 
     </span>
    </p>
   </div>
   <div class='ocr_carea' id='block_1_61' title="bbox 1607 212 2704 288">
    <p class='ocr_par' dir='ltr' id='par_1_61' title="bbox 1607 212 2704 288">
     <span class='ocr_line' id='line_1_61' title="bbox 1607 212 2704 288; baseline 0 -3"><span class='ocrx_word' id='word_1_466' title='bbox 1607 228 2147 287; x_wconf 61' lang='grc' dir='ltr'><strong>ωυΝιτΕδδιυΝυΜ</strong></span> <span class='ocrx_word' id='word_1_467' title='bbox 2200 229 2256 285; x_wconf 91' lang='lat' dir='ltr'><strong>s.</strong></span> <span class='ocrx_word' id='word_1_468' title='bbox 2296 212 2704 288; x_wconf 83' lang='lat' dir='ltr'><strong>AUGUSTINI.</strong></span> 
     </span>
    </p>
   </div>
   <div class='ocr_carea' id='block_1_62' title="bbox 3823 237 3934 289">
    <p class='ocr_par' dir='ltr' id='par_1_62' title="bbox 3823 237 3934 289">
     <span class='ocr_line' id='line_1_62' title="bbox 3823 237 3934 289; baseline -0.009 0"><span class='ocrx_word' id='word_1_469' title='bbox 3823 237 3934 289; x_wconf 82' lang='lat'><strong>680</strong></span> 
     </span>
    </p>
   </div>
   <div class='ocr_carea' id='block_1_63' title="bbox 2208 352 3930 427">
    <p class='ocr_par' dir='ltr' id='par_1_63' title="bbox 2208 352 3930 427">
     <span class='ocr_line' id='line_1_63' title="bbox 2208 352 3930 427; baseline 0.002 -20"><span class='ocrx_word' id='word_1_470' title='bbox 2208 358 2361 409; x_wconf 90' lang='lat' dir='ltr'><strong>reret</strong></span> <span class='ocrx_word' id='word_1_471' title='bbox 2386 358 2539 408; x_wconf 89' lang='lat' dir='ltr'><strong>metu</strong></span> <span class='ocrx_word' id='word_1_472' title='bbox 2574 354 2767 423; x_wconf 89' lang='lat' dir='ltr'><strong>legum</strong></span> <span class='ocrx_word' id='word_1_473' title='bbox 2796 356 2853 408; x_wconf 90' lang='lat' dir='ltr'><strong>et</strong></span> <span class='ocrx_word' id='word_1_474' title='bbox 2881 352 3220 410; x_wconf 81' lang='lat' dir='ltr'><strong>difficultate</strong></span> <span class='ocrx_word' id='word_1_475' title='bbox 3264 368 3480 420; x_wconf 89' lang='lat' dir='ltr'><strong>rerum,</strong></span> <span class='ocrx_word' id='word_1_476' title='bbox 3521 357 3768 427; x_wconf 85' lang='lat' dir='ltr'><strong>propter</strong></span> <span class='ocrx_word' id='word_1_477' title='bbox 3795 354 3930 410; x_wconf 76' lang='lat' dir='ltr'><strong>ino-</strong></span> 
     </span>
    </p>
   </div>
   <div class='ocr_carea' id='block_1_64' title="bbox 2205 442 3931 514">
    <p class='ocr_par' dir='ltr' id='par_1_64' title="bbox 2205 442 3931 514">
     <span class='ocr_line' id='line_1_64' title="bbox 2205 442 3931 514; baseline 0.002 -18"><span class='ocrx_word' id='word_1_478' title='bbox 2205 444 2359 514; x_wconf 85' lang='lat' dir='ltr'><strong>piam</strong></span> <span class='ocrx_word' id='word_1_479' title='bbox 2390 444 2474 498; x_wconf 86' lang='lat' dir='ltr'><strong>rei</strong></span> <span class='ocrx_word' id='word_1_480' title='bbox 2507 442 2826 510; x_wconf 86' lang='lat' dir='ltr'><strong>familiaris,</strong></span> <span class='ocrx_word' id='word_1_481' title='bbox 2871 447 2929 498; x_wconf 86' lang='lat' dir='ltr'><strong>et</strong></span> <span class='ocrx_word' id='word_1_482' title='bbox 2967 442 3380 498; x_wconf 89' lang='lat' dir='ltr'><strong>conscientiam</strong></span> <span class='ocrx_word' id='word_1_483' title='bbox 3437 445 3743 499; x_wconf 89' lang='lat' dir='ltr'><strong>scelerum.</strong></span> <span class='ocrx_word' id='word_1_484' title='bbox 3810 446 3931 500; x_wconf 79' lang='lat' dir='ltr'><strong>Nec</strong></span> 
     </span>
    </p>
   </div>
   <div class='ocr_carea' id='block_1_65' title="bbox 2207 531 3931 606">
    <p class='ocr_par' dir='ltr' id='par_1_65' title="bbox 2207 531 3931 606">
     <span class='ocr_line' id='line_1_65' title="bbox 2207 531 3931 606; baseline 0.002 -21"><span class='ocrx_word' id='word_1_485' title='bbox 2207 531 2328 602; x_wconf 78' lang='lat' dir='ltr'><strong>ipse</strong></span> <span class='ocrx_word' id='word_1_486' title='bbox 2358 532 2535 603; x_wconf 82' lang='lat' dir='ltr'><strong>igitur</strong></span> <span class='ocrx_word' id='word_1_487' title='bbox 2560 532 2802 587; x_wconf 86' lang='lat' dir='ltr'><strong>Catilina</strong></span> <span class='ocrx_word' id='word_1_488' title='bbox 2848 531 3058 586; x_wconf 89' lang='lat' dir='ltr'><strong>amavit</strong></span> <span class='ocrx_word' id='word_1_489' title='bbox 3101 531 3355 587; x_wconf 86' lang='lat' dir='ltr'><strong>facinora</strong></span> <span class='ocrx_word' id='word_1_490' title='bbox 3382 548 3525 600; x_wconf 89' lang='lat' dir='ltr'><strong>sua;</strong></span> <span class='ocrx_word' id='word_1_491' title='bbox 3558 534 3660 589; x_wconf 87' lang='lat' dir='ltr'><strong>sed</strong></span> <span class='ocrx_word' id='word_1_492' title='bbox 3717 533 3931 606; x_wconf 87' lang='lat' dir='ltr'><strong>utique</strong></span> 
     </span>
    </p>
   </div>
   <div class='ocr_carea' id='block_1_66' title="bbox 2205 620 3155 692">
    <p class='ocr_par' dir='ltr' id='par_1_66' title="bbox 2205 620 3155 692">
     <span class='ocr_line' id='line_1_66' title="bbox 2205 620 3155 692; baseline -0.002 -16"><span class='ocrx_word' id='word_1_493' title='bbox 2205 621 2360 676; x_wconf 91' lang='lat' dir='ltr'><strong>aliud</strong></span> <span class='ocrx_word' id='word_1_494' title='bbox 2390 621 2550 692; x_wconf 84' lang='lat' dir='ltr'><strong>cujus</strong></span> <span class='ocrx_word' id='word_1_495' title='bbox 2567 636 2735 676; x_wconf 89' lang='lat' dir='ltr'><strong>causa</strong></span> <span class='ocrx_word' id='word_1_496' title='bbox 2762 620 2863 675; x_wconf 90' lang='lat' dir='ltr'><strong>illa</strong></span> <span class='ocrx_word' id='word_1_497' title='bbox 2893 620 3155 675; x_wconf 86' lang='lat' dir='ltr'><strong>faciebat.</strong></span> 
     </span>
    </p>
   </div>
   <div class='ocr_carea' id='block_1_67' title="bbox 2514 709 3270 765">
    <p class='ocr_par' dir='ltr' id='par_1_67' title="bbox 2514 709 3270 765">
     <span class='ocr_line' id='line_1_67' title="bbox 2514 709 3270 765; baseline -0.008 0"><span class='ocrx_word' id='word_1_498' title='bbox 2514 717 2519 723; x_wconf 84' lang='lat'><strong>&#39;</strong></span> <span class='ocrx_word' id='word_1_499' title='bbox 2883 709 3109 765; x_wconf 83' lang='lat' dir='ltr'><strong>CAPUT</strong></span> <span class='ocrx_word' id='word_1_500' title='bbox 3138 710 3229 764; x_wconf 84' lang='lat' dir='ltr'><strong>VI.</strong></span> <span class='ocrx_word' id='word_1_501' title='bbox 3266 751 3270 757; x_wconf 93' lang='lat'><strong>.</strong></span> 
     </span>
    </p>
   </div>
   <div class='ocr_carea' id='block_1_68' title="bbox 2205 797 3927 867">
    <p class='ocr_par' dir='ltr' id='par_1_68' title="bbox 2205 797 3927 867">
     <span class='ocr_line' id='line_1_68' title="bbox 2205 797 3927 867; baseline 0.001 -13"><span class='ocrx_word' id='word_1_502' title='bbox 2205 799 2399 854; x_wconf 81' lang='lat' dir='ltr'><strong>Omnia</strong></span> <span class='ocrx_word' id='word_1_503' title='bbox 2423 813 2541 867; x_wconf 77' lang='lat' dir='ltr'><strong>qua:</strong></span> <span class='ocrx_word' id='word_1_504' title='bbox 2569 798 2695 855; x_wconf 80' lang='lat' dir='ltr'><strong>boni</strong></span> <span class='ocrx_word' id='word_1_505' title='bbox 2736 799 2911 867; x_wconf 85' lang='lat' dir='ltr'><strong>specie</strong></span> <span class='ocrx_word' id='word_1_506' title='bbox 2950 797 3025 851; x_wconf 86' lang='lat' dir='ltr'><strong>ad</strong></span> <span class='ocrx_word' id='word_1_507' title='bbox 3066 800 3207 852; x_wconf 78' lang='lat' dir='ltr'><strong>vitia</strong></span> <span class='ocrx_word' id='word_1_508' title='bbox 3261 800 3521 866; x_wconf 78' lang='lat' dir='ltr'><strong>invitant,</strong></span> <span class='ocrx_word' id='word_1_509' title='bbox 3570 800 3631 853; x_wconf 80' lang='lat' dir='ltr'><strong>in</strong></span> <span class='ocrx_word' id='word_1_510' title='bbox 3668 801 3784 855; x_wconf 80' lang='lat' dir='ltr'><strong>solo</strong></span> <span class='ocrx_word' id='word_1_511' title='bbox 3816 802 3927 855; x_wconf 80' lang='lat' dir='ltr'><strong>Deo</strong></span> 
     </span>
    </p>
   </div>
   <div class='ocr_carea' id='block_1_69' title="bbox 2733 889 3368 956">
    <p class='ocr_par' dir='ltr' id='par_1_69' title="bbox 2733 889 3368 956">
     <span class='ocr_line' id='line_1_69' title="bbox 2733 889 3368 956; baseline 0 -15"><span class='ocrx_word' id='word_1_512' title='bbox 2733 901 2844 941; x_wconf 85' lang='lat' dir='ltr'><strong>esse</strong></span> <span class='ocrx_word' id='word_1_513' title='bbox 2870 902 3000 940; x_wconf 76' lang='lat' dir='ltr'><strong>vera</strong></span> <span class='ocrx_word' id='word_1_514' title='bbox 3027 890 3079 940; x_wconf 85' lang='lat' dir='ltr'><strong>et</strong></span> <span class='ocrx_word' id='word_1_515' title='bbox 3106 889 3368 956; x_wconf 80' lang='lat' dir='ltr'><strong>perfecta.</strong></span> 
     </span>
    </p>
   </div>
   <div class='ocr_carea' id='block_1_70' title="bbox 2280 969 3916 1046">
    <p class='ocr_par' dir='ltr' id='par_1_70' title="bbox 2280 969 3916 1046">
     <span class='ocr_line' id='line_1_70' title="bbox 2280 969 3916 1046; baseline 0.001 -16"><span class='ocrx_word' id='word_1_516' title='bbox 2280 979 2362 1031; x_wconf 82' lang='lat' dir='ltr'><strong>l2.</strong></span> <span class='ocrx_word' id='word_1_517' title='bbox 2387 974 2534 1040; x_wconf 87' lang='lat' dir='ltr'><strong>Quid</strong></span> <span class='ocrx_word' id='word_1_518' title='bbox 2579 991 2684 1046; x_wconf 90' lang='lat' dir='ltr'><strong>ego</strong></span> <span class='ocrx_word' id='word_1_519' title='bbox 2708 975 2725 1011; x_wconf 86' lang='grc'>¹</span> <span class='ocrx_word' id='word_1_520' title='bbox 2752 975 2926 1029; x_wconf 84' lang='lat' dir='ltr'><strong>miser</strong></span> <span class='ocrx_word' id='word_1_521' title='bbox 2954 974 3015 1029; x_wconf 91' lang='lat' dir='ltr'><strong>in</strong></span> <span class='ocrx_word' id='word_1_522' title='bbox 3043 978 3099 1029; x_wconf 89' lang='lat' dir='ltr'><strong>te</strong></span> <span class='ocrx_word' id='word_1_523' title='bbox 3136 975 3340 1042; x_wconf 88' lang='lat' dir='ltr'><strong>amavi,</strong></span> <span class='ocrx_word' id='word_1_524' title='bbox 3372 992 3406 1030; x_wconf 92' lang='grc' dir='ltr'>ο</span> <span class='ocrx_word' id='word_1_525' title='bbox 3436 969 3655 1031; x_wconf 83' lang='lat' dir='ltr'><strong>furtum</strong></span> <span class='ocrx_word' id='word_1_526' title='bbox 3690 993 3916 1042; x_wconf 87' lang='lat' dir='ltr'><strong>meum,</strong></span> 
     </span>
    </p>
   </div>
   <div class='ocr_carea' id='block_1_71' title="bbox 2205 1056 3918 1114">
    <p class='ocr_par' dir='ltr' id='par_1_71' title="bbox 2205 1056 3918 1114">
     <span class='ocr_line' id='line_1_71' title="bbox 2205 1056 3918 1114; baseline 0.001 -2"><span class='ocrx_word' id='word_1_527' title='bbox 2205 1074 2238 1112; x_wconf 93' lang='grc' dir='ltr'>ο</span> <span class='ocrx_word' id='word_1_528' title='bbox 2266 1058 2485 1112; x_wconf 88' lang='lat' dir='ltr'><strong>facinus</strong></span> <span class='ocrx_word' id='word_1_529' title='bbox 2532 1056 2676 1111; x_wconf 90' lang='lat' dir='ltr'><strong>illud</strong></span> <span class='ocrx_word' id='word_1_530' title='bbox 2709 1073 2902 1112; x_wconf 90' lang='lat' dir='ltr'><strong>meum</strong></span> <span class='ocrx_word' id='word_1_531' title='bbox 2943 1061 3290 1111; x_wconf 90' lang='lat' dir='ltr'><strong>nocturnum</strong></span> <span class='ocrx_word' id='word_1_532' title='bbox 3332 1057 3479 1114; x_wconf 84' lang='lat' dir='ltr'><strong>sexti</strong></span> <span class='ocrx_word' id='word_1_533' title='bbox 3507 1058 3719 1114; x_wconf 89' lang='lat' dir='ltr'><strong>decimi</strong></span> <span class='ocrx_word' id='word_1_534' title='bbox 3775 1059 3918 1114; x_wconf 87' lang='lat' dir='ltr'><strong>anni</strong></span> 
     </span>
    </p>
   </div>
   <div class='ocr_carea' id='block_1_72' title="bbox 2202 1146 3918 1217">
    <p class='ocr_par' dir='ltr' id='par_1_72' title="bbox 2202 1146 3918 1217">
     <span class='ocr_line' id='line_1_72' title="bbox 2202 1146 3918 1217; baseline 0.001 -16"><span class='ocrx_word' id='word_1_535' title='bbox 2202 1147 2382 1201; x_wconf 90' lang='lat' dir='ltr'><strong>atatis</strong></span> <span class='ocrx_word' id='word_1_536' title='bbox 2401 1148 2589 1201; x_wconf 89' lang='lat' dir='ltr'><strong>mea?</strong></span> <span class='ocrx_word' id='word_1_537' title='bbox 2617 1148 2739 1202; x_wconf 87' lang='lat' dir='ltr'><strong>Non</strong></span> <span class='ocrx_word' id='word_1_538' title='bbox 2780 1146 2934 1201; x_wconf 90' lang='lat' dir='ltr'><strong>enim</strong></span> <span class='ocrx_word' id='word_1_539' title='bbox 2976 1147 3282 1217; x_wconf 85' lang='lat' dir='ltr'><strong>pulchrum</strong></span> <span class='ocrx_word' id='word_1_540' title='bbox 3329 1162 3475 1213; x_wconf 90' lang='lat' dir='ltr'><strong>eras,</strong></span> <span class='ocrx_word' id='word_1_541' title='bbox 3517 1163 3649 1202; x_wconf 89' lang='lat' dir='ltr'><strong>cum</strong></span> <span class='ocrx_word' id='word_1_542' title='bbox 3688 1149 3918 1203; x_wconf 87' lang='lat' dir='ltr'><strong>furtum</strong></span> 
     </span>
    </p>
   </div>
   <div class='ocr_carea' id='block_1_73' title="bbox 2205 1235 3918 1307">
    <p class='ocr_par' dir='ltr' id='par_1_73' title="bbox 2205 1235 3918 1307">
     <span class='ocr_line' id='line_1_73' title="bbox 2205 1235 3918 1307; baseline 0.002 -17"><span class='ocrx_word' id='word_1_543' title='bbox 2205 1252 2356 1291; x_wconf 90' lang='lat' dir='ltr'><strong>esses</strong></span> <span class='ocrx_word' id='word_1_544' title='bbox 2381 1253 2395 1302; x_wconf 93' lang='lat'><strong>;</strong></span> <span class='ocrx_word' id='word_1_545' title='bbox 2425 1240 2523 1290; x_wconf 90' lang='lat' dir='ltr'><strong>aut</strong></span> <span class='ocrx_word' id='word_1_546' title='bbox 2561 1252 2694 1290; x_wconf 92' lang='lat' dir='ltr'><strong>vero</strong></span> <span class='ocrx_word' id='word_1_547' title='bbox 2726 1235 2944 1307; x_wconf 90' lang='lat' dir='ltr'><strong>aliquid</strong></span> <span class='ocrx_word' id='word_1_548' title='bbox 2974 1252 3055 1301; x_wconf 89' lang='lat' dir='ltr'><strong>es,</strong></span> <span class='ocrx_word' id='word_1_549' title='bbox 3088 1239 3153 1289; x_wconf 90' lang='lat' dir='ltr'><strong>ut</strong></span> <span class='ocrx_word' id='word_1_550' title='bbox 3191 1235 3397 1307; x_wconf 88' lang='lat' dir='ltr'><strong>loquar</strong></span> <span class='ocrx_word' id='word_1_551' title='bbox 3425 1236 3495 1290; x_wconf 89' lang='lat' dir='ltr'><strong>ad</strong></span> <span class='ocrx_word' id='word_1_552' title='bbox 3539 1241 3596 1291; x_wconf 91' lang='lat' dir='ltr'><strong>te</strong></span> <span class='ocrx_word' id='word_1_553' title='bbox 3615 1239 3645 1291; x_wconf 87' lang='lat'>?</span> <span class='ocrx_word' id='word_1_554' title='bbox 3666 1239 3918 1293; x_wconf 89' lang='lat' dir='ltr'><strong>Pulchra</strong></span> 
     </span>
    </p>
   </div>
   <div class='ocr_carea' id='block_1_74' title="bbox 2203 1323 3920 1397">
    <p class='ocr_par' dir='ltr' id='par_1_74' title="bbox 2203 1323 3920 1397">
     <span class='ocr_line' id='line_1_74' title="bbox 2203 1323 3920 1397; baseline 0.001 -18"><span class='ocrx_word' id='word_1_555' title='bbox 2203 1330 2366 1380; x_wconf 90' lang='lat' dir='ltr'><strong>erant</strong></span> <span class='ocrx_word' id='word_1_556' title='bbox 2391 1340 2563 1397; x_wconf 90' lang='lat' dir='ltr'><strong>poma</strong></span> <span class='ocrx_word' id='word_1_557' title='bbox 2588 1324 2687 1378; x_wconf 90' lang='lat' dir='ltr'><strong>illa</strong></span> <span class='ocrx_word' id='word_1_558' title='bbox 2713 1341 2841 1395; x_wconf 88' lang='lat' dir='ltr'><strong>qua</strong></span> <span class='ocrx_word' id='word_1_559' title='bbox 2870 1323 3045 1378; x_wconf 90' lang='lat' dir='ltr'><strong>furati</strong></span> <span class='ocrx_word' id='word_1_560' title='bbox 3077 1341 3292 1390; x_wconf 88' lang='lat' dir='ltr'><strong>sumus,</strong></span> <span class='ocrx_word' id='word_1_561' title='bbox 3339 1324 3613 1396; x_wconf 86' lang='lat' dir='ltr'><strong>quoniam</strong></span> <span class='ocrx_word' id='word_1_562' title='bbox 3647 1331 3920 1380; x_wconf 85' lang='lat' dir='ltr'><strong>creatura</strong></span> 
     </span>
    </p>
   </div>
   <div class='ocr_carea' id='block_1_75' title="bbox 2202 1413 3914 1484">
    <p class='ocr_par' dir='ltr' id='par_1_75' title="bbox 2202 1413 3914 1484">
     <span class='ocr_line' id='line_1_75' title="bbox 2202 1413 3914 1484; baseline 0 -16"><span class='ocrx_word' id='word_1_563' title='bbox 2202 1418 2303 1468; x_wconf 89' lang='lat' dir='ltr'><strong>tua</strong></span> <span class='ocrx_word' id='word_1_564' title='bbox 2341 1418 2462 1468; x_wconf 87' lang='lat' dir='ltr'><strong>erat</strong></span> <span class='ocrx_word' id='word_1_565' title='bbox 2504 1416 2546 1480; x_wconf 72' lang='grc'><strong>³,</strong></span> <span class='ocrx_word' id='word_1_566' title='bbox 2588 1413 2976 1484; x_wconf 85' lang='lat' dir='ltr'><strong>pulcherrime</strong></span> <span class='ocrx_word' id='word_1_567' title='bbox 3023 1413 3305 1480; x_wconf 89' lang='lat' dir='ltr'><strong>omnium,</strong></span> <span class='ocrx_word' id='word_1_568' title='bbox 3352 1419 3576 1468; x_wconf 88' lang='lat' dir='ltr'><strong>creator</strong></span> <span class='ocrx_word' id='word_1_569' title='bbox 3623 1415 3914 1482; x_wconf 84' lang='lat' dir='ltr'><strong>omnium,</strong></span> 
     </span>
    </p>
   </div>
   <div class='ocr_carea' id='block_1_76' title="bbox 2202 1501 3917 1568">
    <p class='ocr_par' dir='ltr' id='par_1_76' title="bbox 2202 1501 3917 1568">
     <span class='ocr_line' id='line_1_76' title="bbox 2202 1501 3917 1568; baseline 0.003 -14"><span class='ocrx_word' id='word_1_570' title='bbox 2202 1501 2352 1556; x_wconf 90' lang='lat' dir='ltr'><strong>Deus</strong></span> <span class='ocrx_word' id='word_1_571' title='bbox 2381 1502 2549 1567; x_wconf 87' lang='lat' dir='ltr'><strong>bone,</strong></span> <span class='ocrx_word' id='word_1_572' title='bbox 2582 1504 2731 1557; x_wconf 88' lang='lat' dir='ltr'><strong>Deus</strong></span> <span class='ocrx_word' id='word_1_573' title='bbox 2760 1518 3052 1557; x_wconf 88' lang='lat' dir='ltr'><strong>summum</strong></span> <span class='ocrx_word' id='word_1_574' title='bbox 3094 1501 3332 1568; x_wconf 88' lang='lat' dir='ltr'><strong>bonum,</strong></span> <span class='ocrx_word' id='word_1_575' title='bbox 3364 1506 3423 1556; x_wconf 88' lang='lat' dir='ltr'><strong>et</strong></span> <span class='ocrx_word' id='word_1_576' title='bbox 3448 1502 3665 1557; x_wconf 90' lang='lat' dir='ltr'><strong>bonum</strong></span> <span class='ocrx_word' id='word_1_577' title='bbox 3710 1520 3917 1559; x_wconf 82' lang='lat' dir='ltr'><strong>verum</strong></span> 
     </span>
    </p>
   </div>
   <div class='ocr_carea' id='block_1_77' title="bbox 2202 1589 3919 1661">
    <p class='ocr_par' dir='ltr' id='par_1_77' title="bbox 2202 1589 3919 1661">
     <span class='ocr_line' id='line_1_77' title="bbox 2202 1589 3919 1661; baseline 0.001 -18"><span class='ocrx_word' id='word_1_578' title='bbox 2202 1605 2395 1643; x_wconf 91' lang='lat' dir='ltr'><strong>meum</strong></span> <span class='ocrx_word' id='word_1_579' title='bbox 2421 1606 2433 1645; x_wconf 93' lang='lat'>:</span> <span class='ocrx_word' id='word_1_580' title='bbox 2468 1591 2702 1660; x_wconf 90' lang='lat' dir='ltr'><strong>pulchra</strong></span> <span class='ocrx_word' id='word_1_581' title='bbox 2732 1595 2894 1644; x_wconf 88' lang='lat' dir='ltr'><strong>erant</strong></span> <span class='ocrx_word' id='word_1_582' title='bbox 2912 1590 3011 1645; x_wconf 89' lang='lat' dir='ltr'><strong>illa</strong></span> <span class='ocrx_word' id='word_1_583' title='bbox 3029 1605 3238 1660; x_wconf 88' lang='lat' dir='ltr'><strong>poma;</strong></span> <span class='ocrx_word' id='word_1_584' title='bbox 3273 1589 3371 1644; x_wconf 91' lang='lat' dir='ltr'><strong>sed</strong></span> <span class='ocrx_word' id='word_1_585' title='bbox 3399 1606 3517 1645; x_wconf 91' lang='lat' dir='ltr'><strong>non</strong></span> <span class='ocrx_word' id='word_1_586' title='bbox 3546 1590 3673 1661; x_wconf 89' lang='lat' dir='ltr'><strong>ipsa</strong></span> <span class='ocrx_word' id='word_1_587' title='bbox 3702 1608 3919 1647; x_wconf 85' lang='lat' dir='ltr'><strong>concu-</strong></span> 
     </span>
    </p>
   </div>
   <div class='ocr_carea' id='block_1_78' title="bbox 2201 1677 3912 1750">
    <p class='ocr_par' dir='ltr' id='par_1_78' title="bbox 2201 1677 3912 1750">
     <span class='ocr_line' id='line_1_78' title="bbox 2201 1677 3912 1750; baseline 0.002 -19"><span class='ocrx_word' id='word_1_588' title='bbox 2201 1677 2339 1750; x_wconf 89' lang='lat' dir='ltr'><strong>pivit</strong></span> <span class='ocrx_word' id='word_1_589' title='bbox 2363 1678 2557 1733; x_wconf 87' lang='lat' dir='ltr'><strong>anima</strong></span> <span class='ocrx_word' id='word_1_590' title='bbox 2581 1695 2709 1733; x_wconf 87' lang='lat' dir='ltr'><strong>mea</strong></span> <span class='ocrx_word' id='word_1_591' title='bbox 2727 1678 3087 1733; x_wconf 88' lang='lat' dir='ltr'><strong>miserabilis.</strong></span> <span class='ocrx_word' id='word_1_592' title='bbox 3111 1679 3241 1733; x_wconf 87' lang='lat' dir='ltr'><strong>Erat</strong></span> <span class='ocrx_word' id='word_1_593' title='bbox 3253 1678 3409 1732; x_wconf 91' lang='lat' dir='ltr'><strong>enim</strong></span> <span class='ocrx_word' id='word_1_594' title='bbox 3423 1678 3567 1733; x_wconf 87' lang='lat' dir='ltr'><strong>mihi</strong></span> <span class='ocrx_word' id='word_1_595' title='bbox 3591 1680 3912 1735; x_wconf 89' lang='lat' dir='ltr'><strong>meliorum</strong></span> 
     </span>
    </p>
   </div>
   <div class='ocr_carea' id='block_1_79' title="bbox 2201 1766 3917 1838">
    <p class='ocr_par' dir='ltr' id='par_1_79' title="bbox 2201 1766 3917 1838">
     <span class='ocr_line' id='line_1_79' title="bbox 2201 1766 3917 1838; baseline 0.002 -18"><span class='ocrx_word' id='word_1_596' title='bbox 2201 1767 2395 1837; x_wconf 88' lang='lat' dir='ltr'><strong>copia;</strong></span> <span class='ocrx_word' id='word_1_597' title='bbox 2425 1767 2543 1821; x_wconf 87' lang='lat' dir='ltr'><strong>illia</strong></span> <span class='ocrx_word' id='word_1_598' title='bbox 2595 1770 2786 1822; x_wconf 90' lang='lat' dir='ltr'><strong>autem</strong></span> <span class='ocrx_word' id='word_1_599' title='bbox 2823 1766 3081 1838; x_wconf 88' lang='lat' dir='ltr'><strong>decerpsi</strong></span> <span class='ocrx_word' id='word_1_600' title='bbox 3121 1770 3346 1822; x_wconf 85' lang='lat' dir='ltr'><strong>tantum</strong></span> <span class='ocrx_word' id='word_1_601' title='bbox 3384 1772 3447 1821; x_wconf 89' lang='lat' dir='ltr'><strong>ut</strong></span> <span class='ocrx_word' id='word_1_602' title='bbox 3473 1768 3723 1825; x_wconf 87' lang='lat' dir='ltr'><strong>furarer.</strong></span> <span class='ocrx_word' id='word_1_603' title='bbox 3765 1770 3917 1824; x_wconf 80' lang='lat' dir='ltr'><strong>Nam</strong></span> 
     </span>
    </p>
   </div>
   <div class='ocr_carea' id='block_1_80' title="bbox 2201 1855 3915 1928">
    <p class='ocr_par' dir='ltr' id='par_1_80' title="bbox 2201 1855 3915 1928">
     <span class='ocr_line' id='line_1_80' title="bbox 2201 1855 3915 1928; baseline 0.002 -19"><span class='ocrx_word' id='word_1_604' title='bbox 2201 1856 2466 1927; x_wconf 89' lang='lat' dir='ltr'><strong>decerpta</strong></span> <span class='ocrx_word' id='word_1_605' title='bbox 2490 1855 2728 1926; x_wconf 90' lang='lat' dir='ltr'><strong>projeci,</strong></span> <span class='ocrx_word' id='word_1_606' title='bbox 2759 1856 3020 1927; x_wconf 88' lang='lat' dir='ltr'><strong>epulatus</strong></span> <span class='ocrx_word' id='word_1_607' title='bbox 3051 1855 3182 1910; x_wconf 91' lang='lat' dir='ltr'><strong>inde</strong></span> <span class='ocrx_word' id='word_1_608' title='bbox 3225 1857 3405 1911; x_wconf 89' lang='lat' dir='ltr'><strong>solam</strong></span> <span class='ocrx_word' id='word_1_609' title='bbox 3446 1855 3817 1928; x_wconf 89' lang='lat' dir='ltr'><strong>iniquitatem</strong></span> <span class='ocrx_word' id='word_1_610' title='bbox 3869 1864 3915 1927; x_wconf 81' lang='grc'><strong>⁸,</strong></span> 
     </span>
    </p>
   </div>
   <div class='ocr_carea' id='block_1_81' title="bbox 2201 1943 3916 2017">
    <p class='ocr_par' dir='ltr' id='par_1_81' title="bbox 2201 1943 3916 2017">
     <span class='ocr_line' id='line_1_81' title="bbox 2201 1943 3916 2017; baseline 0.002 -19"><span class='ocrx_word' id='word_1_611' title='bbox 2201 1960 2316 2016; x_wconf 89' lang='lat' dir='ltr'><strong>qua</strong></span> <span class='ocrx_word' id='word_1_612' title='bbox 2344 1944 2580 1999; x_wconf 82' lang='lat' dir='ltr'><strong>laetabar</strong></span> <span class='ocrx_word' id='word_1_613' title='bbox 2609 1944 2806 1999; x_wconf 90' lang='lat' dir='ltr'><strong>fruens</strong></span> <span class='ocrx_word' id='word_1_614' title='bbox 2834 1943 2879 1999; x_wconf 73' lang='grc'><strong>⁵.</strong></span> <span class='ocrx_word' id='word_1_615' title='bbox 2913 1946 3057 1999; x_wconf 89' lang='lat' dir='ltr'><strong>Nam</strong></span> <span class='ocrx_word' id='word_1_616' title='bbox 3085 1948 3144 1999; x_wconf 88' lang='lat' dir='ltr'><strong>et</strong></span> <span class='ocrx_word' id='word_1_617' title='bbox 3170 1944 3219 1999; x_wconf 91' lang='lat' dir='ltr'><strong>si</strong></span> <span class='ocrx_word' id='word_1_618' title='bbox 3265 1944 3404 2017; x_wconf 90' lang='lat' dir='ltr'><strong>quid</strong></span> <span class='ocrx_word' id='word_1_619' title='bbox 3435 1944 3667 2000; x_wconf 89' lang='lat' dir='ltr'><strong>illorum</strong></span> <span class='ocrx_word' id='word_1_620' title='bbox 3696 1962 3916 2016; x_wconf 87' lang='lat' dir='ltr'><strong>pomo-</strong></span> 
     </span>
    </p>
   </div>
   <div class='ocr_carea' id='block_1_82' title="bbox 2199 2026 3917 2095">
    <p class='ocr_par' dir='ltr' id='par_1_82' title="bbox 2199 2026 3917 2095">
     <span class='ocr_line' id='line_1_82' title="bbox 2199 2026 3917 2095; baseline 0.001 -14"><span class='ocrx_word' id='word_1_621' title='bbox 2199 2044 2329 2082; x_wconf 89' lang='lat' dir='ltr'><strong>rum</strong></span> <span class='ocrx_word' id='word_1_622' title='bbox 2356 2027 2592 2082; x_wconf 86' lang='lat' dir='ltr'><strong>intravit</strong></span> <span class='ocrx_word' id='word_1_623' title='bbox 2617 2026 2680 2082; x_wconf 88' lang='lat' dir='ltr'><strong>in</strong></span> <span class='ocrx_word' id='word_1_624' title='bbox 2706 2044 2768 2082; x_wconf 89' lang='lat' dir='ltr'><strong>os</strong></span> <span class='ocrx_word' id='word_1_625' title='bbox 2812 2043 3028 2095; x_wconf 91' lang='lat' dir='ltr'><strong>meum,</strong></span> <span class='ocrx_word' id='word_1_626' title='bbox 3061 2026 3493 2081; x_wconf 89' lang='lat' dir='ltr'><strong>condimentum</strong></span> <span class='ocrx_word' id='word_1_627' title='bbox 3521 2026 3602 2082; x_wconf 90' lang='lat' dir='ltr'><strong>ibi</strong></span> <span class='ocrx_word' id='word_1_628' title='bbox 3633 2030 3656 2064; x_wconf 81' lang='grc'>⁸</span> <span class='ocrx_word' id='word_1_629' title='bbox 3677 2026 3917 2082; x_wconf 88' lang='lat' dir='ltr'><strong>facinus</strong></span> 
     </span>
    </p>
   </div>
   <div class='ocr_carea' id='block_1_83' title="bbox 2202 2114 3914 2187">
    <p class='ocr_par' dir='ltr' id='par_1_83' title="bbox 2202 2114 3914 2187">
     <span class='ocr_line' id='line_1_83' title="bbox 2202 2114 3914 2187; baseline -0.001 -16"><span class='ocrx_word' id='word_1_630' title='bbox 2202 2121 2344 2171; x_wconf 89' lang='lat' dir='ltr'><strong>erat.</strong></span> <span class='ocrx_word' id='word_1_631' title='bbox 2377 2118 2441 2171; x_wconf 92' lang='lat' dir='ltr'><strong>Et</strong></span> <span class='ocrx_word' id='word_1_632' title='bbox 2467 2132 2637 2180; x_wconf 87' lang='lat' dir='ltr'><strong>nunc,</strong></span> <span class='ocrx_word' id='word_1_633' title='bbox 2693 2114 2930 2170; x_wconf 90' lang='lat' dir='ltr'><strong>Domine</strong></span> <span class='ocrx_word' id='word_1_634' title='bbox 2984 2118 3132 2171; x_wconf 90' lang='lat' dir='ltr'><strong>Deus</strong></span> <span class='ocrx_word' id='word_1_635' title='bbox 3170 2131 3354 2182; x_wconf 86' lang='lat' dir='ltr'><strong>meus,</strong></span> <span class='ocrx_word' id='word_1_636' title='bbox 3394 2131 3591 2187; x_wconf 86' lang='lat' dir='ltr'><strong>quaro</strong></span> <span class='ocrx_word' id='word_1_637' title='bbox 3622 2114 3765 2186; x_wconf 90' lang='lat' dir='ltr'><strong>quid</strong></span> <span class='ocrx_word' id='word_1_638' title='bbox 3816 2132 3914 2170; x_wconf 90' lang='lat' dir='ltr'><strong>me</strong></span> 
     </span>
    </p>
   </div>
   <div class='ocr_carea' id='block_1_84' title="bbox 2202 2203 3916 2274">
    <p class='ocr_par' dir='ltr' id='par_1_84' title="bbox 2202 2203 3916 2274">
     <span class='ocr_line' id='line_1_84' title="bbox 2202 2203 3916 2274; baseline -0.001 -15"><span class='ocrx_word' id='word_1_639' title='bbox 2202 2205 2264 2260; x_wconf 92' lang='lat' dir='ltr'><strong>in</strong></span> <span class='ocrx_word' id='word_1_640' title='bbox 2293 2204 2445 2259; x_wconf 89' lang='lat' dir='ltr'><strong>furto</strong></span> <span class='ocrx_word' id='word_1_641' title='bbox 2471 2203 2854 2273; x_wconf 84' lang='lat' dir='ltr'><strong>delectaverit,</strong></span> <span class='ocrx_word' id='word_1_642' title='bbox 2910 2207 2966 2258; x_wconf 90' lang='lat' dir='ltr'><strong>et</strong></span> <span class='ocrx_word' id='word_1_643' title='bbox 3002 2220 3125 2258; x_wconf 90' lang='lat' dir='ltr'><strong>esse</strong></span> <span class='ocrx_word' id='word_1_644' title='bbox 3176 2203 3393 2274; x_wconf 89' lang='lat' dir='ltr'><strong>species</strong></span> <span class='ocrx_word' id='word_1_645' title='bbox 3429 2204 3589 2258; x_wconf 90' lang='lat' dir='ltr'><strong>nulla</strong></span> <span class='ocrx_word' id='word_1_646' title='bbox 3625 2208 3754 2258; x_wconf 90' lang='lat' dir='ltr'><strong>est:</strong></span> <span class='ocrx_word' id='word_1_647' title='bbox 3790 2220 3916 2258; x_wconf 90' lang='lat' dir='ltr'><strong>non</strong></span> 
     </span>
    </p>
   </div>
   <div class='ocr_carea' id='block_1_85' title="bbox 2201 2291 3913 2365">
    <p class='ocr_par' dir='ltr' id='par_1_85' title="bbox 2201 2291 3913 2365">
     <span class='ocr_line' id='line_1_85' title="bbox 2201 2291 3913 2365; baseline -0.001 -16"><span class='ocrx_word' id='word_1_648' title='bbox 2201 2293 2327 2349; x_wconf 92' lang='lat' dir='ltr'><strong>dico</strong></span> <span class='ocrx_word' id='word_1_649' title='bbox 2359 2292 2505 2348; x_wconf 87' lang='lat' dir='ltr'><strong>sicut</strong></span> <span class='ocrx_word' id='word_1_650' title='bbox 2539 2292 2601 2346; x_wconf 89' lang='lat' dir='ltr'><strong>in</strong></span> <span class='ocrx_word' id='word_1_651' title='bbox 2644 2291 2912 2364; x_wconf 84' lang='lat' dir='ltr'><strong>aquitate</strong></span> <span class='ocrx_word' id='word_1_652' title='bbox 2954 2296 3126 2363; x_wconf 91' lang='lat' dir='ltr'><strong>atque</strong></span> <span class='ocrx_word' id='word_1_653' title='bbox 3171 2292 3514 2363; x_wconf 88' lang='lat' dir='ltr'><strong>prudentia;</strong></span> <span class='ocrx_word' id='word_1_654' title='bbox 3569 2298 3668 2346; x_wconf 86' lang='lat' dir='ltr'><strong>sed</strong></span> <span class='ocrx_word' id='word_1_655' title='bbox 3711 2308 3913 2365; x_wconf 89' lang='lat' dir='ltr'><strong>neque</strong></span> 
     </span>
    </p>
   </div>
   <div class='ocr_carea' id='block_1_86' title="bbox 2200 2380 3916 2452">
    <p class='ocr_par' dir='ltr' id='par_1_86' title="bbox 2200 2380 3916 2452">
     <span class='ocr_line' id='line_1_86' title="bbox 2200 2380 3916 2452; baseline 0 -16"><span class='ocrx_word' id='word_1_656' title='bbox 2200 2382 2343 2438; x_wconf 88' lang='lat' dir='ltr'><strong>sicut</strong></span> <span class='ocrx_word' id='word_1_657' title='bbox 2366 2382 2426 2436; x_wconf 90' lang='lat' dir='ltr'><strong>in</strong></span> <span class='ocrx_word' id='word_1_658' title='bbox 2457 2386 2648 2436; x_wconf 89' lang='lat' dir='ltr'><strong>mente</strong></span> <span class='ocrx_word' id='word_1_659' title='bbox 2677 2380 2925 2435; x_wconf 89' lang='lat' dir='ltr'><strong>hominis</strong></span> <span class='ocrx_word' id='word_1_660' title='bbox 2954 2385 3125 2452; x_wconf 87' lang='lat' dir='ltr'><strong>atque</strong></span> <span class='ocrx_word' id='word_1_661' title='bbox 3157 2381 3433 2435; x_wconf 87' lang='lat' dir='ltr'><strong>memoria</strong></span> <span class='ocrx_word' id='word_1_662' title='bbox 3462 2384 3518 2434; x_wconf 92' lang='lat' dir='ltr'><strong>et</strong></span> <span class='ocrx_word' id='word_1_663' title='bbox 3546 2380 3814 2435; x_wconf 90' lang='lat' dir='ltr'><strong>sensibus</strong></span> <span class='ocrx_word' id='word_1_664' title='bbox 3852 2387 3916 2436; x_wconf 86' lang='lat' dir='ltr'><strong>et</strong></span> 
     </span>
    </p>
   </div>
   <div class='ocr_carea' id='block_1_87' title="bbox 2199 2469 3915 2543">
    <p class='ocr_par' dir='ltr' id='par_1_87' title="bbox 2199 2469 3915 2543">
     <span class='ocr_line' id='line_1_87' title="bbox 2199 2469 3915 2543; baseline -0.002 -15"><span class='ocrx_word' id='word_1_665' title='bbox 2199 2477 2494 2543; x_wconf 87' lang='lat' dir='ltr'><strong>vegetante</strong></span> <span class='ocrx_word' id='word_1_666' title='bbox 2521 2470 2669 2537; x_wconf 88' lang='lat' dir='ltr'><strong>vita;</strong></span> <span class='ocrx_word' id='word_1_667' title='bbox 2716 2487 2905 2542; x_wconf 86' lang='lat' dir='ltr'><strong>neque</strong></span> <span class='ocrx_word' id='word_1_668' title='bbox 2951 2470 3097 2525; x_wconf 89' lang='lat' dir='ltr'><strong>sicut</strong></span> <span class='ocrx_word' id='word_1_669' title='bbox 3143 2469 3400 2541; x_wconf 85' lang='lat' dir='ltr'><strong>speciosa</strong></span> <span class='ocrx_word' id='word_1_670' title='bbox 3444 2473 3579 2524; x_wconf 88' lang='lat' dir='ltr'><strong>sunt</strong></span> <span class='ocrx_word' id='word_1_671' title='bbox 3619 2469 3818 2525; x_wconf 83' lang='lat' dir='ltr'><strong>sidera</strong></span> <span class='ocrx_word' id='word_1_672' title='bbox 3856 2476 3915 2525; x_wconf 91' lang='lat' dir='ltr'><strong>et</strong></span> 
     </span>
    </p>
   </div>
   <div class='ocr_carea' id='block_1_88' title="bbox 2198 2557 3913 2630">
    <p class='ocr_par' dir='ltr' id='par_1_88' title="bbox 2198 2557 3913 2630">
     <span class='ocr_line' id='line_1_88' title="bbox 2198 2557 3913 2630; baseline -0.002 -13"><span class='ocrx_word' id='word_1_673' title='bbox 2198 2562 2400 2618; x_wconf 89' lang='lat' dir='ltr'><strong>decora</strong></span> <span class='ocrx_word' id='word_1_674' title='bbox 2430 2559 2567 2615; x_wconf 91' lang='lat' dir='ltr'><strong>locis</strong></span> <span class='ocrx_word' id='word_1_675' title='bbox 2595 2559 2709 2613; x_wconf 73' lang='lat' dir='ltr'><strong>suis</strong></span> <span class='ocrx_word' id='word_1_676' title='bbox 2737 2564 2793 2613; x_wconf 92' lang='lat' dir='ltr'><strong>et</strong></span> <span class='ocrx_word' id='word_1_677' title='bbox 2822 2564 2975 2613; x_wconf 88' lang='lat' dir='ltr'><strong>terra</strong></span> <span class='ocrx_word' id='word_1_678' title='bbox 3023 2563 3078 2613; x_wconf 89' lang='lat' dir='ltr'><strong>et</strong></span> <span class='ocrx_word' id='word_1_679' title='bbox 3120 2574 3279 2613; x_wconf 90' lang='lat' dir='ltr'><strong>mare</strong></span> <span class='ocrx_word' id='word_1_680' title='bbox 3312 2559 3483 2630; x_wconf 89' lang='lat' dir='ltr'><strong>plena</strong></span> <span class='ocrx_word' id='word_1_681' title='bbox 3523 2557 3759 2625; x_wconf 86' lang='lat' dir='ltr'><strong>fetibus,</strong></span> <span class='ocrx_word' id='word_1_682' title='bbox 3805 2559 3913 2630; x_wconf 89' lang='lat' dir='ltr'><strong>qui</strong></span> 
     </span>
    </p>
   </div>
   <div class='ocr_carea' id='block_1_89' title="bbox 2199 2647 3914 2714">
    <p class='ocr_par' dir='ltr' id='par_1_89' title="bbox 2199 2647 3914 2714">
     <span class='ocr_line' id='line_1_89' title="bbox 2199 2647 3914 2714; baseline 0.001 -13"><span class='ocrx_word' id='word_1_683' title='bbox 2199 2648 2507 2703; x_wconf 89' lang='lat' dir='ltr'><strong>succedunt</strong></span> <span class='ocrx_word' id='word_1_684' title='bbox 2534 2648 2816 2702; x_wconf 89' lang='lat' dir='ltr'><strong>nascendo</strong></span> <span class='ocrx_word' id='word_1_685' title='bbox 2843 2647 3286 2714; x_wconf 88' lang='lat' dir='ltr'><strong>decedentibus;</strong></span> <span class='ocrx_word' id='word_1_686' title='bbox 3322 2663 3441 2701; x_wconf 92' lang='lat' dir='ltr'><strong>non</strong></span> <span class='ocrx_word' id='word_1_687' title='bbox 3489 2647 3690 2701; x_wconf 86' lang='lat' dir='ltr'><strong>saltem</strong></span> <span class='ocrx_word' id='word_1_688' title='bbox 3724 2652 3794 2701; x_wconf 85' lang='lat' dir='ltr'><strong>ut</strong></span> <span class='ocrx_word' id='word_1_689' title='bbox 3824 2653 3914 2702; x_wconf 87' lang='lat' dir='ltr'><strong>est</strong></span> 
     </span>
    </p>
   </div>
   <div class='ocr_carea' id='block_1_90' title="bbox 2198 2734 3914 2808">
    <p class='ocr_par' dir='ltr' id='par_1_90' title="bbox 2198 2734 3914 2808">
     <span class='ocr_line' id='line_1_90' title="bbox 2198 2734 3914 2808; baseline 0 -17"><span class='ocrx_word' id='word_1_690' title='bbox 2198 2736 2464 2807; x_wconf 84' lang='lat' dir='ltr'><strong>quaedam</strong></span> <span class='ocrx_word' id='word_1_691' title='bbox 2496 2736 2772 2791; x_wconf 86' lang='lat' dir='ltr'><strong>defectiva</strong></span> <span class='ocrx_word' id='word_1_692' title='bbox 2796 2736 3012 2808; x_wconf 90' lang='lat' dir='ltr'><strong>species</strong></span> <span class='ocrx_word' id='word_1_693' title='bbox 3048 2741 3108 2790; x_wconf 86' lang='lat' dir='ltr'><strong>et</strong></span> <span class='ocrx_word' id='word_1_694' title='bbox 3145 2735 3464 2791; x_wconf 89' lang='lat' dir='ltr'><strong>umbratica</strong></span> <span class='ocrx_word' id='word_1_695' title='bbox 3492 2734 3643 2790; x_wconf 88' lang='lat' dir='ltr'><strong>vitiis</strong></span> <span class='ocrx_word' id='word_1_696' title='bbox 3694 2735 3914 2791; x_wconf 83' lang='lat' dir='ltr'><strong>fallen-</strong></span> 
     </span>
    </p>
   </div>
   <div class='ocr_carea' id='block_1_91' title="bbox 2198 2825 2409 2881">
    <p class='ocr_par' dir='ltr' id='par_1_91' title="bbox 2198 2825 2409 2881">
     <span class='ocr_line' id='line_1_91' title="bbox 2198 2825 2409 2881; baseline -0.005 -1"><span class='ocrx_word' id='word_1_697' title='bbox 2198 2825 2373 2881; x_wconf 81' lang='lat' dir='ltr'><strong>tibus.</strong></span> <span class='ocrx_word' id='word_1_698' title='bbox 2406 2842 2409 2843; x_wconf 70' lang='lat'><strong><em>&#39;</em></strong></span> 
     </span>
    </p>
   </div>
   <div class='ocr_carea' id='block_1_92' title="bbox 2273 2911 3912 2985">
    <p class='ocr_par' dir='ltr' id='par_1_92' title="bbox 2273 2911 3912 2985">
     <span class='ocr_line' id='line_1_92' title="bbox 2273 2911 3912 2985; baseline 0.001 -18"><span class='ocrx_word' id='word_1_699' title='bbox 2273 2916 2355 2969; x_wconf 88' lang='lat' dir='ltr'><strong>l3.</strong></span> <span class='ocrx_word' id='word_1_700' title='bbox 2397 2915 2539 2969; x_wconf 90' lang='lat' dir='ltr'><strong>Nam</strong></span> <span class='ocrx_word' id='word_1_701' title='bbox 2559 2917 2615 2969; x_wconf 88' lang='lat' dir='ltr'><strong>et</strong></span> <span class='ocrx_word' id='word_1_702' title='bbox 2662 2912 2933 2985; x_wconf 87' lang='lat' dir='ltr'><strong>superbia</strong></span> <span class='ocrx_word' id='word_1_703' title='bbox 2986 2912 3382 2968; x_wconf 91' lang='lat' dir='ltr'><strong>celsitudinem</strong></span> <span class='ocrx_word' id='word_1_704' title='bbox 3431 2911 3723 2980; x_wconf 89' lang='lat' dir='ltr'><strong>imitatur;</strong></span> <span class='ocrx_word' id='word_1_705' title='bbox 3772 2929 3912 2968; x_wconf 89' lang='lat' dir='ltr'><strong>cum</strong></span> 
     </span>
    </p>
   </div>
   <div class='ocr_carea' id='block_1_93' title="bbox 2197 3001 3911 3074">
    <p class='ocr_par' dir='ltr' id='par_1_93' title="bbox 2197 3001 3911 3074">
     <span class='ocr_line' id='line_1_93' title="bbox 2197 3001 3911 3074; baseline 0.001 -19"><span class='ocrx_word' id='word_1_706' title='bbox 2197 3004 2260 3056; x_wconf 91' lang='lat' dir='ltr'><strong>tu</strong></span> <span class='ocrx_word' id='word_1_707' title='bbox 2285 3001 2361 3057; x_wconf 85' lang='lat' dir='ltr'><strong>sis</strong></span> <span class='ocrx_word' id='word_1_708' title='bbox 2397 3019 2548 3057; x_wconf 91' lang='lat' dir='ltr'><strong>unus</strong></span> <span class='ocrx_word' id='word_1_709' title='bbox 2596 3018 2767 3074; x_wconf 89' lang='lat' dir='ltr'><strong>super</strong></span> <span class='ocrx_word' id='word_1_710' title='bbox 2818 3001 3016 3057; x_wconf 90' lang='lat' dir='ltr'><strong>omnia</strong></span> <span class='ocrx_word' id='word_1_711' title='bbox 3063 3003 3212 3057; x_wconf 89' lang='lat' dir='ltr'><strong>Deus</strong></span> <span class='ocrx_word' id='word_1_712' title='bbox 3238 3002 3534 3057; x_wconf 83' lang='lat' dir='ltr'><strong>.excelsus.</strong></span> <span class='ocrx_word' id='word_1_713' title='bbox 3567 3002 3633 3057; x_wconf 89' lang='lat' dir='ltr'><strong>Et</strong></span> <span class='ocrx_word' id='word_1_714' title='bbox 3660 3002 3911 3057; x_wconf 87' lang='lat' dir='ltr'><strong>ambitio</strong></span> 
     </span>
    </p>
   </div>
   <div class='ocr_carea' id='block_1_94' title="bbox 2200 3090 3908 3163">
    <p class='ocr_par' dir='ltr' id='par_1_94' title="bbox 2200 3090 3908 3163">
     <span class='ocr_line' id='line_1_94' title="bbox 2200 3090 3908 3163; baseline 0 -19"><span class='ocrx_word' id='word_1_715' title='bbox 2200 3091 2341 3163; x_wconf 91' lang='lat' dir='ltr'><strong>quid</strong></span> <span class='ocrx_word' id='word_1_716' title='bbox 2370 3092 2482 3146; x_wconf 90' lang='lat' dir='ltr'><strong>nisi</strong></span> <span class='ocrx_word' id='word_1_717' title='bbox 2510 3092 2756 3146; x_wconf 89' lang='lat' dir='ltr'><strong>honores</strong></span> <span class='ocrx_word' id='word_1_718' title='bbox 2786 3090 2995 3162; x_wconf 89' lang='lat' dir='ltr'><strong>quarit</strong></span> <span class='ocrx_word' id='word_1_719' title='bbox 3023 3094 3082 3146; x_wconf 89' lang='lat' dir='ltr'><strong>et</strong></span> <span class='ocrx_word' id='word_1_720' title='bbox 3105 3090 3343 3162; x_wconf 80' lang='lat' dir='ltr'><strong>gloriam</strong></span> <span class='ocrx_word' id='word_1_721' title='bbox 3369 3110 3385 3159; x_wconf 92' lang='lat'><strong>;</strong></span> <span class='ocrx_word' id='word_1_722' title='bbox 3410 3106 3542 3145; x_wconf 90' lang='lat' dir='ltr'><strong>cum</strong></span> <span class='ocrx_word' id='word_1_723' title='bbox 3581 3095 3644 3145; x_wconf 89' lang='lat' dir='ltr'><strong>tu</strong></span> <span class='ocrx_word' id='word_1_724' title='bbox 3680 3091 3760 3144; x_wconf 88' lang='lat' dir='ltr'><strong>sis</strong></span> <span class='ocrx_word' id='word_1_725' title='bbox 3784 3107 3908 3162; x_wconf 81' lang='lat' dir='ltr'><strong>pra</strong></span> 
     </span>
    </p>
   </div>
   <div class='ocr_carea' id='block_1_95' title="bbox 2197 3178 3912 3251">
    <p class='ocr_par' dir='ltr' id='par_1_95' title="bbox 2197 3178 3912 3251">
     <span class='ocr_line' id='line_1_95' title="bbox 2197 3178 3912 3251; baseline 0 -18"><span class='ocrx_word' id='word_1_726' title='bbox 2197 3180 2413 3234; x_wconf 91' lang='lat' dir='ltr'><strong>cunctis</strong></span> <span class='ocrx_word' id='word_1_727' title='bbox 2442 3180 2810 3235; x_wconf 89' lang='lat' dir='ltr'><strong>honorandus</strong></span> <span class='ocrx_word' id='word_1_728' title='bbox 2842 3196 2992 3234; x_wconf 91' lang='lat' dir='ltr'><strong>unus</strong></span> <span class='ocrx_word' id='word_1_729' title='bbox 3040 3180 3094 3234; x_wconf 91' lang='lat' dir='ltr'><strong>ei</strong></span> <span class='ocrx_word' id='word_1_730' title='bbox 3135 3179 3418 3251; x_wconf 88' lang='lat' dir='ltr'><strong>gloriosus</strong></span> <span class='ocrx_word' id='word_1_731' title='bbox 3471 3178 3535 3234; x_wconf 92' lang='lat' dir='ltr'><strong>in</strong></span> <span class='ocrx_word' id='word_1_732' title='bbox 3571 3180 3912 3234; x_wconf 84' lang='lat' dir='ltr'><strong>atemum?</strong></span> 
     </span>
    </p>
   </div>
   <div class='ocr_carea' id='block_1_96' title="bbox 2199 3267 3909 3339">
    <p class='ocr_par' dir='ltr' id='par_1_96' title="bbox 2199 3267 3909 3339">
     <span class='ocr_line' id='line_1_96' title="bbox 2199 3267 3909 3339; baseline -0.001 -16"><span class='ocrx_word' id='word_1_733' title='bbox 2199 3269 2265 3323; x_wconf 89' lang='lat' dir='ltr'><strong>Et</strong></span> <span class='ocrx_word' id='word_1_734' title='bbox 2292 3268 2510 3323; x_wconf 86' lang='lat' dir='ltr'><strong>savitia</strong></span> <span class='ocrx_word' id='word_1_735' title='bbox 2535 3272 2886 3339; x_wconf 87' lang='lat' dir='ltr'><strong>potestatum</strong></span> <span class='ocrx_word' id='word_1_736' title='bbox 2915 3267 3108 3323; x_wconf 90' lang='lat' dir='ltr'><strong>timeri</strong></span> <span class='ocrx_word' id='word_1_737' title='bbox 3129 3269 3250 3323; x_wconf 90' lang='lat' dir='ltr'><strong>vult</strong></span> <span class='ocrx_word' id='word_1_738' title='bbox 3272 3284 3285 3323; x_wconf 92' lang='lat'>:</span> <span class='ocrx_word' id='word_1_739' title='bbox 3310 3268 3439 3339; x_wconf 87' lang='lat' dir='ltr'><strong>quis</strong></span> <span class='ocrx_word' id='word_1_740' title='bbox 3466 3272 3661 3323; x_wconf 88' lang='lat' dir='ltr'><strong>autem</strong></span> <span class='ocrx_word' id='word_1_741' title='bbox 3691 3267 3909 3323; x_wconf 86' lang='lat' dir='ltr'><strong>timen-</strong></span> 
     </span>
    </p>
   </div>
   <div class='ocr_carea' id='block_1_97' title="bbox 2196 3356 3912 3430">
    <p class='ocr_par' dir='ltr' id='par_1_97' title="bbox 2196 3356 3912 3430">
     <span class='ocr_line' id='line_1_97' title="bbox 2196 3356 3912 3430; baseline 0.001 -20"><span class='ocrx_word' id='word_1_742' title='bbox 2196 3357 2325 3423; x_wconf 92' lang='lat' dir='ltr'><strong>dus,</strong></span> <span class='ocrx_word' id='word_1_743' title='bbox 2358 3357 2471 3411; x_wconf 90' lang='lat' dir='ltr'><strong>nisi</strong></span> <span class='ocrx_word' id='word_1_744' title='bbox 2500 3373 2650 3413; x_wconf 90' lang='lat' dir='ltr'><strong>unus</strong></span> <span class='ocrx_word' id='word_1_745' title='bbox 2673 3359 2822 3413; x_wconf 89' lang='lat' dir='ltr'><strong>Deus</strong></span> <span class='ocrx_word' id='word_1_746' title='bbox 2840 3358 2869 3413; x_wconf 84' lang='lat'><strong>?</strong></span> <span class='ocrx_word' id='word_1_747' title='bbox 2896 3358 3069 3430; x_wconf 89' lang='lat' dir='ltr'><strong>Cujus</strong></span> <span class='ocrx_word' id='word_1_748' title='bbox 3091 3357 3357 3429; x_wconf 90' lang='lat' dir='ltr'><strong>potestati</strong></span> <span class='ocrx_word' id='word_1_749' title='bbox 3376 3356 3521 3428; x_wconf 89' lang='lat' dir='ltr'><strong>eripi</strong></span> <span class='ocrx_word' id='word_1_750' title='bbox 3533 3356 3912 3412; x_wconf 86' lang='lat' dir='ltr'><strong>autsubtrahi</strong></span> 
     </span>
    </p>
   </div>
   <div class='ocr_carea' id='block_1_98' title="bbox 2197 3446 3908 3518">
    <p class='ocr_par' dir='ltr' id='par_1_98' title="bbox 2197 3446 3908 3518">
     <span class='ocr_line' id='line_1_98' title="bbox 2197 3446 3908 3518; baseline 0 -18"><span class='ocrx_word' id='word_1_751' title='bbox 2197 3446 2336 3517; x_wconf 86' lang='lat' dir='ltr'><strong>quid</strong></span> <span class='ocrx_word' id='word_1_752' title='bbox 2364 3450 2547 3518; x_wconf 90' lang='lat' dir='ltr'><strong>potest</strong></span> <span class='ocrx_word' id='word_1_753' title='bbox 2576 3449 2637 3502; x_wconf 71' lang='lat'><strong>‘?</strong></span> <span class='ocrx_word' id='word_1_754' title='bbox 2682 3447 2931 3517; x_wconf 88' lang='lat' dir='ltr'><strong>quando,</strong></span> <span class='ocrx_word' id='word_1_755' title='bbox 2985 3451 3085 3501; x_wconf 91' lang='lat' dir='ltr'><strong>aut</strong></span> <span class='ocrx_word' id='word_1_756' title='bbox 3126 3447 3248 3513; x_wconf 88' lang='lat' dir='ltr'><strong>ubi,</strong></span> <span class='ocrx_word' id='word_1_757' title='bbox 3279 3450 3380 3501; x_wconf 90' lang='lat' dir='ltr'><strong>aut</strong></span> <span class='ocrx_word' id='word_1_758' title='bbox 3421 3462 3559 3518; x_wconf 88' lang='lat' dir='ltr'><strong>quo,</strong></span> <span class='ocrx_word' id='word_1_759' title='bbox 3594 3446 3684 3501; x_wconf 88' lang='lat' dir='ltr'><strong>vel</strong></span> <span class='ocrx_word' id='word_1_760' title='bbox 3717 3463 3750 3500; x_wconf 88' lang='lat' dir='ltr'><strong>a</strong></span> <span class='ocrx_word' id='word_1_761' title='bbox 3786 3462 3908 3518; x_wconf 89' lang='lat' dir='ltr'><strong>quo</strong></span> 
     </span>
    </p>
   </div>
   <div class='ocr_carea' id='block_1_99' title="bbox 2194 3534 3910 3605">
    <p class='ocr_par' dir='ltr' id='par_1_99' title="bbox 2194 3534 3910 3605">
     <span class='ocr_line' id='line_1_99' title="bbox 2194 3534 3910 3605; baseline 0.001 -17"><span class='ocrx_word' id='word_1_762' title='bbox 2194 3537 2431 3605; x_wconf 85' lang='lat' dir='ltr'><strong>potest?</strong></span> <span class='ocrx_word' id='word_1_763' title='bbox 2461 3537 2526 3589; x_wconf 91' lang='lat' dir='ltr'><strong>Et</strong></span> <span class='ocrx_word' id='word_1_764' title='bbox 2553 3535 2847 3590; x_wconf 88' lang='lat' dir='ltr'><strong>blanditia</strong></span> <span class='ocrx_word' id='word_1_765' title='bbox 2868 3534 3282 3591; x_wconf 89' lang='lat' dir='ltr'><strong>lascivientium</strong></span> <span class='ocrx_word' id='word_1_766' title='bbox 3316 3534 3498 3589; x_wconf 88' lang='lat' dir='ltr'><strong>amari</strong></span> <span class='ocrx_word' id='word_1_767' title='bbox 3527 3535 3732 3590; x_wconf 90' lang='lat' dir='ltr'><strong>volunt</strong></span> <span class='ocrx_word' id='word_1_768' title='bbox 3758 3554 3775 3602; x_wconf 89' lang='lat'><strong>;</strong></span> <span class='ocrx_word' id='word_1_769' title='bbox 3806 3534 3910 3590; x_wconf 89' lang='lat' dir='ltr'><strong>sed</strong></span> 
     </span>
    </p>
   </div>
   <div class='ocr_carea' id='block_1_100' title="bbox 2194 3622 3910 3695">
    <p class='ocr_par' dir='ltr' id='par_1_100' title="bbox 2194 3622 3910 3695">
     <span class='ocr_line' id='line_1_100' title="bbox 2194 3622 3910 3695; baseline -0.001 -17"><span class='ocrx_word' id='word_1_770' title='bbox 2194 3640 2383 3694; x_wconf 89' lang='lat' dir='ltr'><strong>neque</strong></span> <span class='ocrx_word' id='word_1_771' title='bbox 2411 3624 2677 3679; x_wconf 88' lang='lat' dir='ltr'><strong>blandius</strong></span> <span class='ocrx_word' id='word_1_772' title='bbox 2706 3628 2791 3678; x_wconf 89' lang='lat' dir='ltr'><strong>est</strong></span> <span class='ocrx_word' id='word_1_773' title='bbox 2818 3622 3035 3695; x_wconf 89' lang='lat' dir='ltr'><strong>aliquid</strong></span> <span class='ocrx_word' id='word_1_774' title='bbox 3084 3628 3184 3678; x_wconf 91' lang='lat' dir='ltr'><strong>tua</strong></span> <span class='ocrx_word' id='word_1_775' title='bbox 3209 3623 3502 3689; x_wconf 89' lang='lat' dir='ltr'><strong>charitate,</strong></span> <span class='ocrx_word' id='word_1_776' title='bbox 3534 3639 3642 3678; x_wconf 88' lang='lat' dir='ltr'><strong>nec</strong></span> <span class='ocrx_word' id='word_1_777' title='bbox 3670 3628 3910 3677; x_wconf 88' lang='lat' dir='ltr'><strong>amatur</strong></span> 
     </span>
    </p>
   </div>
   <div class='ocr_carea' id='block_1_101' title="bbox 2195 3703 3910 3777">
    <p class='ocr_par' dir='ltr' id='par_1_101' title="bbox 2195 3703 3910 3777">
     <span class='ocr_line' id='line_1_101' title="bbox 2195 3703 3910 3777; baseline -0.001 -18"><span class='ocrx_word' id='word_1_778' title='bbox 2195 3705 2512 3777; x_wconf 89' lang='lat' dir='ltr'><strong>quidquam</strong></span> <span class='ocrx_word' id='word_1_779' title='bbox 2540 3704 2845 3772; x_wconf 88' lang='lat' dir='ltr'><strong>salubrius,</strong></span> <span class='ocrx_word' id='word_1_780' title='bbox 2881 3720 3056 3776; x_wconf 90' lang='lat' dir='ltr'><strong>quam</strong></span> <span class='ocrx_word' id='word_1_781' title='bbox 3100 3703 3201 3758; x_wconf 90' lang='lat' dir='ltr'><strong>illa</strong></span> <span class='ocrx_word' id='word_1_782' title='bbox 3227 3720 3349 3775; x_wconf 84' lang='lat' dir='ltr'><strong>pra</strong></span> <span class='ocrx_word' id='word_1_783' title='bbox 3388 3703 3606 3758; x_wconf 91' lang='lat' dir='ltr'><strong>cunctis</strong></span> <span class='ocrx_word' id='word_1_784' title='bbox 3650 3703 3910 3758; x_wconf 87' lang='lat' dir='ltr'><strong>formosa</strong></span> 
     </span>
    </p>
   </div>
   <div class='ocr_carea' id='block_1_102' title="bbox 2194 3792 3911 3849">
    <p class='ocr_par' dir='ltr' id='par_1_102' title="bbox 2194 3792 3911 3849">
     <span class='ocr_line' id='line_1_102' title="bbox 2194 3792 3911 3849; baseline 0 0"><span class='ocrx_word' id='word_1_785' title='bbox 2194 3799 2250 3849; x_wconf 87' lang='lat' dir='ltr'><strong>et</strong></span> <span class='ocrx_word' id='word_1_786' title='bbox 2278 3794 2561 3849; x_wconf 87' lang='lat' dir='ltr'><strong>luminosa</strong></span> <span class='ocrx_word' id='word_1_787' title='bbox 2599 3793 2806 3848; x_wconf 87' lang='lat' dir='ltr'><strong>veritas</strong></span> <span class='ocrx_word' id='word_1_788' title='bbox 2834 3799 2957 3848; x_wconf 88' lang='lat' dir='ltr'><strong>tua.</strong></span> <span class='ocrx_word' id='word_1_789' title='bbox 2989 3794 3053 3847; x_wconf 91' lang='lat' dir='ltr'><strong>Et</strong></span> <span class='ocrx_word' id='word_1_790' title='bbox 3080 3792 3374 3848; x_wconf 79' lang='lat' dir='ltr'><strong>curiositas</strong></span> <span class='ocrx_word' id='word_1_791' title='bbox 3388 3793 3649 3848; x_wconf 78' lang='lat' dir='ltr'><strong>affectare</strong></span> <span class='ocrx_word' id='word_1_792' title='bbox 3675 3794 3911 3849; x_wconf 87' lang='lat' dir='ltr'><strong>videtur</strong></span> 
     </span>
    </p>
   </div>
   <div class='ocr_carea' id='block_1_103' title="bbox 2192 3881 3897 3948">
    <p class='ocr_par' dir='ltr' id='par_1_103' title="bbox 2192 3881 3897 3948">
     <span class='ocr_line' id='line_1_103' title="bbox 2192 3881 3897 3948; baseline 0.002 -11"><span class='ocrx_word' id='word_1_793' title='bbox 2192 3881 2442 3937; x_wconf 90' lang='lat' dir='ltr'><strong>studium</strong></span> <span class='ocrx_word' id='word_1_794' title='bbox 2492 3881 2783 3948; x_wconf 83' lang='lat' dir='ltr'><strong>scientia;</strong></span> <span class='ocrx_word' id='word_1_795' title='bbox 2826 3897 2956 3935; x_wconf 91' lang='lat' dir='ltr'><strong>cum</strong></span> <span class='ocrx_word' id='word_1_796' title='bbox 2986 3884 3048 3936; x_wconf 88' lang='lat' dir='ltr'><strong>tu</strong></span> <span class='ocrx_word' id='word_1_797' title='bbox 3102 3881 3297 3936; x_wconf 88' lang='lat' dir='ltr'><strong>omnia</strong></span> <span class='ocrx_word' id='word_1_798' title='bbox 3351 3897 3580 3936; x_wconf 90' lang='lat' dir='ltr'><strong>summe</strong></span> <span class='ocrx_word' id='word_1_799' title='bbox 3631 3882 3897 3940; x_wconf 80' lang='lat' dir='ltr'><strong>noveris.</strong></span> 
     </span>
    </p>
   </div>
   <div class='ocr_carea' id='block_1_104' title="bbox 2194 3969 3913 4042">
    <p class='ocr_par' dir='ltr' id='par_1_104' title="bbox 2194 3969 3913 4042">
     <span class='ocr_line' id='line_1_104' title="bbox 2194 3969 3913 4042; baseline 0 -16"><span class='ocrx_word' id='word_1_800' title='bbox 2194 3970 2519 4042; x_wconf 86' lang='lat' dir='ltr'><strong>Ignorantia</strong></span> <span class='ocrx_word' id='word_1_801' title='bbox 2550 3986 2781 4041; x_wconf 89' lang='lat' dir='ltr'><strong>quoque</strong></span> <span class='ocrx_word' id='word_1_802' title='bbox 2808 3969 2932 4041; x_wconf 88' lang='lat' dir='ltr'><strong>ipsa</strong></span> <span class='ocrx_word' id='word_1_803' title='bbox 2960 3975 3134 4041; x_wconf 87' lang='lat' dir='ltr'><strong>atque</strong></span> <span class='ocrx_word' id='word_1_804' title='bbox 3154 3969 3415 4037; x_wconf 90' lang='lat' dir='ltr'><strong>stultitia,</strong></span> <span class='ocrx_word' id='word_1_805' title='bbox 3447 3970 3836 4040; x_wconf 87' lang='lat' dir='ltr'><strong>simplicitatis</strong></span> <span class='ocrx_word' id='word_1_806' title='bbox 3852 3976 3913 4026; x_wconf 91' lang='lat' dir='ltr'><strong>et</strong></span> 
     </span>
    </p>
   </div>
   <div class='ocr_carea' id='block_1_105' title="bbox 2192 4057 3909 4131">
    <p class='ocr_par' dir='ltr' id='par_1_105' title="bbox 2192 4057 3909 4131">
     <span class='ocr_line' id='line_1_105' title="bbox 2192 4057 3909 4131; baseline -0.001 -16"><span class='ocrx_word' id='word_1_807' title='bbox 2192 4058 2535 4115; x_wconf 89' lang='lat' dir='ltr'><strong>innocentia</strong></span> <span class='ocrx_word' id='word_1_808' title='bbox 2556 4058 2787 4112; x_wconf 91' lang='lat' dir='ltr'><strong>nomine</strong></span> <span class='ocrx_word' id='word_1_809' title='bbox 2822 4058 3066 4129; x_wconf 86' lang='lat' dir='ltr'><strong>tegitur;</strong></span> <span class='ocrx_word' id='word_1_810' title='bbox 3100 4057 3237 4130; x_wconf 89' lang='lat' dir='ltr'><strong>quia</strong></span> <span class='ocrx_word' id='word_1_811' title='bbox 3284 4064 3339 4113; x_wconf 90' lang='lat' dir='ltr'><strong>te</strong></span> <span class='ocrx_word' id='word_1_812' title='bbox 3384 4057 3701 4130; x_wconf 86' lang='lat' dir='ltr'><strong>simplicius</strong></span> <span class='ocrx_word' id='word_1_813' title='bbox 3732 4060 3909 4131; x_wconf 88' lang='lat' dir='ltr'><strong>quid-</strong></span> 
     </span>
    </p>
   </div>
   <div class='ocr_carea' id='block_1_106' title="bbox 2194 4143 3908 4219">
    <p class='ocr_par' dir='ltr' id='par_1_106' title="bbox 2194 4143 3908 4219">
     <span class='ocr_line' id='line_1_106' title="bbox 2194 4143 3908 4219; baseline -0.001 -17"><span class='ocrx_word' id='word_1_814' title='bbox 2194 4163 2368 4219; x_wconf 89' lang='lat' dir='ltr'><strong>quam</strong></span> <span class='ocrx_word' id='word_1_815' title='bbox 2418 4161 2537 4201; x_wconf 91' lang='lat' dir='ltr'><strong>non</strong></span> <span class='ocrx_word' id='word_1_816' title='bbox 2582 4143 2884 4216; x_wconf 89' lang='lat' dir='ltr'><strong>reperitur.</strong></span> <span class='ocrx_word' id='word_1_817' title='bbox 2942 4144 3092 4209; x_wconf 87' lang='lat' dir='ltr'><strong>Quid</strong></span> <span class='ocrx_word' id='word_1_818' title='bbox 3146 4149 3202 4199; x_wconf 93' lang='lat' dir='ltr'><strong>te</strong></span> <span class='ocrx_word' id='word_1_819' title='bbox 3258 4149 3452 4199; x_wconf 89' lang='lat' dir='ltr'><strong>autem</strong></span> <span class='ocrx_word' id='word_1_820' title='bbox 3501 4144 3908 4214; x_wconf 81' lang='lat' dir='ltr'><strong>innocentius,</strong></span> 
     </span>
    </p>
   </div>
   <div class='ocr_carea' id='block_1_107' title="bbox 2189 4231 3906 4307">
    <p class='ocr_par' dir='ltr' id='par_1_107' title="bbox 2189 4231 3906 4307">
     <span class='ocr_line' id='line_1_107' title="bbox 2189 4231 3906 4307; baseline 0.001 -18"><span class='ocrx_word' id='word_1_821' title='bbox 2189 4232 2653 4307; x_wconf 88' lang='lat' dir='ltr'><strong>quandoquidem</strong></span> <span class='ocrx_word' id='word_1_822' title='bbox 2708 4248 2881 4303; x_wconf 82' lang='lat' dir='ltr'><strong>Opera</strong></span> <span class='ocrx_word' id='word_1_823' title='bbox 2922 4248 3026 4286; x_wconf 88' lang='lat' dir='ltr'><strong>sua</strong></span> <span class='ocrx_word' id='word_1_824' title='bbox 3052 4233 3074 4268; x_wconf 84' lang='lat'><strong><em>&quot;</em></strong></span> <span class='ocrx_word' id='word_1_825' title='bbox 3133 4232 3301 4287; x_wconf 86' lang='lat' dir='ltr'><strong>malis</strong></span> <span class='ocrx_word' id='word_1_826' title='bbox 3335 4231 3570 4286; x_wconf 90' lang='lat' dir='ltr'><strong>inimica</strong></span> <span class='ocrx_word' id='word_1_827' title='bbox 3610 4233 3801 4288; x_wconf 86' lang='lat' dir='ltr'><strong>sunt?</strong></span> <span class='ocrx_word' id='word_1_828' title='bbox 3832 4235 3906 4290; x_wconf 86' lang='lat' dir='ltr'><strong>Et</strong></span> 
     </span>
    </p>
   </div>
   <div class='ocr_carea' id='block_1_108' title="bbox 2191 4320 3912 4394">
    <p class='ocr_par' dir='ltr' id='par_1_108' title="bbox 2191 4320 3912 4394">
     <span class='ocr_line' id='line_1_108' title="bbox 2191 4320 3912 4394; baseline -0.001 -16"><span class='ocrx_word' id='word_1_829' title='bbox 2191 4324 2423 4394; x_wconf 86' lang='lat' dir='ltr'><strong>ignavia</strong></span> <span class='ocrx_word' id='word_1_830' title='bbox 2447 4320 2612 4392; x_wconf 88' lang='lat' dir='ltr'><strong>quasi</strong></span> <span class='ocrx_word' id='word_1_831' title='bbox 2637 4320 2891 4391; x_wconf 90' lang='lat' dir='ltr'><strong>quietem</strong></span> <span class='ocrx_word' id='word_1_832' title='bbox 2922 4320 3179 4392; x_wconf 89' lang='lat' dir='ltr'><strong>appetit:</strong></span> <span class='ocrx_word' id='word_1_833' title='bbox 3204 4338 3335 4393; x_wconf 89' lang='lat' dir='ltr'><strong>qua</strong></span> <span class='ocrx_word' id='word_1_834' title='bbox 3385 4337 3519 4375; x_wconf 90' lang='lat' dir='ltr'><strong>vero</strong></span> <span class='ocrx_word' id='word_1_835' title='bbox 3549 4322 3714 4392; x_wconf 90' lang='lat' dir='ltr'><strong>quies</strong></span> <span class='ocrx_word' id='word_1_836' title='bbox 3744 4328 3912 4377; x_wconf 85' lang='lat' dir='ltr'><strong>certa</strong></span> 
     </span>
    </p>
   </div>
   <div class='ocr_carea' id='block_1_109' title="bbox 2190 4408 3911 4483">
    <p class='ocr_par' dir='ltr' id='par_1_109' title="bbox 2190 4408 3911 4483">
     <span class='ocr_line' id='line_1_109' title="bbox 2190 4408 3911 4483; baseline 0 -17"><span class='ocrx_word' id='word_1_837' title='bbox 2190 4416 2402 4483; x_wconf 87' lang='lat' dir='ltr'><strong>prater</strong></span> <span class='ocrx_word' id='word_1_838' title='bbox 2415 4408 2722 4465; x_wconf 91' lang='lat' dir='ltr'><strong>Dominum</strong></span> <span class='ocrx_word' id='word_1_839' title='bbox 2738 4411 2766 4464; x_wconf 84' lang='lat'><strong>?</strong></span> <span class='ocrx_word' id='word_1_840' title='bbox 2797 4409 3045 4464; x_wconf 83' lang='lat' dir='ltr'><strong>Luxuria</strong></span> <span class='ocrx_word' id='word_1_841' title='bbox 3070 4408 3392 4464; x_wconf 89' lang='lat' dir='ltr'><strong>satietatem</strong></span> <span class='ocrx_word' id='word_1_842' title='bbox 3411 4413 3582 4480; x_wconf 91' lang='lat' dir='ltr'><strong>atque</strong></span> <span class='ocrx_word' id='word_1_843' title='bbox 3601 4409 3911 4466; x_wconf 79' lang='lat' dir='ltr'><strong>abundan-</strong></span> 
     </span>
    </p>
   </div>
   <div class='ocr_carea' id='block_1_110' title="bbox 2188 4496 3909 4568">
    <p class='ocr_par' dir='ltr' id='par_1_110' title="bbox 2188 4496 3909 4568">
     <span class='ocr_line' id='line_1_110' title="bbox 2188 4496 3909 4568; baseline -0.001 -14"><span class='ocrx_word' id='word_1_844' title='bbox 2188 4500 2331 4554; x_wconf 86' lang='lat' dir='ltr'><strong>tiam</strong></span> <span class='ocrx_word' id='word_1_845' title='bbox 2361 4514 2420 4553; x_wconf 91' lang='lat' dir='ltr'><strong>se</strong></span> <span class='ocrx_word' id='word_1_846' title='bbox 2449 4496 2609 4568; x_wconf 91' lang='lat' dir='ltr'><strong>cupit</strong></span> <span class='ocrx_word' id='word_1_847' title='bbox 2631 4496 2827 4550; x_wconf 79' lang='lat' dir='ltr'><strong>vocari</strong></span> <span class='ocrx_word' id='word_1_848' title='bbox 2858 4512 2872 4551; x_wconf 90' lang='lat'><strong>:</strong></span> <span class='ocrx_word' id='word_1_849' title='bbox 2905 4500 2970 4551; x_wconf 88' lang='lat' dir='ltr'><strong>tu</strong></span> <span class='ocrx_word' id='word_1_850' title='bbox 2999 4503 3193 4551; x_wconf 89' lang='lat' dir='ltr'><strong>autem</strong></span> <span class='ocrx_word' id='word_1_851' title='bbox 3222 4513 3282 4551; x_wconf 91' lang='lat' dir='ltr'><strong>es</strong></span> <span class='ocrx_word' id='word_1_852' title='bbox 3319 4496 3621 4568; x_wconf 91' lang='lat' dir='ltr'><strong>plenitudo</strong></span> <span class='ocrx_word' id='word_1_853' title='bbox 3645 4501 3704 4551; x_wconf 90' lang='lat' dir='ltr'><strong>et</strong></span> <span class='ocrx_word' id='word_1_854' title='bbox 3729 4497 3909 4553; x_wconf 84' lang='lat' dir='ltr'><strong>inde-</strong></span> 
     </span>
    </p>
   </div>
   <div class='ocr_carea' id='block_1_111' title="bbox 2189 4583 3909 4657">
    <p class='ocr_par' dir='ltr' id='par_1_111' title="bbox 2189 4583 3909 4657">
     <span class='ocr_line' id='line_1_111' title="bbox 2189 4583 3909 4657; baseline -0.001 -15"><span class='ocrx_word' id='word_1_855' title='bbox 2189 4587 2385 4642; x_wconf 85' lang='lat' dir='ltr'><strong>ficiens</strong></span> <span class='ocrx_word' id='word_1_856' title='bbox 2405 4586 2570 4656; x_wconf 90' lang='lat' dir='ltr'><strong>copia</strong></span> <span class='ocrx_word' id='word_1_857' title='bbox 2596 4583 3049 4657; x_wconf 88' lang='lat' dir='ltr'><strong>incorruptibilis</strong></span> <span class='ocrx_word' id='word_1_858' title='bbox 3069 4585 3380 4640; x_wconf 84' lang='lat' dir='ltr'><strong>suavitatis.</strong></span> <span class='ocrx_word' id='word_1_859' title='bbox 3403 4584 3612 4640; x_wconf 77' lang='lat' dir='ltr'><strong>Effusio</strong></span> <span class='ocrx_word' id='word_1_860' title='bbox 3642 4584 3909 4642; x_wconf 83' lang='lat' dir='ltr'><strong>liberali-</strong></span> 
     </span>
    </p>
   </div>
   <div class='ocr_carea' id='block_1_112' title="bbox 2189 4672 3912 4747">
    <p class='ocr_par' dir='ltr' id='par_1_112' title="bbox 2189 4672 3912 4747">
     <span class='ocr_line' id='line_1_112' title="bbox 2189 4672 3912 4747; baseline -0.001 -16"><span class='ocrx_word' id='word_1_861' title='bbox 2189 4676 2321 4731; x_wconf 88' lang='lat' dir='ltr'><strong>tatis</strong></span> <span class='ocrx_word' id='word_1_862' title='bbox 2349 4672 2611 4730; x_wconf 90' lang='lat' dir='ltr'><strong>obtendit</strong></span> <span class='ocrx_word' id='word_1_863' title='bbox 2629 4673 2919 4729; x_wconf 89' lang='lat' dir='ltr'><strong>umbram:</strong></span> <span class='ocrx_word' id='word_1_864' title='bbox 2943 4674 3042 4729; x_wconf 86' lang='lat' dir='ltr'><strong>sed</strong></span> <span class='ocrx_word' id='word_1_865' title='bbox 3068 4673 3357 4729; x_wconf 89' lang='lat' dir='ltr'><strong>bonorum</strong></span> <span class='ocrx_word' id='word_1_866' title='bbox 3378 4673 3640 4729; x_wconf 89' lang='lat' dir='ltr'><strong>omnium</strong></span> <span class='ocrx_word' id='word_1_867' title='bbox 3658 4674 3912 4747; x_wconf 77' lang='lat' dir='ltr'><strong>largitor</strong></span> 
     </span>
    </p>
   </div>
   <div class='ocr_carea' id='block_1_113' title="bbox 2256 4777 3909 4846">
    <p class='ocr_par' dir='ltr' id='par_1_113' title="bbox 2256 4777 3909 4846">
     <span class='ocr_line' id='line_1_113' title="bbox 2256 4777 3909 4846; baseline 0.017 -34"><span class='ocrx_word' id='word_1_868' title='bbox 2256 4783 2269 4812; x_wconf 80' lang='grc' dir='ltr'>ι</span> <span class='ocrx_word' id='word_1_869' title='bbox 2307 4782 2455 4846; x_wconf 59' lang='grc' dir='ltr'><strong>Ενρρ,</strong></span> <span class='ocrx_word' id='word_1_870' title='bbox 2481 4779 2635 4846; x_wconf 46' lang='lat' dir='ltr'><strong>jugera</strong></span> <span class='ocrx_word' id='word_1_871' title='bbox 2665 4779 2862 4846; x_wconf 71' lang='lat' dir='ltr'><strong>somni.</strong></span> <span class='ocrx_word' id='word_1_872' title='bbox 2885 4779 3026 4830; x_wconf 90' lang='lat' dir='ltr'><strong>Dub.</strong></span> <span class='ocrx_word' id='word_1_873' title='bbox 3058 4780 3210 4829; x_wconf 84' lang='lat' dir='ltr'><strong>Mart.</strong></span> <span class='ocrx_word' id='word_1_874' title='bbox 3244 4780 3414 4830; x_wconf 80' lang='lat' dir='ltr'><strong>Rond.</strong></span> <span class='ocrx_word' id='word_1_875' title='bbox 3448 4777 3583 4837; x_wconf 77' lang='lat' dir='ltr'><strong>Quid</strong></span> <span class='ocrx_word' id='word_1_876' title='bbox 3617 4792 3754 4843; x_wconf 78' lang='lat' dir='ltr'><strong>ergo</strong></span> <span class='ocrx_word' id='word_1_877' title='bbox 3784 4794 3909 4846; x_wconf 76' lang='lat' dir='ltr'><strong>e90.</strong></span> 
     </span>
    </p>
   </div>
   <div class='ocr_carea' id='block_1_114' title="bbox 2185 4841 2756 4909">
    <p class='ocr_par' dir='ltr' id='par_1_114' title="bbox 2185 4841 2756 4909">
     <span class='ocr_line' id='line_1_114' title="bbox 2185 4841 2756 4909; baseline -0.007 -16"><span class='ocrx_word' id='word_1_878' title='bbox 2185 4844 2337 4909; x_wconf 65' lang='lat' dir='ltr'><strong>juxta</strong></span> <span class='ocrx_word' id='word_1_879' title='bbox 2365 4841 2496 4909; x_wconf 72' lang='lat' dir='ltr'><strong>alios</strong></span> <span class='ocrx_word' id='word_1_880' title='bbox 2521 4841 2667 4909; x_wconf 54' lang='lat' dir='ltr'><strong>Edd;</strong></span> <span class='ocrx_word' id='word_1_881' title='bbox 2690 4842 2756 4909; x_wconf 82' lang='lat' dir='ltr'><strong>M_.</strong></span> 
     </span>
    </p>
   </div>
   <div class='ocr_carea' id='block_1_115' title="bbox 2251 4902 3910 4967">
    <p class='ocr_par' dir='ltr' id='par_1_115' title="bbox 2251 4902 3910 4967">
     <span class='ocr_line' id='line_1_115' title="bbox 2251 4902 3910 4967; baseline -0.001 -11"><span class='ocrx_word' id='word_1_882' title='bbox 2251 4908 2272 4941; x_wconf 80' lang='grc'>²</span> <span class='ocrx_word' id='word_1_883' title='bbox 2287 4904 2619 4967; x_wconf 65' lang='lat' dir='ltr'><strong>Erantjuxta</strong></span> <span class='ocrx_word' id='word_1_884' title='bbox 2630 4903 2720 4967; x_wconf 86' lang='lat' dir='ltr'><strong>Er.</strong></span> <span class='ocrx_word' id='word_1_885' title='bbox 2732 4903 2896 4967; x_wconf 88' lang='lat' dir='ltr'><strong>Lugd.</strong></span> <span class='ocrx_word' id='word_1_886' title='bbox 2912 4905 3036 4953; x_wconf 86' lang='lat' dir='ltr'><strong>Lov.</strong></span> <span class='ocrx_word' id='word_1_887' title='bbox 3052 4902 3250 4967; x_wconf 76' lang='lat' dir='ltr'><strong>89mm.</strong></span> <span class='ocrx_word' id='word_1_888' title='bbox 3260 4903 3557 4967; x_wconf 77' lang='lat' dir='ltr'><strong>Dub.Mart.</strong></span> <span class='ocrx_word' id='word_1_889' title='bbox 3582 4907 3633 4953; x_wconf 91' lang='lat' dir='ltr'><strong>et</strong></span> <span class='ocrx_word' id='word_1_890' title='bbox 3646 4905 3806 4967; x_wconf 73' lang='lat' dir='ltr'><strong>Rond</strong></span> <span class='ocrx_word' id='word_1_891' title='bbox 3818 4906 3886 4956; x_wconf 78' lang='grc' dir='ltr'><strong>,Μ</strong></span> <span class='ocrx_word' id='word_1_892' title='bbox 3897 4942 3910 4954; x_wconf 92' lang='grc'>.</span> 
     </span>
    </p>
   </div>
   <div class='ocr_carea' id='block_1_116' title="bbox 2250 4965 3914 5040">
    <p class='ocr_par' dir='ltr' id='par_1_116' title="bbox 2250 4965 3914 5040">
     <span class='ocr_line' id='line_1_116' title="bbox 2250 4965 3914 5040; baseline 0.003 -26"><span class='ocrx_word' id='word_1_893' title='bbox 2250 4965 2597 5040; x_wconf 25' lang='lat' dir='ltr'><strong>3-‘Lov.,‘sola</strong></span> <span class='ocrx_word' id='word_1_894' title='bbox 2627 4965 2909 5029; x_wconf 73' lang='lat' dir='ltr'><strong>iniquitate</strong></span> <span class='ocrx_word' id='word_1_895' title='bbox 2931 4981 2944 5027; x_wconf 92' lang='lat'><strong>;</strong></span> <span class='ocrx_word' id='word_1_896' title='bbox 2970 4969 3025 5015; x_wconf 85' lang='lat' dir='ltr'><strong>at</strong></span> <span class='ocrx_word' id='word_1_897' title='bbox 3050 4965 3141 5015; x_wconf 88' lang='lat' dir='ltr'><strong>alii</strong></span> <span class='ocrx_word' id='word_1_898' title='bbox 3163 4965 3290 5015; x_wconf 89' lang='lat' dir='ltr'><strong>Cdd.</strong></span> <span class='ocrx_word' id='word_1_899' title='bbox 3333 4966 3539 5028; x_wconf 85' lang='lat' dir='ltr'><strong>melius,</strong></span> <span class='ocrx_word' id='word_1_900' title='bbox 3589 4966 3769 5017; x_wconf 76' lang='lat' dir='ltr'><strong>solam</strong></span> <span class='ocrx_word' id='word_1_901' title='bbox 3809 4972 3914 5019; x_wconf 73' lang='lat' dir='ltr'><strong>ini-</strong></span> 
     </span>
    </p>
   </div>
   <div class='ocr_carea' id='block_1_117' title="bbox 2185 5033 3220 5161">
    <p class='ocr_par' dir='ltr' id='par_1_117' title="bbox 2185 5033 3220 5161">
     <span class='ocr_line' id='line_1_117' title="bbox 2185 5033 2468 5095; baseline -0.007 -15"><span class='ocrx_word' id='word_1_902' title='bbox 2185 5033 2468 5095; x_wconf 77' lang='lat' dir='ltr'><strong>quitatem.</strong></span> 
     </span>
     <span class='ocr_line' id='line_1_118' title="bbox 2249 5086 3220 5161; baseline -0.003 -21"><span class='ocrx_word' id='word_1_903' title='bbox 2249 5094 2269 5161; x_wconf 67' lang='grc' dir='ltr'><strong>ξ</strong></span> <span class='ocrx_word' id='word_1_904' title='bbox 2298 5091 2451 5161; x_wconf 50' lang='lat' dir='ltr'><strong>augt.</strong></span> <span class='ocrx_word' id='word_1_905' title='bbox 2483 5091 2851 5161; x_wconf 62' lang='lat' dir='ltr'><strong>duo,furens;</strong></span> <span class='ocrx_word' id='word_1_906' title='bbox 2884 5086 2993 5161; x_wconf 74' lang='lat' dir='ltr'><strong>alii,</strong></span> <span class='ocrx_word' id='word_1_907' title='bbox 3015 5088 3220 5161; x_wconf 60' lang='lat' dir='ltr'><strong>fruens.</strong></span> 
     </span>
    </p>
   </div>
   <div class='ocr_carea' id='block_1_118' title="bbox 2249 5150 3200 5215">
    <p class='ocr_par' dir='ltr' id='par_1_118' title="bbox 2249 5150 3200 5215">
     <span class='ocr_line' id='line_1_119' title="bbox 2249 5150 3200 5215; baseline -0.001 -14"><span class='ocrx_word' id='word_1_908' title='bbox 2249 5156 2270 5190; x_wconf 81' lang='grc' dir='ltr'><strong>ὕ</strong></span> <span class='ocrx_word' id='word_1_909' title='bbox 2300 5154 2358 5201; x_wconf 90' lang='lat' dir='ltr'><strong>In</strong></span> <span class='ocrx_word' id='word_1_910' title='bbox 2383 5150 2505 5202; x_wconf 76' lang='lat' dir='ltr'><strong>Mss.</strong></span> <span class='ocrx_word' id='word_1_911' title='bbox 2541 5157 2768 5215; x_wconf 86' lang='lat' dir='ltr'><strong>quatuor</strong></span> <span class='ocrx_word' id='word_1_912' title='bbox 2786 5154 2840 5200; x_wconf 90' lang='lat' dir='ltr'><strong>et</strong></span> <span class='ocrx_word' id='word_1_913' title='bbox 2868 5150 3025 5215; x_wconf 70' lang='lat' dir='ltr'><strong>Arn.,&#39;</strong></span> <span class='ocrx_word' id='word_1_914' title='bbox 3042 5150 3200 5215; x_wconf 65' lang='lat' dir='ltr'><strong>mihi.</strong></span> 
     </span>
    </p>
   </div>
   <div class='ocr_carea' id='block_1_119' title="bbox 2247 5210 3909 5280">
    <p class='ocr_par' dir='ltr' id='par_1_119' title="bbox 2247 5210 3909 5280">
     <span class='ocr_line' id='line_1_120' title="bbox 2247 5210 3909 5280; baseline 0.002 -17"><span class='ocrx_word' id='word_1_915' title='bbox 2247 5218 2269 5280; x_wconf 68' lang='grc' dir='ltr'><strong>β</strong></span> <span class='ocrx_word' id='word_1_916' title='bbox 2296 5210 2672 5280; x_wconf 72' lang='lat' dir='ltr'><strong>Omittendum.</strong></span> <span class='ocrx_word' id='word_1_917' title='bbox 2699 5210 3059 5280; x_wconf 57' lang='lat' dir='ltr'><strong>potest,_jua_ta</strong></span> <span class='ocrx_word' id='word_1_918' title='bbox 3090 5212 3287 5280; x_wconf 69' lang='lat' dir='ltr'><strong>89mm.</strong></span> <span class='ocrx_word' id='word_1_919' title='bbox 3316 5214 3439 5262; x_wconf 90' lang='lat' dir='ltr'><strong>Lov.</strong></span> <span class='ocrx_word' id='word_1_920' title='bbox 3457 5210 3609 5280; x_wconf 31' lang='lat' dir='ltr'><strong>.Flor.</strong></span> <span class='ocrx_word' id='word_1_921' title='bbox 3631 5211 3816 5280; x_wconf 84' lang='lat' dir='ltr'><strong>Rond.</strong></span> <span class='ocrx_word' id='word_1_922' title='bbox 3834 5216 3909 5266; x_wconf 80' lang='grc' dir='ltr'><strong>Μ.</strong></span> 
     </span>
    </p>
   </div>
   <div class='ocr_carea' id='block_1_120' title="bbox 2247 5274 3902 5337">
    <p class='ocr_par' dir='ltr' id='par_1_120' title="bbox 2247 5274 3902 5337">
     <span class='ocr_line' id='line_1_121' title="bbox 2247 5274 3902 5337; baseline 0.001 -12"><span class='ocrx_word' id='word_1_923' title='bbox 2247 5279 2267 5313; x_wconf 84' lang='lat'>7</span> <span class='ocrx_word' id='word_1_924' title='bbox 2299 5278 2377 5326; x_wconf 87' lang='lat' dir='ltr'><strong>Ita</strong></span> <span class='ocrx_word' id='word_1_925' title='bbox 2397 5276 2453 5325; x_wconf 90' lang='lat' dir='ltr'><strong>in</strong></span> <span class='ocrx_word' id='word_1_926' title='bbox 2480 5277 2605 5336; x_wconf 87' lang='lat' dir='ltr'><strong>Mss,</strong></span> <span class='ocrx_word' id='word_1_927' title='bbox 2635 5279 2688 5325; x_wconf 89' lang='lat' dir='ltr'><strong>et</strong></span> <span class='ocrx_word' id='word_1_928' title='bbox 2701 5274 3093 5337; x_wconf 73' lang='lat' dir='ltr'><strong>antiquioribus</strong></span> <span class='ocrx_word' id='word_1_929' title='bbox 3122 5275 3275 5336; x_wconf 84' lang='lat' dir='ltr'><strong>Edd.,</strong></span> <span class='ocrx_word' id='word_1_930' title='bbox 3305 5289 3425 5324; x_wconf 87' lang='lat' dir='ltr'><strong>cum</strong></span> <span class='ocrx_word' id='word_1_931' title='bbox 3454 5274 3510 5323; x_wconf 92' lang='lat' dir='ltr'><strong>iu</strong></span> <span class='ocrx_word' id='word_1_932' title='bbox 3535 5275 3662 5323; x_wconf 86' lang='lat' dir='ltr'><strong>Lov.</strong></span> <span class='ocrx_word' id='word_1_933' title='bbox 3676 5285 3734 5326; x_wconf 89' lang='lat' dir='ltr'><strong>et</strong></span> <span class='ocrx_word' id='word_1_934' title='bbox 3757 5279 3902 5327; x_wconf 76' lang='lat' dir='ltr'><strong>Arn.</strong></span> 
     </span>
    </p>
   </div>
   <div class='ocr_carea' id='block_1_121' title="bbox 2187 5336 3911 5402">
    <p class='ocr_par' dir='ltr' id='par_1_121' title="bbox 2187 5336 3911 5402">
     <span class='ocr_line' id='line_1_122' title="bbox 2187 5336 3911 5402; baseline 0.001 -13"><span class='ocrx_word' id='word_1_935' title='bbox 2187 5340 2429 5402; x_wconf 76' lang='lat' dir='ltr'><strong>legatur:</strong></span> <span class='ocrx_word' id='word_1_936' title='bbox 2457 5340 2631 5402; x_wconf 71' lang='lat' dir='ltr'><strong>Opem</strong></span> <span class='ocrx_word' id='word_1_937' title='bbox 2663 5341 2766 5402; x_wconf 56' lang='lat' dir='ltr'><strong>tua</strong></span> <span class='ocrx_word' id='word_1_938' title='bbox 2795 5336 2968 5402; x_wconf 53' lang='lat' dir='ltr'><strong>suam</strong></span> <span class='ocrx_word' id='word_1_939' title='bbox 2995 5336 3213 5402; x_wconf 74' lang='lat' dir='ltr'><strong>inimica</strong></span> <span class='ocrx_word' id='word_1_940' title='bbox 3244 5341 3365 5402; x_wconf 69' lang='lat' dir='ltr'><strong>sunt</strong></span> <span class='ocrx_word' id='word_1_941' title='bbox 3390 5339 3623 5402; x_wconf 79' lang='lat' dir='ltr'><strong>:_con_t_.r_a</strong></span> <span class='ocrx_word' id='word_1_942' title='bbox 3638 5345 3911 5402; x_wconf 82' lang='lat' dir='ltr'><strong>_mentem</strong></span> 
     </span>
    </p>
   </div>
   <div class='ocr_carea' id='block_1_122' title="bbox 2187 5397 3915 5463">
    <p class='ocr_par' dir='ltr' id='par_1_122' title="bbox 2187 5397 3915 5463">
     <span class='ocr_line' id='line_1_123' title="bbox 2187 5397 3915 5463; baseline 0.001 -12"><span class='ocrx_word' id='word_1_943' title='bbox 2187 5397 2485 5463; x_wconf 64' lang='lat' dir='ltr'><strong>Augustini,</strong></span> <span class='ocrx_word' id='word_1_944' title='bbox 2503 5397 2723 5463; x_wconf 77' lang='lat' dir='ltr'><strong>qui,nisi</strong></span> <span class='ocrx_word' id='word_1_945' title='bbox 2740 5398 3229 5463; x_wconf 83' lang='lat' dir='ltr'><strong>fallimur,_probare</strong></span> <span class='ocrx_word' id='word_1_946' title='bbox 3248 5397 3622 5463; x_wconf 79' lang='lat' dir='ltr'><strong>intenditnihil</strong></span> <span class='ocrx_word' id='word_1_947' title='bbox 3638 5399 3915 5452; x_wconf 88' lang='lat' dir='ltr'><strong>Deiinno—</strong></span> 
     </span>
    </p>
   </div>
   <div class='ocr_carea' id='block_1_123' title="bbox 2190 5459 3915 5523">
    <p class='ocr_par' dir='ltr' id='par_1_123' title="bbox 2190 5459 3915 5523">
     <span class='ocr_line' id='line_1_124' title="bbox 2190 5459 3915 5523; baseline 0.001 -11"><span class='ocrx_word' id='word_1_948' title='bbox 2190 5459 2377 5512; x_wconf 50' lang='lat' dir='ltr'><strong>ceu—tia</strong></span> <span class='ocrx_word' id='word_1_949' title='bbox 2395 5459 2635 5523; x_wconf 79' lang='lat' dir='ltr'><strong>derogari</strong></span> <span class='ocrx_word' id='word_1_950' title='bbox 2657 5474 2814 5523; x_wconf 77' lang='lat' dir='ltr'><strong>pana</strong></span> <span class='ocrx_word' id='word_1_951' title='bbox 2831 5461 2982 5509; x_wconf 87' lang='lat' dir='ltr'><strong>malis</strong></span> <span class='ocrx_word' id='word_1_952' title='bbox 2993 5459 3239 5523; x_wconf 80' lang='lat' dir='ltr'><strong>irrogata,</strong></span> <span class='ocrx_word' id='word_1_953' title='bbox 3266 5460 3390 5522; x_wconf 87' lang='lat' dir='ltr'><strong>quia</strong></span> <span class='ocrx_word' id='word_1_954' title='bbox 3410 5460 3454 5523; x_wconf 81' lang='lat' dir='ltr'><strong>si</strong></span> <span class='ocrx_word' id='word_1_955' title='bbox 3473 5459 3601 5523; x_wconf 82' lang='lat' dir='ltr'><strong>quid</strong></span> <span class='ocrx_word' id='word_1_956' title='bbox 3620 5464 3915 5523; x_wconf 82' lang='lat' dir='ltr'><strong>patinutnr</strong></span> 
     </span>
    </p>
   </div>
   <div class='ocr_carea' id='block_1_124' title="bbox 2189 5520 3796 5586">
    <p class='ocr_par' dir='ltr' id='par_1_124' title="bbox 2189 5520 3796 5586">
     <span class='ocr_line' id='line_1_125' title="bbox 2189 5520 3796 5586; baseline 0.001 -13"><span class='ocrx_word' id='word_1_957' title='bbox 2189 5520 2711 5581; x_wconf 48' lang='lat' dir='ltr'><strong>uocumcutiftotuiu</strong></span> <span class='ocrx_word' id='word_1_958' title='bbox 2742 5522 2796 5571; x_wconf 91' lang='lat' dir='ltr'><strong>in</strong></span> <span class='ocrx_word' id='word_1_959' title='bbox 2827 5523 2939 5586; x_wconf 88' lang='lat' dir='ltr'><strong>ipsa</strong></span> <span class='ocrx_word' id='word_1_960' title='bbox 2971 5520 3153 5573; x_wconf 80' lang='lat' dir='ltr'><strong>eorum</strong></span> <span class='ocrx_word' id='word_1_961' title='bbox 3179 5520 3332 5584; x_wconf 77' lang='lat' dir='ltr'><strong>opera</strong></span> <span class='ocrx_word' id='word_1_962' title='bbox 3369 5520 3581 5570; x_wconf 80' lang='lat' dir='ltr'><strong>refundi</strong></span> <span class='ocrx_word' id='word_1_963' title='bbox 3610 5520 3796 5575; x_wconf 88' lang='lat' dir='ltr'><strong>debet.</strong></span> 
     </span>
    </p>
   </div>
  </div>
