4058 6400
167 356 256 405 οςκι
1622 346 1823 404 LIBER
1863 350 1880 403 Ε

2041 348 2235 401 NDI'S.

166 469 641 524 affluentissimus
671 470 734 522 tu
763 483 841 521 es.
883 467 1133 522 Avaritia
1160 467 1339 521 multa
1393 467 1681 537 possidere
1709 469 1859 536 vult;

168 562 227 613 et
244 562 303 612 tu
334 558 590 628 possides
612 557 822 611 omnia.
843 556 1156 611 Invidentia
1184 556 1253 610 de
1285 556 1615 611 excellentia
1646 556 1859 627 litigat:

168 646 308 717 quid
339 651 394 700 te
425 645 831 700 excellentius?
856 646 943 699 Ira
968 644 1276 699 vindictam
1301 644 1539 716 quaerit:
1569 649 1625 699 te
1651 644 1863 715 justius

170 734 301 805 quis
322 734 607 789 vindicat?
634 735 825 788 Timor
844 733 1075 787 insolita
1104 738 1159 787 et
1181 734 1479 803 repentina
1495 733 1859 799 exhorrescit,

172 823 342 877 rebus
373 838 502 893 quae
524 827 791 876 amantur
829 822 1207 889 adversantia,
1239 822 1372 876 dum
1403 825 1682 893 praacavet
1705 837 1865 875 secu-

171 910 358 965 ritati:
410 909 515 963 tibi
563 909 718 964 enim
750 910 886 980 quid
929 908 1260 964 insolitum?
1290 909 1429 980 quid
1456 909 1863 980 repentinum?

170 1003 272 1053 aut
298 998 426 1069 quis
455 1014 488 1051 a
517 1002 572 1052 te
602 1001 829 1067 separat
856 998 1009 1069 quod
1035 998 1225 1067 diligis
1250 1000 1279 1051 ?
1308 1001 1407 1052 aut
1424 997 1542 1063 ubi,
1574 997 1684 1051 nisi
1712 996 1866 1067 apud

173 1092 251 1149 te,
282 1086 450 1141 ﬁrma
494 1086 808 1140 securitas?
836 1085 1086 1140 Tristitia
1125 1086 1294 1139 rebus
1332 1084 1553 1139 amissis
1598 1084 1867 1138 contabe-

172 1174 300 1240 scit,
331 1173 535 1244 quibus
566 1189 625 1226 se
654 1173 972 1227 oblectabat
997 1173 1311 1245 cupiditas;
1339 1173 1473 1245 quia
1502 1173 1581 1227 ita
1602 1172 1710 1227 sibi
1736 1173 1867 1227 nol-

169 1262 272 1326 let,
306 1262 452 1316 sicut
480 1261 585 1316 tibi
614 1261 829 1316 auferri
858 1261 1003 1316 nihil
1024 1265 1234 1333 potest.

248 1352 335 1405 14.
376 1351 461 1404 Ita
489 1349 805 1405 fornicatur
844 1350 1053 1415 anima,
1087 1365 1216 1404 cum
1264 1348 1535 1403 avertitur
1580 1348 1679 1401 abs
1702 1351 1780 1412 te,
1813 1350 1870 1401 et

168 1438 379 1509 quaerit
415 1442 573 1493 extra
600 1442 656 1493 te
687 1454 753 1493 ea
781 1454 910 1509 quae
968 1454 1112 1508 pura
1140 1442 1197 1492 ct
1226 1437 1443 1508 liquida
1478 1453 1595 1490 non
1627 1435 1864 1501 invenit,

168 1527 280 1580 nisi
333 1543 462 1581 cum
506 1526 656 1581 redit
701 1526 773 1581 ad
819 1531 894 1581 te.
938 1528 1205 1581 Perverse
1238 1531 1293 1580 te
1324 1524 1623 1580 imitantur
1666 1539 1868 1578 omnes

168 1615 273 1685 qui
306 1615 473 1684 longe
502 1631 562 1669 se
592 1631 625 1668 a
650 1619 706 1669 te
736 1614 970 1684 faciunt,
993 1619 1049 1669 et
1077 1615 1357 1668 extollunt
1384 1630 1442 1667 se
1470 1613 1769 1667 adversum
1788 1616 1862 1666 te.

166 1703 278 1757 Sed
310 1702 481 1757 etiam
511 1704 587 1756 sic
613 1707 669 1757 te
699 1702 977 1757 imitando
1020 1702 1273 1758 indicant
1317 1706 1630 1757 creatorem
1660 1706 1714 1755 te
1745 1716 1867 1754 esse

169 1790 364 1845 omnis
393 1794 644 1857 naturae;
674 1796 731 1844 et
762 1790 885 1844 ideo
912 1806 1028 1844 non
1058 1806 1177 1845 esse
1208 1806 1322 1862 quo
1351 1806 1385 1843 a
1422 1794 1476 1844 te
1508 1788 1667 1843 omni
1699 1787 1867 1842 modo

169 1878 490 1933 recedatur.
524 1878 671 1941 Quid
714 1894 849 1948 ergo
881 1878 941 1932 in
973 1878 1073 1931 illo
1104 1878 1253 1933 furto
1302 1893 1407 1948 ego
1449 1875 1659 1931 dilexi?
1707 1880 1764 1929 et
1806 1874 1868 1928 in

169 1984 290 2038 quo
336 1966 643 2021 Dominum
677 1982 870 2021 meum
898 1967 983 2020 vel
1022 1967 1221 2021 vitiose
1244 1972 1414 2037 atque
1434 1980 1696 2037 perverse
1744 1963 1869 2017 imi-

167 2060 325 2109 tatus
364 2054 522 2109 sum?
546 2059 632 2109 An
662 2054 829 2109 libuit
855 2054 1039 2109 facere
1074 2058 1268 2109 contra
1296 2054 1485 2125 legem
1534 2053 1735 2107 saltem
1763 2050 1867 2104 fal-

166 2144 336 2209 lacia,
371 2140 505 2215 quia
534 2148 835 2214 potentatu
865 2159 983 2198 non
1011 2147 1292 2214 poteram,
1318 2147 1383 2196 ut
1402 2156 1665 2196 mancam
1697 2140 1867 2193 liber-

167 2237 348 2286 tatem
382 2232 636 2302 captivus
683 2231 942 2286 imitarer
978 2231 1235 2287 faciendo
1276 2230 1510 2301 impune
1555 2228 1707 2300 quod
1757 2242 1869 2281 non

168 2320 392 2385 liceret,
440 2320 745 2374 tenebrosa
801 2318 1232 2389 omnipotentiae
1271 2316 1677 2398 similitudine?
1735 2315 1870 2369 Ecce

169 2414 260 2462 est
289 2409 382 2462 ille
410 2426 603 2463 servus
632 2409 857 2478 fugiens
888 2408 1194 2463 Dominum
1238 2424 1405 2461 suum
1453 2412 1510 2461 et
1537 2409 1872 2459 consecutus

168 2497 460 2552 umbram.
490 2498 532 2552 0
563 2498 825 2567 putredo,
856 2512 889 2551 o
918 2500 1238 2551 monstrum
1265 2494 1413 2557 vitae,
1437 2498 1493 2547 et
1515 2492 1715 2546 mortis
1745 2506 1874 2561 pro-

167 2586 453 2640 funditas!
517 2586 780 2640 Potuitne
830 2586 1006 2639 libere
1035 2584 1192 2656 quod
1237 2599 1352 2638 non
1399 2582 1624 2648 licebat,
1657 2577 1772 2635 non
1802 2579 1873 2633 ob

170 2675 357 2741 aliud,
389 2674 502 2729 nisi
524 2675 658 2746 quia
697 2691 814 2729 non
844 2674 1081 2729 licebat?

492 2850 497 2857 _
831 2780 1061 2836 CAPUT
1099 2778 1215 2833 vn.
1284 2782 1289 2785 ·

257 2870 479 2925 Gratias
494 2873 613 2937 agit
633 2873 738 2925 Deo
758 2886 860 2939 pro
876 2870 1185 2923 remissione
1198 2869 1555 2936 peccatorum,
1575 2864 1822 2934 quodque
1842 2878 1875 2916 α

733 2959 921 3011 Multis
942 2961 1187 3011 servatus
1216 2957 1307 3010 sit.

394 3045 540 3110 Quid
598 3046 911 3100 retribuam
966 3044 1232 3108 Domino,
1304 3042 1455 3114 quod
1517 3041 1716 3095 recolit
1757 3042 1878 3095 haec

182 3132 467 3188 memoria
498 3150 641 3201 mea,
675 3139 730 3188 et
759 3134 949 3188 anima
990 3150 1117 3187 mea
1148 3149 1266 3186 non
1294 3131 1497 3185 metuit
1526 3129 1695 3185 inde?
1743 3129 1881 3183 Dili-

186 3239 320 3294 gam
355 3227 431 3289 te,
458 3222 715 3287 Domine,
747 3227 803 3277 et
832 3222 1038 3292 gratias
1065 3237 1251 3290 agam,
1283 3224 1340 3274 et
1369 3219 1641 3273 conﬁtear
1658 3217 1879 3285 nomini

186 3317 311 3377 tuo,
367 3310 643 3382 quoniam
694 3315 851 3365 tanta
880 3309 1146 3365 dimisisti
1184 3307 1329 3363 mihi
1370 3310 1521 3362 mala
1557 3311 1612 3361 et
1666 3306 1882 3361 nefaria

186 3416 362 3471 opera
392 3415 539 3453 mea.
572 3399 776 3454 Gratias
806 3404 919 3453 tuae
954 3399 1162 3469 deputo
1191 3402 1247 3451 et
1292 3396 1695 3452 misericordiae
1742 3401 1879 3460 tuae,

189 3488 344 3558 quod
378 3491 608 3558 peccata
651 3503 780 3542 mea
819 3492 1093 3558 tanquam
1127 3485 1366 3557 glaciem
1395 3483 1626 3538 solvisti.
1678 3482 1882 3538 Gratia:

187 3581 305 3630 tute
332 3576 545 3647 deputo
576 3580 633 3630 et
661 3591 1037 3646 quaecumque
1070 3590 1187 3628 non
1217 3573 1321 3627 feci
1343 3573 1520 3637 mala;
1561 3570 1700 3642 quid
1729 3569 1882 3624 enim

187 3680 310 3718 non
334 3665 516 3717 facere
540 3665 722 3733 potui,
752 3664 850 3734 qui
878 3663 1046 3717 etiam
1074 3661 1386 3733 gratuitum
1416 3659 1636 3713 facinus
1658 3657 1883 3711 amavi?

190 3754 259 3806 Et
280 3752 472 3805 omnia
494 3750 633 3805 mihi
658 3750 890 3805 dimissa
908 3766 1029 3802 esse
1054 3749 1234 3802 fateor
1257 3765 1271 3813 ;
1294 3752 1351 3801 et
1378 3763 1507 3817 quae
1540 3761 1667 3800 mea
1686 3748 1885 3817 sponte.

188 3839 298 3894 feci
330 3840 498 3905 mala,
521 3844 579 3893 et
608 3856 737 3910 qua:
770 3843 825 3893 te
850 3839 993 3893 duce
1024 3853 1136 3892 non
1165 3834 1289 3890 feci.
1317 3834 1454 3898 Quis
1475 3839 1559 3888 est
1583 3833 1886 3888 hominum

190 3928 296 3999 qui
326 3944 487 3982 suam
535 3928 791 3996 cogitans
844 3926 1256 3987 inﬁrmitatem,
1304 3924 1473 3979 audet
1518 3921 1732 3976 viribus
1772 3920 1888 3975 suis

191 4017 451 4071 tribuere
470 4016 969 4085 castitatematque
984 4012 1368 4068 innocentiam
1388 4028 1547 4066 suam
1567 4028 1581 4077 ;
1601 4014 1665 4065 ut
1698 4009 1888 4063 minus

192 4109 350 4160 amet
366 4110 441 4169 te,
465 4104 627 4175 quasi
660 4104 850 4157 minus
879 4102 931 4157 ei
952 4101 1262 4156 necessaria
1290 4100 1460 4155 fuerit
1500 4097 1891 4153 misericordia

193 4199 317 4259 tua,
344 4209 456 4264 qua
487 4193 666 4247 donas
698 4196 924 4263 peccata
944 4190 1224 4245 conversis
1252 4190 1321 4244 ad
1342 4191 1435 4243 te?
1456 4188 1563 4253 Qui
1593 4186 1745 4241 enim
1790 4202 1889 4238 vo-

198 4286 359 4337 catus
390 4298 421 4335 a
452 4286 506 4335 te
539 4286 764 4335 secutus
794 4285 878 4334 est
913 4296 1108 4334 vocem
1138 4283 1319 4345 tuam,
1351 4282 1407 4332 et
1432 4276 1628 4331 vitavit
1654 4293 1720 4330 ea
1762 4290 1891 4347 qua;

193 4387 293 4426 me
325 4370 393 4424 de
423 4370 638 4440 meipso
668 4370 1061 4424 recordantem
1084 4373 1139 4421 et
1157 4367 1430 4421 fatentem
1463 4364 1618 4435 legit,
1652 4380 1766 4418 non
1802 4378 1892 4417 me

198 4458 461 4514 derideat
480 4458 549 4513 ab
579 4474 644 4512 eo
675 4457 900 4511 medico
921 4472 1140 4527 azgrum
1171 4455 1380 4521 sanari,
1402 4470 1435 4508 a
1455 4470 1567 4526 quo
1598 4452 1705 4507 sibi
1742 4467 1892 4523 prae-

200 4546 402 4601 stitum
420 4550 503 4601 est
529 4553 729 4601 utnon
759 4548 1082 4615 mgrotaret,
1103 4544 1191 4597 vel
1208 4543 1401 4614 potius
1430 4546 1494 4597 ut
1511 4541 1699 4595 minus
1715 4554 1896 4610 aegro-

197 4640 379 4695 taret:
407 4640 463 4689 et
483 4634 612 4690 ideo
634 4639 689 4688 te
707 4633 1084 4697 tantumdem,
1104 4632 1223 4686 imo
1240 4647 1375 4686 vero
1398 4630 1641 4701 amplius
1661 4628 1891 4699 diligat;

198 4721 338 4794 quia
361 4737 466 4793 per
493 4737 661 4793 quem
688 4736 781 4774 me
811 4719 966 4773 videt
1008 4716 1181 4771 tantis
1227 4722 1590 4787 peccatorum
1635 4729 1895 4769 meorum

194 4810 574 4882 languoribus
606 4808 757 4877 exui,
791 4823 894 4878 per
913 4822 1044 4861 eum
1070 4822 1127 4860 se
1155 4805 1311 4860 videt
1334 4804 1506 4859 tantis
1534 4806 1894 4875 peccatorum

195 4898 572 4973 languoribus
594 4914 713 4953 non
746 4896 1047 4969 implicari.

845 5002 1079 5057 CAPUT
1116 5001 1261 5056 VIII.

332 5095 569 5150 Amavit
602 5094 660 5147 in
687 5092 837 5159 furto
863 5092 1178 5145 consortium
1214 5089 1376 5144 simul
1400 5088 1753 5158 peccantium.

280 5187 364 5240 16.
399 5183 581 5248 Quem
612 5181 859 5236 fructum
880 5178 1057 5235 habui
1074 5177 1250 5233 miser
1268 5174 1576 5248 aliquando
1598 5173 1657 5229 in
1685 5174 1753 5229 iis
1771 5189 1899 5245 quae

566 5621 845 5686 PATROL.
894 5614 1145 5682 XXXII.

3561 347 3661 399 682

1975 484 2127 523 nunc
2156 465 2409 521 recolens
2437 465 2706 522 erubesco
2729 467 2901 536 (Rom.
2945 470 3159 536 v1,21),
3195 468 3438 523 maxime
3468 469 3528 523 in
3566 472 3665 526 illo

1973 554 2123 609 furto
2153 554 2214 609 in
2243 571 2357 626 quo
2387 555 2576 625 ipsum
2609 555 2826 610 furtum
2871 554 3092 609 amavi?
3134 556 3286 609 Nihil
3320 556 3503 623 aliud;
3537 576 3667 613 cum

1975 647 2032 696 et
2062 642 2250 713 ipsum
2285 646 2432 696 esset
2480 644 2644 710 nihil,
2678 648 2734 698 et
2762 661 2828 698 eo
2876 644 2999 715 ipso
3032 660 3136 713 ego
3169 643 3445 697 miserior.
3487 645 3550 697 Et
3578 647 3665 697 ta-

1976 747 2107 785 men
2132 732 2285 785 solus
2314 731 2372 785 id
2404 749 2520 786 non
2538 732 2818 792 fecissem.
2844 732 2922 786 sic
2950 732 3220 786 recordor
3241 730 3498 785 animum
3532 736 3669 786 tunc

1974 835 2205 887 meum;
2257 820 2410 875 solus
2442 820 2677 875 omnino
2708 820 2763 875 id
2802 837 2921 875 non
2964 820 3247 875 fecissem.
3302 820 3446 891 Ergo
3483 819 3669 873 amavi

1974 906 2055 961 ibi
2097 909 2270 963 etiam
2314 910 2663 963 consortium
2706 925 2939 963 reorum
2991 925 3120 962 cum
3176 908 3384 978 quibus
3426 908 3483 961 id
3527 907 3669 962 feci?

1976 996 2100 1049 Non
2126 1012 2263 1067 ergo
2292 997 2435 1051 nihil
2466 997 2620 1052 aliud
2652 1013 2827 1067 quam
2873 997 3089 1051 furtum
3124 996 3307 1050 amavi
3333 1013 3346 1064 ;
3386 996 3502 1051 imo
3534 1012 3668 1050 vero

1978 1082 2122 1137 nihil
2153 1083 2328 1150 aliud,
2360 1085 2493 1155 quia
2524 1089 2580 1139 et
2622 1085 2762 1139 illud
2791 1084 2931 1139 nihil
2978 1088 3078 1139 est.
3128 1084 3271 1148 Quid
3304 1088 3389 1138 est
3437 1087 3670 1138 revera?

1977 1170 2113 1235 Quis
2143 1172 2347 1242 estqui
2379 1172 2577 1227 doceat
2606 1188 2717 1239 me,
2744 1172 2853 1226 nisi
2892 1172 2992 1244 qui
3021 1172 3313 1227 illuminat
3340 1188 3435 1226 cor
3475 1188 3669 1226 meum

1977 1264 2035 1314 et
2062 1260 2332 1315 discernit
2376 1262 2606 1315 umbras
2634 1262 2794 1332 ejus?
2837 1261 2980 1325 Quid
3031 1265 3115 1316 est
3150 1260 3302 1332 quod
3334 1260 3478 1314 mibi
3518 1259 3673 1314 venit

1978 1348 2037 1402 in
2076 1353 2327 1403 mentem
2371 1365 2652 1421 quaerere,
2703 1353 2760 1403 et
2806 1349 3108 1416 discutere,
3151 1353 3209 1404 et
3268 1348 3670 1403 considerare?

1977 1438 2119 1502 Quia
2150 1438 2194 1491 si
2223 1443 2355 1492 tunc
2378 1454 2629 1491 amarem
2659 1454 2834 1509 poma
2865 1438 2964 1492 illa
3002 1454 3130 1509 quas
3158 1437 3380 1491 furatus
3425 1453 3572 1503 sum,
3615 1442 3671 1491 ct

1979 1526 2060 1580 eis
2089 1527 2201 1581 frui
2231 1542 2519 1597 cuperem.
2566 1543 2793 1597 possem
2841 1526 3015 1580 etiam
3055 1527 3225 1593 solus,
3259 1525 3306 1579 si
3352 1525 3485 1579 sati’s
3528 1530 3674 1578 esset

1978 1614 2331 1669 committere
2358 1614 2510 1668 illam
2541 1614 2923 1684 iniquitatem,
2959 1630 3071 1684 qua
3098 1612 3458 1684 pervenirem
3480 1613 3549 1667 ad
3572 1629 3670 1666 vo-

1976 1704 2253 1774 luptatem
2287 1718 2473 1756 meam
2491 1721 2506 1768 ;
2524 1718 2629 1756 nec
2649 1701 3053 1755 confricatione
3074 1701 3431 1755 consciorum
3455 1700 3672 1754 animo-

1977 1807 2106 1846 rum
2139 1792 2507 1845 accenderem
2535 1790 2823 1861 pruritum
2853 1789 3182 1860 cupiditatis
3210 1804 3373 1843 meae.
3405 1789 3510 1843 Sed
3534 1804 3673 1858 quos

1980 1880 2133 1934 niam
2162 1878 2223 1933 in
2252 1879 2362 1933 illis
2394 1878 2579 1950 pomis
2608 1879 2868 1949 voluptas
2898 1877 3040 1931 mihi
3072 1893 3185 1931 non
3202 1882 3342 1943 erat,
3376 1893 3440 1931 ea
3462 1880 3582 1930 erat
3610 1876 3672 1929 in

1980 1968 2103 2038 ipso
2129 1967 2397 2035 facinore,
2420 1983 2594 2038 quam
2613 1965 2855 2021 faciebat
2874 1965 3229 2021 consortium
3251 1966 3420 2020 simul
3440 1980 3674 2037 peccan-

1980 2057 2145 2112 tium.

2653 2162 2877 2217 CAPUT
2912 2163 2998 2218 IX.

2398 2253 2722 2319 Contagiosa
2756 2268 2840 2306 res
2869 2252 3079 2306 sodales
3106 2252 3257 2307 mali.

2057 2345 2141 2396 t7.
2174 2341 2317 2405 Quid
2349 2346 2469 2395 erat
2491 2340 2584 2393 ille
2614 2340 2848 2394 affectus
2882 2339 3056 2393 animi
3079 2341 3106 2393 ’ἰ
3135 2342 3296 2395 Certe
3321 2338 3476 2394 enim
3505 2338 3671 2410 plane

1983 2430 2167 2500 turpis
2186 2435 2308 2484 erat
2328 2430 2526 2495 nimis;
2552 2433 2609 2483 et
2637 2445 2719 2482 va:
2743 2428 2884 2482 mihi
2908 2433 3027 2481 erat
3044 2428 3144 2499 qui
3170 2428 3449 2482 habebam
3486 2428 3669 2481 illum.

1984 2518 2088 2573 Sed
2102 2524 2292 2573 tamen
2308 2518 2444 2590 quid
2466 2519 2623 2572 erat?
2641 2517 2851 2571 Delicta
2867 2518 2994 2587 quis
3011 2516 3317 2587 intelligit?
3336 2518 3497 2583 (Psal.
3524 2521 3674 2571 xv'm.

1990 2606 2096 2677 t3.)
2128 2607 2295 2662 Risus
2316 2611 2455 2673 erat,
2475 2606 2636 2677 quasi
2668 2606 2895 2660 titillato
2917 2606 3107 2674 corde,
3140 2605 3297 2676 quod
3338 2604 3675 2659 fallebamus

1987 2710 2081 2749 eos
2111 2695 2211 2765 qui
2239 2695 2358 2749 haec
2387 2694 2598 2749 anobis
2617 2694 2741 2748 ﬁeri
2769 2710 2884 2748 non
2907 2694 3203 2765 putabant,
3233 2700 3288 2748 et
3310 2694 3677 2749 vehementer

1986 2784 2278 2837 nolebant.
2311 2784 2422 2838 Cur
2465 2798 2601 2852 ergo
2640 2798 2706 2836 eo
2737 2798 2829 2836 me
2878 2782 3214 2844 delectabat,
3263 2782 3415 2852 quod
3463 2782 3520 2836 id
3557 2798 3676 2836 non

1987 2871 2263 2926 faciebam
2310 2872 2494 2925 solus?
2537 2874 2623 2924 An
2661 2870 2803 2941 quia
2851 2871 3025 2925 etiam
3080 2886 3250 2925 nemo
3312 2870 3473 2923 facile
3521 2870 3676 2924 solus

1987 2960 2175 3015 ridet?
2228 2961 2406 3014 Nemo
2460 2959 2692 3029 quidem
2741 2958 2935 3013 facile:
2988 2959 3086 3012 sed
3133 2962 3325 3013 tamen
3374 2958 3547 3011 etiam
3588 2975 3680 3011 so-

1989 3048 2072 3101 los
2102 3051 2160 3101 et
2192 3046 2447 3118 singulos
2502 3045 2786 3112 homines,
2837 3062 2967 3100 cum
3018 3045 3162 3100 alius
3206 3062 3375 3099 nemo
3432 3062 3681 3116 prmsens

1991 3142 2096 3205 est,
2121 3135 2296 3189 vincit
2322 3135 2471 3189 risus
2501 3134 2805 3205 aliquando
2836 3134 2881 3189 si
2910 3134 3129 3205 aliquid
3159 3134 3682 3202 nimie‘ridiculum,

1991 3226 2078 3279 vel
2109 3224 2369 3278 sensibus
2389 3223 2633 3277 occurrit
2662 3225 2703 3289 ί,
2734 3222 2821 3275 vel
2862 3221 3075 3277 animo.
3108 3224 3181 3277 At
3209 3238 3314 3292 ego
3344 3221 3485 3275 illud
3531 3222 3685 3275 solus

1992 3329 2108 3369 non
2134 3313 2416 3382 facerem,
2457 3328 2573 3366 non
2610 3311 2859 3366 facerem
2903 3311 3139 3365 omnino
3197 3312 3369 3365 solus.
3422 3312 3555 3365 Ecce
3602 3316 3686 3365 est

1993 3418 2182 3456 coram
2230 3408 2307 3467 te,
2346 3402 2492 3455 Deus
2520 3416 2699 3462 meus,
2742 3399 2869 3453 viva
2921 3399 3233 3454 recordatio
3262 3399 3468 3454 animas
3507 3413 3676 3453 meas.

1993 3492 2157 3546 Solus
2186 3507 2303 3545 non
2334 3491 2580 3545 facerem
2611 3489 2824 3543 furtum
2848 3488 3010 3557 illud,
3036 3487 3098 3542 in
3127 3505 3241 3559 quo
3268 3505 3359 3543 me
3388 3505 3503 3542 non
3543 3488 3684 3541 libe-

1993 3580 2092 3634 bat
2118 3580 2177 3634 id
2203 3579 2354 3650 quod
2380 3578 2630 3644 furabar,
2654 3577 2749 3632 sed
2773 3576 2906 3647 quia
2932 3576 3189 3630 furabar:
3216 3577 3369 3647 quod
3392 3592 3482 3630 me
3499 3577 3686 3629 solum

1994 3669 2177 3723 facere
2207 3683 2437 3737 prorsus
2483 3682 2601 3720 non
2635 3666 2832 3719 liberet
2859 3681 2963 3718 nec
2992 3664 3256 3719 facerem.
3290 3666 3334 3717 Ο
3378 3663 3550 3717 nimis
3597 3663 3686 3716 in-

1996 3755 2167 3809 imica
2193 3752 2461 3819 amicitia,
2496 3752 2747 3807 seductio
2768 3751 2977 3805 mentis
3006 3751 3434 3819 investigabilis,
3469 3767 3535 3803 ex
3552 3750 3686 3804 ludo

1998 3848 2055 3898 et
2084 3844 2214 3913 joco
2252 3840 2495 3895 nocendi
2524 3840 2780 3905 aviditas,
2823 3843 2878 3893 et
2913 3838 3084 3892 alieni
3130 3838 3323 3893 damni
3362 3838 3683 3908 appetitus;

1997 3932 2155 3986 nulla
2181 3928 2322 3984 lucri
2346 3927 2479 3987 mei.
2504 3928 2662 3981 nulla
2678 3925 2983 3981 ulciscendi
3005 3925 3266 3980 libidine:
3296 3925 3392 3978 sed
3409 3940 3538 3978 cum
3557 3924 3691 3979 dici-

1998 4025 2120 4076 tur:
2156 4020 2379 4086 Eamus,
2402 4017 2675 4072 faciamus
2700 4032 2713 4082 ;
2737 4020 2792 4069 et
2805 4015 2981 4086 pudet
2996 4030 3113 4068 non
3133 4030 3252 4068 esse
3271 4013 3683 4084 impudentem.

2681 4123 2904 4177 CAPUT
2950 4123 3009 4175 Χ.

2515 4213 2583 4265 In
2626 4214 2729 4265 Deo
2771 4225 2921 4264 omne
2962 4209 3173 4263 bonum.

2076 4304 2159 4356 18.
2192 4299 2327 4366 Quis
2356 4299 2612 4371 exaperit
2655 4299 2822 4353 istam
2875 4296 3348 4352 tortuosissimam
3398 4299 3455 4350 et
3498 4286 3690 4365 impli-

2002 4389 2345 4445 catissimam
2375 4387 2790 4442 nodositatem?
2818 4386 2984 4441 Foeda
3015 4389 3127 4452 est;
3160 4386 3291 4439 nolo
3326 4384 3383 4438 in
3429 4399 3556 4438 eam
3602 4384 3691 4437 in-

2003 4479 2259 4545 tendere,
2295 4477 2428 4531 nolo
2459 4492 2586 4531 eam
2616 4475 2827 4529 videre.
2858 4476 2935 4529 Te
2973 4474 3122 4539 volo,
3163 4471 3386 4543 justitia
3422 4476 3475 4526 et
3522 4472 3690 4525 inno-
3794 4500 3811 4519 ο

2002 4566 2206 4626 centia,
2260 4565 2499 4635 pulchra
2555 4568 2612 4618 et
2656 4564 2858 4618 decora
2926 4560 3178 4615 honestis
3239 4559 3577 4624 luminibus,
3640 4563 3696 4613 et

2002 4652 2312 4708 insatiabili
2342 4652 2619 4707 satietate.
2659 4650 2829 4716 Quies
2878 4654 2961 4704 est
2989 4649 3144 4720 apud
3172 4653 3224 4703 te
3256 4649 3441 4715 valde,
3490 4653 3547 4703 et
3582 4647 3696 4702 vita

2003 4739 2509 4811 imperturbabilis.
2540 4739 2647 4803 Qui
2681 4739 2855 4792 intrat
2881 4738 2941 4791 in
2985 4742 3063 4804 te,
3105 4737 3280 4792 intrat
3315 4736 3374 4791 in
3422 4736 3697 4807 gaudium

2009 4828 2236 4882 Domini
2290 4826 2379 4881 sui
2434 4827 2659 4895 (Matth.
2731 4842 2856 4891 xxv,
2903 4828 3023 4893 2t);
3085 4828 3141 4879 et
3192 4840 3311 4879 non
3348 4825 3590 4892 timebit,
3641 4829 3699 4878 et

2004 4916 2237 4971 habebit
2265 4932 2322 4969 se
2361 4914 2576 4986 optime
2607 4914 2666 4968 in
2694 4913 2941 4985 Optimo.
2985 4912 3204 4968 Deiluxi
3249 4913 3348 4968 abs
3383 4917 3438 4968 te
3472 4929 3597 4984 ego,
3642 4916 3698 4965 et

2008 5002 2207 5069 erravi,
2244 5004 2391 5058 Deus
2419 5019 2580 5057 meus
2619 5001 2791 5056 nimis
2830 5000 3028 5057 devius
3080 5018 3113 5056 a
3140 5002 3444 5057 stabilitate
3492 5006 3591 5056 tua
3637 5000 3697 5053 in

2008 5091 2409 5159 adolescentia,
2437 5096 2494 5145 et
2520 5091 2698 5145 factus
2727 5106 2851 5145 sum
2884 5089 3027 5144 mihi
3056 5089 3214 5161 regio
3244 5088 3530 5160 egestatis.

2074 5184 2084 5215 ¹
2120 5180 2443 5239 Occurreril,
2469 5178 2622 5241 juxta
2648 5178 2735 5227 Er.
2762 5177 2930 5241 Lugd.
2969 5178 3093 5228 Lov.
3120 5178 3317 5228 Somm.
3348 5180 3399 5226 et
3425 5174 3592 5224 Rond.
3624 5175 3691 5223 Μ.

2857 5603 2878 5681 (
2896 5594 3342 5682 Vingl-dcux.)
