4058 6368
1621 301 2161 358 CONFESSIONUM
2203 304 2257 356 S.
2314 303 2721 358 AUGUSTINI.

1504 515 2021 639 LIBER
2111 432 2872 643 ’[ιέᾗῖἶύὲῖ

3856 310 3957 362 684

502 706 578 755 De
601 705 757 753 annis
786 705 953 753 astatis
977 702 1119 751 illius
1146 699 1351 750 decimo
1380 699 1624 763 septimo,
1655 697 1863 746 decimo
1897 699 2082 745 octavo
2111 698 2164 744 et
2183 694 2387 744 decimo
2408 708 2551 745 nono
2577 697 2853 747 transactis
2881 698 3212 761 Carthagine,
3233 700 3320 748 ubi
3351 699 3477 749 dum
3501 701 3753 751 litterarii
3783 703 3951 752 studii

438 775 761 826 curriculum
794 774 1098 832 absolveret,
1129 785 1185 820 se
1220 762 1488 821 libidinosi
1518 769 1711 818 amoris
1738 767 1924 830 laqueo
1953 765 2230 823 irretitum,
2266 779 2473 815 necnon
2508 766 2561 814 iu
2592 767 3003 817 Manichaeorum
3034 762 3278 817 haeresim
3307 769 3619 833 prolapsum
3645 772 3819 823 fuisse
3840 786 3950 823 me-

437 847 609 896 minit.
664 846 925 895 Adversus
971 843 1161 891 horum
1207 856 1409 892 errores
1444 844 1497 889 et
1540 839 1766 902 ineptias
1796 838 2005 885 disserit
2028 834 2340 884 luculenter.
2374 836 2634 885 Maternae
2659 850 2754 899 pro
2783 851 2837 887 se
2872 838 3131 901 lacrymas
3160 843 3212 887 et
3235 853 3548 902 responsum
3577 841 3644 891 de
3674 856 3777 891 sua
3811 844 3943 892 resi-

436 916 692 978 piscentia
714 914 965 963 divinitus
999 917 1271 976 acceptum
1304 911 1489 961 refert.

2060 1029 2342 1038 ρει*-

999 1112 1225 1166 CAPUT
1265 1109 1556 1163 PRIMUM.

805 1202 1002 1255 Amore
1028 1215 1180 1267 quem
1204 1197 1503 1251 venabatur
1524 1195 1761 1263 capitur.

513 1295 557 1345 1.
608 1287 747 1342 Veni
785 1288 1216 1357 Carthaginem;
1262 1290 1319 1338 et
1362 1280 1861 1351 circumstrepebat
1903 1294 1993 1332 me
2024 1292 2127 1330 un-

435 1378 608 1450 dique
638 1381 860 1447 sartago
890 1375 1306 1447 flagitiosorum
1344 1386 1627 1426 amorum.
1661 1369 1921 1424 Nondum
1970 1382 2125 1421 ama-

433 1466 587 1531 bam,
637 1470 695 1519 et
741 1480 931 1518 amare
978 1462 1237 1516 amabam
1269 1458 1312 1525 ‘,
1360 1464 1417 1514 et
1464 1457 1766 1512 secretiore
1810 1453 2128 1526 indigentia

435 1556 669 1609 oderam
698 1569 789 1607 me
820 1552 1010 1606 minus
1032 1550 1411 1621 indigentem.
1435 1546 1773 1612 Quaerebam
1802 1545 1954 1617 quod
1976 1559 2127 1597 ama-

432 1659 575 1707 rem,
608 1657 806 1696 amans
852 1656 1064 1707 amare,
1099 1644 1155 1692 et
1183 1637 1414 1691 oderam
1456 1634 1837 1700 securitatem,
1882 1637 1937 1687 et
1976 1631 2125 1685 viam

433 1731 555 1786 sine
603 1729 951 1800 muscipulis.
996 1726 1281 1792 Quoniam
1326 1725 1505 1779 fames
1545 1722 1687 1776 mihi
1720 1727 1841 1777 erat
1873 1721 2027 1775 intus
2056 1720 2125 1774 ab

429 1816 701 1871 interiore
733 1816 858 1869 cibo
877 1813 1083 1884 teipso,
1118 1813 1262 1865 Deus
1294 1827 1475 1876 meus,
1508 1813 1563 1863 et
1581 1825 1647 1862 ea
1675 1807 1823 1862 fame
1858 1824 1973 1861 non
1995 1823 2123 1860 esu-

432 1906 684 1971 riebam;
712 1903 811 1957 sed
849 1917 1005 1955 eram
1037 1900 1158 1954 sine
1190 1897 1473 1953 desiderio
1501 1897 1903 1951 alimentorum
1934 1895 2121 1949 incor-

431 1992 825 2064 ruptibilium:
855 2006 970 2044 non
1001 1988 1135 2059 quia
1159 1989 1359 2057 plenus
1394 1985 1474 2039 eis
1508 2000 1685 2051 eram,
1718 1983 1813 2037 sed
1855 1999 1969 2053 quo
2002 1982 2125 2035 ina-

428 2080 577 2148 nior,
605 2095 671 2132 eo
697 2076 1055 2131 fastidiosior.
1093 2076 1155 2128 Et
1178 2074 1306 2127 ideo
1329 2088 1445 2125 non
1477 2072 1621 2125 bene
1652 2070 1873 2123 valebat
1931 2068 2126 2121 anima

430 2182 589 2234 mea;
646 2171 702 2220 et
735 2166 993 2219 ulcerosa
1030 2161 1368 2233 projiciebat
1415 2176 1472 2213 se
1524 2159 1673 2212 foras
1719 2156 2124 2211 miserabiliter

429 2254 605 2324 scalpi
636 2254 798 2307 avida
817 2256 1077 2306 contactu
1095 2248 1470 2303 sensibilium.
1498 2247 1607 2301 Sed
1637 2245 1683 2298 si
1708 2262 1823 2298 non
1848 2244 2125 2299 haberent

432 2342 705 2408 animam,
764 2357 879 2394 non
922 2339 1121 2409 utique
1166 2342 1513 2391 amarentur.
1578 2338 1781 2388 Amare
1844 2338 1899 2386 et
1945 2332 2124 2386 amari

432 2431 594 2485 dulce
627 2429 770 2484 mihi
801 2432 942 2493 erat,
988 2427 1168 2497 magis
1200 2426 1246 2478 si
1292 2430 1348 2479 et
1393 2422 1637 2476 amantis
1686 2437 1923 2491 corpore
1972 2421 2126 2474 frue-

431 2534 544 2575 rer.
592 2520 805 2571 Venam
845 2517 1019 2587 igitur
1057 2513 1317 2568 amicitia:
1375 2510 1818 2582 coinquinabam
1866 2509 2126 2562 sordibus

429 2605 917 2676 concupiscentiae,
968 2603 1388 2672 candoremque
1436 2600 1558 2669 ejus
1599 2597 2007 2651 obnubilabam
2056 2598 2124 2650 de

428 2699 640 2749 tarlaro
668 2693 919 2748 libidinis
948 2696 998 2757 ²;
1028 2696 1293 2745 cttamen
1324 2690 1503 2743 fmdus
1540 2692 1710 2758 atque
1759 2686 2120 2752 inhonestus,

430 2784 657 2853 elegans
686 2787 743 2835 et
765 2783 1015 2834 urbanus
1032 2796 1151 2831 esse
1175 2777 1486 2848 gestiebam
1508 2774 1821 2829 abundanti
1855 2773 2122 2828 vanitate.

431 2871 539 2926 Rui
567 2871 737 2925 etiam
768 2870 826 2923 in
855 2885 1108 2923 amorem
1139 2884 1251 2938 quo
1274 2865 1573 2936 cupiebam
1593 2862 1736 2933 capi.
1766 2864 1911 2915 Deus
1939 2877 2119 2922 meus,

430 2958 816 3013 misericordia
846 2973 995 3025 mea,
1026 2960 1238 3026 quanto
1266 2954 1393 3016 felle
1417 2952 1556 3006 mihi
1580 2951 1912 3005 suavitatem
1938 2950 2119 3016 illam,

429 3052 485 3101 et
515 3063 688 3118 quam
741 3047 924 3100 bonus
964 3042 1284 3114 aspersisti!
1321 3041 1456 3112 quia
1494 3046 1551 3094 et
1597 3044 1822 3093 amatus
1872 3054 2019 3103 sum,
2068 3041 2127 3091 et

426 3135 659 3206 perveni
709 3135 924 3188 occulte
972 3135 1043 3187 ad
1092 3132 1380 3184 vinculum
1424 3128 1669 3193 fruendi,
1717 3132 1772 3180 et
1815 3126 2127 3196 colligabar

428 3225 595 3276 iustus
624 3221 966 3276 aerumnosis
1001 3220 1261 3286 nexibus,
1303 3224 1368 3272 ut
1412 3217 1659 3270 cmdcrcr
1718 3214 1891 3284 virgis
1928 3214 2127 3268 ferreis

433 3310 762 3366 ardentibus
792 3309 919 3376 zeli,
961 3313 1015 3363 et
1046 3306 1451 3379 suspicionum,
1487 3309 1542 3358 ct
1578 3304 1877 3371 timorum,
1921 3308 1978 3357 et
2008 3303 2121 3357 ira-

432 3414 559 3451 rum
586 3402 759 3468 atque
791 3397 1063 3450 rixarum.

1121 3482 1342 3536 CAPUT
1364 3482 1436 3535 Il.

854 3574 1077 3629 Amavit
1114 3570 1419 3640 spectacula
1458 3572 1688 3637 tragica.

502 3668 553 3719 2.
585 3663 901 3735 Rapiebant
930 3678 1017 3716 me
1049 3659 1365 3730 spectacula
1396 3658 1690 3724 theatrica,
1724 3658 1888 3728 plena
1916 3655 2121 3725 imagi-

431 3753 600 3807 nibus
629 3752 991 3807 miseriarum
1022 3764 1304 3808 mearum.
1342 3752 1397 3802 et
1438 3746 1732 3801 fomitibus
1779 3745 1929 3815 ignis
1967 3744 2109 3800 mei.

429 3841 573 3906 Quid
596 3846 680 3895 est
708 3841 859 3911 quod
890 3838 968 3893 ibi
997 3838 1171 3892 homo
1199 3837 1317 3890 vult
1344 3836 1553 3901 dolere,
1588 3850 1719 3888 cum
1767 3836 1980 3904 spectat
2029 3832 2118 3885 lu-

427 3934 618 3984 ctuosa
642 3934 813 3999 atque
840 3927 1071 3998 tragica,
1107 3941 1236 3997 quae
1266 3930 1456 3978 tamen
1488 3922 1607 3993 pati
1646 3922 1767 3992 ipse
1796 3918 2017 3974 nollet?
2051 3920 2116 3973 Et

424 4024 616 4074 tamen
655 4019 773 4088 pati
802 4018 921 4077 .vult
959 4032 1027 4069 ex
1060 4014 1140 4068 eis
1185 4014 1441 4067 dolorem
1490 4016 1791 4081 spectator,
1860 4014 1916 4062 et
1958 4008 2119 4062 dolor

422 4107 544 4176 ipse
569 4110 653 4160 cst
678 4106 938 4174 voluptas
970 4104 1109 4172 ejus.
1144 4101 1287 4164 Quid
1310 4105 1414 4166 est,
1442 4099 1553 4153 nisi
1585 4097 1922 4151 miserabilis
1960 4096 2114 4149 insa-

423 4195 517 4247 nia
548 4194 603 4247 ³⁸1
635 4193 775 4246 Nam
806 4208 873 4245 eo
906 4189 1087 4259 magis
1104 4189 1183 4242 eis
1202 4192 1457 4242 movetur
1486 4186 1751 4257 quisque,
1783 4201 1895 4255 quo
1926 4184 2115 4238 minus

421 4298 454 4334 a
500 4280 706 4335 talibus
755 4278 1048 4333 affectibus
1095 4292 1266 4330 sanus
1303 4280 1412 4329 est:
1447 4289 1777 4345 quanquam
1806 4289 1938 4327 cum
1993 4273 2113 4343 ipse

421 4369 652 4439 patitur,
699 4366 966 4434 miseria;
1018 4381 1148 4418 cum
1183 4363 1306 4418 aliis
1337 4363 1681 4433 compatitur
1726 4360 2114 4416 misericordia

420 4455 532 4511 dici
561 4457 724 4509 solet.
756 4454 863 4509 Sed
910 4452 1094 4525 qualis
1137 4452 1365 4507 tandem
1397 4450 1788 4505 misericordia
1832 4449 1893 4503 in
1939 4450 2112 4504 rebus

417 4544 562 4598 fictis
591 4549 647 4599 et
670 4542 944 4597 scenicis?
975 4543 1097 4596 Non
1125 4540 1280 4595 enim
1310 4540 1379 4595 ad
1409 4538 1862 4593 subveniendum
1907 4554 2111 4608 provo-

418 4638 577 4687 catur
592 4633 848 4688 auditor:
882 4630 981 4686 sed
1006 4635 1226 4684 tantum
1259 4630 1329 4684 ad
1360 4627 1671 4683 dolendum
1703 4627 2007 4681 invitatur:
2056 4630 2112 4679 et

417 4721 594 4776 actori
621 4721 643 4755 "
675 4737 868 4775 carum
901 4719 1218 4791 imaginum
1243 4719 1486 4789 amplius
1515 4717 1681 4783 favet,
1711 4732 1840 4770 cum
1859 4715 2105 4785 amplius

416 4810 595 4865 dolet.
635 4810 698 4864 Et
727 4809 773 4862 si
793 4808 1139 4863 calamitates
1168 4807 1280 4861 illa!
1306 4806 1612 4861 hominum
1635 4806 1721 4860 vel
1750 4804 1997 4875 antiqua:
2021 4803 2107 4857 vel

414 4900 572 4954 falsa:
592 4898 670 4952 sic
700 4903 959 4969 agantur,
991 4902 1057 4951 ut
1083 4897 1183 4968 qui
1213 4901 1427 4967 spectat
1455 4912 1574 4950 non
1593 4895 1811 4963 doleat;
1860 4892 2111 4948 abscedit

415 4988 546 5042 inde
574 4986 865 5041 fastidiens
894 4990 951 5040 et
979 4985 1430 5056 reprehendens:
1463 4984 1510 5038 si
1530 4988 1722 5038 autem
1745 4983 1954 5038 doleat.
1981 4997 2105 5035 ma-

413 5081 513 5131 net
537 5076 810 5141 intentus,
844 5080 898 5129 et
925 5075 1180 5145 gaudens
1208 5074 1583 5144 lacrymatur.

473 5222 489 5255 1
504 5218 631 5269 Lov.
648 5213 736 5268 :Et
749 5215 1177 5268 amariamabam
1194 5217 1683 5278 ;moxque:Amans
1698 5214 1880 5264 amari
1889 5217 1967 5274 ;at
1977 5213 2103 5262 Bad.

410 5282 524 5331 Am.
542 5283 625 5331 Er.
645 5282 827 5330 etArn.
842 5293 963 5328 cum
977 5280 1098 5327 Mss.
1121 5292 1216 5340 pro
1230 5277 1427 5337 amari,
1446 5277 1640 5325 habent
1657 5288 1864 5336 amare,
1883 5281 2103 5338 utroque

407 5342 542 5404 loco,
579 5347 631 5394 et
659 5343 867 5391 melius.

468 5407 490 5441 9
517 5399 633 5455 Am.
663 5404 747 5453 Er.
772 5409 825 5454 et
850 5405 975 5453 Lov.
1008 5418 1019 5450 :
1053 5406 1126 5452 De
1156 5402 1395 5452 tartarea
1411 5399 1656 5458 libidine;
1682 5403 1735 5449 at
1751 5400 1877 5450 Bad.
1907 5400 2032 5449 Arn.
2054 5405 2103 5448 et

406 5466 517 5516 Ess.
542 5483 554 5516 :
594 5472 665 5517 De
691 5470 906 5517 tartara
939 5465 1191 5516 libidinis.

466 5532 486 5563 ³
517 5530 723 5592 Septem
748 5531 868 5579 Mss.
890 5526 1168 5579 :Mtrabitis
1194 5528 1424 5577 insania.

468 5593 485 5623 ι
514 5591 630 5640 Am.
653 5593 735 5640 Er.
759 5597 809 5641 et
840 5593 966 5640 Lov.
995 5591 1247 5640 auctori.:

2305 1105 2356 1156 3.
2393 1103 2534 1172 Ergo
2582 1110 2847 1159 amantur
2892 1110 2951 1159 et
2982 1106 3206 1161 dolores
3242 1106 3299 1161 4?
3337 1108 3500 1163 Certe
3522 1109 3713 1163 omnis
3772 1109 3944 1164 homo

2234 1190 2482 1259 gaudere
2512 1192 2647 1246 vult.
2690 1194 2772 1247 An
2803 1209 2933 1248 cum
2962 1193 3237 1248 miserum
3261 1196 3553 1251 neminem
3584 1214 3708 1251 esse
3738 1197 3940 1262 libeat,

2234 1278 2371 1332 libet
2418 1285 2609 1334 tamen
2639 1296 2759 1335 esse
2797 1280 3254 1349 misericordem;
3296 1285 3449 1354 quod
3484 1285 3623 1355 quia
3656 1302 3773 1340 non
3818 1287 3941 1341 sine

2235 1366 2427 1422 dolore
2458 1373 2560 1436 est,
2603 1369 2706 1424 hac
2752 1386 2865 1424 una
2910 1385 3077 1424 causa
3115 1376 3379 1425 amantur
3405 1372 3674 1428 dolores?
3720 1374 3788 1428 Et
3833 1375 3943 1429 hoc

2236 1453 2304 1508 de
2331 1455 2427 1509 illa
2457 1472 2600 1511 vena
2631 1457 2896 1512 amicitize
2940 1463 3043 1513 est.
3085 1458 3191 1514 Sed
3228 1476 3341 1531 quo
3385 1461 3583 1516 vadit?
3616 1478 3736 1533 quo
3781 1463 3945 1519 ﬂuit?

2239 1543 2445 1613 Ulquid
2474 1544 2724 1600 decurrit
2760 1546 2821 1600 in
2863 1551 3177 1602 torrentem
3219 1548 3362 1619 picis
3392 1548 3685 1604 bullientis
3718 1558 3898 1607 estus
3924 1553 3947 1586 ³

2235 1630 2514 1687 immanes
2560 1638 2838 1689 tetrarum
2867 1634 3191 1701 libidinum,
3242 1635 3306 1689 in
3334 1652 3479 1707 quos
3516 1637 3645 1708 ipsa
3674 1644 3943 1694 mutatur

2235 1724 2289 1773 et
2316 1722 2554 1775 vertitur
2584 1738 2682 1793 per
2713 1727 2915 1793 nutum
2947 1723 3243 1794 proprium
3275 1724 3344 1778 de
3375 1724 3591 1779 cmiesti
3621 1727 3941 1782 serenitate

2236 1807 2457 1862 detorta
2480 1814 2649 1880 atque
2678 1809 2929 1880 deiecta?
2961 1811 3311 1882 chudietur
3339 1828 3475 1883 ergo
3500 1813 3946 1869 misericordia?

2234 1895 2627 1967 Nequaquam.
2677 1899 2821 1969 Ergo
2866 1904 3133 1953 amentur
3183 1900 3409 1953 dolores
3457 1901 3794 1972 aliquando.
3832 1902 3942 1957 Sed

2233 2000 2364 2038 cave
2386 1984 2831 2057 immunditiam,
2863 1987 3052 2041 anima
3084 2003 3233 2050 mea,
3263 1989 3366 2041 sub
3399 1993 3588 2043 tutore
3621 1991 3738 2045 Deo
3788 2007 3944 2050 meo.

2234 2074 2349 2127 Deo
2379 2078 2607 2144 patrum
2638 2080 2985 2142 nostrorum,
3020 2080 3075 2129 et
3104 2076 3376 2131 laudabili
3403 2082 3461 2132 et
3506 2080 3943 2149 superexaltato

2232 2161 2294 2216 in
2332 2162 2527 2218 omnia
2564 2165 2769 2217 saecula
2803 2165 2955 2233 (Dan.
2994 2182 3075 2233 ιιι,
3126 2164 3247 2236 32);
3288 2181 3422 2219 cave
3470 2164 3937 2220 immunditiam.

2233 2252 2427 2322 Neque
2458 2252 2611 2306 enim
2651 2268 2800 2306 nunc
2829 2269 2945 2306 non
2976 2254 3279 2319 misereor;
3321 2253 3421 2308 sed
3449 2258 3585 2308 tunc
3612 2253 3677 2307 in
3699 2253 3947 2308 theatris

2233 2340 2683 2410 congaudebam‘
2711 2342 3054 2409 amantibus,
3089 2359 3217 2396 cum
3251 2359 3398 2396 sesse
3445 2342 3792 2397 fruebantur
3844 2359 3948 2412 per

2234 2424 2471 2495 ﬂagitia,
2520 2424 2779 2496 quamvis
2827 2426 2945 2479 haec
2993 2424 3329 2495 imaginarie
3368 2430 3636 2496 gererent
3661 2430 3683 2461 ³
3713 2426 3779 2479 in
3813 2426 3946 2480 ludo

2233 2511 2559 2580 spectaculi.
2603 2512 2742 2566 Cum
2773 2517 2963 2567 autem
2996 2529 3116 2567 sesc
3143 2513 3501 2581 amittebant,
3546 2514 3711 2585 quasi
3756 2514 3941 2568 mise-

2231 2598 2410 2653 ricors
2457 2600 2860 2671 contristabar;
2911 2606 2967 2655 et
3006 2607 3309 2674 utrumque
3357 2602 3673 2657 delectabat
3718 2608 3941 2657 tamen.

2234 2687 2394 2741 Nunc
2440 2703 2573 2741 vero
2620 2688 2803 2759 magis
2851 2690 3125 2744 misereor
3170 2691 3519 2761 gaudentem
3568 2691 3630 2744 in
3678 2690 3931 2761 ﬂagitio,

2233 2791 2404 2847 quam
2438 2777 2591 2831 velut
2633 2777 2776 2831 dura
2816 2794 3151 2849 perpessum
3201 2779 3546 2835 detrimento
3594 2779 3941 2852 perniciosas

2235 2864 2562 2934 voluptatis,
2593 2870 2649 2919 et
2691 2866 2995 2921 amissione
3024 2867 3248 2922 miserae
3282 2867 3585 2921 felicitatis.
3620 2868 3752 2921 Hzec
3784 2875 3941 2921 certe

2234 2952 2418 3005 verior
2467 2953 2883 3021 misericordia;
2916 2955 3013 3009 sed
3055 2972 3172 3009 non
3222 2957 3280 3009 in
3329 2972 3395 3010 ea
3425 2956 3664 3009 delectat
3695 2955 3867 3010 dolor
3892 2955 3932 3011 ⁸.

2237 3042 2378 3095 Nam
2427 3040 2533 3094 etsi
2561 3042 2909 3112 approbatur
2955 3043 3142 3097 oflicio
3181 3043 3467 3098 charitatis
3493 3042 3594 3114 qui
3630 3043 3795 3098 dolet
3828 3044 3937 3098 mi-

2234 3146 2462 3196 serum;
2497 3131 2691 3184 mallet
2718 3136 2911 3185 tamen
2942 3133 3140 3204 utique
3172 3149 3287 3187 non
3328 3148 3449 3186 esse
3480 3131 3636 3202 quod
3686 3131 3932 3194 doleret,

2234 3218 2333 3289 qui
2362 3218 2716 3287 germanitus
2745 3219 3065 3274 misericors
3096 3224 3202 3276 cst.
3243 3221 3300 3274 Si
3330 3220 3483 3274 enim
3535 3223 3621 3272 est
3649 3220 3934 3272 malevola

2234 3305 2645 3372 benevolentia,
2679 3307 2829 3377 quod
2858 3307 2984 3362 ﬁeri
3022 3324 3138 3362 non
3165 3311 3389 3380 potest;
3412 3312 3598 3379 potest
3625 3311 3682 3360 et
3710 3307 3812 3360 ille
3834 3308 3937 3378 qui

2232 3394 2505 3448 veraciter
2549 3394 2957 3467 Sinceriterque
2994 3396 3316 3463 miseretur,
3347 3413 3555 3467 cupere
3585 3411 3709 3449 esse
3760 3395 3936 3449 mise-

2231 3500 2324 3537 ros
2358 3488 2417 3538 ut
2456 3484 2811 3538 misereatur.
2846 3486 3163 3541 Nonnullus
3182 3486 3376 3558 itaque
3399 3486 3562 3541 dolor
3592 3485 3939 3556 approban-

2232 3574 2359 3642 dus,
2385 3573 2571 3626 nullus
2602 3573 2879 3627 amandus
2908 3579 3009 3629 est.
3046 3575 3156 3628 Hoc
3189 3576 3343 3629 enim
3374 3579 3458 3643 tu,
3493 3574 3733 3627 Domine
3757 3573 3935 3638 Deus,

2231 3661 2330 3733 qui
2356 3661 2575 3715 animas
2606 3677 2782 3729 amas,
2817 3662 2984 3732 longe
3006 3665 3229 3734 lateque
3260 3662 3461 3734 purius
3491 3678 3665 3734 quam
3698 3677 3831 3731 nos,
3886 3668 3941 3715 et

2228 3748 2722 3820 incorruptibilius
2752 3750 3053 3817 misereris,
3087 3750 3239 3822 quod
3268 3750 3427 3806 nullo
3457 3750 3653 3805 dolore
3705 3751 3939 3805 saucia-

2229 3838 2323 3893 ris.
2349 3839 2413 3891 Et
2437 3837 2506 3891 ad
2536 3836 2657 3890 haec
2692 3837 2819 3907 quis
2843 3837 3083 3893 idoneus
3101 3839 3130 3895 ?

2297 3929 2349 3981 4.
2382 3929 2453 3980 At
2472 3941 2575 3996 ego
2596 3930 2732 3979 tunc
2760 3925 2933 3981 miser
2962 3926 3152 3982 dolere
3180 3922 3465 3994 amabam,
3495 3930 3551 3981 et
3577 3925 3934 3997 :quaarebam

2230 4019 2290 4069 ut
2336 4021 2482 4069 esset
2528 4014 2681 4087 quod
2742 4019 3012 4085 dolerem,
3079 4015 3308 4088 quando
3365 4014 3505 4069 mihi
3557 4013 3620 4068 in
3666 4031 3940 4070 aerumna

2225 4103 2430 4172 aliena,
2465 4112 2520 4161 et
2537 4108 2698 4172 falsa,
2727 4114 2782 4162 et
2813 4105 3122 4171 saltatorie,
3155 4121 3221 4158 ea
3250 4100 3435 4175 magis
3473 4103 3737 4174 placebat
3782 4105 3938 4158 actio

2224 4193 2532 4264 histrionis,
2584 4213 2788 4268 meque
2837 4195 3120 4251 alliciebat
3148 4192 3562 4258 vehementius,
3614 4208 3734 4263 qua
3787 4194 3942 4247 mihi

2224 4285 2489 4357 lacrymas
2515 4285 2963 4340 excutiebantur.
2998 4283 3142 4347 Quid
3167 4287 3361 4336 autem
3389 4281 3599 4335 mirum
3622 4297 3761 4335 cum
3780 4281 3935 4335 infe-

2222 4372 2301 4426 lix
2324 4389 2498 4443 pecus
2528 4374 2795 4427 aberrans
2830 4389 2861 4426 a
2890 4388 3063 4443 grege
3093 4375 3215 4437 tuo,
3243 4374 3299 4425 et
3319 4369 3627 4439 impatiens
3646 4370 3937 4424 custodias

2222 4466 2336 4533 tua:
2378 4461 2534 4532 turpi
2580 4462 2763 4516 scabie
2812 4461 3096 4515 foedarer?
3133 4459 3199 4513 Et
3251 4457 3383 4512 inde
3446 4461 3607 4512 erant
3654 4458 3939 4511 dolorum

2222 4566 2466 4619 amores,
2512 4567 2630 4605 non
2692 4549 2901 4621 quibus
2949 4548 3119 4603 altius
3164 4553 3533 4618 penetrarer;
3582 4561 3701 4600 non
3765 4546 3930 4600 enim

2220 4639 2479 4694 amabam
2523 4639 2659 4693 talia
2704 4637 2943 4709 perpeti,
2989 4636 3179 4708 qualia
3223 4640 3511 4705 spectare;
3559 4633 3660 4688 sed
3708 4635 3936 4704 quibus

2220 4727 2427 4782 auditis
2457 4732 2514 4782 et
2536 4727 2700 4792 fictis,
2731 4731 3006 4798 tanquam
3049 4728 3109 4779 in
3138 4725 3435 4795 superﬁcie
3462 4723 3727 4777 raderer:
3787 4741 3937 4795 quos

2219 4822 2410 4872 tamen
2434 4816 2598 4888 quasi
2629 4832 2846 4885 ungues
2888 4812 3261 4884 scalpentium
3303 4811 3553 4866 fervidus
3593 4816 3819 4880 tumor,
3878 4819 3939 4866 et

2218 4906 2394 4971 tabes,
2440 4910 2499 4959 et
2541 4904 2724 4959 sanies
2775 4902 3007 4957 horrida
3056 4901 3532 4973 consequebatur.
3584 4899 3737 4955 Talis
3804 4901 3928 4955 vita

2216 5009 2365 5060 mea,
2396 4992 2679 5065 numquid
2709 4992 2822 5047 vita
2852 4995 2992 5058 erat,
3020 4991 3168 5045 Deus
3199 4990 3400 5045 meus?

2280 5212 2293 5244 ι
2308 5207 2557 5269 Theologi
2572 5207 2697 5254 Lov.
2719 5205 2927 5269 legunt;
2942 5208 3203 5269 Lacryrna:
3215 5215 3342 5269 ergo
3349 5215 3511 5269 amati
3520 5204 3618 5253 tur
3627 5205 3683 5252 et
3694 5202 3931 5255 dolores.

2213 5272 2371 5320 Abest
2398 5264 2796 5329 vox‘tacryma?
2824 5282 2855 5315 a
2882 5268 3004 5316 Mss.
3041 5264 3093 5315 et
3121 5265 3251 5314 Edd.
3278 5264 3578 5329 plerisque.

2275 5334 2297 5367 ²
2311 5326 2728 5393 Ina’sms,ju:£ta
2747 5329 2917 5393 Ιὶοιιάἐ
2931 5342 3052 5393 cum
3072 5331 3100 5376 3
3122 5326 3330 5393 Mss.,ét
3349 5326 3499 5393 Mart.
3520 5327 3691 5393 cum}
3710 5326 3844 5393 Mss.
3866 5328 3933 5393 bi.

2275 5397 2296 5428 ³
2328 5388 2675 5447 ϐεγενρηῐιιγ,
2700 5390 2855 5453 juxta
2882 5391 2967 5440 Er.
3000 5390 3164 5453 Lugd.
3188 5391 3390 5439 Somm.
3426 5388 3580 5436 Mart.
3627 5389 3813 5438 Rond.
3856 5391 3935 5453 7M.

2276 5459 2297 5490 ι
2328 5455 2577 5504 Bad.Am.
2604 5454 2685 5500 Er.
2704 5452 2758 5501 et
2773 5454 2895 5501 Lov.
2923 5467 2935 5500 :
2956 5452 3275 5502 Delectatur
3292 5464 3408 5508 cor;
3432 5454 3676 5499 nostram
3695 5465 3831 5501 vero
3854 5452 3929 5502 le-

2213 5518 2441 5567 ctionem
2474 5516 2761 5579 praeferunt
2788 5516 2907 5563 Mss.
2934 5514 3128 5577 etlArn.
