4058 6416
214 377 315 429 685

870 498 1095 553 CAPUT
1138 498 1233 553 III.

289 589 352 641 In
380 587 563 641 schola
582 588 811 642 rhetoris
840 587 908 640 ab
931 590 1245 642 Eversorum
1269 588 1435 653 factis
1463 587 1801 643 abhorrebat.

287 679 345 729 5.
386 676 452 729 Et
474 672 919 729 circumvolabat‘
944 691 1114 745 super
1144 691 1233 729 me
1262 674 1449 730 ﬁdelis
1477 691 1510 729 a
1537 676 1708 746 longe
1739 676 1909 731 mise—

88 806 112 828 ,
214 762 459 817 ricordia
474 768 597 818 tua.
636 764 700 818 In
729 758 971 833 qualitas
1002 762 1330 834 iniquitates
1360 762 1630 833 distabui,
1654 769 1710 818 et
1738 765 1909 819 sacri-

218 854 405 921 legam
447 851 836 905 curiositatem
878 856 1103 905 secutus
1141 867 1289 914 sum,
1331 855 1395 905 ut
1436 852 1794 907 deserentem
1831 858 1908 919 te,

216 939 525 993 deduceret
548 955 639 993 me
670 939 741 993 ad
772 938 888 993 ima
925 938 1124 1008 inﬁda,
1148 943 1205 993 et
1226 938 1700 995 circumventoria
1738 941 1911 995 obse-

215 1027 349 1099 quia
410 1026 853 1094 daemoniorum,
906 1027 1115 1098 quibus
1175 1026 1547 1083 immolabam
1593 1029 1742 1084 facta
1783 1046 1912 1084 mea

214 1117 384 1185 mala,
408 1120 464 1170 et
491 1116 551 1170 in
576 1115 843 1169 omnibus
865 1115 1194 1186 ﬂagellabas
1219 1122 1339 1171 me!
1372 1119 1557 1171 Ausus
1579 1134 1705 1172 sum
1738 1117 1909 1172 etiam

216 1204 273 1257 in
318 1204 643 1258 celebritate
683 1203 1109 1257 solemnitatum
1164 1208 1417 1271 tuarum,
1462 1205 1613 1259 intra
1653 1205 1905 1275 parietes

214 1291 466 1346 ecclesia!
504 1296 619 1345 tua:
644 1291 1042 1362 concupiscere
1076 1295 1132 1345 et
1161 1306 1329 1362 agere
1367 1293 1665 1362 negotium
1695 1308 1910 1363 procu-

214 1379 380 1435 randi
424 1380 640 1434 fructus
684 1379 918 1433 mortis:
958 1379 1113 1434 unde
1153 1395 1245 1433 me
1286 1379 1595 1434 verberasti
1643 1380 1909 1451 gravibus

213 1468 428 1539 poenis;
458 1469 550 1523 sed
585 1467 730 1522 nihil
761 1468 829 1523 ad
860 1468 1087 1539 culpam
1128 1484 1339 1533 meam,
1378 1485 1410 1522 ο
1458 1473 1521 1522 tu
1551 1469 1909 1540 praegrandis

214 1557 603 1611 misericordia
632 1573 780 1623 mea,
815 1559 962 1611 Deus
990 1573 1175 1623 meus,
1196 1557 1483 1628 refugium
1506 1573 1701 1611 meum
1729 1575 1762 1611 a
1788 1561 1910 1611 ter-

212 1645 473 1699 ribilibus
515 1645 872 1712 nocentibus,
919 1645 979 1699 in
1021 1645 1230 1716 quibus
1268 1650 1505 1715 vagatus
1548 1661 1675 1699 sum
1717 1644 1908 1716 praeﬁ-

213 1732 373 1788 denti
413 1733 582 1801 collo,
622 1733 693 1787 ad
740 1734 911 1804 longe
953 1733 1334 1787 recedendum
1373 1749 1407 1787 a
1448 1737 1522 1800 te,
1563 1749 1761 1787 amans
1793 1733 1912 1787 vias

210 1836 269 1875 m
299 1836 365 1875 ea
378 1825 460 1874 set
488 1837 602 1875 non
631 1825 777 1888 tuas,
802 1837 1001 1875 amans
1028 1820 1327 1893 fugitivam
1351 1821 1695 1876 libertatem.

283 1912 340 1964 6.
390 1909 681 1963 Habebant
695 1913 750 1962 et
779 1908 875 1963 illa
889 1909 1078 1963 studia
1107 1925 1235 1980 quae
1265 1909 1503 1964 honesta
1533 1909 1902 1973 vocabantur,

214 1997 450 2051 ductum
481 2013 646 2052 suum
689 1997 1008 2051 intuentem
1038 1996 1159 2052 fora
1187 1997 1455 2068 litigiosa,
1485 2002 1550 2052 ut
1578 1998 1911 2052 excellerem

212 2085 275 2139 in
309 2085 413 2154 eis,
445 2086 551 2140 hoc
580 2085 938 2150 laudabilior,
970 2102 1084 2157 quo
1130 2086 1566 2141 fraudulentior.
1607 2087 1787 2140 Tanta
1828 2090 1914 2139 est

209 2174 437 2228 caecitas
466 2174 770 2229 hominum
809 2174 878 2229 de
908 2174 1160 2253 caecitate
1199 2175 1372 2229 etiam
1407 2173 1799 2245 gloriantium.
1848 2175 1913 2227 Et

209 2263 398 2333 major
427 2263 545 2333 jam
574 2278 732 2317 eram
760 2262 821 2315 in
852 2262 1043 2316 schola
1070 2262 1349 2327 rhetoris;
1382 2267 1439 2315 et
1467 2261 1788 2332 gaudebam
1818 2276 1910 2314 su-

206 2351 409 2421 perbe,
442 2354 499 2404 et
521 2349 816 2404 tumebam
836 2350 1013 2420 typho
1036 2366 1050 2417 ;
1084 2364 1415 2420 quanquam
1446 2348 1617 2419 longe
1643 2347 1909 2413 sedatior,

210 2437 477 2503 Domine,
509 2442 567 2491 tu
601 2436 725 2501 scis,
760 2440 816 2491 et
849 2440 1103 2490 remotus
1142 2436 1376 2490 omnino
1415 2435 1485 2490 ab
1525 2434 1913 2489 eversionibus

208 2540 356 2596 quas
414 2524 696 2579 faciebant
757 2526 1056 2579 Eversores
1094 2524 1219 2596 (hoc
1291 2524 1446 2579 enim
1502 2539 1715 2579 nomen
1775 2539 1909 2577 sca:-

212 2629 350 2667 vum
381 2616 398 2650 ¹
427 2618 485 2667 et
529 2612 898 2679 diabolicum,
928 2613 1083 2667 velut
1118 2611 1343 2683 insigne
1375 2611 1714 2667 urbanitatis
1743 2616 1829 2666 est
1856 2612 1873 2681 )
1896 2651 1909 2675 ,

212 2703 370 2757 inter
394 2718 541 2773 quos
569 2701 828 2756 vivebam
856 2700 1077 2772 pudore
1106 2700 1450 2771 impudenti,
1484 2700 1619 2771 quia
1652 2699 1781 2753 talis
1800 2714 1915 2753 non

213 2806 406 2844 eram:
459 2794 518 2844 et
558 2804 689 2844 cum
721 2788 804 2843 eis
836 2805 1014 2854 eram,
1046 2793 1103 2843 et
1141 2787 1403 2843 amicitus
1434 2804 1635 2843 eorum
1668 2786 1912 2842 delecta-

211 2881 321 2934 bar
357 2877 688 2949 aliquando,
720 2894 753 2932 a
790 2893 1038 2948 quorum
1064 2892 1291 2947 semper
1316 2876 1478 2931 factis
1507 2876 1910 2942 abhorrebam,

206 2969 319 3022 hoc
377 2971 461 3020 est
500 2968 573 3020 ab
642 2965 1050 3033 eversionibus,
1104 2964 1313 3035 quibus
1359 2967 1621 3035 proterve
1674 2964 1911 3017 insecta-

206 3056 421 3109 bantur
474 3052 801 3122 ignotorum
839 3052 1217 3117 verecndiam,
1284 3067 1455 3122 quam
1517 3050 1916 3122 perturbarent

212 3141 394 3212 gratis
433 3140 728 3195 illudendo
754 3145 923 3210 atque
955 3140 1084 3194 inde
1117 3140 1405 3211 pascendo
1435 3141 1743 3193 malevolas
1770 3138 1912 3193 lusti-

212 3230 322 3283 tias
355 3244 505 3282 suas.
559 3228 712 3281 Nihil
740 3232 825 3281 est
853 3228 953 3282 illo
994 3233 1122 3282 actu
1165 3227 1407 3281 similius
1438 3226 1657 3281 actibus
1699 3226 1911 3280 daemo—

214 3314 468 3370 niorum.
500 3314 643 3380 Quid
676 3315 867 3387 itaque
903 3315 1092 3369 verius
1119 3331 1293 3387 quam
1318 3331 1606 3370 eversores
1645 3330 1912 3368 vocaren-

210 3405 350 3458 tur?
378 3402 567 3457 Eversi
604 3403 772 3474 plane
803 3403 961 3474 prius
998 3403 1111 3473 ipsi
1140 3408 1311 3474 atque
1340 3402 1613 3474 perversi,
1646 3402 1911 3456 deriden-

213 3492 367 3547 tibus
390 3508 486 3547 eos
516 3496 573 3546 et
597 3492 997 3547 seducentibus
1027 3492 1324 3547 fallacibus
1353 3492 1568 3545 occulte
1597 3489 1909 3561 spiritibus,

214 3582 277 3634 in
308 3596 375 3634 eo
404 3582 527 3651 ipso
557 3596 669 3651 quo
698 3580 837 3635 alios
862 3580 1099 3635 irridere
1122 3584 1318 3635 amant
1335 3585 1392 3635 et
1419 3580 1634 3634 fallere.
1664 3622 1669 3627 .

900 3670 1124 3724 CAPUT
1156 3670 1244 3724 IV.

294 3759 607 3812 Hortensius
630 3760 895 3813 Ciceronis
920 3760 1185 3813 excitavit
1208 3758 1363 3811 illum
1386 3756 1461 3810 ad
1486 3755 1735 3809 ardorem

854 3846 1234 3915 philosophia.

290 3937 344 3987 7.
377 3934 528 3987 Inter
556 3934 659 3987 hos
687 3949 811 4003 ego,
850 3933 1134 3987 imbecilla
1168 3936 1302 3987 tunc
1329 3936 1494 3986 aetate
1524 3929 1811 3986 discebam
1839 3929 1912 3983 1i-

218 4021 355 4075 bros
396 4020 756 4091 eloquentiae,
789 4019 851 4074 in
880 4036 994 4091 qua
1023 4019 1276 4074 eminere
1321 4019 1618 4090 cupiebam
1662 4019 1776 4072 line
1815 4018 1914 4072 da-

217 4108 459 4162 mnabili
502 4112 558 4162 et
591 4112 824 4162 ventoso
854 4123 957 4177 per
994 4107 1204 4178 gaudia
1231 4107 1492 4161 vanitatis
1520 4107 1817 4171 humanae;
1861 4110 1917 4159 et

219 4193 431 4248 usitato
470 4195 589 4265 jam
635 4194 888 4249 discendi
945 4196 1144 4249 ordine
1191 4209 1569 4265 perveneram
1615 4194 1676 4247 in
1703 4193 1913 4247 librum

216 4283 527 4356 quemdam
566 4282 876 4351 Ciceronis,
906 4284 1066 4354 cujus
1103 4283 1362 4352 linguam
1404 4282 1523 4338 fere
1577 4297 1779 4336 omnes
1806 4281 1915 4335 mi-

218 4376 444 4438 rantur,
489 4376 689 4442 pectus
718 4387 836 4426 non
878 4371 975 4426 ita.
1026 4372 1134 4426 Sed
1173 4371 1317 4425 liber
1364 4371 1462 4425 ille
1509 4370 1690 4442 ipsius
1718 4369 1918 4423 exhor-

221 4460 499 4516 tationem
545 4460 800 4515 continet
827 4460 898 4515 ad
937 4458 1382 4531 philosophiam,
1424 4462 1479 4513 et
1514 4462 1748 4514 vocatur
1778 4459 1920 4512 Hor—

221 4548 461 4603 tensius.
535 4549 636 4604 Ille
695 4564 830 4603 vero
892 4548 1037 4603 liber
1092 4547 1337 4602 mutavit
1379 4547 1646 4602 affectum
1701 4561 1919 4611 meum,

224 4628 285 4693 et
333 4637 404 4692 ad
452 4637 722 4709 teipsum,
773 4636 1035 4702 Domine,
1080 4635 1321 4691 mutavit
1374 4650 1570 4706 preces
1633 4650 1808 4697 meas,
1867 4636 1925 4687 et

224 4730 360 4781 vota
404 4742 469 4780 ac
498 4724 781 4780 desideria
810 4740 939 4779 mea
978 4722 1110 4778 fecit
1138 4723 1266 4778 alia.
1300 4724 1474 4777 Viluit
1516 4722 1658 4777 mihi
1686 4726 1922 4793 repente

225 4814 415 4869 omnis
444 4830 588 4867 vana
609 4829 756 4884 spes,
788 4815 843 4866 et
871 4811 1361 4865 immortalitatem
1391 4810 1686 4881 sapientiai
1714 4825 1923 4864 concu-

223 4902 516 4975 piscebam
539 4906 681 4956 aestu
710 4900 897 4955 cordis
926 4898 1279 4965 incredibili;
1309 4902 1364 4953 et
1392 4914 1625 4969 surgere
1642 4912 1923 4968 coeperam

225 4994 295 5044 ut
319 4988 390 5043 ad
417 4992 473 5042 te
509 4987 778 5043 redirem.
829 4989 956 5043 Non
991 4987 1144 5043 enim
1182 4987 1250 5042 ad
1279 4986 1594 5041 acuendam
1642 4986 1921 5057 linguam,

224 5076 385 5150 quod
414 5076 650 5132 videbar
698 5092 888 5132 emere
918 5076 1192 5131 maternis
1219 5075 1597 5141 mercedibus,
1628 5090 1758 5129 cum
1791 5089 1926 5145 age-

228 5182 356 5223 rem
374 5180 589 5220 annum
612 5166 796 5221 aetatis
814 5165 1326 5236 undevigesimum,
1338 5165 1461 5236 jam
1479 5164 1746 5218 defuncto
1767 5160 1933 5234 patre

228 5259 362 5311 ante
392 5253 724 5309 biennium:
757 5270 876 5308 non
897 5270 1033 5325 ergo
1049 5254 1123 5308 ad
1152 5253 1466 5308 acuendam
1495 5252 1753 5323 linguam
1782 5251 1930 5304 refe-

229 5343 431 5400 rebam
453 5342 617 5397 illum
637 5342 879 5411 librum;
898 5356 1085 5414 neque
1103 5340 1246 5396 mihi
1264 5341 1636 5405 locutionem,
1654 5340 1752 5395 sed
1776 5339 1929 5411 quod

230 5431 575 5503 loquebatur
599 5434 974 5502 persuaserat.

296 5540 313 5571 ι
345 5536 429 5588 Sic
454 5536 610 5600 juxta
623 5540 863 5588 vetustos
884 5536 1013 5585 Cdd.
1043 5534 1378 5600 scribendum
1398 5534 1757 5600 hic,_sc¢evu_m,
1780 5533 1829 5583 id
1852 5537 1933 5583 est

236 5597 541 5660 sinistrum;
570 5612 680 5649 non
716 5612 939 5660 savum,
966 5602 1027 5648 ut
1048 5597 1298 5647 scribitur
1320 5597 1461 5660 apud
1482 5597 1567 5647 Er.
1593 5601 1647 5646 et
1665 5597 1787 5646 Lov.

1662 373 1873 435 LIBER
1942 376 2269 435 TERTIUS.

3610 387 3713 440 686

2093 502 2145 555 8.
2178 499 2476 565 Quomodo
2504 500 2799 571 ardebam,
2832 502 2979 556 Deus
3009 517 3191 569 meus,
3232 504 3520 573 quomodo
3548 506 3713 560 arde-

2018 588 2150 643 bam
2202 589 2458 643 revelare
2507 606 2539 643 a
2575 589 2818 644 terrenis
2867 589 2937 644 ad
2978 594 3074 657 te;
3108 595 3165 644 et
3210 591 3529 646 nesciebam
3579 594 3719 664 quid

2022 692 2225 747 ageres
2254 677 2518 731 mecum!
2555 678 2723 740 Apud
2764 682 2819 731 te
2852 682 2936 731 est
2993 677 3149 732 enim
3199 678 3497 749 sapientia.
3546 683 3721 735 Amor

2018 770 2210 820 autem
2243 765 2540 835 sapientia
2561 782 2774 820 nomen
2801 782 3051 836 grzecum
3079 767 3252 822 habet
3276 775 3577 838 φιλοσοφίαν,
3603 786 3719 840 quo

2018 868 2112 907 me
2142 853 2531 908 accendebant
2575 853 2690 908 illae
2736 854 2961 909 litterae.
3007 855 3152 909 Sunt
3194 856 3291 926 qui
3321 856 3593 911 seducant
3618 874 3721 929 per

2016 941 2465 1013 phiIOSOphiam,
2507 958 2719 1013 magno
2758 946 2814 995 et
2851 942 3063 997 blando
3119 947 3176 997 et
3216 944 3458 999 honesto
3486 945 3719 999 nomine

2018 1030 2335 1084 colorantes
2364 1036 2420 1084 et
2449 1032 2705 1084 fucantes
2736 1045 2959 1085 errores
3000 1047 3162 1098 suos;
3211 1036 3267 1087 et
3293 1048 3475 1102 prope
3521 1048 3721 1088 omnes

2018 1118 2119 1189 qui
2148 1134 2215 1172 ex
2247 1117 2360 1172 illis
2391 1122 2447 1172 et
2470 1134 2644 1190 supra
2667 1118 3025 1189 temporibus
3051 1120 3192 1175 tales
3239 1124 3421 1190 erant,
3450 1125 3721 1176 notantur

2016 1206 2077 1260 in
2104 1199 2172 1260 eo
2203 1205 2346 1261 libro
2377 1211 2433 1260 et
2456 1206 2966 1274 demonstrantur;
2995 1211 3051 1260 et
3081 1207 3478 1262 manifestatur
3515 1208 3596 1263 ibi
3625 1224 3714 1262 sa-

2020 1293 2251 1347 lutifera
2278 1293 2379 1348 illa
2414 1293 2725 1348 admonitio
2754 1293 2998 1365 Spiritus
3027 1294 3112 1348 tui
3148 1311 3252 1364 per
3298 1311 3522 1349 servum
3552 1300 3717 1351 tuum

2018 1381 2235 1435 bonum
2256 1386 2314 1436 et
2331 1381 2492 1452 pium
2520 1398 2532 1436 :
2571 1382 2760 1437 Videte
2779 1398 2846 1437 ne
2872 1385 2995 1452 quis
3023 1399 3115 1438 vos
3158 1384 3397 1453 decipiat
3420 1400 3520 1454 per
3539 1385 3718 1454 philo-

2017 1469 2267 1539 sophiam
2308 1474 2356 1523 et
2388 1472 2603 1524 inanem
2630 1471 3007 1537 scductionem,
3046 1472 3337 1526 secundum
3368 1472 3717 1527 traditionem

2019 1557 2316 1619 hominum,
2350 1556 2639 1612 secundum
2668 1559 2923 1612 elementa
2960 1558 3125 1627 hujus
3154 1558 3366 1625 mundi,
3408 1564 3459 1613 et
3503 1574 3610 1613 non
3634 1575 3716 1613 se-

2017 1645 2251 1699 cundum
2276 1646 2595 1712 Christum;
2632 1648 2765 1714 quia
2802 1648 2862 1699 in
2892 1649 3011 1715 ipso
3049 1647 3324 1700 inhabitat
3353 1649 3524 1700 omnis
3544 1647 3720 1715 pleni-

2020 1733 2149 1788 tudo
2203 1733 2515 1788 divinitatis
2553 1735 2907 1803 corporaliter
2951 1734 3166 1803 (Coloss.
3211 1751 3273 1800 n,
3303 1736 3355 1797 8,
3394 1734 3473 1804 9).
3507 1734 3574 1788 Et
3611 1750 3717 1805 ego

2017 1820 2117 1875 illo
2137 1824 2416 1892 tempore,
2449 1820 2554 1874 scis
2576 1827 2658 1887 tu,
2690 1821 2886 1875 lumen
2906 1820 3091 1875 cordis
3111 1821 3246 1890 mei,
3273 1821 3548 1892 quoniam
3568 1839 3715 1877 non-

2018 1909 2155 1964 dum
2184 1909 2329 1963 mibi
2357 1908 2478 1962 haec
2503 1908 2816 1978 apostolica
2845 1912 2981 1963 nota
3011 1912 3191 1975 erant,
3231 1909 3341 1963 hoc
3366 1913 3559 1963 tamen
3597 1910 3719 1964 solo

2021 1997 2344 2051 delectabar
2370 1997 2432 2050 in
2470 1996 2569 2050 illa
2606 1997 3019 2064 exhortatione,
3070 1997 3225 2067 quod
3272 2012 3386 2051 non
3435 1996 3593 2051 illam
3623 2003 3723 2051 aut

2020 2085 2180 2139 illam
2210 2089 2440 2151 sectam,
2476 2086 2572 2140 sed
2588 2085 2794 2156 ipsam,
2825 2101 3201 2157 quaecumque
3222 2090 3386 2153 esset,
3416 2089 3472 2140 et
3490 2084 3718 2156 sapien-

2020 2172 2159 2227 tiam
2192 2176 2260 2227 ut
2285 2172 2607 2244 diligerem,
2640 2177 2698 2228 et
2727 2189 3067 2244 quaererem,
3098 2177 3155 2228 et
3180 2189 3535 2244 assequerer,
3562 2177 3621 2229 et
3636 2178 3720 2228 te-

2020 2276 2219 2315 nerem
2243 2265 2413 2333 atque
2452 2262 2812 2332 amplexarer
2838 2261 3081 2324 fortiter,
3134 2260 3419 2316 excitabar
3455 2276 3720 2316 sermone

2021 2347 2141 2415 illo,
2169 2352 2226 2403 et
2253 2348 2620 2413 accendebar,
2652 2354 2710 2404 et
2751 2350 3023 2405 ardebam
3048 2366 3063 2416 ;
3092 2354 3149 2405 et
3188 2350 3295 2405 hoc
3323 2350 3506 2405 solum
3538 2365 3630 2404 me
3656 2348 3718 2404 in

2021 2438 2181 2489 tanta
2200 2434 2504 2505 flagrantia
2516 2436 2879 2507 refrangebat
2899 2439 2939 2502 ί,
2966 2437 3119 2507 quod
3140 2452 3352 2491 nomen
3373 2436 3578 2492 Christi
3598 2452 3717 2490 non

2023 2526 2144 2576 erat
2173 2521 2273 2577 ibi.
2309 2522 2593 2586 Quoniam
2640 2522 2748 2577 hoc
2777 2539 2989 2577 nomen
3037 2524 3350 2579 secundum
3397 2524 3720 2579 misericor-

2024 2610 2179 2664 diam
2208 2615 2387 2677 tuam,
2432 2610 2691 2676 Domine,
2733 2610 2840 2665 hoc
2870 2627 3077 2665 nomen
3104 2611 3407 2667 Salvatoris
3449 2612 3564 2668 mei
3597 2611 3723 2667 Filii

2022 2698 2126 2763 tui,
2159 2701 2219 2752 in
2249 2698 2375 2769 ipso
2414 2698 2602 2754 adhuc
2629 2699 2771 2753 lacte
2804 2699 3023 2769 matris,
3070 2704 3338 2755 tenerum
3384 2715 3483 2755 cor
3525 2716 3720 2754 meum

2021 2785 2370 2857 praebiberat
2399 2784 2446 2852 ’,
2477 2791 2534 2841 et
2572 2786 2682 2841 alte
2713 2784 2998 2842 retinebat
3024 2804 3037 2853 ;
3072 2792 3129 2841 et
3155 2787 3435 2859 quidquid
3455 2787 3577 2842 sine
3614 2788 3723 2841 hoc

2022 2874 2256 2928 nomine
2286 2874 2507 2939 fuisset,
2530 2874 2789 2945 quamvis
2828 2874 3163 2944 litteratum,
3217 2879 3273 2929 et
3301 2875 3633 2945 expolitum,
3665 2880 3724 2928 et

2025 2963 2356 3029 veridicum,
2391 2978 2504 3016 non
2535 2978 2627 3016 me
2658 2966 2841 3016 totum
2866 2962 3142 3032 rapiebat.

2710 3052 2933 3105 CAPUT
2972 3052 3031 3106 V.

2075 3140 2332 3195 Fastidiit
2360 3154 2545 3193 sacras
2576 3142 2809 3194 Litteras
2838 3143 3063 3209 propter
3097 3141 3499 3209 simplicitatem
3527 3140 3662 3194 stiti.

2094 3231 2152 3283 9.
2189 3227 2387 3298 Itaque
2418 3226 2642 3281 institui
2670 3226 2929 3281 animum
2967 3226 3264 3282 intendere
3312 3228 3371 3281 in
3400 3226 3721 3296 Scripturas

2024 3321 2266 3383 sanctas,
2296 3319 2358 3369 ut
2388 3316 2642 3370 viderem
2672 3316 2869 3387 quales
2898 3320 3109 3371 essent.
3153 3318 3221 3371 Et
3250 3332 3376 3370 ecce
3405 3315 3567 3370 video
3596 3329 3718 3367 rem

2021 3422 2140 3460 non
2169 3408 2520 3475 compertam
2551 3403 2832 3474 superbis,
2856 3419 3043 3475 neque
3065 3404 3339 3459 nudatam
3368 3403 3562 3474 pueris
3585 3420 3599 3468 ;
3620 3402 3719 3456 sed

2023 3495 2244 3548 incessu
2268 3491 2568 3558 humilem,
2602 3507 2864 3546 successu
2892 3492 3176 3547 excelsam
3222 3496 3280 3545 et
3330 3492 3573 3546 velatam
3602 3505 3721 3559 my-

2024 3581 2208 3636 steriis
2239 3598 2252 3635 :
2290 3584 2346 3633 et
2374 3596 2490 3633 non
2519 3595 2675 3633 eram
2701 3595 2806 3650 ego
2834 3578 2964 3633 talis
2996 3583 3062 3632 ut
3087 3580 3301 3633 intrare
3330 3578 3391 3633 in
3421 3594 3549 3633 eam
3581 3593 3720 3648 pos—

2023 3685 2164 3735 sem,
2221 3672 2319 3721 aut
2361 3667 2633 3722 inclinare
2690 3667 2964 3721 cervicem
3020 3666 3090 3721 ad
3141 3667 3263 3738 ejus
3319 3682 3564 3736 gressus.
3598 3666 3719 3719 Non

2023 3756 2176 3811 enim
2207 3754 2352 3809 sicut
2377 3755 2543 3809 modo
2569 3755 2792 3825 loquor,
2827 3755 2908 3808 ita
2946 3754 3097 3808 sensi
3140 3771 3272 3809 cum
3311 3753 3527 3808 attendi
3556 3753 3627 3807 ad
3656 3753 3721 3807 il-

2023 3846 2135 3900 lam
2163 3843 2513 3914 Scripturam
2538 3859 2551 3897 :
2580 3842 2679 3896 sed
2704 3842 2822 3896 visa
2843 3847 2929 3896 est
2956 3841 3103 3896 mihi
3131 3842 3369 3911 indigna
3384 3857 3558 3912 quam
3585 3841 3719 3894 Tul-

2023 3933 2190 3988 liena:
2216 3931 2482 4002 dignitati
2514 3946 2927 4000 compararem.
2960 3931 3168 3984 Tumor
3196 3928 3350 3983 enim
3383 3944 3545 3983 meus
3573 3928 3723 3982 refu-

2024 4021 2215 4093 giebat
2265 4019 2499 4074 modum
2545 4020 2708 4088 ejus;
2742 4023 2799 4073 et
2855 4018 3004 4072 acies
3060 4033 3191 4072 mea
3241 4033 3360 4072 non
3387 4015 3724 4087 penetrabat

2023 4108 2295 4164 interiora
2335 4108 2475 4177 ejus,
2529 4109 2935 4162 Verumtamen
2972 4106 3072 4160 illa
3108 4110 3231 4161 erat
3284 4122 3413 4177 quae
3450 4109 3724 4159 cresceret

2024 4214 2155 4253 cum
2183 4197 2472 4269 parvulis;
2504 4196 2599 4251 sed
2632 4212 2737 4267 ego
2765 4196 3121 4266 dedignabar
3176 4211 3297 4249 esse
3340 4194 3634 4266 parvulus,
3667 4197 3725 4247 et

2024 4286 2286 4356 turgidus
2313 4284 2462 4339 fastu
2488 4283 2631 4338 mihi
2659 4283 2889 4354 grandis
2911 4283 3164 4338 videbar.

2688 4372 2913 4427 CAPUT
2960 4372 3052 4426 VI.

2379 4463 2429 4517 A
2476 4462 2795 4517 Manichazis
2841 4460 3106 4530 quomodo
3150 4464 3361 4530 captus.

2102 4556 2186 4608 lO.
2216 4551 2395 4607 Incidi
2424 4549 2618 4622 itaque
2655 4550 2716 4603 in
2745 4549 3012 4604 homines
3036 4547 3280 4619 superbe
3309 4547 3639 4613 delirantes,
3671 4551 3725 4600 et

2028 4640 2283 4697 carnales
2310 4639 2484 4694 nimis
2512 4644 2570 4692 et
2591 4640 2879 4709 loquaces,
2908 4636 2970 4690 in
2995 4651 3243 4707 quorum
3270 4651 3368 4690 ore
3390 4634 3580 4706 laquei
3598 4634 3725 4689 dia-

2030 4728 2170 4795 boli,
2202 4733 2260 4782 et
2284 4727 2505 4781 viscum
2562 4726 2886 4780 confectum
2925 4723 3329 4779 commixtione
3381 4722 3725 4793 syllabarum

2032 4816 2284 4871 nominis
2311 4815 2420 4881 tui,
2450 4818 2507 4869 et
2536 4814 2764 4869 Domini
2791 4814 2925 4868 Jesu
2953 4812 3183 4878 Christi,
3218 4817 3275 4868 et
3300 4813 3575 4866 Paracleti
3601 4813 3727 4865 con-

2033 4900 2293 4957 solatoris
2336 4898 2519 4954 nostri
2566 4899 2811 4969 Spiritus
2856 4897 3052 4953 sancti.
3107 4898 3237 4952 Haec
3282 4898 3514 4951 nomina
3542 4901 3563 4931 ³
3609 4910 3727 4950 non

2032 4990 2375 5046 recedebant
2403 4988 2473 5043 de
2500 5004 2597 5041 ore
2628 5002 2851 5053 eorum,
2885 4986 2981 5041 sed
3002 4991 3167 5041 tenus
3186 5000 3323 5041 sono
3351 4984 3376 5020 "
3404 4989 3461 5040 et
3487 4983 3729 5054 strepitu

2033 5080 2271 5150 linguae;
2302 5082 2358 5133 et
2384 5081 2680 5144 czeterum,
2720 5092 2815 5131 cor
2843 5075 3015 5130 inane
3041 5074 3180 5131 veri.
3211 5075 3276 5129 Et
3305 5073 3587 5136 dicebant,
3622 5072 3725 5123 Ve-

2098 5224 2115 5257 ¹
2140 5220 2224 5270 Sic
2253 5220 2371 5268 Mss.
2405 5233 2565 5282 prope
2595 5231 2929 5282 omnes_cum
2953 5217 3117 5282 _Bad.,
3150 5211 3646 5282 nequesecus‘A‘m.
3678 5215 3727 5282 et

2098 5234 2115 5257 ι
2140 5234 2224 5270 διο
2253 5234 2371 5268 mss.
2441 5234 2565 5282 rope
2595 5234 2779 5268 omnes
2808 5234 2929 5267 cum
2976 5234 3117 5276 ηοω,
3150 5234 3319 5279 neque
3352 5234 3501 5262 secus
3529 5234 3646 5259 mu.
3679 5234 3727 5259 cl

2035 5284 2158 5348 Er.,_
2168 5283 2271 5331 nisi
2291 5234 2439 5348 quod
2457 5282 2694 5348 scribunt
2707 5278 3065 5348 refringehat;
3088 5279 3283 5348 ιιι-[ιρνι
3297 5279 3354 5348 et
3363 5277 3488 5324 Arn.
3500 5271 3696 5320 habent
3719 5288 3729 5320 :

2037 5348 2108 5396 Et
2134 5338 2235 5395 hoc
2261 5338 2369 5406 so'to
2396 5344 2451 5393 in
2476 5356 2555 5406 me
2577 5338 3042 5406 tantagﬂagran‘tia
3053 5338 3369 5406 refrigebut.

2096 5405 2245 5518 1:‘Pie
2254 5405 2492 5517 1‘Iiibtai'at;
2517 5404 2671 5469 juxta
2710 5395 2793 5454 E'r.
2818 5395 2987 5467 Lugd.
3025 5395 3152 5451 Ven.
3182 5395 3316 5447 Flor.
3359 5402 3407 5444 et
3427 5395 3575 5444 Mart.
3606 5408 3725 5444 cum

2149 5483 2217 5517 ss.
2312 5502 2324 5514 .

2039 5473 2069 5519 6
2096 5473 2217 5518 Mss.
2254 5473 2324 5517 M.

2103 5533 2123 5565 ³
2152 5532 2277 5580 Lov.
2307 5543 2320 5578 :
2356 5532 2476 5580 Ha'c
2500 5531 2639 5579 enim
2666 5529 2843 5578 omnia
2872 5539 2993 5575 non.

2107 5595 2124 5626 ⁸
2152 5596 2178 5640 li
2209 5594 2351 5651 Mss,
2382 5593 2524 5642 tenui
2544 5604 2703 5649 sono;
2736 5589 2843 5645 alii,
2872 5591 3028 5637 tenus
3047 5597 3182 5631 sono.
