4058 6380
1580 368 2118 423 lJUNFESSlONUM
2171 370 2221 421 S.
2291 367 2588 421 Al'til'S'l'l
2606 364 2693 419 Νι.
3824 372 3941 415 m3

2201 488 2303 541 etsi
2327 487 2541 541 cantari
2578 486 2899 550 audiebam,
2928 501 3039 539 non
3070 486 3391 553 credebam,
3425 486 3520 540 illa
3555 493 3757 540 autem
3828 504 3951 540 ere,

2202 572 2340 627 didi.
2364 573 2478 639 Vzc,
2511 575 2622 624 vas!
2667 571 2875 640 quibus
2915 571 3187 641 gradibus
3219 571 3496 624 deductus
3524 588 3652 625 sum
3683 571 3746 625 in
3780 588 3941 643 pro-

2200 662 2373 714 funda
2403 660 2606 714 inferi?
2637 660 2857 729 Quippe
2882 660 3145 712 laborans
3176 664 3231 729 (λι
3259 665 3505 713 asstuans
3536 659 3737 730 inopia
3770 661 3936 726 veri,

2202 765 2331 802 cum
2354 756 2426 802 te.
2475 750 2619 801 Deus
2652 763 2809 801 meus
2842 748 2963 815 (tibi
2983 747 3137 801 enim
3159 748 3453 815 confiteor,
3487 748 3587 819 qui
3614 764 3711 802 me
3741 748 3939 801 mise-

400 376 496 425 687

397 486 554 553 ritas,
586 491 642 541 et
670 485 875 540 veritas
909 502 919 540 :
952 491 1007 540 et
1051 488 1297 541 multum
1343 503 1468 541 eam
1513 487 1779 541 dicebant
1833 484 1996 551 mihi,
2031 490 2088 539 et

396 590 681 647 nusquam
709 580 829 629 erat
855 575 914 629 in
942 575 1055 644 eis;
1090 577 1183 630 sed
1206 576 1344 629 falsa
1363 577 1766 647 loquebantur,
1799 591 1913 627 non
1944 573 2012 626 de
2035 575 2088 624 te

394 669 638 729 tantum,
672 663 770 734 qui
800 680 929 716 vere
978 665 1195 718 Veritas
1226 682 1303 729 es,
1337 664 1434 718 sed
1484 665 1656 717 etiam
1696 664 1764 717 de
1809 662 1931 715 istis
1974 662 2087 715 ele-

396 750 604 803 mentis
636 752 803 820 hujus
833 752 1024 804 mundi
1077 756 1335 805 creatura
1378 757 1494 817 tua,
1542 752 1611 805 de
1660 752 1867 822 quibus
1916 750 2088 803 etiam

393 854 523 891 vera
553 838 804 892 dicentes
826 839 1191 909 philosophos
1216 840 1535 911 transgredi
1557 840 1727 893 debui
1750 855 1868 910 prae
1896 854 2088 891 amore

394 930 514 989 tuo,
549 925 629 978 mi
666 928 832 979 Pater
861 936 1080 980 summe
1119 927 1289 995 bone,
1320 927 1684 998 pulchritudo
1715 927 2087 996 pulchrorum

396 1012 675 1067 omnium.
716 1014 758 1067 Ο
791 1014 1021 1079 Veritas,
1052 1014 1287 1081 Veritas,
1323 1031 1493 1085 quam
1523 1015 1721 1068 intime
1752 1014 1925 1067 etiam
1967 1018 2090 1066 tum

397 1101 664 1154 medullae
686 1100 865 1155 animi
897 1102 1010 1155 mei
1042 1104 1404 1173 suspirabaut
1424 1102 1548 1169 tibi,
1582 1118 1709 1156 cum
1732 1107 1787 1155 te
1816 1101 1897 1155 illi
1924 1118 2088 1154 sona-

396 1194 524 1242 rent
555 1189 696 1242 mihi
722 1190 1049 1260 frequenter
1088 1196 1143 1244 et
1171 1190 1562 1261 multipliciter
1600 1206 1735 1243 voce
1776 1190 1915 1254 sola,
1948 1194 2003 1243 et
2029 1188 2090 1242 li-

395 1277 511 1331 bris
541 1277 735 1331 multis
764 1284 820 1331 et
846 1278 1203 1347 ingentibus!
1241 1278 1412 1332 Etilla
1433 1281 1593 1330 erant
1621 1278 1834 1331 fercula
1872 1276 1932 1330 in
1962 1277 2088 1347 qui-

392 1365 501 1419 bus
529 1365 671 1419 mihi
696 1366 968 1419 esurienti
999 1372 1074 1431 te,
1105 1366 1497 1420 inferebantur
1527 1382 1629 1437 pro
1660 1371 1713 1419 te
1744 1366 1825 1418 sol
1852 1370 1908 1419 et
1932 1366 2083 1430 luna,

394 1454 634 1522 pulchra
672 1470 846 1524 opera
884 1459 1016 1521 tua;
1045 1455 1140 1509 sed
1170 1460 1362 1509 tamen
1394 1472 1568 1525 opera
1597 1460 1715 1520 tua,
1742 1471 1855 1508 non
1877 1459 1958 1519 tu,
1989 1470 2092 1507 nec

395 1541 521 1609 ipsa
552 1540 760 1610 prima.
795 1542 993 1595 Priora
1022 1542 1175 1596 enim
1207 1542 1528 1612 spiritualia
1566 1559 1738 1612 opera
1768 1547 1886 1608 tua,
1920 1557 2092 1611 quam

396 1628 505 1681 ista
544 1645 840 1698 corporea,
871 1632 1131 1700 quamvis
1162 1632 1348 1684 lucida
1377 1635 1431 1683 et
1460 1631 1725 1683 coelestia.
1763 1635 1833 1683 At
1856 1646 1959 1699 ego
1990 1646 2094 1682 nec

393 1716 589 1785 priora
626 1717 743 1782 illa,
776 1716 875 1769 sed
906 1718 1167 1786 teipsam,
1195 1723 1271 1785 te,
1314 1719 1549 1781 Veritas,
1602 1718 1660 1771 in
1701 1735 1813 1787 qua
1852 1734 1964 1771 non
2010 1722 2095 1771 est

394 1804 766 1858 commutatio
796 1820 900 1858 nec
932 1806 1210 1858 momenti
1254 1806 1613 1860 obumbratio
1664 1807 1871 1871 (Jacobi
1912 1823 1948 1872 ι,
1985 1810 2091 1875 l7),

397 1892 717 1945 esuriebam
740 1896 795 1944 et
820 1892 1113 1959 sitiebam;
1166 1897 1222 1945 et
1268 1895 1705 1963 apponebantur
1735 1894 1920 1947 adhuc
1950 1894 2093 1948 mihi

391 1980 453 2033 in
484 1981 593 2033 illis
645 1981 872 2033 ferculis
924 1982 1317 2051 phantasmata
1374 1983 1689 2053 splendida,
1724 1983 1931 2052 quibus
1970 1983 2093 2053 jam

397 2068 604 2123 melius
630 2073 749 2122 erat
777 2085 968 2122 amare
998 2070 1169 2123 istum
1199 2072 1397 2139 solem,
1430 2072 1631 2125 saltem
1665 2071 1785 2125 istis
1812 2071 1989 2124 oculis
2011 2088 2095 2126 ve-

390 2173 538 2225 rum,
570 2174 743 2227 quam
774 2157 870 2211 illa
925 2158 1065 2211 falsa
1112 2158 1307 2212 animo
1336 2160 1569 2229 decepto
1618 2176 1721 2229 per
1772 2160 1991 2213 oculos.
2028 2160 2094 2213 Et

396 2250 611 2309 tamen,
671 2244 806 2315 quia
843 2250 899 2297 te
942 2245 1237 2315 putabam,
1282 2247 1742 2312 manducabam;
1779 2264 1893 2300 non
1934 2247 2095 2300 avide

396 2334 649 2402 quidem,
677 2333 811 2403 quia
841 2350 942 2386 nec
971 2335 1227 2404 sapiebas
1258 2335 1317 2387 in
1348 2351 1444 2389 ore
1476 2351 1604 2387 meo
1653 2335 1818 2387 sicuti
1850 2352 1943 2401 es;
1990 2351 2095 2388 nc-

392 2436 503 2489 que
532 2420 685 2473 enim
718 2425 780 2472 tu
810 2436 932 2472 eras
963 2422 1237 2490 figmenta
1266 2422 1363 2474 illa
1394 2422 1588 2475 inania
1614 2442 1628 2487 ;
1651 2439 1752 2475 nec
1793 2423 2089 2475 nutriebar

392 2508 493 2571 eis,
526 2508 622 2559 scd
655 2508 1031 2561 exhauriebar
1057 2508 1258 2575 magis.
1306 2510 1474 2562 Cibus
1530 2509 1591 2562 in
1624 2509 1838 2561 somnis
1871 2510 2091 2562 similli-

395 2610 523 2647 mus
547 2599 629 2647 est
658 2595 795 2649 cibis
824 2596 1204 2665 vigilantium,
1238 2614 1352 2666 quo
1381 2603 1571 2651 tamen
1602 2598 1951 2651 dormientes
1978 2615 2094 2650 non

394 2683 656 2748 aluntur;
691 2683 1153 2754 dormiuntﬁenim
1181 2701 1193 2737 :
1218 2686 1380 2739 atilla
1402 2702 1504 2739 nec
1531 2686 1738 2739 similia
1755 2692 1915 2739 erant
1935 2688 2092 2739 nullo

400 2772 572 2825 modo
600 2771 724 2835 tibi,
759 2772 905 2825 sicut
934 2789 1084 2826 nunc
1114 2774 1258 2826 mihi
1284 2778 1466 2827 locuta
1494 2791 1551 2827 es
1577 2792 1589 2841 ;
1623 2776 1759 2845 quia
1788 2777 1884 2828 illa
1932 2781 2096 2828 erant

395 2860 710 2929 corporalia
735 2860 1150 2929 phantasmata,
1179 2863 1313 2915 falsa
1354 2880 1611 2932 corpora,
1636 2864 1840 2933 quibus
1854 2863 2094 2917 certiora

395 2955 528 3002 sunt
556 2966 687 3003 vera
716 2967 957 3020 corpora
986 2952 1092 3004 ista
1122 2969 1250 3023 qua:
1284 2953 1542 3007 videmus
1569 2954 1687 3006 visu
1720 2971 1944 3017 carneo,
1978 2954 2092 3007 sive

394 3038 641 3091 ccelestia
670 3037 784 3091 sive
816 3040 1104 3093 terrestria
1137 3057 1148 3092 :
1185 3057 1313 3094 cum
1346 3042 1655 3111 pecudibus
1683 3047 1738 3094 et
1766 3041 2094 3094 volatilibus

378 3120 651 3179 'videmus
681 3126 835 3192 hare;
864 3132 920 3180 et
959 3129 1199 3181 certiora
1225 3136 1375 3195 sunt,
1409 3145 1581 3198 quam
1640 3145 1768 3182 cum
1800 3129 2090 3197 imagina-

395 3229 527 3266 mur
556 3230 641 3266 ea.
683 3216 745 3266 Et
776 3230 970 3267 rursus
1015 3216 1224 3268 certius
1256 3216 1641 3285 imaginamur
1697 3232 1783 3281 ea,
1818 3232 1991 3285 quam
2023 3233 2091 3270 ex

396 3299 476 3351 eis
505 3298 861 3365 suspicamur
887 3301 996 3353 alia
1011 3301 1335 3369 grandiora,
1360 3310 1415 3355 et
1437 3303 1679 3368 inlinita,
1701 3319 1828 3373 qua:
1857 3302 2090 3356 omnino

397 3386 557 3437 nulla
586 3390 737 3451 sunt,
770 3386 1035 3455 qualibus
1073 3403 1178 3457 ego
1222 3392 1358 3441 tunc
1398 3389 1668 3458 pascebar
1698 3390 1964 3443 inanibus
1992 3410 2005 3457 ;
2036 3394 2092 3444 et

394 3488 509 3526 non
538 3474 826 3543 pascebar.
858 3477 929 3527 At
957 3479 1036 3539 tu,
1072 3491 1233 3529 amor
1265 3492 1442 3538 meus,
1474 3477 1532 3530 in
1580 3493 1751 3547 quem
1784 3479 1985 3532 delicio
2028 3484 2091 3533 ut

395 3560 555 3613 fortis
585 3560 712 3626 sim,
743 3576 847 3615 nec
876 3561 983 3615 ista
1026 3578 1264 3633 corpora
1309 3581 1368 3617 es
1417 3581 1545 3635 quze
1591 3566 1867 3633 videmus,
1906 3584 2087 3638 quan-

396 3664 567 3718 quam
594 3648 653 3701 in
684 3649 823 3703 casio
851 3667 865 3717 ;
897 3666 1000 3704 nec
1030 3668 1095 3705 ea
1123 3668 1181 3705 es
1221 3669 1348 3722 quae
1379 3669 1495 3706 non
1517 3654 1773 3708 videmus
1812 3655 1910 3718 ibi,
1954 3656 2089 3725 quia

392 3740 456 3790 tu
488 3736 595 3790 ista
618 3738 941 3809 condidisti,
976 3756 1079 3793 nec
1110 3739 1170 3793 in
1211 3742 1449 3794 summis
1499 3742 1611 3795 tuis
1664 3744 2088 3798 conditionibus

390 3825 562 3879 habes
590 3826 630 3879 ¹.
657 3826 878 3889 Quanto
917 3844 1052 3897 ergo
1092 3829 1259 3899 longe
1291 3847 1349 3883 es
1378 3847 1411 3883 a
1440 3830 1928 3901 phantasmatibus
1972 3833 2087 3886 illis

390 3913 553 3979 meis,
605 3915 1099 3984 phantasmatibus
1152 3935 1459 3988 corporum
1516 3935 1643 3989 quae
1693 3921 1927 3975 omnino
1972 3938 2086 3975 non

389 4005 556 4055 sunt!
587 4001 794 4071 quibus
824 4002 1093 4057 certiores
1132 4009 1265 4058 sunt
1293 4005 1607 4075 phantasiaz
1639 4024 1944 4077 corporum
1988 4025 2084 4062 co-

386 4103 517 4142 rum
547 4105 675 4159 quze
706 4094 874 4156 sunt;
923 4096 979 4144 et
1028 4091 1109 4144 eis
1138 4093 1377 4146 certiora
1418 4110 1677 4164 corpora,
1733 4112 1861 4165 quae
1893 4102 2085 4151 tamen

387 4191 505 4229 non
536 4193 596 4230 es
629 4192 643 4229 :
676 4178 770 4232 sed
801 4194 904 4231 nec
932 4178 1123 4232 anima
1152 4196 1229 4241 es,
1283 4197 1411 4251 quas
1466 4182 1578 4235 vita
1627 4187 1711 4237 est
1756 4200 2079 4254 corporum.

388 4263 518 4316 Ideo
550 4264 753 4317 melior
777 4266 888 4318 vita
917 4282 1220 4335 corporum
1250 4268 1568 4339 certiorque
1598 4287 1771 4340 quam
1818 4288 2078 4342 corpora.

387 4350 494 4404 Sed
519 4356 580 4405 tu
609 4351 723 4405 vita
750 4370 808 4406 es
835 4354 1177 4421 animarum,
1200 4356 1314 4409 vita
1351 4357 1618 4426 vitarum,
1643 4359 1835 4413 vivens
1858 4365 1912 4414 te
1935 4362 2078 4431 ipsa,

387 4441 443 4490 et
471 4453 585 4490 non
618 4439 871 4506 mutaris,
906 4440 1021 4493 vita
1050 4442 1257 4496 animae
1288 4460 1451 4498 meas.

460 4528 541 4578 Η.
570 4526 672 4579 Ubi
702 4542 837 4597 ergo
875 4528 1015 4581 mihi
1063 4535 1198 4584 tunc
1247 4548 1392 4600 eras,
1442 4537 1498 4587 et
1540 4549 1713 4604 quam
1754 4536 1970 4605 longe?
2018 4539 2081 4592 Et

383 4612 551 4682 longe
582 4616 987 4685 peregrinabar
1024 4618 1121 4672 abs
1158 4624 1230 4686 te,
1264 4622 1521 4675 exclusus
1553 4628 1604 4676 et
1636 4640 1667 4676 a
1697 4624 1917 4695 siliquis
1947 4642 2077 4695 por-

382 4716 600 4768 corum,
660 4720 800 4773 qnos
857 4706 926 4760 de
982 4706 1203 4778 siliquis
1252 4710 1550 4779 pascebam
1610 4715 1757 4782 (Luc.
1821 4729 1906 4778 xv,
1965 4717 2073 4773 16).

383 4789 606 4852 Quanto
639 4793 790 4846 enim
823 4796 1088 4849 meliores
1128 4799 1633 4866 grammaticorum
1679 4806 1732 4854 et
1777 4806 2075 4871 poetarum

380 4876 620 4945 fabellae,
645 4897 816 4949 quam
848 4882 943 4935 illa
965 4884 1223 4953 decipula
1245 4886 1271 4937 ?
1296 4888 1433 4940 Nam
1453 4905 1647 4942 versus
1676 4895 1731 4943 et
1762 4906 1991 4943 carmen
2021 4896 2077 4944 et

382 4966 573 5020 Medea
601 4970 797 5021 volans
827 4972 1083 5026 utiliores
1111 4980 1281 5042 certe,
1305 4993 1477 5045 quam
1505 4978 1760 5048 quinque
1794 4980 2075 5032 elementa

377 5054 529 5108 varie
560 5055 763 5120 fucata,
797 5065 1029 5128 propter
1058 5063 1314 5132 quinque
1337 5071 1500 5117 antra
1531 5067 1917 5133 tenebrarum,
1945 5084 2072 5138 quze

379 5143 945 5207 omninonullasunt,
962 5151 1012 5199 et
1032 5148 1295 5202 occidunt
1318 5152 1658 5206 credentem.
1687 5155 1825 5208 Nam
1850 5172 2073 5210 versum

378 5234 431 5283 et
457 5247 685 5285 carmen
717 5232 887 5286 etiam
922 5235 992 5287 ad
1024 5251 1154 5288 vera
1185 5238 1479 5305 pulmenta
1500 5237 1523 5270 ²
1545 5242 1838 5296 transfero.
1877 5245 2074 5297 Volan-

374 5322 492 5373 tem
524 5326 713 5374 autem
748 5322 998 5376 Medeam
1030 5323 1136 5377 etsi
1167 5326 1486 5390 cantabam,
1539 5344 1656 5383 non
1706 5332 2070 5400 asserebam;

437 5472 451 5503 1
500 5490 507 5503 1
700 5488 709 5503 π

435 5533 456 5565 ²
903 5536 1026 5584 Bad.
1057 5537 1171 5603 Am.
1194 5536 1319 5603 Arn.
1352 5540 1443 5588 ubi
1477 5538 1561 5591 Er.
1587 5545 1639 5591 et
1663 5543 1788 5592 Lov.
1821 5543 2066 5603 reddunt,

372 5590 648 5645 elementa.
679 5597 830 5659 Augl.
860 5605 1103 5660 quatuor,
1126 5600 1417 5652 bulmenta.

2200 843 2354 890 ratus
2384 853 2441 890 es
2470 842 2524 889 et
2554 835 2806 889 nondum
2836 835 3250 903 conﬁtentem),
3284 852 3417 890 cum
3445 840 3500 891 te
3542 854 3662 891 non
3708 854 3933 891 secun-

2200 925 2336 979 dum
2367 925 2715 978 intellectum
2743 923 2968 989 mentis,
2992 940 3105 994 quo
3126 940 3217 977 me
3239 929 3511 995 prsestare
3535 926 3774 979 voluisti
3801 927 3932 979 bel-

2199 1014 2331 1080 luis,
2395 1014 2495 1067 sed
2536 1013 2849 1067 secundum
2898 1029 3127 1067 sensum
3182 1013 3368 1067 carnis
3430 1030 3777 1085 quaererem.
3838 1016 3926 1068 Tu

2199 1107 2392 1154 autem
2421 1117 2543 1153 eras
2590 1100 2829 1154 interior
2856 1101 3057 1154 intimo
3094 1117 3236 1164 meo,
3273 1106 3329 1154 et
3372 1101 3638 1172 superior
3669 1119 3919 1156 summo

2198 1205 2347 1242 meo.
2374 1188 2771 1243 Olfendiillam
2808 1190 2821 1223 ’
2854 1189 3153 1242 mulierem
3184 1188 3479 1251 audacem,
3516 1190 3751 1261 inopem
3774 1207 3925 1261 pru-

2201 1276 2429 1343 dentia},
2455 1277 2700 1346 aenigma
2722 1276 3060 1341 Salomonis,
3082 1277 3373 1331 sedentem
3394 1295 3597 1349 surper
3622 1281 3831 1333 sellam
3856 1280 3917 1333 in

2201 1365 2432 1427 foribus,
2483 1371 2539 1419 et
2578 1366 2885 1419 dicentem:
2918 1367 3088 1419 Panes
3119 1367 3344 1419 occultos
3377 1367 3605 1421 libenter
3645 1369 3810 1435 edite,
3870 1376 3922 1420 ct

2200 1469 2400 1523 aquam
2430 1454 2635 1507 dulcem
2661 1457 2929 1519 furtivam
2960 1455 3121 1507 bibite
3154 1456 3351 1521 (Prov.
3390 1472 3463 1522 ιχ,
3502 1460 3608 1524 l7).
3640 1456 3781 1520 Quae
3818 1472 3921 1509 me

2202 1544 2442 1604 seduxit,
2474 1542 2605 1612 quia
2638 1541 2853 1595 invenit
2887 1542 3019 1595 foris
3049 1543 3398 1596 habitantem
3429 1543 3489 1596 in
3522 1546 3686 1596 oculo
3711 1544 3917 1597 carnis

2203 1647 2363 1697 meae,
2385 1635 2440 1683 et
2467 1630 2602 1683 talia
2619 1630 3003 1684 ruminantem
3026 1630 3178 1700 apud
3210 1645 3320 1699 me,
3347 1630 3539 1701 qualia
3567 1647 3671 1702 per
3695 1631 3877 1686 illum
3900 1631 3926 1663 ²

2203 1734 2510 1772 vorassem.

2865 1790 3089 1844 CAPUT
3122 1790 3239 1843 VII.

2271 1878 2530 1931 Doctrina
2567 1879 2982 1931 Munichzrorum
3037 1877 3278 1931 absurda
3325 1878 3413 1930 cui
3454 1877 3913 1944 suffragabatur.

2280 1966 2361 2016 l2.
2410 1962 2736 2015 Nesciebam
2767 1963 2920 2016 enim
2950 1964 3103 2015 aliud
3149 1978 3276 2015 vere
3318 1963 3470 2032 quod
3501 1969 3612 2016 est:
3648 1970 3705 2017 et
3746 1966 3925 2035 quasi

2203 2050 2430 2103 acutule
2475 2051 2743 2103 movebar
2789 2055 2853 2103 ut
2881 2050 3225 2119 sutiragarer
3256 2050 3443 2103 stultis
3483 2050 3920 2121 deceptoribus,

2204 2155 2334 2193 cum
2368 2156 2401 2192 a
2431 2155 2522 2193 me
2573 2144 2893 2209 quasrerent
2930 2139 3083 2192 unde
3114 2141 3359 2205 malum;
3392 2143 3447 2192 et
3475 2144 3671 2193 utrum
3721 2140 3925 2193 forma

2204 2242 2477 2296 corporea
2505 2228 2651 2280 Deus
2673 2227 2935 2279 ﬁniretur
2962 2232 3019 2280 et
3047 2227 3281 2280 haberet
3310 2227 3544 2297 capillos
3563 2233 3616 2280 et
3648 2244 3916 2298 ungues:

2204 2320 2260 2367 et
2288 2321 2479 2367 utrum
2505 2315 2643 2383 justi
2664 2314 3023 2368 existimandi
3048 2320 3236 2368 essent
3264 2315 3363 2385 qui
3384 2316 3667 2369 haberent
3698 2333 3918 2369 uxores

2204 2404 2411 2456 multas
2451 2403 2641 2469 simul,
2673 2402 3062 2456 etoceiderent
3110 2403 3387 2467 homines,
3424 2408 3479 2457 et
3519 2403 3922 2457 saerilicarent

2206 2491 2274 2544 de
2326 2491 2685 2544 animalibus.
2730 2491 2946 2553 Quibus
2988 2507 3178 2543 rerum
3210 2491 3439 2561 ignarus
3478 2492 3908 2561 perturbabar;

2208 2584 2263 2632 et
2298 2580 2566 2632 recedens
2589 2596 2621 2631 a
2650 2579 2903 2642 veritate,
2934 2579 3016 2631 ire
3054 2580 3111 2632 in
3140 2596 3264 2632 eam
3296 2579 3437 2632 mihi
3465 2580 3732 2645 videbar;
3772 2583 3915 2651 quia

2207 2681 2319 2719 non
2350 2683 2617 2719 noveram
2648 2668 2862 2720 malum
2894 2683 3007 2720 non
3030 2684 3149 2720 esse
3181 2667 3287 2720 nisi
3325 2667 3707 2737 privationem
3745 2669 3912 2728 boni,

2205 2770 2386 2824 usque
2416 2755 2484 2808 ad
2525 2754 2681 2825 quod
2711 2756 2943 2808 omnino
2975 2771 3088 2809 non
3120 2761 3222 2809 est.
3255 2756 3415 2820 Quod
3442 2756 3589 2809 unde
3620 2757 3910 2823 viderem,

2205 2844 2365 2911 cujus
2397 2843 2586 2896 videre
2631 2860 2811 2913 usque
2851 2845 2919 2897 ad
2966 2859 3171 2913 corpus
3201 2850 3323 2898 erat
3364 2845 3559 2911 oculis,
3608 2850 3667 2898 et
3709 2846 3912 2901 animo

2205 2947 2383 3000 usque
2421 2932 2491 2984 ad
2538 2932 2917 3001 phantasma?
2964 2934 3027 2985 Et
3070 2949 3185 2985 non
3232 2949 3502 2987 noveram
3550 2934 3734 2988 Deum
3781 2951 3909 2988 esse

2205 3020 2491 3088 spiritum,
2517 3036 2626 3073 non
2651 3021 2739 3072 cui
2756 3022 3011 3074 membra
3028 3025 3214 3073 essent
3238 3038 3339 3091 per
3359 3022 3595 3091 longum
3617 3028 3673 3075 et
3697 3025 3909 3090 latum,

2202 3123 2308 3159 nec
2372 3108 2464 3161 cui
2532 3125 2650 3161 esse
2723 3111 2899 3162 moles
2958 3114 3132 3163 esset:
3187 3109 3323 3180 quia
3378 3112 3555 3164 moles
3613 3111 3675 3164 in
3737 3118 3909 3183 parte

2202 3195 2395 3249 minor
2424 3202 2507 3248 est
2536 3212 2711 3267 quam
2740 3197 2800 3249 in
2830 3201 2947 3250 toto
2974 3213 3109 3262 suo;
3144 3202 3201 3250 et
3229 3199 3274 3250 si
3301 3199 3527 3251 infinita
3570 3199 3664 3264 sit,
3708 3200 3907 3253 minor

2202 3290 2284 3336 est
2316 3284 2370 3336 in
2399 3284 2588 3353 aliqua
2622 3290 2777 3354 parte
2808 3291 2960 3338 certo
2988 3286 3169 3355 spatio
3203 3286 3456 3352 delinita,
3482 3304 3655 3357 quam
3687 3305 3794 3358 per
3820 3290 3905 3342 in-

2200 3371 2456 3437 finitum;
2487 3377 2543 3425 et
2589 3388 2704 3425 non
2742 3378 2826 3427 est
2855 3377 2971 3427 tota
3017 3374 3250 3444 ubique,
3284 3374 3429 3428 sicut
3459 3377 3718 3444 spiritus,
3753 3378 3905 3432 sicut

2202 3461 2367 3513 Deus.
2404 3461 2467 3513 Et
2495 3460 2633 3530 quid
2673 3461 2731 3514 in
2782 3462 2947 3514 nobis
2989 3468 3153 3527 esset,
3195 3462 3507 3516 secundum
3544 3464 3696 3533 quod
3746 3480 3903 3517 esse-

2200 3563 2327 3599 mus
2352 3546 2566 3600 similes
2599 3548 2712 3601 Deo
2755 3554 2812 3602 et
2841 3555 2987 3601 recte
3018 3548 3075 3601 in
3107 3549 3396 3619 Scriptura
3423 3554 3444 3585 ³
3472 3551 3801 3606 diceremur
3829 3554 3905 3605 ad

2200 3636 2489 3700 imaginem
2525 3639 2619 3689 Dei
2649 3635 2803 3705 (Gen.
2834 3654 2873 3699 ι,
2905 3640 3015 3706 27),
3048 3654 3283 3707 prorsus
3304 3639 3661 3709 ignorabam.

2273 3725 2356 3776 13.
2404 3723 2467 3775 Et
2521 3739 2634 3777 non
2680 3740 2951 3778 noveram
2985 3726 3267 3795 justitiam
3298 3743 3490 3781 veram
3534 3728 3899 3795 interiorem,

2196 3826 2311 3864 non
2344 3827 2408 3864 ex
2439 3812 2849 3866 consuetudine
2873 3814 3248 3883 judicantem,
3272 3816 3367 3869 sed
3398 3832 3461 3869 ex
3494 3816 3617 3884 lege
3645 3819 3900 3871 rectissi-

2197 3914 2292 3951 ma
2321 3904 2341 3935 ⁴
2372 3898 2470 3951 Dei
2510 3900 2935 3969 omnipotentis,
2988 3919 3101 3973 qua
3141 3902 3527 3957 formarentur
3571 3921 3766 3959 mores
3806 3924 3898 3960 re-

2197 3986 2435 4057 gionum
2456 3994 2511 4040 et
2539 3988 2761 4042 dierum
2792 4005 2898 4059 pro
2926 3991 3257 4061 regionibus
3273 3996 3329 4045 et
3350 3990 3579 4059 diebus;
3614 4010 3748 4048 cum
3777 3994 3903 4066 ipsa

2194 4074 2408 4144 ubique
2436 4090 2498 4127 ac
2531 4091 2753 4144 semper
2790 4080 2953 4141 esset,
2988 4094 3102 4131 non
3136 4078 3273 4133 alibi
3302 4079 3434 4146 alia,
3474 4095 3577 4133 nec
3616 4080 3759 4134 alias
3793 4082 3899 4135 ali-

2194 4165 2309 4227 ter;
2350 4162 2663 4216 secundum
2698 4180 2870 4234 quam
2895 4164 3035 4235 justi
3067 4169 3254 4218 essent
3282 4166 3592 4233 Abraham,
3623 4172 3680 4220 et
3718 4168 3895 4233 Isaac,

2193 4254 2250 4303 et
2276 4250 2466 4315 Jacob,
2501 4255 2556 4304 et
2603 4252 2834 4322 Moyses,
2887 4258 2944 4306 et
2986 4253 3174 4313 David,
3221 4257 3277 4307 et
3320 4254 3403 4307 illi
3446 4271 3647 4308 omnes
3678 4256 3897 4310 laudati

2192 4352 2288 4390 ore
2322 4337 2448 4392 Dei:
2495 4338 2593 4393 sed
2624 4356 2716 4393 cos
2741 4340 2808 4393 ab
2850 4340 3131 4411 imperitis
3170 4340 3418 4411 judicari
3455 4343 3707 4414 iniquos,
3734 4345 3897 4414 judi-

2192 4426 2453 4479 cantibus
2483 4444 2549 4480 ex
2598 4429 2851 4482 humano
2881 4429 2994 4495 die,
3018 4435 3075 4483 et
3101 4430 3396 4484 universos
3426 4448 3615 4485 mores
3653 4433 3898 4487 humani

2190 4516 2413 4587 generis
2449 4532 2512 4570 ex
2543 4523 2702 4587 parte
2745 4518 2920 4572 moris
2972 4519 3060 4573 sui
3104 4520 3489 4585 metientibus,
3533 4526 3811 4592 tanquam
3848 4525 3896 4577 si

2188 4604 2316 4674 quis
2333 4604 2555 4658 nescius
2572 4606 2631 4659 in
2650 4608 3021 4662 armamentis
3034 4608 3168 4678 quid
3188 4608 3278 4661 cui
3296 4610 3554 4664 membro
3569 4626 3894 4666 accommo-

2190 4694 2385 4746 datum
2417 4691 2504 4757 sit,
2536 4710 2700 4747 ocrea
2730 4694 2865 4748 velit
2894 4700 3064 4764 caput
3092 4696 3336 4765 contegi,
3367 4698 3600 4766 etgalea
3617 4700 3891 4765 calceari;

2187 4785 2244 4833 et
2273 4787 2590 4835 murmuret
2619 4782 2768 4853 quod
2795 4799 2906 4836 non
2927 4789 3056 4853 apte
3087 4785 3419 4839 conveniat:
3448 4791 3547 4840 aut
3572 4787 3632 4840 in
3663 4805 3782 4842 uno
3803 4790 3892 4844 die

2186 4866 2399 4921 indicto
2446 4885 2479 4922 a
2525 4871 2936 4939 pomeridianis
2984 4872 3136 4925 horis
3160 4873 3402 4942 justitio,
3435 4875 3747 4946 quisquam
3780 4885 3895 4932 sto-

2184 4958 2477 5011 machetur
2520 4975 2632 5011 non
2669 4960 2777 5013 sibi
2822 4960 3053 5014 concedi
3092 4962 3231 5031 quid
3288 4963 3484 5016 venale
3532 4980 3885 5036 proponere,

2184 5046 2319 5114 quia
2362 5062 2529 5099 mane
2559 5064 2886 5100 concessum
2917 5055 3031 5102 est:
3070 5055 3169 5103 aut
3217 5049 3276 5103 in
3306 5067 3420 5103 una
3464 5051 3639 5105 domo
3699 5054 3891 5108 videat

2184 5134 2399 5204 aliquid
2442 5136 2669 5188 tractari
2701 5137 2985 5206 manibus,
3016 5154 3048 5190 a
3072 5154 3366 5207 quoquam
3398 5156 3581 5202 servo,
3618 5143 3779 5211 quod
3803 5144 3887 5197 fa-

2250 5242 2261 5273 ¹
2300 5241 2367 5289 1η
2391 5239 2537 5305 illam
2559 5240 2709 5305 juxta
2735 5242 2819 5290 Er.
2844 5244 3007 5305 Lugd.
3033 5244 3163 5292 Ven.
3189 5245 3315 5293 Lov.
3352 5245 3549 5295 Somm.
3573 5247 3715 5298 Dub.
3741 5249 3887 5300 Mart.

2182 5300 2320 5349 Flor.
2354 5306 2404 5349 et
2429 5300 2590 5349 Hond.
2624 5304 2685 5350 M.

2244 5364 2264 5396 2
2298 5366 2392 5426 I’er
2421 5364 2594 5415 illum,
2613 5365 2765 5426 juxta
2791 5367 2871 5414 Er.
2897 5371 2949 5415 et
2978 5368 3107 5415 Ven.
3141 5369 3208 5417 Μ.

2244 5425 2373 5503 f‘Sie
2548 5425 2771 5503 Au};le
2793 5431 2926 5503 [ιζ’.ςί
2956 5437 3103 5503 recta
3129 5431 3182 5503 ir}
3210 5432 3497 5503 scripturis
3523 5433 3883 5503 diceremur]

2181 5487 2210 5532 2
2232 5486 2358 5551 Mss.
2393 5488 2527 5551 _Flor.
2560 5494 2612 5536 et
2638 5486 2799 5539 editio
2828 5492 3129 5541 Florentina
3157 5486 3359 5543 ferunt:
3390 5494 3459 5544 Et
3484 5502 3633 5547 recte
3661 5502 3717 5549 in
3741 5486 3887 5551 Serti

2174 5550 2359 5609 ptum.
2391 5548 2455 5596 Μ.

2240 5618 2255 5643 ι
2276 5610 2522 5666 (Quatuor
2550 5612 2677 5662 Mss.
2692 5649 2705 5674 ,
2732 5613 3038 5666 lectissima.
