4058 6354
254 289 357 339 689

247 422 377 459 cere
419 424 536 461 non
583 407 802 461 sinatur
831 408 931 479 qui
960 409 1165 478 pocula
1203 408 1526 463 ministrat:
1577 415 1675 465 aut
1732 412 1947 483 aliquid

250 500 379 565 post
406 496 686 566 praesepia
711 495 855 562 ﬁeri,
890 496 1043 567 quod
1075 502 1204 551 ante
1236 514 1489 551 mensam
1536 500 1947 569 prohibeatur;

249 588 307 636 et
337 583 685 653 indignetur,
710 601 838 638 cum
863 584 935 638 sit
954 601 1134 639 unum
1166 586 1553 640 habitaculum
1569 592 1623 640 et
1653 605 1765 642 una
1787 589 1951 643 fami-

248 671 345 737 lia,
384 689 494 725 non
525 672 735 743 ubique
767 678 938 744 atque
969 672 1233 726 omnibus
1274 672 1428 726 idem
1460 674 1653 728 tribui.
1701 676 1789 730 Sic
1817 680 1949 731 sunt

248 759 344 812 isti
366 759 463 830 qui
484 760 877 829 indignantur,
902 776 1031 812 cum
1049 759 1333 813 audierint
1353 760 1453 814 illo
1484 762 1692 815 sazculo
1720 762 1945 817 licuisse

241 847 412 917 justis
452 848 686 919 aliquid,
719 848 870 918 quod
911 847 1017 901 isto
1051 864 1167 901 non
1196 848 1553 917 licetjustis;
1587 856 1643 903 et
1671 851 1804 921 quia
1835 851 1946 905 illis

249 936 400 990 aliud
426 937 697 1007 praecepit
721 939 887 1005 Deus,
920 937 1044 991 istis
1064 939 1216 992 aliud
1240 954 1345 1007 pro
1372 940 1783 1008 temporalibus
1812 958 1944 994 cau-

248 1024 493 1092 sis,cum
520 1025 704 1078 eidem
729 1026 967 1096 justitize
997 1027 1225 1097 utrique
1244 1027 1540 1081 servierint
1564 1045 1575 1081 :
1601 1045 1731 1082 cum
1751 1030 1807 1083 in
1831 1047 1943 1083 uno

247 1112 501 1171 homine,
535 1114 672 1167 etin
702 1130 816 1167 uno
840 1114 950 1181 die,
980 1118 1036 1168 et
1065 1114 1124 1168 in
1140 1115 1270 1168 unis
1301 1115 1516 1169 aedibus
1538 1116 1763 1170 videant
1791 1117 1941 1172 aliud

248 1200 345 1255 alii
377 1202 633 1254 membro
666 1218 1000 1271 congruere,
1036 1208 1090 1256 et
1120 1203 1272 1256 aliud
1312 1204 1653 1273 jamdudum
1695 1205 1938 1261 licuisse.

244 1294 377 1358 post
408 1289 603 1342 horam
636 1306 750 1342 non
790 1289 992 1355 licere;
1024 1289 1297 1360 quiddam
1324 1290 1385 1343 in
1423 1290 1521 1344 illo
1552 1293 1763 1363 angulo
1812 1310 1941 1363 per-

249 1376 397 1430 mitti
428 1381 525 1430 aut
547 1377 760 1447 juberi,
792 1378 945 1441 quod
974 1377 1031 1430 in
1064 1378 1168 1431 isto
1192 1379 1345 1448 juste
1367 1383 1585 1433 vetetur
1617 1385 1671 1433 et
1700 1380 1945 1434 vindice-

242 1470 357 1519 tur.
394 1465 682 1535 Numquid
706 1466 925 1534 justitia
949 1465 1101 1519 varia
1123 1472 1205 1519 est
1227 1472 1282 1520 et
1310 1468 1601 1520 mutabilis
1618 1469 1767 1523 ‘.’Sed
1798 1474 1941 1522 tem-

243 1571 387 1624 pora
404 1555 611 1625 quibus
643 1556 925 1626 prmsidet,
946 1572 1061 1609 non
1089 1557 1303 1626 pariter
1323 1562 1461 1610 eunt
1484 1574 1498 1623 ;
1520 1563 1775 1629 tempora
1791 1559 1944 1612 enim

243 1647 396 1695 sunt.
434 1642 702 1696 Homines
733 1648 923 1697 autem
954 1661 1200 1714 quorum
1232 1644 1341 1697 vita
1375 1630 1546 1714 super
1576 1650 1788 1700 terram
1815 1647 1942 1700 bre-

242 1730 327 1783 vis
358 1736 461 1797 est,
487 1731 621 1801 quia
651 1748 817 1785 sensu
847 1748 964 1785 non
993 1734 1183 1786 valent
1209 1750 1402 1787 causas
1431 1740 1730 1789 contexere
1762 1753 1942 1789 seacu-

250 1819 439 1871 lorum
471 1818 1119 1890 priorum,aliarumquc
1144 1821 1399 1891 gentium
1427 1839 1567 1892 quas
1590 1823 1807 1893 experti
1826 1840 1943 1878 non

242 1904 562 1971 sunt,‘cum
594 1907 682 1981 his
714 1923 854 1978 quas
883 1908 1097 1977 experti
1124 1913 1288 1975 sunt;
1322 1910 1379 1962 in
1411 1926 1526 1964 uno
1578 1916 1768 1964 autem
1817 1928 1942 1965 cor-

240 2011 405 2066 pore,
438 1995 525 2048 vel
554 1994 664 2061 die,
714 1996 796 2048 vel
830 1995 1022 2063 domo,
1075 1996 1236 2050 facile
1267 2003 1507 2068 possunt
1570 1998 1760 2052 videre
1805 2000 1943 2070 quid

239 2082 336 2137 cui
370 2083 647 2149 membro,
682 2083 888 2153 quibus
928 2084 1254 2151 momentis,
1288 2085 1495 2155 quibus
1525 2086 1784 2157 partibus
1812 2104 1941 2157 per-

238 2170 466 2223 sonisve
499 2174 808 2239 congruat:
842 2170 901 2223 in
952 2170 1063 2223 illis
1119 2171 1503 2237 offenduntur,
1539 2172 1627 2226 his
1666 2175 1937 2228 serviunt.

322 2259 405 2311 14.
443 2258 569 2310 Haec
601 2273 705 2326 ego
736 2260 872 2310 tunc
902 2257 1241 2323 nesciebam,
1283 2263 1337 2311 et
1381 2275 1497 2312 non
1540 2260 1937 2328 advertebam;

244 2351 303 2399 et
330 2346 607 2399 feriebant
639 2345 893 2416 undique
916 2346 1021 2398 ista
1045 2346 1238 2399 oculos
1252 2362 1423 2411 meos,
1443 2352 1498 2400 et
1523 2363 1635 2400 non
1658 2348 1937 2402 videbam.

241 2435 312 2488 Et
340 2432 637 2487 cantabam
670 2432 943 2497 carmina,
973 2438 1028 2485 et
1057 2448 1173 2486 non
1204 2432 1345 2486 mihi
1368 2432 1572 2487 licebat
1601 2451 1814 2504 ponere
1847 2452 1940 2505 pe-

239 2522 375 2576 dem
408 2519 743 2592 quemlibet,
768 2520 1025 2582 ubilibet,
1061 2522 1154 2574 sed
1187 2520 1246 2573 in
1278 2521 1388 2575 alio
1422 2526 1590 2593 atque
1623 2524 1732 2576 alio
1759 2532 1938 2577 metro

236 2610 408 2663 aliter
427 2613 596 2678 atque
627 2608 827 2674 aliter;
860 2613 917 2662 et
947 2608 1005 2661 in
1036 2625 1149 2661 uno
1181 2609 1373 2680 aliquo
1400 2627 1586 2677 versu,
1612 2627 1729 2664 non
1752 2611 1937 2665 omni-

234 2699 347 2752 bus
382 2698 516 2750 locis
547 2697 811 2750 eumdem
838 2698 1061 2767 pedem.
1098 2699 1163 2751 Et
1198 2714 1287 2750 ars
1318 2698 1441 2768 ipsa
1486 2716 1595 2769 qua
1641 2700 1935 2768 canebam,

236 2803 357 2841 non
388 2785 631 2839 habebat
662 2785 811 2838 aliud
841 2784 994 2847 alibi,
1030 2786 1128 2838 sed
1160 2785 1350 2839 omnia
1384 2787 1572 2841 simul.
1610 2788 1674 2840 Et
1703 2803 1818 2841 non
1849 2788 1938 2841 in-

232 2876 439 2930 tuebar
454 2874 733 2945 justitiam
765 2874 855 2927 cui
884 2874 1159 2928 servirent
1186 2873 1324 2928 boni
1355 2879 1411 2928 et
1442 2875 1619 2928 sancti
1648 2876 1932 2942 homines,

231 2969 410 3035 longe
424 2962 791 3016 excellentius
805 2966 974 3031 atque
1000 2962 1299 3015 sublimius
1320 2964 1529 3017 habere
1552 2963 1719 3017 simul
1743 2964 1937 3018 omnia

234 3069 368 3123 qum
400 3050 674 3120 praecepit
702 3047 744 3115 ‘,
774 3055 829 3102 et
857 3050 1016 3103 nulla
1061 3067 1128 3104 ex
1158 3056 1319 3120 parte
1371 3051 1597 3118 variari,
1643 3056 1698 3104 et
1742 3056 1934 3105 tamen

231 3140 409 3195 variis
429 3138 784 3209 temporibus
804 3154 917 3191 non
949 3138 1141 3192 omnia
1162 3138 1351 3204 simul,
1376 3138 1469 3191 sed
1495 3139 1726 3209 propria
1749 3139 1938 3193 distri-

234 3232 506 3286 buentem
558 3244 622 3281 ac
667 3226 1111 3298 praecipientem.
1149 3228 1211 3281 Et
1239 3228 1726 3298 reprehendebam
1757 3246 1937 3282 caecus

233 3314 366 3385 pios
395 3318 618 3384 patres;
662 3330 776 3367 non
808 3314 992 3367 solum
1024 3314 1167 3368 sicut
1195 3316 1339 3368 Deus
1364 3315 1593 3385 juberet
1636 3320 1804 3387 atque
1845 3318 1933 3370 in-

234 3402 478 3473 spiraret
521 3407 747 3456 utentes
800 3403 1203 3472 praesentibus,
1264 3420 1465 3458 verum
1511 3420 1741 3475 quoque
1793 3406 1938 3460 sicut

237 3492 388 3545 Deus
415 3492 695 3545 revelaret
721 3491 914 3545 futura
943 3492 1415 3563 praenuntiantes.

880 3598 1107 3653 CAPUT
1155 3599 1294 3652 VIII.

236 3688 440 3743 Contra
464 3686 784 3741 Manichaeos
806 3686 941 3741 dicit
970 3702 1087 3755 qua:
1123 3688 1337 3755 ﬂagitia
1364 3702 1569 3756 semper
1598 3686 1934 3754 detestanda,

879 3790 997 3842 quae
1024 3777 1293 3840 facinora.

316 3867 397 3917 15.
437 3862 725 3933 Numquid
752 3862 1059 3932 aliquando
1082 3868 1181 3917 aut
1208 3861 1416 3917 alicubi
1444 3862 1723 3933 iujustum
1746 3866 1831 3916 est
1848 3861 1935 3915 di-

236 3952 414 4021 ligere
439 3953 615 4005 Deum
647 3966 711 4004 ex
725 3955 843 4004 toto
864 3950 1053 4016 corde,
1079 3954 1133 4004 et
1163 3967 1227 4004 ex
1251 3955 1372 4005 tota
1400 3951 1612 4011 anima,
1636 3955 1695 4005 et
1722 3966 1790 4005 ex
1818 3954 1938 4005 tota

236 4044 451 4103 mente,
476 4044 531 4092 et
550 4038 787 4108 diligere
802 4038 1122 4108 proximum
1136 4042 1407 4109 tanquam
1423 4039 1501 4092 sei
1509 4054 1672 4110 psum
1693 4042 1721 4093 ‘9
1743 4041 1936 4109 itaque

235 4127 455 4197 ﬂagitia
486 4144 616 4198 quas
656 4131 789 4180 sunt
818 4131 1013 4180 contra
1044 4132 1328 4194 naturam,
1361 4127 1577 4198 ubique
1606 4144 1669 4181 ac
1712 4144 1939 4198 semper

236 4216 572 4271 detestanda
604 4220 773 4285 atque
802 4214 1091 4285 punienda
1121 4220 1279 4284 sunt,
1308 4216 1500 4287 qualia
1517 4215 1938 4271 Sodomitarum

234 4305 493 4359 fuerunt.
524 4304 661 4369 Qua;
692 4303 739 4356 si
768 4320 968 4358 omnes
998 4308 1197 4372 gentes
1226 4305 1493 4369 facerent,
1525 4306 1727 4359 eodem
1747 4304 1939 4358 crimi-

234 4393 330 4447 nis
360 4398 522 4447 reatu
551 4392 744 4447 divina
781 4392 908 4463 lege
949 4396 1301 4459 tenerentur,
1358 4409 1485 4463 qua:
1532 4409 1649 4447 non
1698 4394 1775 4447 sic
1809 4393 1939 4448 fecit

234 4481 500 4537 homines
534 4486 596 4536 ut
636 4497 693 4534 se
733 4481 831 4535 illo
875 4486 1173 4535 uterentur
1203 4480 1392 4536 modo.
1431 4481 1686 4536 Violatur
1725 4482 1938 4553 quippe

233 4569 365 4639 ipsa
394 4570 633 4623 societas
665 4586 793 4641 quae
819 4585 949 4622 cum
978 4570 1091 4622 Deo
1120 4570 1282 4624 nobis
1311 4586 1431 4623 esse
1464 4570 1651 4637 debet,
1682 4585 1811 4625 cum
1851 4585 1939 4623 ea-

234 4657 373 4711 dem
403 4660 627 4723 natura,
649 4657 812 4726 cujus
831 4656 926 4709 ille
952 4660 1153 4709 auctor
1171 4661 1275 4723 est,
1297 4657 1549 4712 libidinis
1574 4658 1938 4728 perversitate

233 4745 539 4815 polluitur.
590 4746 728 4808 Quae
761 4748 951 4797 autem
991 4748 1188 4797 contra
1232 4760 1419 4798 mores
1465 4745 1767 4800 hominum
1805 4750 1940 4799 sunt

236 4831 481 4901 ﬂagitia,
512 4847 615 4902 pro
642 4848 870 4886 morum
903 4832 1229 4888 diversitate
1270 4833 1497 4888 vitanda
1536 4838 1703 4900 sunt;
1740 4838 1805 4889 ut
1842 4850 1940 4903 pa-

237 4923 398 4975 ctum
427 4919 576 4974 inter
605 4936 663 4974 se
693 4920 934 4975 civitatis
955 4924 1052 4976 aut
1069 4922 1252 4992 gentis
1277 4921 1790 4977 consuetudinevel
1814 4922 1939 4992 lege

235 5009 556 5075 ﬁrmatum,
586 5008 746 5063 nulla
774 5008 911 5062 civis
941 5014 1041 5063 aut
1069 5009 1359 5081 peregrini
1389 5008 1627 5064 libidine
1675 5010 1935 5065 violetur.

235 5095 447 5167 Turpis
492 5096 646 5151 enim
684 5096 869 5151 omnis
914 5114 1047 5167 pars
1078 5103 1163 5153 est
1193 5114 1294 5152 suo
1325 5098 1591 5152 universo
1636 5115 1755 5153 non
1801 5115 1941 5152 con-

238 5201 480 5257 gruens.
520 5185 661 5240 Cum
690 5188 879 5240 autem
915 5188 1063 5240 Deus
1094 5186 1309 5258 aliquid
1340 5191 1538 5241 contra
1586 5201 1807 5240 morem
1843 5189 1943 5239 aut

238 5278 474 5345 pactum
510 5274 901 5345 quorumlibet
927 5275 1113 5345 jubet,
1145 5275 1248 5328 etsi
1278 5291 1576 5347 nunquam
1605 5274 1684 5329 ibi
1731 5275 1941 5328 factum

310 5417 324 5449 ι
358 5414 507 5477 Apud
543 5415 665 5463 Lov.
694 5415 905 5464 additur
937 5418 1073 5464 Deus
1098 5430 1109 5471 ;
1133 5415 1221 5464 sed
1239 5429 1301 5465 ea
1314 5430 1414 5465 vox
1430 5415 1619 5465 abesta
1642 5415 1763 5463 Mss.
1778 5417 1829 5477 et
1841 5415 1942 5477 ple-

244 5475 423 5539 risque
448 5477 595 5534 Edd.,
630 5477 754 5540 quia
781 5492 899 5539 quas
926 5478 1012 5526 hic
1030 5477 1277 5528 laudatur
1294 5478 1640 5536 Justitia,non
1665 5480 1744 5526 est
1763 5475 1861 5525 alia
1879 5477 1943 5525 ab

245 5541 360 5600 ipso
390 5540 495 5587 Deo
535 5540 624 5601 qui
663 5540 922 5602 praacepit.

1709 291 1922 348 LIBER
1971 294 2300 352 TERTIUS.

3656 314 3759 365 690

2062 422 2166 484 est,
2207 418 2529 475 faciendum
2554 425 2672 476 est:
2716 427 2772 476 et
2801 424 2846 476 si
2873 425 3164 488 omissum,
3195 427 3663 498 instaurandum;
3698 437 3757 487 et

2061 506 2106 559 si
2132 506 2453 562 institutum
2478 526 2587 562 non
2620 515 2761 576 erat,
2790 510 3201 566 instituendum
3224 520 3320 567 est.
3348 516 3403 570 Si
3429 518 3581 571 enim
3606 520 3755 591 regis

2060 594 2190 648 licet
2217 596 2275 648 in
2307 596 2530 650 civitate
2557 598 2646 650 cui
2677 605 2896 670 regnat,
2929 601 3134 671 jubere
3152 602 3367 673 aliquid
3398 606 3549 675 quod
3572 624 3755 677 neque

2060 689 2187 737 ante
2234 684 2398 738 illum
2442 686 2768 756 quisquam,
2802 705 2906 741 nec
2933 689 3051 759 ipse
3082 706 3335 761 unquam
3378 693 3665 763 jusserat;
3702 701 3757 750 et

2058 789 2175 826 non
2207 779 2399 827 contra
2430 776 2756 829 societatem
2786 778 3025 831 civitatis
3066 779 3117 832 ei
3148 780 3599 851 obteniperatur,
3637 784 3750 838 imo

2057 866 2250 915 contra
2270 862 2592 917 societatem
2633 881 2748 918 non
2762 866 3187 936 obtemperatur
3208 885 3220 922 :
3245 870 3509 937 generale
3541 872 3751 943 quippe

2055 955 2286 1018 pactum
2326 955 2409 1003 est
2439 950 2718 1005 societatis
2748 954 3014 1008 humanae
3058 955 3287 1010 obedire
3320 958 3551 1028 regibus
3595 961 3709 1013 suis
3736 978 3748 1016 :

2057 1042 2269 1115 quanto
2294 1040 2473 1109 magis
2496 1041 2609 1093 Deo
2635 1042 2921 1111 regnatori
2944 1044 3218 1099 universas
3240 1052 3512 1101 creatura}
3527 1065 3662 1115 suas,
3685 1050 3751 1103 ad

2056 1141 2121 1177 ea
2138 1110 2265 1196 quas
2285 1127 2536 1197 jusserit,
2555 1129 2675 1182 sine
2691 1130 3047 1185 dubitatione
3070 1134 3435 1190 serviendum
3449 1142 3532 1190 est
3547 1140 3575 1191 ?
3595 1138 3753 1193 Sicut

2055 1213 2279 1267 enimin
2303 1217 2679 1285 potestatibus
2703 1219 2985 1273 societatis
3006 1221 3293 1287 humanm,
3312 1225 3752 1295 majorpotestas

2053 1302 2265 1356 minori
2288 1304 2355 1356 ad
2383 1304 2764 1359 obediendum
2784 1310 3166 1379 praeponitur;
3197 1312 3270 1364 ita
3297 1313 3440 1366 Deus
3462 1314 3747 1369 omnibus.

2130 1395 2210 1445 l6.
2236 1393 2375 1445 Item
2399 1393 2458 1445 in
2488 1394 2854 1460 facinoribus,
2890 1397 2982 1450 ubi
3017 1397 3192 1452 libido
3224 1404 3309 1453 est
3341 1402 3603 1468 nocendi,
3636 1403 3751 1456 sive

2051 1495 2156 1549 per
2176 1480 2600 1545 contumeliam,
2637 1482 2751 1535 sive
2782 1500 2885 1552 per
2914 1485 3221 1555 injuriam;
3249 1493 3306 1543 et
3329 1494 3636 1560 utrumque
3664 1492 3749 1544 vel

2057 1568 2365 1621 ulciscendi
2419 1585 2604 1633 causa,
2647 1570 2791 1625 sicut
2836 1571 3068 1627 inimico
3101 1573 3406 1643 inimicus;
3450 1578 3531 1630 vel
3567 1577 3749 1647 adipi-

2056 1655 2244 1708 scendi
2276 1656 2512 1727 alicujus
2540 1663 2698 1711 extra
2727 1660 3033 1725 commodi,
3058 1661 3202 1715 sicut
3228 1663 3370 1716 latro
3393 1664 3626 1730 viatori;
3663 1667 3749 1719 vel

2054 1744 2298 1798 evitandi
2327 1745 2462 1798 mali
2492 1789 2504 1809 ,
2534 1746 2677 1799 sicut
2715 1747 2768 1799 ei
2820 1747 2920 1817 qui
2963 1749 3234 1816 timetur;
3283 1752 3370 1804 vel
3412 1751 3745 1820 invidendo,

2054 1831 2197 1885 sicut
2242 1832 2478 1886 feliciori
2528 1834 2819 1901 miserior;
2851 1841 2947 1889 aut
2971 1835 3030 1889 in
3055 1837 3245 1907 aliquo
3276 1844 3662 1908 prosperatus,
3695 1842 3748 1895 ei

2055 1936 2229 1990 quem
2257 1920 2364 1974 sibi
2394 1922 2611 1992 mquari
2644 1923 2807 1977 timet
2844 1928 2941 1977 aut
2969 1925 3248 1995 azqualem
3278 1926 3458 1993 dolet;
3496 1929 3583 1982 vel
3631 1930 3748 1983 sola

2052 2009 2342 2079 voluptate
2380 2009 2549 2062 alieni
2578 2010 2735 2076 mali,
2778 2010 2924 2065 sicut
2966 2017 3303 2082 spectatores
3343 2015 3744 2085 gladiatorum,

2054 2101 2152 2151 aut
2191 2096 2468 2163 irrisores,
2526 2102 2624 2152 aut
2669 2099 2931 2152 illusores
2970 2102 3396 2170 quorumlibet:
3440 2104 3563 2158 haec
3615 2110 3748 2159 sunt

2052 2185 2237 2256 capita
2263 2186 2601 2256 iniquitatis,
2636 2203 2763 2257 quae
2806 2188 3094 2257 pullulant
3130 2190 3485 2261 principandi
3515 2196 3571 2246 et
3617 2208 3744 2264 spe-

2051 2274 2239 2329 ctandi
2266 2280 2322 2329 et
2351 2276 2633 2329 sentiendi
2664 2276 2918 2343 libidine,
2946 2283 3210 2347 autuna,
3258 2284 3358 2333 aut
3388 2280 3608 2335 duabus
3650 2297 3743 2335 ea-

2051 2378 2202 2424 rum,
2238 2368 2335 2416 aut
2355 2364 2523 2417 simul
2545 2363 2810 2418 omnibus
2835 2381 2848 2431 ;
2877 2365 3153 2419 etvivitur
3170 2368 3315 2421 male
3346 2368 3614 2422 adversus
3636 2370 3745 2424 tria

2052 2455 2110 2504 et
2138 2456 2376 2521 septem,
2410 2450 2745 2521 psnlterium
2776 2452 2969 2505 decem
3013 2454 3357 2509 chordarum
3405 2455 3743 2527 decalogum

2051 2543 2238 2604 tuum,
2272 2541 2419 2593 Deus
2458 2540 2731 2593 altissime
2756 2545 2813 2593 et
2838 2540 3180 2597 dulcissime.
3225 2543 3330 2597 Sed
3366 2559 3494 2613 qua:
3529 2544 3745 2614 llagitia

2049 2626 2109 2680 in
2140 2631 2194 2680 te
2225 2628 2323 2698 qui
2354 2644 2470 2681 non
2500 2628 2922 2698 corrumperis?
2944 2634 3044 2683 aut
3074 2646 3202 2701 qum
3232 2631 3502 2685 adversus
3531 2636 3586 2686 te
3612 2633 3744 2686 faci-

2052 2731 2207 2779 nora,
2231 2714 2321 2768 cui
2340 2714 2532 2768 noceri
2555 2732 2667 2769 non
2682 2717 3018 2787 potest?Sed
3042 2719 3148 2771 hoc
3168 2718 3417 2772 vindicas
3434 2736 3574 2790 quas
3587 2720 3743 2790 quod

2050 2802 2109 2856 in
2136 2819 2192 2855 se
2218 2803 2475 2857 homines
2505 2808 2857 2873 perpetrant,
2888 2804 3022 2875 quia
3048 2805 3216 2859 etiam
3246 2821 3377 2859 cum
3416 2806 3475 2859 in
3519 2811 3572 2860 te
3610 2823 3741 2877 pec-

2048 2896 2200 2959 cant,
2227 2891 2406 2961 impie
2433 2891 2646 2944 faciunt
2676 2892 2735 2945 in
2765 2892 2983 2945 animas
3025 2909 3174 2959 suas,
3224 2898 3281 2946 et
3327 2894 3603 2947 mentitur
3651 2895 3738 2948 in-

2047 2979 2256 3050 iquitas
2278 2979 2406 3045 sibi,
2430 2978 2543 3032 sive
2569 2980 2989 3049 corrumpendo
3005 2996 3069 3034 ac
3089 2982 3463 3050 pervertendo
3477 2986 3739 3036 naturam

2049 3084 2209 3121 suam
2240 3084 2409 3138 quam
2442 3072 2502 3120 tu
2546 3067 2726 3121 fecisti
2775 3072 2833 3121 et
2882 3068 3177 3137 ordinasti,
3227 3070 3315 3123 vel
3362 3070 3737 3125 immoderate

2049 3156 2262 3211 utendo
2291 3156 2568 3210 concessis
2590 3148 2779 3225 rebus,
2811 3158 2897 3210 vel
2927 3156 2986 3210 in
3008 3173 3122 3210 non
3151 3173 3415 3211 concessa
3444 3158 3738 3228 ﬂagrando

2047 3246 2106 3299 in
2123 3262 2253 3299 eum
2271 3262 2436 3299 usum
2466 3245 2566 3315 qui
2588 3250 2669 3299 est
2687 3250 2881 3299 contra
2902 3250 3200 3312 naturam;
3224 3250 3323 3299 aut
3342 3246 3424 3299 rei
3446 3250 3733 3312 tenentur,

2048 3335 2239 3388 animo
2280 3338 2336 3387 et
2378 3334 2562 3387 verbis
2609 3333 2904 3387 saevientes
2944 3334 3211 3387 adversus
3248 3337 3324 3402 te,
3372 3338 3428 3387 et
3472 3334 3736 3387 adversus

2047 3422 2342 3479 stimulum
2394 3421 2774 3488 calcitrantes;
2831 3426 2929 3475 aut
2973 3438 3103 3475 cum
3149 3422 3420 3492 disruptis
3460 3422 3737 3476 limitibus

2046 3512 2315 3566 humana:
2345 3511 2643 3576 societatis,
2677 3512 2943 3565 laetantur
2989 3510 3228 3564 audaces
3276 3510 3512 3581 privatis
3549 3508 3735 3563 conci-

2047 3599 2376 3653 liationibus
2405 3603 2503 3652 aut
2535 3598 3481 3670 diremptionibus,proutquidque
3502 3598 3737 3651 delecta-

2045 3688 2189 3741 verit
2219 3693 2318 3742 aut
2347 3687 2667 3742 offenderit.
2703 3688 2767 3741 Et
2805 3703 2869 3740 ea
2901 3686 3047 3739 tiunt
3071 3702 3200 3739 cum
3230 3690 3293 3739 tu
3324 3684 3737 3756 derelinqueris

2047 3776 2171 3830 fons
2196 3776 2345 3843 vitae,
2374 3774 2472 3846 qui
2503 3792 2561 3828 es
2599 3791 2749 3828 unus
2778 3778 2835 3827 et
2864 3790 3028 3827 verus
3058 3778 3277 3827 creator
3314 3778 3371 3826 et
3398 3776 3583 3825 rector
3608 3773 3735 3826 uni-

2048 3862 2360 3930 versitatis;
2399 3866 2455 3915 et
2476 3860 2697 3932 privata
2725 3859 2993 3930 superbia
3013 3859 3273 3928 diligitur
3292 3858 3351 3912 in
3364 3863 3524 3928 parte
3553 3873 3734 3912 unum

2046 3951 2272 4005 falsum.
2306 3952 2501 4020 Itaque
2526 3949 2739 4019 pietate
2769 3947 2973 4001 humili
2994 3947 3215 4001 reditur
3243 3945 3305 3999 in
3332 3950 3409 4012 te,
3444 3950 3499 3999 et
3524 3960 3736 4015 purgas

2048 4057 2150 4093 nos
2196 4056 2229 4094 a
2276 4038 2683 4093 consuetudine
2729 4037 2898 4101 mala,
2958 4038 3014 4089 et
3054 4034 3336 4105 propitius
3385 4050 3445 4087 es
3494 4033 3736 4104 peccatis

2046 4127 2464 4192 conﬁtentium,
2515 4131 2571 4180 et
2617 4124 2845 4179 exaudis
2875 4122 3120 4194 gemitus
3168 4121 3646 4192 compeditorum,
3680 4124 3737 4173 et

2048 4214 2214 4269 solvis
2253 4231 2286 4268 a
2313 4212 2554 4267 vinculis
2581 4228 2709 4282 quas
2738 4211 2899 4265 nobis
2927 4208 3182 4272 fecimus,
3209 4208 3252 4261 si
3296 4209 3418 4279 jam
3461 4223 3579 4262 non
3623 4207 3737 4260 eri-

2048 4319 2249 4375 gamus
2286 4302 2555 4355 adversus
2592 4304 2647 4354 te
2685 4314 2901 4353 cornua
2941 4298 3096 4351 falsa;
3151 4296 3447 4363 libertatis,
3503 4294 3740 4349 avaritia

2047 4392 2176 4462 plus
2214 4389 2481 4455 habendi,
2529 4393 2585 4442 et
2631 4388 2840 4442 damno
2882 4389 3067 4439 totum
3112 4383 3443 4447 amittendi;
3493 4382 3739 4452 amplius

2048 4480 2291 4535 amando
2319 4478 2619 4549 proprium
2643 4480 2920 4543 nostrum,
2946 4489 3118 4545 quam
3140 4478 3195 4528 te
3217 4471 3475 4527 omnium
3494 4471 3737 4525 bonum.

2719 4617 2945 4672 CAPUT
2978 4617 3063 4671 IX.

2155 4719 2451 4773 Discrimen
2485 4718 2627 4769 inter
2644 4718 2889 4784 peccata,
2920 4717 2970 4766 et
2994 4714 3136 4767 inter
3167 4713 3265 4766 Dei
3279 4710 3556 4780 judicium
3585 4714 3634 4765 et

2750 4803 3037 4857 hominum.

2124 4917 2207 4966 l7.
2239 4911 2349 4967 Sed
2378 4910 2529 4964 inter
2558 4908 2776 4980 ﬂagitia
2804 4913 2860 4963 et
2883 4907 3131 4961 facinora
3160 4911 3213 4961 et
3243 4910 3362 4961 tam
3391 4908 3601 4961 multas
3639 4904 3738 4958 in-

2049 5000 2336 5071 iquitates,
2369 5002 2499 5051 sunt
2526 5002 2756 5067 peccata
2786 4995 3230 5067 proﬁcientium,
3259 5011 3388 5066 quas
3419 5011 3450 5048 a
3476 4995 3621 5049 bene
3647 4992 3739 5061 ju-

2051 5087 2369 5143 dicantibus
2395 5091 2451 5141 et
2487 5087 2883 5157 vituperantur
2920 5101 2985 5139 ex
3023 5085 3221 5155 regula
3266 5080 3653 5154 perfectionis,
3682 5083 3743 5132 et

2050 5178 2360 5233 laudantur
2389 5192 2487 5245 spe
2514 5175 2711 5245 frugis,
2740 5175 2883 5228 sicut
2905 5173 3083 5227 herba
3102 5172 3326 5242 segetis.
3353 5172 3418 5223 Et
3437 5172 3569 5222 sunt
3588 5181 3742 5235 quaa-

2052 5265 2184 5319 dam
2222 5263 2430 5317 similia
2458 5264 2546 5317 vel
2576 5262 2790 5333 ﬂagitio
2821 5262 2907 5315 vel
2939 5260 3195 5324 facinori,
3225 5263 3280 5311 et
3309 5271 3423 5309 non
3454 5257 3586 5307 sunt
3614 5268 3741 5322 pec-

2052 5358 2173 5407 cata
2198 5369 2211 5419 ;
2246 5351 2381 5424 quia
2408 5368 2511 5405 nec
2540 5357 2591 5405 te
2613 5350 2910 5405 ollendunt
2932 5348 3233 5403 Dominum
3254 5346 3432 5398 Deum
3460 5345 3738 5406 nostrum,

2053 5457 2156 5495 nec
2201 5440 2406 5495 sociale
2428 5439 2815 5493 consortium:
2859 5453 2988 5490 cum
3018 5432 3390 5488 conciliantur
3435 5428 3626 5499 aliqua
3679 5428 3741 5482 in

2057 5544 2220 5583 usum
2250 5528 2379 5583 vita:
2408 5544 2661 5599 congrua
2689 5524 2955 5596 tempori,
2987 5528 3041 5576 et
3075 5522 3353 5574 incertum
3382 5520 3465 5573 est
3492 5532 3565 5570 an
3612 5515 3739 5570 libi-
