  <div class='ocr_page' id='page_1' title='image "/cluster/home/n/w/nwhite01/storage/ocr_20150623/32/umn.31951002477326y/357.png"; bbox 0 0 4058 6358; ppageno 0'>
   <div class='ocr_carea' id='block_1_1' title="bbox 331 315 2636 385">
    <p class='ocr_par' dir='ltr' id='par_1_1' title="bbox 331 315 2636 385">
     <span class='ocr_line' id='line_1_1' title="bbox 331 315 2636 385; baseline -0.007 0"><span class='ocrx_word' id='word_1_1' title='bbox 331 336 424 385; x_wconf 69' lang='lat'>691</span> <span class='ocrx_word' id='word_1_2' title='bbox 1517 323 1647 377; x_wconf 64' lang='grc' dir='ltr'>ΕΘΝ</span> <span class='ocrx_word' id='word_1_3' title='bbox 1660 320 2054 375; x_wconf 82' lang='lat' dir='ltr'>FESSIONUM</span> <span class='ocrx_word' id='word_1_4' title='bbox 2108 321 2157 371; x_wconf 67' lang='grc' dir='ltr'>ὃ.</span> <span class='ocrx_word' id='word_1_5' title='bbox 2234 315 2636 372; x_wconf 71' lang='lat' dir='ltr'>AUGUSTINI.</span> 
     </span>
    </p>
   </div>
   <div class='ocr_carea' id='block_1_2' title="bbox 330 444 2024 520">
    <p class='ocr_par' dir='ltr' id='par_1_2' title="bbox 330 444 2024 520">
     <span class='ocr_line' id='line_1_2' title="bbox 330 444 2024 520; baseline -0.008 -11"><span class='ocrx_word' id='word_1_6' title='bbox 330 455 462 508; x_wconf 87' lang='lat' dir='ltr'>dine</span> <span class='ocrx_word' id='word_1_7' title='bbox 480 451 731 507; x_wconf 83' lang='lat' dir='ltr'>habendi</span> <span class='ocrx_word' id='word_1_8' title='bbox 759 467 772 517; x_wconf 89' lang='lat'>;</span> <span class='ocrx_word' id='word_1_9' title='bbox 803 455 898 503; x_wconf 88' lang='lat' dir='ltr'>ant</span> <span class='ocrx_word' id='word_1_10' title='bbox 927 449 1246 520; x_wconf 88' lang='lat' dir='ltr'>puniuntur</span> <span class='ocrx_word' id='word_1_11' title='bbox 1271 444 1593 517; x_wconf 82' lang='lat' dir='ltr'>corrigendi</span> <span class='ocrx_word' id='word_1_12' title='bbox 1630 444 1814 499; x_wconf 91' lang='lat' dir='ltr'>studio</span> <span class='ocrx_word' id='word_1_13' title='bbox 1861 448 2024 512; x_wconf 89' lang='lat' dir='ltr'>pote-</span> 
     </span>
    </p>
   </div>
   <div class='ocr_carea' id='block_1_3' title="bbox 331 530 2022 604">
    <p class='ocr_par' dir='ltr' id='par_1_3' title="bbox 331 530 2022 604">
     <span class='ocr_line' id='line_1_3' title="bbox 331 530 2022 604; baseline -0.008 -7"><span class='ocrx_word' id='word_1_14' title='bbox 331 547 471 596; x_wconf 81' lang='lat' dir='ltr'>state</span> <span class='ocrx_word' id='word_1_15' title='bbox 522 540 802 604; x_wconf 90' lang='lat' dir='ltr'>ordinata,</span> <span class='ocrx_word' id='word_1_16' title='bbox 852 542 908 590; x_wconf 93' lang='lat' dir='ltr'>et</span> <span class='ocrx_word' id='word_1_17' title='bbox 948 537 1230 590; x_wconf 88' lang='lat' dir='ltr'>incertum</span> <span class='ocrx_word' id='word_1_18' title='bbox 1260 539 1346 588; x_wconf 91' lang='lat' dir='ltr'>est</span> <span class='ocrx_word' id='word_1_19' title='bbox 1383 551 1456 588; x_wconf 91' lang='lat' dir='ltr'>an</span> <span class='ocrx_word' id='word_1_20' title='bbox 1485 533 1721 587; x_wconf 84' lang='lat' dir='ltr'>libidine</span> <span class='ocrx_word' id='word_1_21' title='bbox 1759 530 2022 585; x_wconf 87' lang='lat' dir='ltr'>nocendi.</span> 
     </span>
    </p>
   </div>
   <div class='ocr_carea' id='block_1_4' title="bbox 335 619 2028 698">
    <p class='ocr_par' dir='ltr' id='par_1_4' title="bbox 335 619 2028 698">
     <span class='ocr_line' id='line_1_4' title="bbox 335 619 2028 698; baseline -0.007 -14"><span class='ocrx_word' id='word_1_22' title='bbox 335 632 505 685; x_wconf 80' lang='lat' dir='ltr'>Multa</span> <span class='ocrx_word' id='word_1_23' title='bbox 533 629 727 698; x_wconf 77' lang='lat' dir='ltr'>itaque</span> <span class='ocrx_word' id='word_1_24' title='bbox 757 627 904 680; x_wconf 88' lang='lat' dir='ltr'>facta</span> <span class='ocrx_word' id='word_1_25' title='bbox 929 641 1057 696; x_wconf 77' lang='lat' dir='ltr'>quae</span> <span class='ocrx_word' id='word_1_26' title='bbox 1086 622 1413 679; x_wconf 88' lang='lat' dir='ltr'>hominibus</span> <span class='ocrx_word' id='word_1_27' title='bbox 1458 621 1840 692; x_wconf 88' lang='lat' dir='ltr'>improbanda</span> <span class='ocrx_word' id='word_1_28' title='bbox 1879 619 2028 673; x_wconf 87' lang='lat' dir='ltr'>vide-</span> 
     </span>
    </p>
   </div>
   <div class='ocr_carea' id='block_1_5' title="bbox 336 708 2028 786">
    <p class='ocr_par' dir='ltr' id='par_1_5' title="bbox 336 708 2028 786">
     <span class='ocr_line' id='line_1_5' title="bbox 336 708 2028 786; baseline -0.008 -14"><span class='ocrx_word' id='word_1_29' title='bbox 336 722 554 786; x_wconf 78' lang='lat' dir='ltr'>rentur,</span> <span class='ocrx_word' id='word_1_30' title='bbox 571 714 897 770; x_wconf 89' lang='lat' dir='ltr'>testimonio</span> <span class='ocrx_word' id='word_1_31' title='bbox 919 718 1014 767; x_wconf 90' lang='lat' dir='ltr'>tuo</span> <span class='ocrx_word' id='word_1_32' title='bbox 1029 713 1340 783; x_wconf 89' lang='lat' dir='ltr'>approbata</span> <span class='ocrx_word' id='word_1_33' title='bbox 1353 716 1486 765; x_wconf 92' lang='lat' dir='ltr'>sunt</span> <span class='ocrx_word' id='word_1_34' title='bbox 1508 727 1521 776; x_wconf 89' lang='lat'><strong>;</strong></span> <span class='ocrx_word' id='word_1_35' title='bbox 1541 714 1595 763; x_wconf 90' lang='lat' dir='ltr'>et</span> <span class='ocrx_word' id='word_1_36' title='bbox 1607 709 1788 763; x_wconf 89' lang='lat' dir='ltr'>multa</span> <span class='ocrx_word' id='word_1_37' title='bbox 1802 708 2028 762; x_wconf 90' lang='lat' dir='ltr'>laudata</span> 
     </span>
    </p>
   </div>
   <div class='ocr_carea' id='block_1_6' title="bbox 331 795 2027 870">
    <p class='ocr_par' dir='ltr' id='par_1_6' title="bbox 331 795 2027 870">
     <span class='ocr_line' id='line_1_6' title="bbox 331 795 2027 870; baseline -0.008 -9"><span class='ocrx_word' id='word_1_38' title='bbox 331 807 404 860; x_wconf 88' lang='lat' dir='ltr'>ab</span> <span class='ocrx_word' id='word_1_39' title='bbox 429 804 782 870; x_wconf 90' lang='lat' dir='ltr'>hominibus,</span> <span class='ocrx_word' id='word_1_40' title='bbox 815 807 867 856; x_wconf 91' lang='lat' dir='ltr'>te</span> <span class='ocrx_word' id='word_1_41' title='bbox 897 807 1041 856; x_wconf 90' lang='lat' dir='ltr'>teste</span> <span class='ocrx_word' id='word_1_42' title='bbox 1073 802 1461 855; x_wconf 81' lang='lat' dir='ltr'>damnantur:</span> <span class='ocrx_word' id='word_1_43' title='bbox 1499 815 1629 852; x_wconf 89' lang='lat' dir='ltr'>cum</span> <span class='ocrx_word' id='word_1_44' title='bbox 1660 813 1810 867; x_wconf 64' lang='lat' dir='ltr'>smpe</span> <span class='ocrx_word' id='word_1_45' title='bbox 1838 813 1895 849; x_wconf 91' lang='lat' dir='ltr'>se</span> <span class='ocrx_word' id='word_1_46' title='bbox 1922 795 2027 848; x_wconf 89' lang='lat' dir='ltr'>ali-</span> 
     </span>
    </p>
   </div>
   <div class='ocr_carea' id='block_1_7' title="bbox 332 886 2026 962">
    <p class='ocr_par' dir='ltr' id='par_1_7' title="bbox 332 886 2026 962">
     <span class='ocr_line' id='line_1_7' title="bbox 332 886 2026 962; baseline -0.007 -14"><span class='ocrx_word' id='word_1_47' title='bbox 332 901 418 948; x_wconf 88' lang='lat' dir='ltr'>ter</span> <span class='ocrx_word' id='word_1_48' title='bbox 439 893 610 948; x_wconf 85' lang='lat' dir='ltr'>habet</span> <span class='ocrx_word' id='word_1_49' title='bbox 637 891 850 962; x_wconf 85' lang='lat' dir='ltr'>species</span> <span class='ocrx_word' id='word_1_50' title='bbox 875 890 1027 956; x_wconf 89' lang='lat' dir='ltr'>facti,</span> <span class='ocrx_word' id='word_1_51' title='bbox 1063 894 1118 943; x_wconf 90' lang='lat' dir='ltr'>et</span> <span class='ocrx_word' id='word_1_52' title='bbox 1165 888 1330 942; x_wconf 83' lang='lat' dir='ltr'>aliter</span> <span class='ocrx_word' id='word_1_53' title='bbox 1361 886 1619 941; x_wconf 84' lang='lat' dir='ltr'>facientis</span> <span class='ocrx_word' id='word_1_54' title='bbox 1667 886 1912 950; x_wconf 89' lang='lat' dir='ltr'>animus,</span> <span class='ocrx_word' id='word_1_55' title='bbox 1945 887 2026 936; x_wconf 90' lang='lat' dir='ltr'>at-</span> 
     </span>
    </p>
   </div>
   <div class='ocr_carea' id='block_1_8' title="bbox 333 972 2026 1054">
    <p class='ocr_par' dir='ltr' id='par_1_8' title="bbox 333 972 2026 1054">
     <span class='ocr_line' id='line_1_8' title="bbox 333 972 2026 1054; baseline -0.008 -18"><span class='ocrx_word' id='word_1_56' title='bbox 333 999 444 1054; x_wconf 89' lang='lat' dir='ltr'>que</span> <span class='ocrx_word' id='word_1_57' title='bbox 471 982 741 1036; x_wconf 83' lang='lat' dir='ltr'>articulus</span> <span class='ocrx_word' id='word_1_58' title='bbox 768 978 974 1033; x_wconf 86' lang='lat' dir='ltr'>occulti</span> <span class='ocrx_word' id='word_1_59' title='bbox 1004 977 1300 1047; x_wconf 88' lang='lat' dir='ltr'>temporis.</span> <span class='ocrx_word' id='word_1_60' title='bbox 1344 977 1484 1031; x_wconf 86' lang='lat' dir='ltr'>Cum</span> <span class='ocrx_word' id='word_1_61' title='bbox 1531 990 1662 1028; x_wconf 90' lang='lat' dir='ltr'>vero</span> <span class='ocrx_word' id='word_1_62' title='bbox 1703 972 1918 1043; x_wconf 88' lang='lat' dir='ltr'>aliquid</span> <span class='ocrx_word' id='word_1_63' title='bbox 1967 976 2026 1024; x_wconf 91' lang='lat' dir='ltr'>tu</span> 
     </span>
    </p>
   </div>
   <div class='ocr_carea' id='block_1_9' title="bbox 334 1058 2028 1142">
    <p class='ocr_par' dir='ltr' id='par_1_9' title="bbox 334 1058 2028 1142">
     <span class='ocr_line' id='line_1_9' title="bbox 334 1058 2028 1142; baseline -0.007 -18"><span class='ocrx_word' id='word_1_64' title='bbox 334 1075 567 1142; x_wconf 89' lang='lat' dir='ltr'>repente</span> <span class='ocrx_word' id='word_1_65' title='bbox 600 1069 934 1123; x_wconf 83' lang='lat' dir='ltr'>inusitatum</span> <span class='ocrx_word' id='word_1_66' title='bbox 960 1070 1016 1120; x_wconf 90' lang='lat' dir='ltr'>et</span> <span class='ocrx_word' id='word_1_67' title='bbox 1043 1064 1418 1135; x_wconf 84' lang='lat' dir='ltr'>improvisum</span> <span class='ocrx_word' id='word_1_68' title='bbox 1468 1063 1736 1132; x_wconf 84' lang='lat' dir='ltr'>imperas,</span> <span class='ocrx_word' id='word_1_69' title='bbox 1779 1060 1952 1114; x_wconf 87' lang='lat' dir='ltr'>etiam</span> <span class='ocrx_word' id='word_1_70' title='bbox 1983 1058 2028 1112; x_wconf 92' lang='lat' dir='ltr'>si</span> 
     </span>
    </p>
   </div>
   <div class='ocr_carea' id='block_1_10' title="bbox 335 1147 2029 1229">
    <p class='ocr_par' dir='ltr' id='par_1_10' title="bbox 335 1147 2029 1229">
     <span class='ocr_line' id='line_1_10' title="bbox 335 1147 2029 1229; baseline -0.008 -15"><span class='ocrx_word' id='word_1_71' title='bbox 335 1163 442 1215; x_wconf 89' lang='lat' dir='ltr'>hoc</span> <span class='ocrx_word' id='word_1_72' title='bbox 470 1157 776 1229; x_wconf 85' lang='lat' dir='ltr'>aliquando</span> <span class='ocrx_word' id='word_1_73' title='bbox 814 1154 1062 1222; x_wconf 86' lang='lat' dir='ltr'>vetuisti,</span> <span class='ocrx_word' id='word_1_74' title='bbox 1111 1152 1372 1224; x_wconf 85' lang='lat' dir='ltr'>quamvis</span> <span class='ocrx_word' id='word_1_75' title='bbox 1415 1167 1644 1204; x_wconf 84' lang='lat' dir='ltr'>causam</span> <span class='ocrx_word' id='word_1_76' title='bbox 1691 1148 1917 1220; x_wconf 90' lang='lat' dir='ltr'>imperii</span> <span class='ocrx_word' id='word_1_77' title='bbox 1946 1147 2029 1201; x_wconf 92' lang='lat' dir='ltr'>tui</span> 
     </span>
    </p>
   </div>
   <div class='ocr_carea' id='block_1_11' title="bbox 335 1236 2032 1320">
    <p class='ocr_par' dir='ltr' id='par_1_11' title="bbox 335 1236 2032 1320">
     <span class='ocr_line' id='line_1_11' title="bbox 335 1236 2032 1320; baseline -0.008 -18"><span class='ocrx_word' id='word_1_78' title='bbox 335 1265 437 1320; x_wconf 90' lang='lat' dir='ltr'>pro</span> <span class='ocrx_word' id='word_1_79' title='bbox 465 1252 723 1316; x_wconf 89' lang='lat' dir='ltr'>tempore</span> <span class='ocrx_word' id='word_1_80' title='bbox 761 1245 1026 1309; x_wconf 89' lang='lat' dir='ltr'>occultes,</span> <span class='ocrx_word' id='word_1_81' title='bbox 1058 1247 1113 1295; x_wconf 92' lang='lat' dir='ltr'>et</span> <span class='ocrx_word' id='word_1_82' title='bbox 1151 1240 1412 1312; x_wconf 89' lang='lat' dir='ltr'>quamvis</span> <span class='ocrx_word' id='word_1_83' title='bbox 1448 1244 1647 1292; x_wconf 90' lang='lat' dir='ltr'>contra</span> <span class='ocrx_word' id='word_1_84' title='bbox 1689 1241 1921 1307; x_wconf 90' lang='lat' dir='ltr'>pactum</span> <span class='ocrx_word' id='word_1_85' title='bbox 1960 1236 2032 1290; x_wconf 87' lang='lat' dir='ltr'>sit</span> 
     </span>
    </p>
   </div>
   <div class='ocr_carea' id='block_1_12' title="bbox 335 1324 2028 1406">
    <p class='ocr_par' dir='ltr' id='par_1_12' title="bbox 335 1324 2028 1406">
     <span class='ocr_line' id='line_1_12' title="bbox 335 1324 2028 1406; baseline -0.008 -16"><span class='ocrx_word' id='word_1_86' title='bbox 335 1336 664 1406; x_wconf 89' lang='lat' dir='ltr'>aliquorum</span> <span class='ocrx_word' id='word_1_87' title='bbox 690 1332 993 1387; x_wconf 86' lang='lat' dir='ltr'>hominum</span> <span class='ocrx_word' id='word_1_88' title='bbox 1023 1328 1306 1384; x_wconf 87' lang='lat' dir='ltr'>societatis</span> <span class='ocrx_word' id='word_1_89' title='bbox 1332 1348 1346 1394; x_wconf 87' lang='lat'><strong>;</strong></span> <span class='ocrx_word' id='word_1_90' title='bbox 1375 1327 1502 1398; x_wconf 82' lang='lat' dir='ltr'>quis</span> <span class='ocrx_word' id='word_1_91' title='bbox 1533 1325 1755 1381; x_wconf 90' lang='lat' dir='ltr'>dubitet</span> <span class='ocrx_word' id='word_1_92' title='bbox 1780 1341 1900 1379; x_wconf 92' lang='lat' dir='ltr'>esse</span> <span class='ocrx_word' id='word_1_93' title='bbox 1945 1324 2028 1377; x_wconf 91' lang='lat' dir='ltr'>fa-</span> 
     </span>
    </p>
   </div>
   <div class='ocr_carea' id='block_1_13' title="bbox 337 1413 2030 1493">
    <p class='ocr_par' dir='ltr' id='par_1_13' title="bbox 337 1413 2030 1493">
     <span class='ocr_line' id='line_1_13' title="bbox 337 1413 2030 1493; baseline -0.008 -15"><span class='ocrx_word' id='word_1_94' title='bbox 337 1424 623 1490; x_wconf 90' lang='lat' dir='ltr'>ciendum,</span> <span class='ocrx_word' id='word_1_95' title='bbox 657 1421 887 1493; x_wconf 87' lang='lat' dir='ltr'>quando</span> <span class='ocrx_word' id='word_1_96' title='bbox 919 1436 986 1472; x_wconf 90' lang='lat' dir='ltr'>ea</span> <span class='ocrx_word' id='word_1_97' title='bbox 1008 1419 1163 1489; x_wconf 88' lang='lat' dir='ltr'>justa</span> <span class='ocrx_word' id='word_1_98' title='bbox 1189 1422 1274 1471; x_wconf 87' lang='lat' dir='ltr'>est</span> <span class='ocrx_word' id='word_1_99' title='bbox 1294 1417 1532 1470; x_wconf 87' lang='lat' dir='ltr'>societas</span> <span class='ocrx_word' id='word_1_100' title='bbox 1552 1413 1877 1477; x_wconf 84' lang='lat' dir='ltr'>hominum,</span> <span class='ocrx_word' id='word_1_101' title='bbox 1900 1428 2030 1482; x_wconf 62' lang='lat' dir='ltr'>quae</span> 
     </span>
    </p>
   </div>
   <div class='ocr_carea' id='block_1_14' title="bbox 339 1502 2034 1578">
    <p class='ocr_par' dir='ltr' id='par_1_14' title="bbox 339 1502 2034 1578">
     <span class='ocr_line' id='line_1_14' title="bbox 339 1502 2034 1578; baseline -0.006 -12"><span class='ocrx_word' id='word_1_102' title='bbox 339 1512 508 1566; x_wconf 82' lang='lat' dir='ltr'>servit</span> <span class='ocrx_word' id='word_1_103' title='bbox 550 1511 701 1564; x_wconf 83' lang='lat' dir='ltr'>tibi?</span> <span class='ocrx_word' id='word_1_104' title='bbox 734 1510 840 1564; x_wconf 90' lang='lat' dir='ltr'>Sed</span> <span class='ocrx_word' id='word_1_105' title='bbox 868 1508 1018 1563; x_wconf 87' lang='lat' dir='ltr'>beati</span> <span class='ocrx_word' id='word_1_106' title='bbox 1049 1507 1148 1578; x_wconf 89' lang='lat' dir='ltr'>qui</span> <span class='ocrx_word' id='word_1_107' title='bbox 1177 1511 1232 1560; x_wconf 93' lang='lat' dir='ltr'>te</span> <span class='ocrx_word' id='word_1_108' title='bbox 1275 1505 1582 1576; x_wconf 84' lang='lat' dir='ltr'>imperasse</span> <span class='ocrx_word' id='word_1_109' title='bbox 1624 1502 1828 1557; x_wconf 89' lang='lat' dir='ltr'>sciunt.</span> <span class='ocrx_word' id='word_1_110' title='bbox 1867 1502 2034 1555; x_wconf 79' lang='lat' dir='ltr'>Fiunt</span> 
     </span>
    </p>
   </div>
   <div class='ocr_carea' id='block_1_15' title="bbox 339 1589 2032 1663">
    <p class='ocr_par' dir='ltr' id='par_1_15' title="bbox 339 1589 2032 1663">
     <span class='ocr_line' id='line_1_15' title="bbox 339 1589 2032 1663; baseline -0.008 -8"><span class='ocrx_word' id='word_1_111' title='bbox 339 1600 495 1654; x_wconf 91' lang='lat' dir='ltr'>enim</span> <span class='ocrx_word' id='word_1_112' title='bbox 551 1599 743 1652; x_wconf 87' lang='lat' dir='ltr'>omnia</span> <span class='ocrx_word' id='word_1_113' title='bbox 791 1614 822 1650; x_wconf 92' lang='lat' dir='ltr'>a</span> <span class='ocrx_word' id='word_1_114' title='bbox 861 1595 1232 1650; x_wconf 85' lang='lat' dir='ltr'>servientibus</span> <span class='ocrx_word' id='word_1_115' title='bbox 1261 1594 1388 1663; x_wconf 87' lang='lat' dir='ltr'>tibi,</span> <span class='ocrx_word' id='word_1_116' title='bbox 1417 1593 1506 1647; x_wconf 87' lang='lat' dir='ltr'>vel</span> <span class='ocrx_word' id='word_1_117' title='bbox 1535 1591 1608 1646; x_wconf 92' lang='lat' dir='ltr'>ad</span> <span class='ocrx_word' id='word_1_118' title='bbox 1654 1589 2032 1644; x_wconf 77' lang='lat' dir='ltr'>exhibendum</span> 
     </span>
    </p>
   </div>
   <div class='ocr_carea' id='block_1_16' title="bbox 341 1677 2027 1759">
    <p class='ocr_par' dir='ltr' id='par_1_16' title="bbox 341 1677 2027 1759">
     <span class='ocr_line' id='line_1_16' title="bbox 341 1677 2027 1759; baseline -0.008 -17"><span class='ocrx_word' id='word_1_119' title='bbox 341 1687 490 1759; x_wconf 86' lang='lat' dir='ltr'>quod</span> <span class='ocrx_word' id='word_1_120' title='bbox 512 1688 578 1740; x_wconf 90' lang='lat' dir='ltr'>ad</span> <span class='ocrx_word' id='word_1_121' title='bbox 603 1701 855 1757; x_wconf 63' lang='lat' dir='ltr'>praisens</span> <span class='ocrx_word' id='word_1_122' title='bbox 875 1700 1019 1754; x_wconf 89' lang='lat' dir='ltr'>opus</span> <span class='ocrx_word' id='word_1_123' title='bbox 1031 1689 1136 1747; x_wconf 90' lang='lat' dir='ltr'>est,</span> <span class='ocrx_word' id='word_1_124' title='bbox 1159 1684 1246 1736; x_wconf 89' lang='lat' dir='ltr'>vel</span> <span class='ocrx_word' id='word_1_125' title='bbox 1270 1683 1339 1736; x_wconf 88' lang='lat' dir='ltr'>ad</span> <span class='ocrx_word' id='word_1_126' title='bbox 1360 1682 1549 1734; x_wconf 89' lang='lat' dir='ltr'>futura</span> <span class='ocrx_word' id='word_1_127' title='bbox 1569 1677 2027 1748; x_wconf 68' lang='lat' dir='ltr'>praenuntiantia.</span> 
     </span>
    </p>
   </div>
   <div class='ocr_carea' id='block_1_17' title="bbox 1025 1807 1341 1860">
    <p class='ocr_par' dir='ltr' id='par_1_17' title="bbox 1025 1807 1341 1860">
     <span class='ocr_line' id='line_1_17' title="bbox 1025 1807 1341 1860; baseline -0.009 0"><span class='ocrx_word' id='word_1_128' title='bbox 1025 1807 1251 1860; x_wconf 71' lang='lat' dir='ltr'>CAPUT</span> <span class='ocrx_word' id='word_1_129' title='bbox 1282 1807 1341 1858; x_wconf 82' lang='grc' dir='ltr'>Χ.</span> 
     </span>
    </p>
   </div>
   <div class='ocr_carea' id='block_1_18' title="bbox 589 1891 1780 1963">
    <p class='ocr_par' dir='ltr' id='par_1_18' title="bbox 589 1891 1780 1963">
     <span class='ocr_line' id='line_1_18' title="bbox 589 1891 1780 1963; baseline -0.008 -10"><span class='ocrx_word' id='word_1_130' title='bbox 589 1899 754 1963; x_wconf 77' lang='lat' dir='ltr'>Nugae</span> <span class='ocrx_word' id='word_1_131' title='bbox 779 1897 1196 1951; x_wconf 76' lang='lat' dir='ltr'>Manichaeorum</span> <span class='ocrx_word' id='word_1_132' title='bbox 1225 1894 1291 1947; x_wconf 77' lang='lat' dir='ltr'>de.</span> <span class='ocrx_word' id='word_1_133' title='bbox 1311 1898 1466 1946; x_wconf 73' lang='lat' dir='ltr'>terrae</span> <span class='ocrx_word' id='word_1_134' title='bbox 1488 1891 1780 1958; x_wconf 84' lang='lat' dir='ltr'>fructibus.</span> 
     </span>
    </p>
   </div>
   <div class='ocr_carea' id='block_1_19' title="bbox 423 1995 2035 2071">
    <p class='ocr_par' dir='ltr' id='par_1_19' title="bbox 423 1995 2035 2071">
     <span class='ocr_line' id='line_1_19' title="bbox 423 1995 2035 2071; baseline -0.008 -15"><span class='ocrx_word' id='word_1_135' title='bbox 423 2006 499 2056; x_wconf 85' lang='lat' dir='ltr'>l8.</span> <span class='ocrx_word' id='word_1_136' title='bbox 530 2003 655 2055; x_wconf 59' lang='lat' dir='ltr'>Habe</span> <span class='ocrx_word' id='word_1_137' title='bbox 683 2016 788 2071; x_wconf 93' lang='lat' dir='ltr'>ego</span> <span class='ocrx_word' id='word_1_138' title='bbox 819 1998 1093 2064; x_wconf 90' lang='lat' dir='ltr'>nesciens,</span> <span class='ocrx_word' id='word_1_139' title='bbox 1139 1996 1445 2050; x_wconf 90' lang='lat' dir='ltr'>irridebam</span> <span class='ocrx_word' id='word_1_140' title='bbox 1477 1995 1607 2048; x_wconf 91' lang='lat' dir='ltr'>illos</span> <span class='ocrx_word' id='word_1_141' title='bbox 1647 1996 1865 2047; x_wconf 90' lang='lat' dir='ltr'>sanctos</span> <span class='ocrx_word' id='word_1_142' title='bbox 1911 2008 2035 2044; x_wconf 88' lang='lat' dir='ltr'>ser-</span> 
     </span>
    </p>
   </div>
   <div class='ocr_carea' id='block_1_20' title="bbox 342 2080 2036 2159">
    <p class='ocr_par' dir='ltr' id='par_1_20' title="bbox 342 2080 2036 2159">
     <span class='ocr_line' id='line_1_20' title="bbox 342 2080 2036 2159; baseline -0.005 -18"><span class='ocrx_word' id='word_1_143' title='bbox 342 2107 438 2144; x_wconf 90' lang='lat' dir='ltr'>vos</span> <span class='ocrx_word' id='word_1_144' title='bbox 458 2094 515 2142; x_wconf 91' lang='lat' dir='ltr'>et</span> <span class='ocrx_word' id='word_1_145' title='bbox 538 2089 846 2159; x_wconf 84' lang='lat' dir='ltr'>Prophetas</span> <span class='ocrx_word' id='word_1_146' title='bbox 872 2091 1022 2141; x_wconf 91' lang='lat' dir='ltr'>tuos.</span> <span class='ocrx_word' id='word_1_147' title='bbox 1055 2087 1118 2139; x_wconf 84' lang='lat' dir='ltr'>Et</span> <span class='ocrx_word' id='word_1_148' title='bbox 1148 2085 1286 2156; x_wconf 90' lang='lat' dir='ltr'>quid</span> <span class='ocrx_word' id='word_1_149' title='bbox 1311 2084 1548 2154; x_wconf 82' lang='lat' dir='ltr'>agebam</span> <span class='ocrx_word' id='word_1_150' title='bbox 1578 2080 2036 2136; x_wconf 89' lang='lat' dir='ltr'>cumirridebam</span> 
     </span>
    </p>
   </div>
   <div class='ocr_carea' id='block_1_21' title="bbox 343 2168 2036 2243">
    <p class='ocr_par' dir='ltr' id='par_1_21' title="bbox 343 2168 2036 2243">
     <span class='ocr_line' id='line_1_21' title="bbox 343 2168 2036 2243; baseline -0.006 -12"><span class='ocrx_word' id='word_1_151' title='bbox 343 2193 461 2243; x_wconf 87' lang='lat' dir='ltr'>eos,</span> <span class='ocrx_word' id='word_1_152' title='bbox 495 2176 604 2230; x_wconf 92' lang='lat' dir='ltr'>nisi</span> <span class='ocrx_word' id='word_1_153' title='bbox 636 2181 699 2230; x_wconf 92' lang='lat' dir='ltr'>ut</span> <span class='ocrx_word' id='word_1_154' title='bbox 728 2175 997 2228; x_wconf 90' lang='lat' dir='ltr'>irriderer</span> <span class='ocrx_word' id='word_1_155' title='bbox 1029 2173 1130 2226; x_wconf 87' lang='lat' dir='ltr'>abs</span> <span class='ocrx_word' id='word_1_156' title='bbox 1159 2177 1214 2226; x_wconf 90' lang='lat' dir='ltr'>te</span> <span class='ocrx_word' id='word_1_157' title='bbox 1241 2189 1253 2237; x_wconf 92' lang='lat'><strong>;</strong></span> <span class='ocrx_word' id='word_1_158' title='bbox 1287 2171 1497 2225; x_wconf 90' lang='lat' dir='ltr'>sensim</span> <span class='ocrx_word' id='word_1_159' title='bbox 1545 2175 1715 2240; x_wconf 91' lang='lat' dir='ltr'>atque</span> <span class='ocrx_word' id='word_1_160' title='bbox 1756 2168 2036 2238; x_wconf 90' lang='lat' dir='ltr'>paulatim</span> 
     </span>
    </p>
   </div>
   <div class='ocr_carea' id='block_1_22' title="bbox 343 2257 2036 2334">
    <p class='ocr_par' dir='ltr' id='par_1_22' title="bbox 343 2257 2036 2334">
     <span class='ocr_line' id='line_1_22' title="bbox 343 2257 2036 2334; baseline -0.006 -16"><span class='ocrx_word' id='word_1_161' title='bbox 343 2266 646 2334; x_wconf 90' lang='lat' dir='ltr'>perductus</span> <span class='ocrx_word' id='word_1_162' title='bbox 669 2264 741 2318; x_wconf 93' lang='lat' dir='ltr'>ad</span> <span class='ocrx_word' id='word_1_163' title='bbox 772 2280 866 2316; x_wconf 91' lang='lat' dir='ltr'>eas</span> <span class='ocrx_word' id='word_1_164' title='bbox 911 2278 1115 2332; x_wconf 90' lang='lat' dir='ltr'>nugas,</span> <span class='ocrx_word' id='word_1_165' title='bbox 1160 2265 1223 2314; x_wconf 90' lang='lat' dir='ltr'>ut</span> <span class='ocrx_word' id='word_1_166' title='bbox 1271 2260 1558 2314; x_wconf 88' lang='lat' dir='ltr'>crederem</span> <span class='ocrx_word' id='word_1_167' title='bbox 1607 2259 1777 2312; x_wconf 78' lang='lat' dir='ltr'>ticum</span> <span class='ocrx_word' id='word_1_168' title='bbox 1811 2257 2036 2327; x_wconf 89' lang='lat' dir='ltr'>plorare</span> 
     </span>
    </p>
   </div>
   <div class='ocr_carea' id='block_1_23' title="bbox 345 2344 2036 2422">
    <p class='ocr_par' dir='ltr' id='par_1_23' title="bbox 345 2344 2036 2422">
     <span class='ocr_line' id='line_1_23' title="bbox 345 2344 2036 2422; baseline -0.007 -15"><span class='ocrx_word' id='word_1_169' title='bbox 345 2369 474 2407; x_wconf 92' lang='lat' dir='ltr'>cum</span> <span class='ocrx_word' id='word_1_170' title='bbox 520 2351 862 2422; x_wconf 84' lang='lat' dir='ltr'>decerpitur,</span> <span class='ocrx_word' id='word_1_171' title='bbox 906 2355 963 2404; x_wconf 91' lang='lat' dir='ltr'>et</span> <span class='ocrx_word' id='word_1_172' title='bbox 1010 2355 1252 2403; x_wconf 86' lang='lat' dir='ltr'>matrem</span> <span class='ocrx_word' id='word_1_173' title='bbox 1308 2349 1430 2418; x_wconf 86' lang='lat' dir='ltr'>ejus</span> <span class='ocrx_word' id='word_1_174' title='bbox 1474 2348 1738 2400; x_wconf 86' lang='lat' dir='ltr'>arborem</span> <span class='ocrx_word' id='word_1_175' title='bbox 1769 2344 2036 2414; x_wconf 81' lang='lat' dir='ltr'>lacrymis</span> 
     </span>
    </p>
   </div>
   <div class='ocr_carea' id='block_1_24' title="bbox 348 2434 2038 2505">
    <p class='ocr_par' dir='ltr' id='par_1_24' title="bbox 348 2434 2038 2505">
     <span class='ocr_line' id='line_1_24' title="bbox 348 2434 2038 2505; baseline -0.007 -9"><span class='ocrx_word' id='word_1_176' title='bbox 348 2442 584 2496; x_wconf 84' lang='lat' dir='ltr'>lacteis?</span> <span class='ocrx_word' id='word_1_177' title='bbox 615 2443 796 2505; x_wconf 85' lang='lat' dir='ltr'>Quam</span> <span class='ocrx_word' id='word_1_178' title='bbox 822 2445 1015 2494; x_wconf 89' lang='lat' dir='ltr'>tamen</span> <span class='ocrx_word' id='word_1_179' title='bbox 1045 2439 1216 2491; x_wconf 81' lang='lat' dir='ltr'>ticum</span> <span class='ocrx_word' id='word_1_180' title='bbox 1247 2437 1292 2490; x_wconf 88' lang='lat' dir='ltr'>si</span> <span class='ocrx_word' id='word_1_181' title='bbox 1320 2435 1657 2489; x_wconf 89' lang='lat' dir='ltr'>comedisset</span> <span class='ocrx_word' id='word_1_182' title='bbox 1682 2434 1886 2504; x_wconf 90' lang='lat' dir='ltr'>aliquis</span> <span class='ocrx_word' id='word_1_183' title='bbox 1917 2449 2038 2486; x_wconf 91' lang='lat' dir='ltr'>san-</span> 
     </span>
    </p>
   </div>
   <div class='ocr_carea' id='block_1_25' title="bbox 347 2520 2037 2593">
    <p class='ocr_par' dir='ltr' id='par_1_25' title="bbox 347 2520 2037 2593">
     <span class='ocr_line' id='line_1_25' title="bbox 347 2520 2037 2593; baseline -0.006 -10"><span class='ocrx_word' id='word_1_184' title='bbox 347 2534 488 2593; x_wconf 90' lang='lat' dir='ltr'>ctus,</span> <span class='ocrx_word' id='word_1_185' title='bbox 525 2530 710 2582; x_wconf 91' lang='lat' dir='ltr'>alieno</span> <span class='ocrx_word' id='word_1_186' title='bbox 741 2544 897 2592; x_wconf 90' lang='lat' dir='ltr'>sane,</span> <span class='ocrx_word' id='word_1_187' title='bbox 942 2543 1056 2580; x_wconf 91' lang='lat' dir='ltr'>non</span> <span class='ocrx_word' id='word_1_188' title='bbox 1088 2542 1189 2580; x_wconf 89' lang='lat' dir='ltr'>suo</span> <span class='ocrx_word' id='word_1_189' title='bbox 1219 2526 1428 2579; x_wconf 88' lang='lat' dir='ltr'>scelere</span> <span class='ocrx_word' id='word_1_190' title='bbox 1459 2525 1802 2593; x_wconf 87' lang='lat' dir='ltr'>decerptam,</span> <span class='ocrx_word' id='word_1_191' title='bbox 1839 2520 2037 2574; x_wconf 91' lang='lat' dir='ltr'>misce-</span> 
     </span>
    </p>
   </div>
   <div class='ocr_carea' id='block_1_26' title="bbox 347 2611 2036 2681">
    <p class='ocr_par' dir='ltr' id='par_1_26' title="bbox 347 2611 2036 2681">
     <span class='ocr_line' id='line_1_26' title="bbox 347 2611 2036 2681; baseline -0.005 -12"><span class='ocrx_word' id='word_1_192' title='bbox 347 2621 434 2670; x_wconf 89' lang='lat' dir='ltr'>ret</span> <span class='ocrx_word' id='word_1_193' title='bbox 464 2615 794 2681; x_wconf 87' lang='lat' dir='ltr'>visceribus,</span> <span class='ocrx_word' id='word_1_194' title='bbox 828 2619 883 2669; x_wconf 89' lang='lat' dir='ltr'>et</span> <span class='ocrx_word' id='word_1_195' title='bbox 929 2614 1220 2667; x_wconf 90' lang='lat' dir='ltr'>anhelaret</span> <span class='ocrx_word' id='word_1_196' title='bbox 1251 2614 1320 2666; x_wconf 93' lang='lat' dir='ltr'>de</span> <span class='ocrx_word' id='word_1_197' title='bbox 1348 2613 1447 2666; x_wconf 88' lang='lat' dir='ltr'>illa</span> <span class='ocrx_word' id='word_1_198' title='bbox 1469 2613 1724 2681; x_wconf 87' lang='lat' dir='ltr'>angelos,</span> <span class='ocrx_word' id='word_1_199' title='bbox 1756 2611 1874 2664; x_wconf 93' lang='lat' dir='ltr'>imo</span> <span class='ocrx_word' id='word_1_200' title='bbox 1903 2625 2036 2662; x_wconf 91' lang='lat' dir='ltr'>vero</span> 
     </span>
    </p>
   </div>
   <div class='ocr_carea' id='block_1_27' title="bbox 345 2698 2035 2774">
    <p class='ocr_par' dir='ltr' id='par_1_27' title="bbox 345 2698 2035 2774">
     <span class='ocr_line' id='line_1_27' title="bbox 345 2698 2035 2774; baseline -0.004 -17"><span class='ocrx_word' id='word_1_201' title='bbox 345 2703 653 2774; x_wconf 87' lang='lat' dir='ltr'>particulas</span> <span class='ocrx_word' id='word_1_202' title='bbox 687 2703 806 2770; x_wconf 89' lang='lat' dir='ltr'>Dei,</span> <span class='ocrx_word' id='word_1_203' title='bbox 840 2702 1121 2773; x_wconf 87' lang='lat' dir='ltr'>gemendo</span> <span class='ocrx_word' id='word_1_204' title='bbox 1144 2701 1202 2756; x_wconf 91' lang='lat' dir='ltr'>in</span> <span class='ocrx_word' id='word_1_205' title='bbox 1234 2701 1492 2756; x_wconf 89' lang='lat' dir='ltr'>oratione</span> <span class='ocrx_word' id='word_1_206' title='bbox 1525 2704 1692 2770; x_wconf 86' lang='lat' dir='ltr'>atque</span> <span class='ocrx_word' id='word_1_207' title='bbox 1723 2698 2035 2752; x_wconf 89' lang='lat' dir='ltr'>ructando:</span> 
     </span>
    </p>
   </div>
   <div class='ocr_carea' id='block_1_28' title="bbox 347 2786 2037 2861">
    <p class='ocr_par' dir='ltr' id='par_1_28' title="bbox 347 2786 2037 2861">
     <span class='ocr_line' id='line_1_28' title="bbox 347 2786 2037 2861; baseline -0.002 -19"><span class='ocrx_word' id='word_1_208' title='bbox 347 2807 476 2861; x_wconf 67' lang='lat' dir='ltr'>quae</span> <span class='ocrx_word' id='word_1_209' title='bbox 507 2790 795 2860; x_wconf 68' lang='lat' dir='ltr'>particulae</span> <span class='ocrx_word' id='word_1_210' title='bbox 827 2789 1232 2843; x_wconf 88' lang='lat' dir='ltr'>summietveri</span> <span class='ocrx_word' id='word_1_211' title='bbox 1258 2789 1357 2843; x_wconf 90' lang='lat' dir='ltr'>Dei</span> <span class='ocrx_word' id='word_1_212' title='bbox 1384 2789 1573 2858; x_wconf 73' lang='lat' dir='ltr'>ligatae</span> <span class='ocrx_word' id='word_1_213' title='bbox 1598 2787 1836 2840; x_wconf 87' lang='lat' dir='ltr'>fuissent</span> <span class='ocrx_word' id='word_1_214' title='bbox 1864 2786 2037 2839; x_wconf 90' lang='lat' dir='ltr'>inillo</span> 
     </span>
    </p>
   </div>
   <div class='ocr_carea' id='block_1_29' title="bbox 346 2877 2036 2948">
    <p class='ocr_par' dir='ltr' id='par_1_29' title="bbox 346 2877 2036 2948">
     <span class='ocr_line' id='line_1_29' title="bbox 346 2877 2036 2948; baseline -0.002 -16"><span class='ocrx_word' id='word_1_215' title='bbox 346 2895 542 2948; x_wconf 90' lang='lat' dir='ltr'>pomo,</span> <span class='ocrx_word' id='word_1_216' title='bbox 573 2879 686 2932; x_wconf 90' lang='lat' dir='ltr'>nisi</span> <span class='ocrx_word' id='word_1_217' title='bbox 724 2878 884 2932; x_wconf 90' lang='lat' dir='ltr'>electi</span> <span class='ocrx_word' id='word_1_218' title='bbox 913 2879 1093 2932; x_wconf 89' lang='lat' dir='ltr'>sancti</span> <span class='ocrx_word' id='word_1_219' title='bbox 1124 2880 1292 2932; x_wconf 89' lang='lat' dir='ltr'>dente</span> <span class='ocrx_word' id='word_1_220' title='bbox 1323 2895 1387 2932; x_wconf 93' lang='lat' dir='ltr'>ac</span> <span class='ocrx_word' id='word_1_221' title='bbox 1424 2883 1618 2931; x_wconf 84' lang='lat' dir='ltr'>ventre</span> <span class='ocrx_word' id='word_1_222' title='bbox 1667 2877 2036 2930; x_wconf 89' lang='lat' dir='ltr'>solverentur.</span> 
     </span>
    </p>
   </div>
   <div class='ocr_carea' id='block_1_30' title="bbox 352 2966 2038 3038">
    <p class='ocr_par' dir='ltr' id='par_1_30' title="bbox 352 2966 2038 3038">
     <span class='ocr_line' id='line_1_30' title="bbox 352 2966 2038 3038; baseline -0.002 -17"><span class='ocrx_word' id='word_1_223' title='bbox 352 2970 416 3021; x_wconf 86' lang='lat' dir='ltr'>Et</span> <span class='ocrx_word' id='word_1_224' title='bbox 461 2967 675 3022; x_wconf 87' lang='lat' dir='ltr'>credidi</span> <span class='ocrx_word' id='word_1_225' title='bbox 707 2967 877 3022; x_wconf 90' lang='lat' dir='ltr'>miser</span> <span class='ocrx_word' id='word_1_226' title='bbox 902 2967 1083 3038; x_wconf 88' lang='lat' dir='ltr'>magis</span> <span class='ocrx_word' id='word_1_227' title='bbox 1113 2984 1234 3021; x_wconf 89' lang='lat' dir='ltr'>esse</span> <span class='ocrx_word' id='word_1_228' title='bbox 1285 2966 1733 3021; x_wconf 89' lang='lat' dir='ltr'>misericordiam</span> <span class='ocrx_word' id='word_1_229' title='bbox 1762 2970 2038 3036; x_wconf 79' lang='lat' dir='ltr'>praestan-</span> 
     </span>
    </p>
   </div>
   <div class='ocr_carea' id='block_1_31' title="bbox 349 3056 2040 3126">
    <p class='ocr_par' dir='ltr' id='par_1_31' title="bbox 349 3056 2040 3126">
     <span class='ocr_line' id='line_1_31' title="bbox 349 3056 2040 3126; baseline -0.002 -16"><span class='ocrx_word' id='word_1_230' title='bbox 349 3057 480 3110; x_wconf 88' lang='lat' dir='ltr'>dam</span> <span class='ocrx_word' id='word_1_231' title='bbox 507 3056 784 3110; x_wconf 87' lang='lat' dir='ltr'>fructibus</span> <span class='ocrx_word' id='word_1_232' title='bbox 814 3061 999 3111; x_wconf 63' lang='lat' dir='ltr'>terrae.</span> <span class='ocrx_word' id='word_1_233' title='bbox 1027 3072 1200 3126; x_wconf 90' lang='lat' dir='ltr'>quam</span> <span class='ocrx_word' id='word_1_234' title='bbox 1230 3056 1581 3124; x_wconf 88' lang='lat' dir='ltr'>hominibus,</span> <span class='ocrx_word' id='word_1_235' title='bbox 1624 3058 1855 3126; x_wconf 85' lang='lat' dir='ltr'>propter</span> <span class='ocrx_word' id='word_1_236' title='bbox 1898 3070 2040 3124; x_wconf 91' lang='lat' dir='ltr'>quos</span> 
     </span>
    </p>
   </div>
   <div class='ocr_carea' id='block_1_32' title="bbox 349 3142 2042 3215">
    <p class='ocr_par' dir='ltr' id='par_1_32' title="bbox 349 3142 2042 3215">
     <span class='ocr_line' id='line_1_32' title="bbox 349 3142 2042 3215; baseline -0.002 -18"><span class='ocrx_word' id='word_1_237' title='bbox 349 3149 730 3198; x_wconf 89' lang='lat' dir='ltr'>nascerentur.</span> <span class='ocrx_word' id='word_1_238' title='bbox 767 3144 826 3199; x_wconf 90' lang='lat' dir='ltr'>Si</span> <span class='ocrx_word' id='word_1_239' title='bbox 863 3145 991 3215; x_wconf 90' lang='lat' dir='ltr'>quis</span> <span class='ocrx_word' id='word_1_240' title='bbox 1023 3144 1177 3198; x_wconf 91' lang='lat' dir='ltr'>enim</span> <span class='ocrx_word' id='word_1_241' title='bbox 1206 3145 1464 3198; x_wconf 89' lang='lat' dir='ltr'>esuriens</span> <span class='ocrx_word' id='word_1_242' title='bbox 1511 3147 1747 3214; x_wconf 88' lang='lat' dir='ltr'>peteret,</span> <span class='ocrx_word' id='word_1_243' title='bbox 1789 3142 1889 3213; x_wconf 93' lang='lat' dir='ltr'>qui</span> <span class='ocrx_word' id='word_1_244' title='bbox 1934 3143 2042 3196; x_wconf 87' lang='lat' dir='ltr'>Ma-</span> 
     </span>
    </p>
   </div>
   <div class='ocr_carea' id='block_1_33' title="bbox 347 3229 2043 3301">
    <p class='ocr_par' dir='ltr' id='par_1_33' title="bbox 347 3229 2043 3301">
     <span class='ocr_line' id='line_1_33' title="bbox 347 3229 2043 3301; baseline -0.001 -16"><span class='ocrx_word' id='word_1_245' title='bbox 347 3231 596 3286; x_wconf 78' lang='lat' dir='ltr'>nichacus</span> <span class='ocrx_word' id='word_1_246' title='bbox 627 3248 741 3285; x_wconf 91' lang='lat' dir='ltr'>non</span> <span class='ocrx_word' id='word_1_247' title='bbox 771 3237 936 3297; x_wconf 85' lang='lat' dir='ltr'>esset,</span> <span class='ocrx_word' id='word_1_248' title='bbox 968 3231 1130 3301; x_wconf 91' lang='lat' dir='ltr'>quasi</span> <span class='ocrx_word' id='word_1_249' title='bbox 1161 3232 1383 3300; x_wconf 90' lang='lat' dir='ltr'>capitali</span> <span class='ocrx_word' id='word_1_250' title='bbox 1408 3231 1687 3301; x_wconf 86' lang='lat' dir='ltr'>supplicio</span> <span class='ocrx_word' id='word_1_251' title='bbox 1719 3229 2043 3284; x_wconf 88' lang='lat' dir='ltr'>damnanda</span> 
     </span>
    </p>
   </div>
   <div class='ocr_carea' id='block_1_34' title="bbox 347 3318 1375 3386">
    <p class='ocr_par' dir='ltr' id='par_1_34' title="bbox 347 3318 1375 3386">
     <span class='ocr_line' id='line_1_34' title="bbox 347 3318 1375 3386; baseline 0 -14"><span class='ocrx_word' id='word_1_252' title='bbox 347 3318 600 3372; x_wconf 90' lang='lat' dir='ltr'>buccella</span> <span class='ocrx_word' id='word_1_253' title='bbox 635 3318 943 3386; x_wconf 84' lang='lat' dir='ltr'>videretur,</span> <span class='ocrx_word' id='word_1_254' title='bbox 973 3318 1020 3372; x_wconf 89' lang='lat' dir='ltr'>si</span> <span class='ocrx_word' id='word_1_255' title='bbox 1045 3319 1097 3372; x_wconf 92' lang='lat' dir='ltr'>ei</span> <span class='ocrx_word' id='word_1_256' title='bbox 1127 3320 1375 3373; x_wconf 87' lang='lat' dir='ltr'>daretur.</span> 
     </span>
    </p>
   </div>
   <div class='ocr_carea' id='block_1_35' title="bbox 1022 3442 1368 3496">
    <p class='ocr_par' dir='ltr' id='par_1_35' title="bbox 1022 3442 1368 3496">
     <span class='ocr_line' id='line_1_35' title="bbox 1022 3442 1368 3496; baseline 0.006 -2"><span class='ocrx_word' id='word_1_257' title='bbox 1022 3442 1244 3495; x_wconf 83' lang='lat' dir='ltr'>CAPUT</span> <span class='ocrx_word' id='word_1_258' title='bbox 1281 3442 1368 3496; x_wconf 81' lang='lat' dir='ltr'>XI.</span> 
     </span>
    </p>
   </div>
   <div class='ocr_carea' id='block_1_36' title="bbox 668 3549 1721 3618">
    <p class='ocr_par' dir='ltr' id='par_1_36' title="bbox 668 3549 1721 3618">
     <span class='ocr_line' id='line_1_36' title="bbox 668 3549 1721 3618; baseline 0 -17"><span class='ocrx_word' id='word_1_259' title='bbox 668 3549 918 3602; x_wconf 82' lang='lat' dir='ltr'>Planctus</span> <span class='ocrx_word' id='word_1_260' title='bbox 941 3553 990 3601; x_wconf 90' lang='lat' dir='ltr'>et</span> <span class='ocrx_word' id='word_1_261' title='bbox 1008 3550 1268 3602; x_wconf 81' lang='lat' dir='ltr'>somnium</span> <span class='ocrx_word' id='word_1_262' title='bbox 1292 3550 1484 3602; x_wconf 78' lang='lat' dir='ltr'>matris</span> <span class='ocrx_word' id='word_1_263' title='bbox 1505 3549 1570 3602; x_wconf 88' lang='lat' dir='ltr'>de</span> <span class='ocrx_word' id='word_1_264' title='bbox 1587 3549 1721 3618; x_wconf 78' lang='lat' dir='ltr'>ﬁlio.</span> 
     </span>
    </p>
   </div>
   <div class='ocr_carea' id='block_1_37' title="bbox 424 3653 2043 3726">
    <p class='ocr_par' dir='ltr' id='par_1_37' title="bbox 424 3653 2043 3726">
     <span class='ocr_line' id='line_1_37' title="bbox 424 3653 2043 3726; baseline 0 -18"><span class='ocrx_word' id='word_1_265' title='bbox 424 3659 508 3709; x_wconf 80' lang='grc'><strong>19.</strong></span> <span class='ocrx_word' id='word_1_266' title='bbox 535 3656 602 3708; x_wconf 74' lang='lat' dir='ltr'>Et</span> <span class='ocrx_word' id='word_1_267' title='bbox 631 3653 835 3708; x_wconf 87' lang='lat' dir='ltr'>misisti</span> <span class='ocrx_word' id='word_1_268' title='bbox 875 3670 1112 3708; x_wconf 90' lang='lat' dir='ltr'>manum</span> <span class='ocrx_word' id='word_1_269' title='bbox 1138 3658 1292 3708; x_wconf 88' lang='lat' dir='ltr'>tuam</span> <span class='ocrx_word' id='word_1_270' title='bbox 1320 3671 1388 3708; x_wconf 84' lang='lat' dir='ltr'>ex</span> <span class='ocrx_word' id='word_1_271' title='bbox 1426 3655 1558 3722; x_wconf 85' lang='lat' dir='ltr'>alto,</span> <span class='ocrx_word' id='word_1_272' title='bbox 1594 3659 1648 3709; x_wconf 92' lang='lat' dir='ltr'>et</span> <span class='ocrx_word' id='word_1_273' title='bbox 1678 3655 1747 3708; x_wconf 91' lang='lat' dir='ltr'>de</span> <span class='ocrx_word' id='word_1_274' title='bbox 1785 3655 1888 3708; x_wconf 89' lang='lat' dir='ltr'>hac</span> <span class='ocrx_word' id='word_1_275' title='bbox 1916 3672 2043 3726; x_wconf 87' lang='lat' dir='ltr'>pro-</span> 
     </span>
    </p>
   </div>
   <div class='ocr_carea' id='block_1_38' title="bbox 348 3743 2039 3816">
    <p class='ocr_par' dir='ltr' id='par_1_38' title="bbox 348 3743 2039 3816">
     <span class='ocr_line' id='line_1_38' title="bbox 348 3743 2039 3816; baseline 0.001 -19"><span class='ocrx_word' id='word_1_276' title='bbox 348 3743 526 3798; x_wconf 90' lang='lat' dir='ltr'>funda</span> <span class='ocrx_word' id='word_1_277' title='bbox 548 3743 788 3813; x_wconf 86' lang='lat' dir='ltr'>caligine</span> <span class='ocrx_word' id='word_1_278' title='bbox 819 3743 1017 3797; x_wconf 89' lang='lat' dir='ltr'>eruisti</span> <span class='ocrx_word' id='word_1_279' title='bbox 1041 3743 1292 3797; x_wconf 89' lang='lat' dir='ltr'>animam</span> <span class='ocrx_word' id='word_1_280' title='bbox 1323 3761 1510 3799; x_wconf 89' lang='lat' dir='ltr'>meam</span> <span class='ocrx_word' id='word_1_281' title='bbox 1544 3746 1712 3814; x_wconf 83' lang='lat' dir='ltr'>(Psal.</span> <span class='ocrx_word' id='word_1_282' title='bbox 1747 3761 1934 3812; x_wconf 66' lang='lat' dir='ltr'>cum,</span> <span class='ocrx_word' id='word_1_283' title='bbox 1962 3746 2039 3816; x_wconf 79' lang='lat'>7),</span> 
     </span>
    </p>
   </div>
   <div class='ocr_carea' id='block_1_39' title="bbox 349 3832 2043 3904">
    <p class='ocr_par' dir='ltr' id='par_1_39' title="bbox 349 3832 2043 3904">
     <span class='ocr_line' id='line_1_39' title="bbox 349 3832 2043 3904; baseline 0.002 -20"><span class='ocrx_word' id='word_1_284' title='bbox 349 3848 478 3886; x_wconf 91' lang='lat' dir='ltr'>cum</span> <span class='ocrx_word' id='word_1_285' title='bbox 505 3848 611 3902; x_wconf 90' lang='lat' dir='ltr'>pro</span> <span class='ocrx_word' id='word_1_286' title='bbox 642 3847 733 3885; x_wconf 90' lang='lat' dir='ltr'>me</span> <span class='ocrx_word' id='word_1_287' title='bbox 766 3832 926 3886; x_wconf 82' lang='lat' dir='ltr'>fleret</span> <span class='ocrx_word' id='word_1_288' title='bbox 947 3833 1017 3886; x_wconf 91' lang='lat' dir='ltr'>ad</span> <span class='ocrx_word' id='word_1_289' title='bbox 1048 3836 1102 3886; x_wconf 89' lang='lat' dir='ltr'>te</span> <span class='ocrx_word' id='word_1_290' title='bbox 1128 3838 1312 3887; x_wconf 90' lang='lat' dir='ltr'>mater</span> <span class='ocrx_word' id='word_1_291' title='bbox 1325 3849 1450 3886; x_wconf 91' lang='lat' dir='ltr'>mea</span> <span class='ocrx_word' id='word_1_292' title='bbox 1463 3833 1647 3887; x_wconf 86' lang='lat' dir='ltr'>ﬁdelis</span> <span class='ocrx_word' id='word_1_293' title='bbox 1665 3838 1782 3903; x_wconf 90' lang='lat' dir='ltr'>tua,</span> <span class='ocrx_word' id='word_1_294' title='bbox 1797 3834 2043 3904; x_wconf 89' lang='lat' dir='ltr'>amplius</span> 
     </span>
    </p>
   </div>
   <div class='ocr_carea' id='block_1_40' title="bbox 348 3920 2043 3992">
    <p class='ocr_par' dir='ltr' id='par_1_40' title="bbox 348 3920 2043 3992">
     <span class='ocr_line' id='line_1_40' title="bbox 348 3920 2043 3992; baseline 0.002 -19"><span class='ocrx_word' id='word_1_295' title='bbox 348 3936 518 3990; x_wconf 88' lang='lat' dir='ltr'>quam</span> <span class='ocrx_word' id='word_1_296' title='bbox 543 3920 682 3974; x_wconf 88' lang='lat' dir='ltr'>ﬂent</span> <span class='ocrx_word' id='word_1_297' title='bbox 707 3925 915 3974; x_wconf 90' lang='lat' dir='ltr'>matres</span> <span class='ocrx_word' id='word_1_298' title='bbox 946 3937 1219 3992; x_wconf 89' lang='lat' dir='ltr'>corporea</span> <span class='ocrx_word' id='word_1_299' title='bbox 1247 3923 1466 3975; x_wconf 89' lang='lat' dir='ltr'>funera.</span> <span class='ocrx_word' id='word_1_300' title='bbox 1503 3922 1736 3976; x_wconf 88' lang='lat' dir='ltr'>Videbat</span> <span class='ocrx_word' id='word_1_301' title='bbox 1765 3923 1917 3976; x_wconf 92' lang='lat' dir='ltr'>enim</span> <span class='ocrx_word' id='word_1_302' title='bbox 1946 3924 2043 3977; x_wconf 92' lang='lat' dir='ltr'>illa</span> 
     </span>
    </p>
   </div>
   <div class='ocr_carea' id='block_1_41' title="bbox 347 4009 2042 4080">
    <p class='ocr_par' dir='ltr' id='par_1_41' title="bbox 347 4009 2042 4080">
     <span class='ocr_line' id='line_1_41' title="bbox 347 4009 2042 4080; baseline 0.002 -18"><span class='ocrx_word' id='word_1_303' title='bbox 347 4014 591 4063; x_wconf 89' lang='lat' dir='ltr'>mortem</span> <span class='ocrx_word' id='word_1_304' title='bbox 622 4025 807 4064; x_wconf 89' lang='lat' dir='ltr'>meam</span> <span class='ocrx_word' id='word_1_305' title='bbox 835 4025 900 4062; x_wconf 83' lang='lat' dir='ltr'>ex</span> <span class='ocrx_word' id='word_1_306' title='bbox 930 4009 1043 4063; x_wconf 77' lang='lat' dir='ltr'>fide</span> <span class='ocrx_word' id='word_1_307' title='bbox 1073 4014 1130 4062; x_wconf 90' lang='lat' dir='ltr'>et</span> <span class='ocrx_word' id='word_1_308' title='bbox 1151 4009 1374 4079; x_wconf 90' lang='lat' dir='ltr'>spiritu,</span> <span class='ocrx_word' id='word_1_309' title='bbox 1404 4025 1576 4080; x_wconf 90' lang='lat' dir='ltr'>quem</span> <span class='ocrx_word' id='word_1_310' title='bbox 1607 4010 1851 4065; x_wconf 90' lang='lat' dir='ltr'>habebat</span> <span class='ocrx_word' id='word_1_311' title='bbox 1871 4028 1935 4065; x_wconf 86' lang='lat' dir='ltr'>ex</span> <span class='ocrx_word' id='word_1_312' title='bbox 1955 4017 2042 4077; x_wconf 88' lang='lat' dir='ltr'>te;</span> 
     </span>
    </p>
   </div>
   <div class='ocr_carea' id='block_1_42' title="bbox 349 4097 2040 4166">
    <p class='ocr_par' dir='ltr' id='par_1_42' title="bbox 349 4097 2040 4166">
     <span class='ocr_line' id='line_1_42' title="bbox 349 4097 2040 4166; baseline -0.001 -15"><span class='ocrx_word' id='word_1_313' title='bbox 349 4102 405 4151; x_wconf 90' lang='lat' dir='ltr'>et</span> <span class='ocrx_word' id='word_1_314' title='bbox 433 4097 710 4151; x_wconf 84' lang='lat' dir='ltr'>exaudisti</span> <span class='ocrx_word' id='word_1_315' title='bbox 741 4113 886 4160; x_wconf 91' lang='lat' dir='ltr'>eam,</span> <span class='ocrx_word' id='word_1_316' title='bbox 924 4097 1180 4150; x_wconf 91' lang='lat' dir='ltr'>Domine.</span> <span class='ocrx_word' id='word_1_317' title='bbox 1218 4097 1503 4150; x_wconf 81' lang='lat' dir='ltr'>Exaudisti</span> <span class='ocrx_word' id='word_1_318' title='bbox 1532 4113 1678 4164; x_wconf 90' lang='lat' dir='ltr'>eam,</span> <span class='ocrx_word' id='word_1_319' title='bbox 1708 4114 1811 4150; x_wconf 87' lang='lat' dir='ltr'>nec</span> <span class='ocrx_word' id='word_1_320' title='bbox 1837 4098 2040 4166; x_wconf 88' lang='lat' dir='ltr'>despe-</span> 
     </span>
    </p>
   </div>
   <div class='ocr_carea' id='block_1_43' title="bbox 348 4182 2044 4253">
    <p class='ocr_par' dir='ltr' id='par_1_43' title="bbox 348 4182 2044 4253">
     <span class='ocr_line' id='line_1_43' title="bbox 348 4182 2044 4253; baseline -0.001 -16"><span class='ocrx_word' id='word_1_321' title='bbox 348 4183 477 4237; x_wconf 84' lang='lat' dir='ltr'>xisti</span> <span class='ocrx_word' id='word_1_322' title='bbox 505 4184 781 4253; x_wconf 86' lang='lat' dir='ltr'>lacrymas</span> <span class='ocrx_word' id='word_1_323' title='bbox 811 4183 954 4251; x_wconf 86' lang='lat' dir='ltr'>ejus,</span> <span class='ocrx_word' id='word_1_324' title='bbox 988 4198 1118 4235; x_wconf 88' lang='lat' dir='ltr'>cum</span> <span class='ocrx_word' id='word_1_325' title='bbox 1156 4184 1506 4250; x_wconf 79' lang='lat' dir='ltr'>profluentes</span> <span class='ocrx_word' id='word_1_326' title='bbox 1551 4182 1804 4253; x_wconf 89' lang='lat' dir='ltr'>rigarent</span> <span class='ocrx_word' id='word_1_327' title='bbox 1832 4187 2044 4236; x_wconf 89' lang='lat' dir='ltr'>terram</span> 
     </span>
    </p>
   </div>
   <div class='ocr_carea' id='block_1_44' title="bbox 349 4267 2042 4338">
    <p class='ocr_par' dir='ltr' id='par_1_44' title="bbox 349 4267 2042 4338">
     <span class='ocr_line' id='line_1_44' title="bbox 349 4267 2042 4338; baseline -0.001 -15"><span class='ocrx_word' id='word_1_328' title='bbox 349 4270 454 4323; x_wconf 91' lang='lat' dir='ltr'>sub</span> <span class='ocrx_word' id='word_1_329' title='bbox 485 4271 661 4323; x_wconf 88' lang='lat' dir='ltr'>oculis</span> <span class='ocrx_word' id='word_1_330' title='bbox 691 4270 832 4338; x_wconf 81' lang='lat' dir='ltr'>ejus,</span> <span class='ocrx_word' id='word_1_331' title='bbox 860 4268 920 4320; x_wconf 91' lang='lat' dir='ltr'>in</span> <span class='ocrx_word' id='word_1_332' title='bbox 947 4267 1103 4321; x_wconf 91' lang='lat' dir='ltr'>omni</span> <span class='ocrx_word' id='word_1_333' title='bbox 1123 4268 1242 4321; x_wconf 91' lang='lat' dir='ltr'>loco</span> <span class='ocrx_word' id='word_1_334' title='bbox 1273 4268 1549 4322; x_wconf 89' lang='lat' dir='ltr'>orationis</span> <span class='ocrx_word' id='word_1_335' title='bbox 1571 4270 1692 4338; x_wconf 89' lang='lat' dir='ltr'>ejus</span> <span class='ocrx_word' id='word_1_336' title='bbox 1718 4289 1734 4336; x_wconf 81' lang='lat'><strong>;</strong></span> <span class='ocrx_word' id='word_1_337' title='bbox 1763 4269 2042 4323; x_wconf 87' lang='lat' dir='ltr'>exaudisti</span> 
     </span>
    </p>
   </div>
   <div class='ocr_carea' id='block_1_45' title="bbox 351 4355 2043 4426">
    <p class='ocr_par' dir='ltr' id='par_1_45' title="bbox 351 4355 2043 4426">
     <span class='ocr_line' id='line_1_45' title="bbox 351 4355 2043 4426; baseline 0 -16"><span class='ocrx_word' id='word_1_338' title='bbox 351 4373 499 4412; x_wconf 89' lang='lat' dir='ltr'>eam.</span> <span class='ocrx_word' id='word_1_339' title='bbox 532 4358 673 4410; x_wconf 86' lang='lat' dir='ltr'>Nam</span> <span class='ocrx_word' id='word_1_340' title='bbox 698 4357 849 4411; x_wconf 88' lang='lat' dir='ltr'>unde</span> <span class='ocrx_word' id='word_1_341' title='bbox 882 4355 1019 4410; x_wconf 92' lang='lat' dir='ltr'>illud</span> <span class='ocrx_word' id='word_1_342' title='bbox 1055 4355 1366 4419; x_wconf 88' lang='lat' dir='ltr'>somnium,</span> <span class='ocrx_word' id='word_1_343' title='bbox 1399 4372 1513 4426; x_wconf 89' lang='lat' dir='ltr'>quo</span> <span class='ocrx_word' id='word_1_344' title='bbox 1555 4372 1680 4409; x_wconf 90' lang='lat' dir='ltr'>eam</span> <span class='ocrx_word' id='word_1_345' title='bbox 1726 4358 2043 4410; x_wconf 88' lang='lat' dir='ltr'>consolatus</span> 
     </span>
    </p>
   </div>
   <div class='ocr_carea' id='block_1_46' title="bbox 350 4441 2042 4509">
    <p class='ocr_par' dir='ltr' id='par_1_46' title="bbox 350 4441 2042 4509">
     <span class='ocr_line' id='line_1_46' title="bbox 350 4441 2042 4509; baseline 0.002 -12"><span class='ocrx_word' id='word_1_346' title='bbox 350 4461 428 4509; x_wconf 91' lang='lat' dir='ltr'>es,</span> <span class='ocrx_word' id='word_1_347' title='bbox 462 4443 720 4498; x_wconf 89' lang='lat' dir='ltr'>utvivere</span> <span class='ocrx_word' id='word_1_348' title='bbox 751 4459 842 4497; x_wconf 91' lang='lat' dir='ltr'>me</span> <span class='ocrx_word' id='word_1_349' title='bbox 865 4442 1199 4497; x_wconf 87' lang='lat' dir='ltr'>concederet</span> <span class='ocrx_word' id='word_1_350' title='bbox 1227 4441 1244 4474; x_wconf 84' lang='lat'>‘</span> <span class='ocrx_word' id='word_1_351' title='bbox 1267 4449 1322 4498; x_wconf 92' lang='lat' dir='ltr'>et</span> <span class='ocrx_word' id='word_1_352' title='bbox 1346 4444 1553 4498; x_wconf 88' lang='lat' dir='ltr'>habere</span> <span class='ocrx_word' id='word_1_353' title='bbox 1575 4460 1762 4498; x_wconf 89' lang='lat' dir='ltr'>secum</span> <span class='ocrx_word' id='word_1_354' title='bbox 1784 4445 2042 4500; x_wconf 91' lang='lat' dir='ltr'>eamdem</span> 
     </span>
    </p>
   </div>
   <div class='ocr_carea' id='block_1_47' title="bbox 351 4531 2044 4603">
    <p class='ocr_par' dir='ltr' id='par_1_47' title="bbox 351 4531 2044 4603">
     <span class='ocr_line' id='line_1_47' title="bbox 351 4531 2044 4603; baseline 0.002 -20"><span class='ocrx_word' id='word_1_355' title='bbox 351 4547 606 4603; x_wconf 85' lang='lat' dir='ltr'>mensam</span> <span class='ocrx_word' id='word_1_356' title='bbox 635 4531 695 4586; x_wconf 91' lang='lat' dir='ltr'>in</span> <span class='ocrx_word' id='word_1_357' title='bbox 730 4531 936 4596; x_wconf 87' lang='lat' dir='ltr'>domo;</span> <span class='ocrx_word' id='word_1_358' title='bbox 971 4532 1120 4602; x_wconf 91' lang='lat' dir='ltr'>quod</span> <span class='ocrx_word' id='word_1_359' title='bbox 1160 4531 1313 4585; x_wconf 90' lang='lat' dir='ltr'>nolle</span> <span class='ocrx_word' id='word_1_360' title='bbox 1360 4537 1627 4603; x_wconf 87' lang='lat' dir='ltr'>coeperat,</span> <span class='ocrx_word' id='word_1_361' title='bbox 1681 4549 1944 4587; x_wconf 82' lang='lat' dir='ltr'>aversans</span> <span class='ocrx_word' id='word_1_362' title='bbox 1990 4539 2044 4587; x_wconf 91' lang='lat' dir='ltr'>et</span> 
     </span>
    </p>
   </div>
   <div class='ocr_carea' id='block_1_48' title="bbox 349 4619 2046 4690">
    <p class='ocr_par' dir='ltr' id='par_1_48' title="bbox 349 4619 2046 4690">
     <span class='ocr_line' id='line_1_48' title="bbox 349 4619 2046 4690; baseline 0.002 -18"><span class='ocrx_word' id='word_1_363' title='bbox 349 4619 630 4672; x_wconf 90' lang='lat' dir='ltr'>detestans</span> <span class='ocrx_word' id='word_1_364' title='bbox 655 4619 1037 4690; x_wconf 89' lang='lat' dir='ltr'>blasphemias</span> <span class='ocrx_word' id='word_1_365' title='bbox 1068 4619 1276 4673; x_wconf 92' lang='lat' dir='ltr'>erroris</span> <span class='ocrx_word' id='word_1_366' title='bbox 1305 4620 1467 4674; x_wconf 84' lang='lat' dir='ltr'>mei?</span> <span class='ocrx_word' id='word_1_367' title='bbox 1502 4621 1648 4674; x_wconf 89' lang='lat' dir='ltr'>Vidit</span> <span class='ocrx_word' id='word_1_368' title='bbox 1697 4621 1853 4675; x_wconf 90' lang='lat' dir='ltr'>enim</span> <span class='ocrx_word' id='word_1_369' title='bbox 1889 4625 2046 4675; x_wconf 75' lang='lat' dir='ltr'>stan-</span> 
     </span>
    </p>
   </div>
   <div class='ocr_carea' id='block_1_49' title="bbox 345 4707 2042 4779">
    <p class='ocr_par' dir='ltr' id='par_1_49' title="bbox 345 4707 2042 4779">
     <span class='ocr_line' id='line_1_49' title="bbox 345 4707 2042 4779; baseline 0.004 -20"><span class='ocrx_word' id='word_1_370' title='bbox 345 4711 459 4760; x_wconf 90' lang='lat' dir='ltr'>tem</span> <span class='ocrx_word' id='word_1_371' title='bbox 489 4723 547 4760; x_wconf 90' lang='lat' dir='ltr'>se</span> <span class='ocrx_word' id='word_1_372' title='bbox 579 4707 637 4760; x_wconf 91' lang='lat' dir='ltr'>in</span> <span class='ocrx_word' id='word_1_373' title='bbox 665 4708 910 4778; x_wconf 91' lang='lat' dir='ltr'>quadam</span> <span class='ocrx_word' id='word_1_374' title='bbox 956 4708 1156 4778; x_wconf 86' lang='lat' dir='ltr'>regula</span> <span class='ocrx_word' id='word_1_375' title='bbox 1188 4708 1394 4779; x_wconf 91' lang='lat' dir='ltr'>lignea,</span> <span class='ocrx_word' id='word_1_376' title='bbox 1434 4713 1489 4762; x_wconf 93' lang='lat' dir='ltr'>et</span> <span class='ocrx_word' id='word_1_377' title='bbox 1529 4709 1926 4764; x_wconf 90' lang='lat' dir='ltr'>advenientem</span> <span class='ocrx_word' id='word_1_378' title='bbox 1972 4711 2042 4765; x_wconf 93' lang='lat' dir='ltr'>ad</span> 
     </span>
    </p>
   </div>
   <div class='ocr_carea' id='block_1_50' title="bbox 347 4794 2042 4868">
    <p class='ocr_par' dir='ltr' id='par_1_50' title="bbox 347 4794 2042 4868">
     <span class='ocr_line' id='line_1_50' title="bbox 347 4794 2042 4868; baseline 0.003 -21"><span class='ocrx_word' id='word_1_379' title='bbox 347 4798 401 4846; x_wconf 90' lang='lat' dir='ltr'>te</span> <span class='ocrx_word' id='word_1_380' title='bbox 425 4794 696 4864; x_wconf 89' lang='lat' dir='ltr'>juvenem</span> <span class='ocrx_word' id='word_1_381' title='bbox 720 4797 1103 4866; x_wconf 89' lang='lat' dir='ltr'>splendidum,</span> <span class='ocrx_word' id='word_1_382' title='bbox 1125 4797 1366 4852; x_wconf 90' lang='lat' dir='ltr'>hilarem</span> <span class='ocrx_word' id='word_1_383' title='bbox 1394 4803 1564 4868; x_wconf 89' lang='lat' dir='ltr'>atque</span> <span class='ocrx_word' id='word_1_384' title='bbox 1596 4798 1945 4852; x_wconf 89' lang='lat' dir='ltr'>arridentem</span> <span class='ocrx_word' id='word_1_385' title='bbox 1973 4799 2042 4852; x_wconf 85' lang='lat' dir='ltr'>si-</span> 
     </span>
    </p>
   </div>
   <div class='ocr_carea' id='block_1_51' title="bbox 344 4881 2040 4958">
    <p class='ocr_par' dir='ltr' id='par_1_51' title="bbox 344 4881 2040 4958">
     <span class='ocr_line' id='line_1_51' title="bbox 344 4881 2040 4958; baseline 0.002 -22"><span class='ocrx_word' id='word_1_386' title='bbox 344 4881 424 4944; x_wconf 87' lang='lat' dir='ltr'>bi,</span> <span class='ocrx_word' id='word_1_387' title='bbox 457 4897 586 4935; x_wconf 92' lang='lat' dir='ltr'>cum</span> <span class='ocrx_word' id='word_1_388' title='bbox 635 4882 733 4936; x_wconf 92' lang='lat' dir='ltr'>illa</span> <span class='ocrx_word' id='word_1_389' title='bbox 784 4889 928 4938; x_wconf 91' lang='lat' dir='ltr'>esset</span> <span class='ocrx_word' id='word_1_390' title='bbox 961 4901 1206 4939; x_wconf 66' lang='lat' dir='ltr'>mmrens</span> <span class='ocrx_word' id='word_1_391' title='bbox 1235 4890 1290 4939; x_wconf 89' lang='lat' dir='ltr'>et</span> <span class='ocrx_word' id='word_1_392' title='bbox 1328 4901 1571 4940; x_wconf 65' lang='lat' dir='ltr'>maerore</span> <span class='ocrx_word' id='word_1_393' title='bbox 1601 4886 1889 4940; x_wconf 89' lang='lat' dir='ltr'>confecta:</span> <span class='ocrx_word' id='word_1_394' title='bbox 1940 4887 2040 4958; x_wconf 90' lang='lat' dir='ltr'>qui</span> 
     </span>
    </p>
   </div>
   <div class='ocr_carea' id='block_1_52' title="bbox 345 4971 2040 5044">
    <p class='ocr_par' dir='ltr' id='par_1_52' title="bbox 345 4971 2040 5044">
     <span class='ocr_line' id='line_1_52' title="bbox 345 4971 2040 5044; baseline 0.002 -21"><span class='ocrx_word' id='word_1_395' title='bbox 345 4986 477 5023; x_wconf 87' lang='lat' dir='ltr'>cum</span> <span class='ocrx_word' id='word_1_396' title='bbox 506 4986 701 5024; x_wconf 90' lang='lat' dir='ltr'>causas</span> <span class='ocrx_word' id='word_1_397' title='bbox 730 4971 1025 5042; x_wconf 68' lang='lat' dir='ltr'>quaesisset</span> <span class='ocrx_word' id='word_1_398' title='bbox 1044 4973 1114 5026; x_wconf 91' lang='lat' dir='ltr'>ab</span> <span class='ocrx_word' id='word_1_399' title='bbox 1135 4991 1201 5026; x_wconf 89' lang='lat' dir='ltr'>ea</span> <span class='ocrx_word' id='word_1_400' title='bbox 1230 4974 1516 5028; x_wconf 60' lang='lat' dir='ltr'>maestitia:</span> <span class='ocrx_word' id='word_1_401' title='bbox 1536 4990 1653 5027; x_wconf 68' lang='lat' dir='ltr'>suae</span> <span class='ocrx_word' id='word_1_402' title='bbox 1681 4973 2040 5044; x_wconf 86' lang='lat' dir='ltr'>quotidiana-</span> 
     </span>
    </p>
   </div>
   <div class='ocr_carea' id='block_1_53' title="bbox 345 5057 2038 5128">
    <p class='ocr_par' dir='ltr' id='par_1_53' title="bbox 345 5057 2038 5128">
     <span class='ocr_line' id='line_1_53' title="bbox 345 5057 2038 5128; baseline 0.002 -19"><span class='ocrx_word' id='word_1_403' title='bbox 345 5072 590 5127; x_wconf 89' lang='lat' dir='ltr'>rumque</span> <span class='ocrx_word' id='word_1_404' title='bbox 619 5057 1294 5128; x_wconf 85' lang='lat' dir='ltr'>lacrymarum,docendi,</span> <span class='ocrx_word' id='word_1_405' title='bbox 1331 5065 1393 5114; x_wconf 91' lang='lat' dir='ltr'>ut</span> <span class='ocrx_word' id='word_1_406' title='bbox 1413 5061 1763 5124; x_wconf 89' lang='lat' dir='ltr'>assolet,non</span> <span class='ocrx_word' id='word_1_407' title='bbox 1786 5059 2038 5114; x_wconf 90' lang='lat' dir='ltr'>discendi</span> 
     </span>
    </p>
   </div>
   <div class='ocr_carea' id='block_1_54' title="bbox 344 5145 2037 5219">
    <p class='ocr_par' dir='ltr' id='par_1_54' title="bbox 344 5145 2037 5219">
     <span class='ocr_line' id='line_1_54' title="bbox 344 5145 2037 5219; baseline 0.002 -21"><span class='ocrx_word' id='word_1_408' title='bbox 344 5145 551 5215; x_wconf 86' lang='lat' dir='ltr'>gratia,</span> <span class='ocrx_word' id='word_1_409' title='bbox 582 5149 751 5216; x_wconf 89' lang='lat' dir='ltr'>atque</span> <span class='ocrx_word' id='word_1_410' title='bbox 790 5146 889 5200; x_wconf 92' lang='lat' dir='ltr'>illa</span> <span class='ocrx_word' id='word_1_411' title='bbox 916 5148 1299 5217; x_wconf 87' lang='lat' dir='ltr'>respondisset</span> <span class='ocrx_word' id='word_1_412' title='bbox 1326 5148 1708 5219; x_wconf 88' lang='lat' dir='ltr'>perditionem</span> <span class='ocrx_word' id='word_1_413' title='bbox 1757 5165 1942 5202; x_wconf 88' lang='lat' dir='ltr'>meam</span> <span class='ocrx_word' id='word_1_414' title='bbox 1981 5166 2037 5202; x_wconf 91' lang='lat' dir='ltr'>se</span> 
     </span>
    </p>
   </div>
   <div class='ocr_carea' id='block_1_55' title="bbox 408 5289 2036 5348">
    <p class='ocr_par' dir='ltr' id='par_1_55' title="bbox 408 5289 2036 5348">
     <span class='ocr_line' id='line_1_55' title="bbox 408 5289 2036 5348; baseline 0.002 -13"><span class='ocrx_word' id='word_1_415' title='bbox 408 5290 423 5321; x_wconf 83' lang='grc' dir='ltr'>ί</span> <span class='ocrx_word' id='word_1_416' title='bbox 453 5289 510 5335; x_wconf 87' lang='lat' dir='ltr'>In</span> <span class='ocrx_word' id='word_1_417' title='bbox 537 5289 700 5338; x_wconf 90' lang='lat' dir='ltr'>Editis</span> <span class='ocrx_word' id='word_1_418' title='bbox 731 5289 856 5337; x_wconf 87' lang='lat' dir='ltr'>Bad.</span> <span class='ocrx_word' id='word_1_419' title='bbox 886 5290 1001 5337; x_wconf 79' lang='lat' dir='ltr'>Am.</span> <span class='ocrx_word' id='word_1_420' title='bbox 1033 5289 1121 5337; x_wconf 89' lang='lat' dir='ltr'>Er.</span> <span class='ocrx_word' id='word_1_421' title='bbox 1139 5293 1191 5338; x_wconf 93' lang='lat' dir='ltr'>et</span> <span class='ocrx_word' id='word_1_422' title='bbox 1207 5291 1329 5338; x_wconf 85' lang='lat' dir='ltr'>Lov.</span> <span class='ocrx_word' id='word_1_423' title='bbox 1355 5292 1459 5341; x_wconf 75' lang='lat' dir='ltr'>:Me</span> <span class='ocrx_word' id='word_1_424' title='bbox 1479 5303 1656 5340; x_wconf 83' lang='lat' dir='ltr'>secum</span> <span class='ocrx_word' id='word_1_425' title='bbox 1671 5291 2036 5348; x_wconf 76' lang='lat' dir='ltr'>crederet;sed</span> 
     </span>
    </p>
   </div>
   <div class='ocr_carea' id='block_1_56' title="bbox 337 5348 2033 5414">
    <p class='ocr_par' dir='ltr' id='par_1_56' title="bbox 337 5348 2033 5414">
     <span class='ocr_line' id='line_1_56' title="bbox 337 5348 2033 5414; baseline 0.004 -20"><span class='ocrx_word' id='word_1_426' title='bbox 337 5348 619 5414; x_wconf 84' lang='lat' dir='ltr'>legendum</span> <span class='ocrx_word' id='word_1_427' title='bbox 644 5365 765 5400; x_wconf 91' lang='lat' dir='ltr'>cum</span> <span class='ocrx_word' id='word_1_428' title='bbox 794 5352 916 5400; x_wconf 86' lang='lat' dir='ltr'>Mss.</span> <span class='ocrx_word' id='word_1_429' title='bbox 944 5351 1238 5414; x_wconf 86' lang='lat' dir='ltr'>potioribus</span> <span class='ocrx_word' id='word_1_430' title='bbox 1261 5367 1272 5400; x_wconf 88' lang='lat'>:</span> <span class='ocrx_word' id='word_1_431' title='bbox 1304 5353 1382 5401; x_wconf 75' lang='lat' dir='ltr'>He</span> <span class='ocrx_word' id='word_1_432' title='bbox 1406 5354 1713 5402; x_wconf 77' lang='lat' dir='ltr'>concederet</span> <span class='ocrx_word' id='word_1_433' title='bbox 1740 5369 1752 5411; x_wconf 84' lang='lat'><strong>;</strong></span> <span class='ocrx_word' id='word_1_434' title='bbox 1784 5353 1865 5401; x_wconf 91' lang='lat' dir='ltr'>vel</span> <span class='ocrx_word' id='word_1_435' title='bbox 1914 5367 2033 5401; x_wconf 91' lang='lat' dir='ltr'>cum</span> 
     </span>
    </p>
   </div>
   <div class='ocr_carea' id='block_1_57' title="bbox 340 5411 2035 5477">
    <p class='ocr_par' dir='ltr' id='par_1_57' title="bbox 340 5411 2035 5477">
     <span class='ocr_line' id='line_1_57' title="bbox 340 5411 2035 5477; baseline 0.005 -20"><span class='ocrx_word' id='word_1_436' title='bbox 340 5411 467 5459; x_wconf 82' lang='lat' dir='ltr'>Arn.</span> <span class='ocrx_word' id='word_1_437' title='bbox 494 5426 505 5458; x_wconf 90' lang='lat'><strong>:</strong></span> <span class='ocrx_word' id='word_1_438' title='bbox 533 5414 616 5460; x_wconf 79' lang='lat' dir='ltr'>Me</span> <span class='ocrx_word' id='word_1_439' title='bbox 637 5425 819 5477; x_wconf 75' lang='lat' dir='ltr'>secum</span> <span class='ocrx_word' id='word_1_440' title='bbox 855 5411 1184 5477; x_wconf 72' lang='lat' dir='ltr'>concederet.</span> <span class='ocrx_word' id='word_1_441' title='bbox 1203 5440 1260 5448; x_wconf 98' lang='lat'><em>—</em></span> <span class='ocrx_word' id='word_1_442' title='bbox 1283 5414 1452 5463; x_wconf 88' lang='lat' dir='ltr'>Editio</span> <span class='ocrx_word' id='word_1_443' title='bbox 1474 5414 1776 5463; x_wconf 88' lang='lat' dir='ltr'>Florentina</span> <span class='ocrx_word' id='word_1_444' title='bbox 1792 5415 1934 5477; x_wconf 86' lang='lat' dir='ltr'>legit,</span> <span class='ocrx_word' id='word_1_445' title='bbox 1953 5428 2035 5465; x_wconf 82' lang='lat' dir='ltr'>me</span> 
     </span>
    </p>
   </div>
   <div class='ocr_carea' id='block_1_58' title="bbox 340 5473 2033 5538">
    <p class='ocr_par' dir='ltr' id='par_1_58' title="bbox 340 5473 2033 5538">
     <span class='ocr_line' id='line_1_58' title="bbox 340 5473 2033 5538; baseline 0.001 -18"><span class='ocrx_word' id='word_1_446' title='bbox 340 5484 515 5538; x_wconf 58' lang='lat' dir='ltr'>secum</span> <span class='ocrx_word' id='word_1_447' title='bbox 527 5473 774 5538; x_wconf 64' lang='lat' dir='ltr'>crederet,</span> <span class='ocrx_word' id='word_1_448' title='bbox 796 5489 952 5538; x_wconf 85' lang='lat' dir='ltr'>quam</span> <span class='ocrx_word' id='word_1_449' title='bbox 976 5476 1250 5524; x_wconf 89' lang='lat' dir='ltr'>lectionem</span> <span class='ocrx_word' id='word_1_450' title='bbox 1263 5481 1441 5525; x_wconf 87' lang='lat' dir='ltr'>tuetur</span> <span class='ocrx_word' id='word_1_451' title='bbox 1456 5477 1764 5525; x_wconf 86' lang='lat' dir='ltr'>auctoritate</span> <span class='ocrx_word' id='word_1_452' title='bbox 1782 5473 1905 5525; x_wconf 69' lang='lat' dir='ltr'>Bad.</span> <span class='ocrx_word' id='word_1_453' title='bbox 1920 5479 2033 5525; x_wconf 82' lang='lat' dir='ltr'>Am.</span> 
     </span>
    </p>
   </div>
   <div class='ocr_carea' id='block_1_59' title="bbox 334 5534 1626 5591">
    <p class='ocr_par' dir='ltr' id='par_1_59' title="bbox 334 5534 1626 5591">
     <span class='ocr_line' id='line_1_59' title="bbox 334 5534 1626 5591; baseline 0.002 -10"><span class='ocrx_word' id='word_1_454' title='bbox 334 5534 417 5581; x_wconf 86' lang='lat' dir='ltr'>Er.</span> <span class='ocrx_word' id='word_1_455' title='bbox 453 5536 598 5591; x_wconf 86' lang='lat' dir='ltr'>Lov.,</span> <span class='ocrx_word' id='word_1_456' title='bbox 627 5534 829 5586; x_wconf 60' lang='lat' dir='ltr'>Somm.’</span> <span class='ocrx_word' id='word_1_457' title='bbox 857 5542 909 5588; x_wconf 87' lang='lat' dir='ltr'>et</span> <span class='ocrx_word' id='word_1_458' title='bbox 939 5541 989 5586; x_wconf 79' lang='lat' dir='ltr'>ll</span> <span class='ocrx_word' id='word_1_459' title='bbox 1026 5538 1149 5585; x_wconf 79' lang='lat' dir='ltr'>Mss.</span> <span class='ocrx_word' id='word_1_460' title='bbox 1182 5539 1426 5587; x_wconf 77' lang='lat' dir='ltr'>Etruriae.</span> <span class='ocrx_word' id='word_1_461' title='bbox 1560 5540 1626 5586; x_wconf 78' lang='grc' dir='ltr'>Μ.</span> 
     </span>
    </p>
   </div>
   <div class='ocr_carea' id='block_1_60' title="bbox 3743 313 3862 362">
    <p class='ocr_par' dir='ltr' id='par_1_60' title="bbox 3743 313 3862 362">
     <span class='ocr_line' id='line_1_60' title="bbox 3743 313 3862 362; baseline -0.008 0"><span class='ocrx_word' id='word_1_462' title='bbox 3743 313 3862 362; x_wconf 66' lang='lat' dir='ltr'>I592</span> 
     </span>
    </p>
   </div>
   <div class='ocr_carea' id='block_1_61' title="bbox 2137 430 3864 512">
    <p class='ocr_par' dir='ltr' id='par_1_61' title="bbox 2137 430 3864 512">
     <span class='ocr_line' id='line_1_61' title="bbox 2137 430 3864 512; baseline -0.008 -17"><span class='ocrx_word' id='word_1_463' title='bbox 2137 441 2407 512; x_wconf 88' lang='lat' dir='ltr'>plangere</span> <span class='ocrx_word' id='word_1_464' title='bbox 2431 437 2692 509; x_wconf 90' lang='lat' dir='ltr'>;jussisse</span> <span class='ocrx_word' id='word_1_465' title='bbox 2711 436 2875 490; x_wconf 90' lang='lat' dir='ltr'>illum</span> <span class='ocrx_word' id='word_1_466' title='bbox 2901 451 3014 506; x_wconf 91' lang='lat' dir='ltr'>quo</span> <span class='ocrx_word' id='word_1_467' title='bbox 3033 449 3229 487; x_wconf 90' lang='lat' dir='ltr'>secura</span> <span class='ocrx_word' id='word_1_468' title='bbox 3251 436 3418 500; x_wconf 86' lang='lat' dir='ltr'>esset,</span> <span class='ocrx_word' id='word_1_469' title='bbox 3447 438 3620 503; x_wconf 89' lang='lat' dir='ltr'>atque</span> <span class='ocrx_word' id='word_1_470' title='bbox 3642 430 3864 485; x_wconf 82' lang='lat' dir='ltr'>admo-</span> 
     </span>
    </p>
   </div>
   <div class='ocr_carea' id='block_1_62' title="bbox 2137 521 3852 590">
    <p class='ocr_par' dir='ltr' id='par_1_62' title="bbox 2137 521 3852 590">
     <span class='ocr_line' id='line_1_62' title="bbox 2137 521 3852 590; baseline -0.006 -7"><span class='ocrx_word' id='word_1_471' title='bbox 2137 529 2327 584; x_wconf 87' lang='lat' dir='ltr'>nuisse</span> <span class='ocrx_word' id='word_1_472' title='bbox 2355 533 2418 582; x_wconf 91' lang='lat' dir='ltr'>ut</span> <span class='ocrx_word' id='word_1_473' title='bbox 2447 526 2766 581; x_wconf 91' lang='lat' dir='ltr'>attenderet</span> <span class='ocrx_word' id='word_1_474' title='bbox 2787 529 2842 578; x_wconf 90' lang='lat' dir='ltr'>et</span> <span class='ocrx_word' id='word_1_475' title='bbox 2879 524 3116 584; x_wconf 88' lang='lat' dir='ltr'>videret,</span> <span class='ocrx_word' id='word_1_476' title='bbox 3151 521 3249 575; x_wconf 91' lang='lat' dir='ltr'>ubi</span> <span class='ocrx_word' id='word_1_477' title='bbox 3278 527 3428 575; x_wconf 89' lang='lat' dir='ltr'>esset</span> <span class='ocrx_word' id='word_1_478' title='bbox 3455 521 3575 590; x_wconf 89' lang='lat' dir='ltr'>illa,</span> <span class='ocrx_word' id='word_1_479' title='bbox 3607 521 3693 575; x_wconf 91' lang='lat' dir='ltr'>ibi</span> <span class='ocrx_word' id='word_1_480' title='bbox 3715 537 3852 574; x_wconf 88' lang='lat' dir='ltr'>esse</span> 
     </span>
    </p>
   </div>
   <div class='ocr_carea' id='block_1_63' title="bbox 2138 609 3860 680">
    <p class='ocr_par' dir='ltr' id='par_1_63' title="bbox 2138 609 3860 680">
     <span class='ocr_line' id='line_1_63' title="bbox 2138 609 3860 680; baseline -0.006 -8"><span class='ocrx_word' id='word_1_481' title='bbox 2138 622 2195 672; x_wconf 92' lang='lat' dir='ltr'>et</span> <span class='ocrx_word' id='word_1_482' title='bbox 2222 633 2333 671; x_wconf 90' lang='lat' dir='ltr'>me.</span> <span class='ocrx_word' id='word_1_483' title='bbox 2367 616 2528 680; x_wconf 88' lang='lat' dir='ltr'>Quod</span> <span class='ocrx_word' id='word_1_484' title='bbox 2557 615 2652 668; x_wconf 93' lang='lat' dir='ltr'>illa</span> <span class='ocrx_word' id='word_1_485' title='bbox 2680 613 2781 666; x_wconf 89' lang='lat' dir='ltr'>ubi</span> <span class='ocrx_word' id='word_1_486' title='bbox 2801 611 3064 677; x_wconf 86' lang='lat' dir='ltr'>attendit,</span> <span class='ocrx_word' id='word_1_487' title='bbox 3098 609 3242 664; x_wconf 90' lang='lat' dir='ltr'>vidit</span> <span class='ocrx_word' id='word_1_488' title='bbox 3273 626 3362 664; x_wconf 89' lang='lat' dir='ltr'>me</span> <span class='ocrx_word' id='word_1_489' title='bbox 3376 610 3542 680; x_wconf 80' lang='lat' dir='ltr'>juxta</span> <span class='ocrx_word' id='word_1_490' title='bbox 3568 627 3628 663; x_wconf 86' lang='lat' dir='ltr'>se</span> <span class='ocrx_word' id='word_1_491' title='bbox 3663 609 3728 663; x_wconf 91' lang='lat' dir='ltr'>in</span> <span class='ocrx_word' id='word_1_492' title='bbox 3760 625 3860 662; x_wconf 86' lang='lat' dir='ltr'>ea-</span> 
     </span>
    </p>
   </div>
   <div class='ocr_carea' id='block_1_64' title="bbox 2137 697 3858 775">
    <p class='ocr_par' dir='ltr' id='par_1_64' title="bbox 2137 697 3858 775">
     <span class='ocr_line' id='line_1_64' title="bbox 2137 697 3858 775; baseline -0.007 -15"><span class='ocrx_word' id='word_1_493' title='bbox 2137 707 2268 760; x_wconf 91' lang='lat' dir='ltr'>dem</span> <span class='ocrx_word' id='word_1_494' title='bbox 2289 705 2489 775; x_wconf 89' lang='lat' dir='ltr'>regula</span> <span class='ocrx_word' id='word_1_495' title='bbox 2518 706 2782 757; x_wconf 90' lang='lat' dir='ltr'>stantem.</span> <span class='ocrx_word' id='word_1_496' title='bbox 2817 700 2974 755; x_wconf 90' lang='lat' dir='ltr'>Unde</span> <span class='ocrx_word' id='word_1_497' title='bbox 3004 700 3129 764; x_wconf 91' lang='lat' dir='ltr'>hoc,</span> <span class='ocrx_word' id='word_1_498' title='bbox 3165 697 3276 755; x_wconf 89' lang='lat' dir='ltr'>nisi</span> <span class='ocrx_word' id='word_1_499' title='bbox 3305 697 3444 768; x_wconf 90' lang='lat' dir='ltr'>quia</span> <span class='ocrx_word' id='word_1_500' title='bbox 3477 703 3644 752; x_wconf 90' lang='lat' dir='ltr'>erant</span> <span class='ocrx_word' id='word_1_501' title='bbox 3671 713 3858 750; x_wconf 87' lang='lat' dir='ltr'>aures</span> 
     </span>
    </p>
   </div>
   <div class='ocr_carea' id='block_1_65' title="bbox 2138 787 3858 864">
    <p class='ocr_par' dir='ltr' id='par_1_65' title="bbox 2138 787 3858 864">
     <span class='ocr_line' id='line_1_65' title="bbox 2138 787 3858 864; baseline -0.007 -15"><span class='ocrx_word' id='word_1_502' title='bbox 2138 801 2252 849; x_wconf 63' lang='lat' dir='ltr'>tuas</span> <span class='ocrx_word' id='word_1_503' title='bbox 2275 795 2344 848; x_wconf 91' lang='lat' dir='ltr'>ad</span> <span class='ocrx_word' id='word_1_504' title='bbox 2373 810 2471 847; x_wconf 92' lang='lat' dir='ltr'>cor</span> <span class='ocrx_word' id='word_1_505' title='bbox 2499 795 2621 864; x_wconf 88' lang='lat' dir='ltr'>ejus</span> <span class='ocrx_word' id='word_1_506' title='bbox 2638 794 2667 845; x_wconf 85' lang='lat'><strong><em>?</em></strong></span> <span class='ocrx_word' id='word_1_507' title='bbox 2692 792 2733 845; x_wconf 93' lang='grc' dir='ltr'>Ο</span> <span class='ocrx_word' id='word_1_508' title='bbox 2765 796 2848 856; x_wconf 89' lang='lat' dir='ltr'>tu,</span> <span class='ocrx_word' id='word_1_509' title='bbox 2865 790 3010 843; x_wconf 86' lang='lat' dir='ltr'>bone</span> <span class='ocrx_word' id='word_1_510' title='bbox 3033 787 3421 856; x_wconf 87' lang='lat' dir='ltr'>omnipotens,</span> <span class='ocrx_word' id='word_1_511' title='bbox 3443 787 3543 858; x_wconf 88' lang='lat' dir='ltr'>qui</span> <span class='ocrx_word' id='word_1_512' title='bbox 3563 787 3642 840; x_wconf 92' lang='lat' dir='ltr'>sic</span> <span class='ocrx_word' id='word_1_513' title='bbox 3675 803 3858 840; x_wconf 85' lang='lat' dir='ltr'>curas</span> 
     </span>
    </p>
   </div>
   <div class='ocr_carea' id='block_1_66' title="bbox 2139 875 3856 953">
    <p class='ocr_par' dir='ltr' id='par_1_66' title="bbox 2139 875 3856 953">
     <span class='ocr_line' id='line_1_66' title="bbox 2139 875 3856 953; baseline -0.006 -16"><span class='ocrx_word' id='word_1_514' title='bbox 2139 897 2608 953; x_wconf 85' lang='lat' dir='ltr'>unumquemque</span> <span class='ocrx_word' id='word_1_515' title='bbox 2633 887 2916 942; x_wconf 45' lang='lat' dir='ltr'>nostrum,</span> <span class='ocrx_word' id='word_1_516' title='bbox 2949 883 3225 946; x_wconf 87' lang='lat' dir='ltr'>tanquam</span> <span class='ocrx_word' id='word_1_517' title='bbox 3251 875 3438 929; x_wconf 89' lang='lat' dir='ltr'>solum</span> <span class='ocrx_word' id='word_1_518' title='bbox 3455 891 3618 928; x_wconf 89' lang='lat' dir='ltr'>cures</span> <span class='ocrx_word' id='word_1_519' title='bbox 3642 894 3659 939; x_wconf 90' lang='lat'><strong><em>;</em></strong></span> <span class='ocrx_word' id='word_1_520' title='bbox 3685 881 3746 928; x_wconf 90' lang='lat' dir='ltr'>et</span> <span class='ocrx_word' id='word_1_521' title='bbox 3764 875 3856 928; x_wconf 92' lang='lat' dir='ltr'>sic</span> 
     </span>
    </p>
   </div>
   <div class='ocr_carea' id='block_1_67' title="bbox 2140 965 2984 1041">
    <p class='ocr_par' dir='ltr' id='par_1_67' title="bbox 2140 965 2984 1041">
     <span class='ocr_line' id='line_1_67' title="bbox 2140 965 2984 1041; baseline -0.007 -16"><span class='ocrx_word' id='word_1_522' title='bbox 2140 987 2360 1038; x_wconf 89' lang='lat' dir='ltr'>omnes,</span> <span class='ocrx_word' id='word_1_523' title='bbox 2393 975 2668 1041; x_wconf 89' lang='lat' dir='ltr'>tanquam</span> <span class='ocrx_word' id='word_1_524' title='bbox 2696 965 2984 1038; x_wconf 74' lang='lat' dir='ltr'>singulos!</span> 
     </span>
    </p>
   </div>
   <div class='ocr_carea' id='block_1_68' title="bbox 2210 1052 3858 1124">
    <p class='ocr_par' dir='ltr' id='par_1_68' title="bbox 2210 1052 3858 1124">
     <span class='ocr_line' id='line_1_68' title="bbox 2210 1052 3858 1124; baseline -0.005 -12"><span class='ocrx_word' id='word_1_525' title='bbox 2210 1062 2304 1114; x_wconf 78' lang='lat'>‘20.</span> <span class='ocrx_word' id='word_1_526' title='bbox 2349 1057 2505 1112; x_wconf 90' lang='lat' dir='ltr'>Unde</span> <span class='ocrx_word' id='word_1_527' title='bbox 2549 1057 2691 1111; x_wconf 90' lang='lat' dir='ltr'>illud</span> <span class='ocrx_word' id='word_1_528' title='bbox 2735 1055 2928 1121; x_wconf 86' lang='lat' dir='ltr'>etiam,</span> <span class='ocrx_word' id='word_1_529' title='bbox 2982 1053 3134 1124; x_wconf 90' lang='lat' dir='ltr'>quod</span> <span class='ocrx_word' id='word_1_530' title='bbox 3175 1069 3305 1106; x_wconf 92' lang='lat' dir='ltr'>cum</span> <span class='ocrx_word' id='word_1_531' title='bbox 3354 1052 3497 1106; x_wconf 90' lang='lat' dir='ltr'>mihi</span> <span class='ocrx_word' id='word_1_532' title='bbox 3551 1055 3858 1106; x_wconf 86' lang='lat' dir='ltr'>narrasset</span> 
     </span>
    </p>
   </div>
   <div class='ocr_carea' id='block_1_69' title="bbox 2140 1141 3857 1217">
    <p class='ocr_par' dir='ltr' id='par_1_69' title="bbox 2140 1141 3857 1217">
     <span class='ocr_line' id='line_1_69' title="bbox 2140 1141 3857 1217; baseline -0.003 -17"><span class='ocrx_word' id='word_1_533' title='bbox 2140 1148 2330 1217; x_wconf 91' lang='lat' dir='ltr'>ipsum</span> <span class='ocrx_word' id='word_1_534' title='bbox 2361 1146 2566 1211; x_wconf 89' lang='lat' dir='ltr'>visum,</span> <span class='ocrx_word' id='word_1_535' title='bbox 2599 1149 2655 1198; x_wconf 88' lang='lat' dir='ltr'>et</span> <span class='ocrx_word' id='word_1_536' title='bbox 2676 1160 2781 1214; x_wconf 92' lang='lat' dir='ltr'>ego</span> <span class='ocrx_word' id='word_1_537' title='bbox 2812 1143 2882 1196; x_wconf 91' lang='lat' dir='ltr'>ad</span> <span class='ocrx_word' id='word_1_538' title='bbox 2922 1142 2983 1197; x_wconf 93' lang='lat' dir='ltr'>id</span> <span class='ocrx_word' id='word_1_539' title='bbox 3011 1141 3235 1195; x_wconf 88' lang='lat' dir='ltr'>trahere</span> <span class='ocrx_word' id='word_1_540' title='bbox 3266 1157 3524 1208; x_wconf 88' lang='lat' dir='ltr'>conarer,</span> <span class='ocrx_word' id='word_1_541' title='bbox 3558 1147 3623 1194; x_wconf 88' lang='lat' dir='ltr'>ut</span> <span class='ocrx_word' id='word_1_542' title='bbox 3654 1141 3754 1194; x_wconf 91' lang='lat' dir='ltr'>illa</span> <span class='ocrx_word' id='word_1_543' title='bbox 3787 1156 3857 1194; x_wconf 88' lang='lat' dir='ltr'>se</span> 
     </span>
    </p>
   </div>
   <div class='ocr_carea' id='block_1_70' title="bbox 2140 1228 3853 1305">
    <p class='ocr_par' dir='ltr' id='par_1_70' title="bbox 2140 1228 3853 1305">
     <span class='ocr_line' id='line_1_70' title="bbox 2140 1228 3853 1305; baseline -0.003 -18"><span class='ocrx_word' id='word_1_544' title='bbox 2140 1234 2332 1305; x_wconf 89' lang='lat' dir='ltr'>potius</span> <span class='ocrx_word' id='word_1_545' title='bbox 2359 1249 2476 1287; x_wconf 89' lang='lat' dir='ltr'>non</span> <span class='ocrx_word' id='word_1_546' title='bbox 2504 1233 2832 1302; x_wconf 89' lang='lat' dir='ltr'>desperaret</span> <span class='ocrx_word' id='word_1_547' title='bbox 2848 1231 3103 1283; x_wconf 84' lang='lat' dir='ltr'>futuram</span> <span class='ocrx_word' id='word_1_548' title='bbox 3123 1245 3243 1281; x_wconf 91' lang='lat' dir='ltr'>esse</span> <span class='ocrx_word' id='word_1_549' title='bbox 3264 1228 3415 1299; x_wconf 87' lang='lat' dir='ltr'>quod</span> <span class='ocrx_word' id='word_1_550' title='bbox 3435 1244 3592 1282; x_wconf 89' lang='lat' dir='ltr'>eram</span> <span class='ocrx_word' id='word_1_551' title='bbox 3621 1249 3636 1293; x_wconf 86' lang='lat'><strong>;</strong></span> <span class='ocrx_word' id='word_1_552' title='bbox 3657 1229 3853 1282; x_wconf 79' lang='lat' dir='ltr'>conti-</span> 
     </span>
    </p>
   </div>
   <div class='ocr_carea' id='block_1_71' title="bbox 2141 1316 3858 1390">
    <p class='ocr_par' dir='ltr' id='par_1_71' title="bbox 2141 1316 3858 1390">
     <span class='ocr_line' id='line_1_71' title="bbox 2141 1316 3858 1390; baseline -0.003 -14"><span class='ocrx_word' id='word_1_553' title='bbox 2141 1339 2256 1376; x_wconf 90' lang='lat' dir='ltr'>nuo</span> <span class='ocrx_word' id='word_1_554' title='bbox 2288 1322 2408 1374; x_wconf 89' lang='lat' dir='ltr'>sine</span> <span class='ocrx_word' id='word_1_555' title='bbox 2454 1319 2646 1390; x_wconf 90' lang='lat' dir='ltr'>aliqua</span> <span class='ocrx_word' id='word_1_556' title='bbox 2694 1317 3070 1383; x_wconf 74' lang='lat' dir='ltr'>haesitatione,</span> <span class='ocrx_word' id='word_1_557' title='bbox 3117 1318 3255 1382; x_wconf 87' lang='lat' dir='ltr'>Non,</span> <span class='ocrx_word' id='word_1_558' title='bbox 3293 1316 3500 1386; x_wconf 85' lang='lat' dir='ltr'>inquit,</span> <span class='ocrx_word' id='word_1_559' title='bbox 3548 1332 3654 1370; x_wconf 88' lang='lat' dir='ltr'>non</span> <span class='ocrx_word' id='word_1_560' title='bbox 3703 1320 3858 1370; x_wconf 81' lang='lat' dir='ltr'>enim</span> 
     </span>
    </p>
   </div>
   <div class='ocr_carea' id='block_1_72' title="bbox 2139 1405 3850 1473">
    <p class='ocr_par' dir='ltr' id='par_1_72' title="bbox 2139 1405 3850 1473">
     <span class='ocr_line' id='line_1_72' title="bbox 2139 1405 3850 1473; baseline -0.004 -9"><span class='ocrx_word' id='word_1_561' title='bbox 2139 1413 2277 1465; x_wconf 86' lang='lat' dir='ltr'>mihi</span> <span class='ocrx_word' id='word_1_562' title='bbox 2305 1411 2509 1464; x_wconf 81' lang='lat' dir='ltr'>dictum</span> <span class='ocrx_word' id='word_1_563' title='bbox 2529 1414 2626 1473; x_wconf 77' lang='lat' dir='ltr'>est,</span> <span class='ocrx_word' id='word_1_564' title='bbox 2651 1409 2751 1461; x_wconf 90' lang='lat' dir='ltr'>Ubi</span> <span class='ocrx_word' id='word_1_565' title='bbox 2763 1409 2872 1473; x_wconf 76' lang='lat' dir='ltr'>ille,</span> <span class='ocrx_word' id='word_1_566' title='bbox 2901 1407 2980 1459; x_wconf 86' lang='lat' dir='ltr'>ibi</span> <span class='ocrx_word' id='word_1_567' title='bbox 3003 1411 3125 1461; x_wconf 78' lang='lat' dir='ltr'>etiu</span> <span class='ocrx_word' id='word_1_568' title='bbox 3147 1422 3160 1472; x_wconf 91' lang='lat'><strong>;</strong></span> <span class='ocrx_word' id='word_1_569' title='bbox 3179 1405 3292 1470; x_wconf 88' lang='lat' dir='ltr'>sed,</span> <span class='ocrx_word' id='word_1_570' title='bbox 3324 1405 3424 1458; x_wconf 86' lang='lat' dir='ltr'>Ubi</span> <span class='ocrx_word' id='word_1_571' title='bbox 3445 1418 3500 1458; x_wconf 76' lang='grc' dir='ltr'>ιιι</span> <span class='ocrx_word' id='word_1_572' title='bbox 3524 1405 3624 1473; x_wconf 92' lang='lat' dir='ltr'>ibi,</span> <span class='ocrx_word' id='word_1_573' title='bbox 3657 1411 3707 1458; x_wconf 76' lang='lat' dir='ltr'>ei</span> <span class='ocrx_word' id='word_1_574' title='bbox 3731 1406 3850 1459; x_wconf 80' lang='lat' dir='ltr'>ille.</span> 
     </span>
    </p>
   </div>
   <div class='ocr_carea' id='block_1_73' title="bbox 2143 1493 3857 1563">
    <p class='ocr_par' dir='ltr' id='par_1_73' title="bbox 2143 1493 3857 1563">
     <span class='ocr_line' id='line_1_73' title="bbox 2143 1493 3857 1563; baseline -0.004 -10"><span class='ocrx_word' id='word_1_575' title='bbox 2143 1499 2426 1553; x_wconf 87' lang='lat' dir='ltr'>Conﬁteor</span> <span class='ocrx_word' id='word_1_576' title='bbox 2454 1496 2853 1563; x_wconf 88' lang='lat' dir='ltr'>tibi,Domine,</span> <span class='ocrx_word' id='word_1_577' title='bbox 2877 1493 3326 1548; x_wconf 87' lang='lat' dir='ltr'>recordationem</span> <span class='ocrx_word' id='word_1_578' title='bbox 3351 1508 3536 1546; x_wconf 91' lang='lat' dir='ltr'>meam</span> <span class='ocrx_word' id='word_1_579' title='bbox 3559 1499 3857 1563; x_wconf 86' lang='lat' dir='ltr'>quantum</span> 
     </span>
    </p>
   </div>
   <div class='ocr_carea' id='block_1_74' title="bbox 2144 1581 3854 1657">
    <p class='ocr_par' dir='ltr' id='par_1_74' title="bbox 2144 1581 3854 1657">
     <span class='ocr_line' id='line_1_74' title="bbox 2144 1581 3854 1657; baseline -0.006 -16"><span class='ocrx_word' id='word_1_580' title='bbox 2144 1588 2349 1653; x_wconf 90' lang='lat' dir='ltr'>recolo,</span> <span class='ocrx_word' id='word_1_581' title='bbox 2377 1586 2528 1657; x_wconf 90' lang='lat' dir='ltr'>quod</span> <span class='ocrx_word' id='word_1_582' title='bbox 2555 1601 2705 1654; x_wconf 71' lang='lat' dir='ltr'>smpe</span> <span class='ocrx_word' id='word_1_583' title='bbox 2736 1599 2851 1637; x_wconf 88' lang='lat' dir='ltr'>non</span> <span class='ocrx_word' id='word_1_584' title='bbox 2880 1581 3050 1648; x_wconf 93' lang='lat' dir='ltr'>tacui,</span> <span class='ocrx_word' id='word_1_585' title='bbox 3069 1581 3313 1652; x_wconf 89' lang='lat' dir='ltr'>amplius</span> <span class='ocrx_word' id='word_1_586' title='bbox 3344 1597 3434 1634; x_wconf 87' lang='lat' dir='ltr'>me</span> <span class='ocrx_word' id='word_1_587' title='bbox 3467 1581 3576 1635; x_wconf 91' lang='lat' dir='ltr'>isto</span> <span class='ocrx_word' id='word_1_588' title='bbox 3598 1597 3701 1651; x_wconf 89' lang='lat' dir='ltr'>per</span> <span class='ocrx_word' id='word_1_589' title='bbox 3734 1599 3854 1635; x_wconf 87' lang='lat' dir='ltr'>ma-</span> 
     </span>
    </p>
   </div>
   <div class='ocr_carea' id='block_1_75' title="bbox 2145 1669 3858 1745">
    <p class='ocr_par' dir='ltr' id='par_1_75' title="bbox 2145 1669 3858 1745">
     <span class='ocr_line' id='line_1_75' title="bbox 2145 1669 3858 1745; baseline -0.004 -16"><span class='ocrx_word' id='word_1_590' title='bbox 2145 1681 2290 1729; x_wconf 88' lang='lat' dir='ltr'>trem</span> <span class='ocrx_word' id='word_1_591' title='bbox 2323 1674 2652 1745; x_wconf 89' lang='lat' dir='ltr'>vigilantem</span> <span class='ocrx_word' id='word_1_592' title='bbox 2682 1688 2953 1742; x_wconf 88' lang='lat' dir='ltr'>responso</span> <span class='ocrx_word' id='word_1_593' title='bbox 2977 1675 3097 1738; x_wconf 90' lang='lat' dir='ltr'>tuo,</span> <span class='ocrx_word' id='word_1_594' title='bbox 3131 1669 3286 1740; x_wconf 91' lang='lat' dir='ltr'>quod</span> <span class='ocrx_word' id='word_1_595' title='bbox 3306 1674 3423 1722; x_wconf 89' lang='lat' dir='ltr'>tam</span> <span class='ocrx_word' id='word_1_596' title='bbox 3453 1669 3638 1722; x_wconf 86' lang='lat' dir='ltr'>vicina</span> <span class='ocrx_word' id='word_1_597' title='bbox 3669 1669 3858 1723; x_wconf 83' lang='lat' dir='ltr'>inter—</span> 
     </span>
    </p>
   </div>
   <div class='ocr_carea' id='block_1_76' title="bbox 2145 1758 3861 1835">
    <p class='ocr_par' dir='ltr' id='par_1_76' title="bbox 2145 1758 3861 1835">
     <span class='ocr_line' id='line_1_76' title="bbox 2145 1758 3861 1835; baseline -0.003 -18"><span class='ocrx_word' id='word_1_598' title='bbox 2145 1764 2482 1835; x_wconf 84' lang='lat' dir='ltr'>pretationis</span> <span class='ocrx_word' id='word_1_599' title='bbox 2509 1763 2757 1816; x_wconf 86' lang='lat' dir='ltr'>falsitate</span> <span class='ocrx_word' id='word_1_600' title='bbox 2788 1761 3014 1814; x_wconf 89' lang='lat' dir='ltr'>turbata</span> <span class='ocrx_word' id='word_1_601' title='bbox 3045 1775 3156 1813; x_wconf 89' lang='lat' dir='ltr'>non</span> <span class='ocrx_word' id='word_1_602' title='bbox 3189 1763 3296 1827; x_wconf 89' lang='lat' dir='ltr'>est,</span> <span class='ocrx_word' id='word_1_603' title='bbox 3329 1764 3386 1813; x_wconf 92' lang='lat' dir='ltr'>et</span> <span class='ocrx_word' id='word_1_604' title='bbox 3416 1764 3534 1812; x_wconf 88' lang='lat' dir='ltr'>tam</span> <span class='ocrx_word' id='word_1_605' title='bbox 3565 1758 3676 1812; x_wconf 90' lang='lat' dir='ltr'>cito</span> <span class='ocrx_word' id='word_1_606' title='bbox 3707 1759 3861 1813; x_wconf 88' lang='lat' dir='ltr'>vidit</span> 
     </span>
    </p>
   </div>
   <div class='ocr_carea' id='block_1_77' title="bbox 2146 1847 3861 1924">
    <p class='ocr_par' dir='ltr' id='par_1_77' title="bbox 2146 1847 3861 1924">
     <span class='ocr_line' id='line_1_77' title="bbox 2146 1847 3861 1924; baseline -0.004 -17"><span class='ocrx_word' id='word_1_607' title='bbox 2146 1853 2300 1924; x_wconf 90' lang='lat' dir='ltr'>quod</span> <span class='ocrx_word' id='word_1_608' title='bbox 2321 1852 2633 1906; x_wconf 90' lang='lat' dir='ltr'>videndum</span> <span class='ocrx_word' id='word_1_609' title='bbox 2662 1850 2785 1914; x_wconf 90' lang='lat' dir='ltr'>fuit,</span> <span class='ocrx_word' id='word_1_610' title='bbox 2822 1849 2979 1919; x_wconf 91' lang='lat' dir='ltr'>quod</span> <span class='ocrx_word' id='word_1_611' title='bbox 3006 1865 3112 1919; x_wconf 92' lang='lat' dir='ltr'>ego</span> <span class='ocrx_word' id='word_1_612' title='bbox 3126 1852 3296 1913; x_wconf 83' lang='lat' dir='ltr'>certe,</span> <span class='ocrx_word' id='word_1_613' title='bbox 3331 1851 3640 1917; x_wconf 87' lang='lat' dir='ltr'>antequam</span> <span class='ocrx_word' id='word_1_614' title='bbox 3673 1847 3861 1901; x_wconf 78' lang='lat' dir='ltr'>dixis-</span> 
     </span>
    </p>
   </div>
   <div class='ocr_carea' id='block_1_78' title="bbox 2147 1935 3861 2006">
    <p class='ocr_par' dir='ltr' id='par_1_78' title="bbox 2147 1935 3861 2006">
     <span class='ocr_line' id='line_1_78' title="bbox 2147 1935 3861 2006; baseline -0.005 -11"><span class='ocrx_word' id='word_1_615' title='bbox 2147 1945 2246 2006; x_wconf 86' lang='lat' dir='ltr'>set,</span> <span class='ocrx_word' id='word_1_616' title='bbox 2279 1957 2396 1994; x_wconf 92' lang='lat' dir='ltr'>non</span> <span class='ocrx_word' id='word_1_617' title='bbox 2423 1940 2677 1994; x_wconf 88' lang='lat' dir='ltr'>videram</span> <span class='ocrx_word' id='word_1_618' title='bbox 2708 1959 2722 2004; x_wconf 88' lang='lat'><strong>;</strong></span> <span class='ocrx_word' id='word_1_619' title='bbox 2748 1938 2919 1992; x_wconf 92' lang='lat' dir='ltr'>etiam</span> <span class='ocrx_word' id='word_1_620' title='bbox 2947 1941 3070 1990; x_wconf 91' lang='lat' dir='ltr'>tum</span> <span class='ocrx_word' id='word_1_621' title='bbox 3089 1939 3438 1989; x_wconf 88' lang='lat' dir='ltr'>commotum</span> <span class='ocrx_word' id='word_1_622' title='bbox 3457 1935 3652 2001; x_wconf 80' lang='lat' dir='ltr'>fuisse,</span> <span class='ocrx_word' id='word_1_623' title='bbox 3673 1951 3861 2006; x_wconf 90' lang='lat' dir='ltr'>quam</span> 
     </span>
    </p>
   </div>
   <div class='ocr_carea' id='block_1_79' title="bbox 2146 2024 3862 2100">
    <p class='ocr_par' dir='ltr' id='par_1_79' title="bbox 2146 2024 3862 2100">
     <span class='ocr_line' id='line_1_79' title="bbox 2146 2024 3862 2100; baseline -0.004 -17"><span class='ocrx_word' id='word_1_624' title='bbox 2146 2029 2271 2100; x_wconf 91' lang='lat' dir='ltr'>ipso</span> <span class='ocrx_word' id='word_1_625' title='bbox 2299 2028 2542 2095; x_wconf 89' lang='lat' dir='ltr'>somnio,</span> <span class='ocrx_word' id='word_1_626' title='bbox 2570 2044 2684 2098; x_wconf 90' lang='lat' dir='ltr'>quo</span> <span class='ocrx_word' id='word_1_627' title='bbox 2712 2025 2943 2080; x_wconf 75' lang='lat' dir='ltr'>feminae</span> <span class='ocrx_word' id='word_1_628' title='bbox 2972 2025 3082 2095; x_wconf 65' lang='lat' dir='ltr'>pia:</span> <span class='ocrx_word' id='word_1_629' title='bbox 3111 2024 3388 2095; x_wconf 89' lang='lat' dir='ltr'>gaudium</span> <span class='ocrx_word' id='word_1_630' title='bbox 3417 2028 3576 2077; x_wconf 75' lang='lat' dir='ltr'>tanta</span> <span class='ocrx_word' id='word_1_631' title='bbox 3608 2029 3742 2094; x_wconf 90' lang='lat' dir='ltr'>post</span> <span class='ocrx_word' id='word_1_632' title='bbox 3770 2026 3862 2077; x_wconf 88' lang='lat' dir='ltr'>fu-</span> 
     </span>
    </p>
   </div>
   <div class='ocr_carea' id='block_1_80' title="bbox 2146 2111 3862 2185">
    <p class='ocr_par' dir='ltr' id='par_1_80' title="bbox 2146 2111 3862 2185">
     <span class='ocr_line' id='line_1_80' title="bbox 2146 2111 3862 2185; baseline -0.005 -14"><span class='ocrx_word' id='word_1_633' title='bbox 2146 2122 2362 2185; x_wconf 89' lang='lat' dir='ltr'>turum,</span> <span class='ocrx_word' id='word_1_634' title='bbox 2403 2117 2475 2171; x_wconf 89' lang='lat' dir='ltr'>ad</span> <span class='ocrx_word' id='word_1_635' title='bbox 2503 2115 2952 2170; x_wconf 89' lang='lat' dir='ltr'>consolationem</span> <span class='ocrx_word' id='word_1_636' title='bbox 2985 2120 3120 2167; x_wconf 90' lang='lat' dir='ltr'>tunc</span> <span class='ocrx_word' id='word_1_637' title='bbox 3167 2111 3465 2183; x_wconf 65' lang='lat' dir='ltr'>praisentis</span> <span class='ocrx_word' id='word_1_638' title='bbox 3512 2112 3862 2165; x_wconf 88' lang='lat' dir='ltr'>sollicitudi-</span> 
     </span>
    </p>
   </div>
   <div class='ocr_carea' id='block_1_81' title="bbox 2148 2200 3864 2274">
    <p class='ocr_par' dir='ltr' id='par_1_81' title="bbox 2148 2200 3864 2274">
     <span class='ocr_line' id='line_1_81' title="bbox 2148 2200 3864 2274; baseline -0.004 -15"><span class='ocrx_word' id='word_1_639' title='bbox 2148 2205 2252 2272; x_wconf 88' lang='lat' dir='ltr'>nis,</span> <span class='ocrx_word' id='word_1_640' title='bbox 2286 2211 2443 2260; x_wconf 90' lang='lat' dir='ltr'>tanto</span> <span class='ocrx_word' id='word_1_641' title='bbox 2474 2209 2606 2258; x_wconf 88' lang='lat' dir='ltr'>ante</span> <span class='ocrx_word' id='word_1_642' title='bbox 2636 2203 2975 2274; x_wconf 81' lang='lat' dir='ltr'>praedictum</span> <span class='ocrx_word' id='word_1_643' title='bbox 3005 2205 3107 2255; x_wconf 93' lang='lat' dir='ltr'>est.</span> <span class='ocrx_word' id='word_1_644' title='bbox 3142 2201 3285 2254; x_wconf 90' lang='lat' dir='ltr'>Nam</span> <span class='ocrx_word' id='word_1_645' title='bbox 3312 2216 3515 2253; x_wconf 91' lang='lat' dir='ltr'>novem</span> <span class='ocrx_word' id='word_1_646' title='bbox 3541 2200 3724 2254; x_wconf 89' lang='lat' dir='ltr'>ferme</span> <span class='ocrx_word' id='word_1_647' title='bbox 3758 2217 3864 2253; x_wconf 88' lang='lat' dir='ltr'>an-</span> 
     </span>
    </p>
   </div>
   <div class='ocr_carea' id='block_1_82' title="bbox 2147 2288 3862 2363">
    <p class='ocr_par' dir='ltr' id='par_1_82' title="bbox 2147 2288 3862 2363">
     <span class='ocr_line' id='line_1_82' title="bbox 2147 2288 3862 2363; baseline -0.003 -15"><span class='ocrx_word' id='word_1_648' title='bbox 2147 2295 2208 2348; x_wconf 91' lang='lat' dir='ltr'>ni</span> <span class='ocrx_word' id='word_1_649' title='bbox 2238 2293 2415 2348; x_wconf 88' lang='lat' dir='ltr'>secuti</span> <span class='ocrx_word' id='word_1_650' title='bbox 2443 2298 2592 2355; x_wconf 90' lang='lat' dir='ltr'>sunt,</span> <span class='ocrx_word' id='word_1_651' title='bbox 2627 2292 2836 2363; x_wconf 90' lang='lat' dir='ltr'>quibus</span> <span class='ocrx_word' id='word_1_652' title='bbox 2863 2307 2969 2361; x_wconf 89' lang='lat' dir='ltr'>ego</span> <span class='ocrx_word' id='word_1_653' title='bbox 3000 2290 3059 2342; x_wconf 91' lang='lat' dir='ltr'>in</span> <span class='ocrx_word' id='word_1_654' title='bbox 3089 2290 3187 2343; x_wconf 93' lang='lat' dir='ltr'>illo</span> <span class='ocrx_word' id='word_1_655' title='bbox 3216 2289 3354 2342; x_wconf 91' lang='lat' dir='ltr'>limo</span> <span class='ocrx_word' id='word_1_656' title='bbox 3383 2288 3650 2358; x_wconf 83' lang='lat' dir='ltr'>profundi</span> <span class='ocrx_word' id='word_1_657' title='bbox 3673 2304 3738 2342; x_wconf 88' lang='lat' dir='ltr'>ac</span> <span class='ocrx_word' id='word_1_658' title='bbox 3771 2293 3862 2342; x_wconf 87' lang='lat' dir='ltr'>te-</span> 
     </span>
    </p>
   </div>
   <div class='ocr_carea' id='block_1_83' title="bbox 2150 2377 3862 2449">
    <p class='ocr_par' dir='ltr' id='par_1_83' title="bbox 2150 2377 3862 2449">
     <span class='ocr_line' id='line_1_83' title="bbox 2150 2377 3862 2449; baseline -0.004 -12"><span class='ocrx_word' id='word_1_659' title='bbox 2150 2383 2339 2437; x_wconf 87' lang='lat' dir='ltr'>nebris</span> <span class='ocrx_word' id='word_1_660' title='bbox 2370 2381 2650 2449; x_wconf 88' lang='lat' dir='ltr'>falsitatis,</span> <span class='ocrx_word' id='word_1_661' title='bbox 2671 2396 2800 2433; x_wconf 91' lang='lat' dir='ltr'>cum</span> <span class='ocrx_word' id='word_1_662' title='bbox 2823 2395 2974 2448; x_wconf 73' lang='lat' dir='ltr'>saepe</span> <span class='ocrx_word' id='word_1_663' title='bbox 3006 2394 3238 2448; x_wconf 90' lang='lat' dir='ltr'>surgere</span> <span class='ocrx_word' id='word_1_664' title='bbox 3268 2393 3507 2430; x_wconf 91' lang='lat' dir='ltr'>conarer</span> <span class='ocrx_word' id='word_1_665' title='bbox 3534 2381 3591 2430; x_wconf 92' lang='lat' dir='ltr'>et</span> <span class='ocrx_word' id='word_1_666' title='bbox 3616 2377 3862 2447; x_wconf 88' lang='lat' dir='ltr'>gravius</span> 
     </span>
    </p>
   </div>
   <div class='ocr_carea' id='block_1_84' title="bbox 2148 2464 3852 2536">
    <p class='ocr_par' dir='ltr' id='par_1_84' title="bbox 2148 2464 3852 2536">
     <span class='ocr_line' id='line_1_84' title="bbox 2148 2464 3852 2536; baseline -0.004 -11"><span class='ocrx_word' id='word_1_667' title='bbox 2148 2471 2432 2536; x_wconf 90' lang='lat' dir='ltr'>alliderer,</span> <span class='ocrx_word' id='word_1_668' title='bbox 2465 2471 2748 2523; x_wconf 81' lang='lat' dir='ltr'>volutatus</span> <span class='ocrx_word' id='word_1_669' title='bbox 2772 2483 2930 2520; x_wconf 87' lang='lat' dir='ltr'>sum:</span> <span class='ocrx_word' id='word_1_670' title='bbox 2963 2483 3094 2520; x_wconf 91' lang='lat' dir='ltr'>cum</span> <span class='ocrx_word' id='word_1_671' title='bbox 3120 2472 3313 2520; x_wconf 88' lang='lat' dir='ltr'>tamen</span> <span class='ocrx_word' id='word_1_672' title='bbox 3340 2465 3438 2518; x_wconf 89' lang='lat' dir='ltr'>illa</span> <span class='ocrx_word' id='word_1_673' title='bbox 3467 2464 3637 2518; x_wconf 88' lang='lat' dir='ltr'>vidua</span> <span class='ocrx_word' id='word_1_674' title='bbox 3666 2470 3852 2529; x_wconf 88' lang='lat' dir='ltr'>casta,</span> 
     </span>
    </p>
   </div>
   <div class='ocr_carea' id='block_1_85' title="bbox 2147 2553 3850 2630">
    <p class='ocr_par' dir='ltr' id='par_1_85' title="bbox 2147 2553 3850 2630">
     <span class='ocr_line' id='line_1_85' title="bbox 2147 2553 3850 2630; baseline -0.004 -18"><span class='ocrx_word' id='word_1_675' title='bbox 2147 2560 2242 2630; x_wconf 89' lang='lat' dir='ltr'>pia</span> <span class='ocrx_word' id='word_1_676' title='bbox 2268 2565 2323 2612; x_wconf 91' lang='lat' dir='ltr'>et</span> <span class='ocrx_word' id='word_1_677' title='bbox 2353 2557 2558 2624; x_wconf 88' lang='lat' dir='ltr'>sobria,</span> <span class='ocrx_word' id='word_1_678' title='bbox 2590 2557 2784 2628; x_wconf 87' lang='lat' dir='ltr'>quales</span> <span class='ocrx_word' id='word_1_679' title='bbox 2814 2571 2990 2621; x_wconf 88' lang='lat' dir='ltr'>amas,</span> <span class='ocrx_word' id='word_1_680' title='bbox 3015 2555 3136 2624; x_wconf 90' lang='lat' dir='ltr'>jam</span> <span class='ocrx_word' id='word_1_681' title='bbox 3167 2553 3404 2624; x_wconf 87' lang='lat' dir='ltr'>quidem</span> <span class='ocrx_word' id='word_1_682' title='bbox 3441 2569 3538 2622; x_wconf 89' lang='lat' dir='ltr'>spe</span> <span class='ocrx_word' id='word_1_683' title='bbox 3571 2553 3850 2615; x_wconf 89' lang='lat' dir='ltr'>alacrior,</span> 
     </span>
    </p>
   </div>
   <div class='ocr_carea' id='block_1_86' title="bbox 2149 2641 3860 2716">
    <p class='ocr_par' dir='ltr' id='par_1_86' title="bbox 2149 2641 3860 2716">
     <span class='ocr_line' id='line_1_86' title="bbox 2149 2641 3860 2716; baseline -0.004 -16"><span class='ocrx_word' id='word_1_684' title='bbox 2149 2649 2248 2702; x_wconf 88' lang='lat' dir='ltr'>sed</span> <span class='ocrx_word' id='word_1_685' title='bbox 2279 2650 2418 2701; x_wconf 83' lang='lat' dir='ltr'>tletu</span> <span class='ocrx_word' id='word_1_686' title='bbox 2445 2651 2501 2700; x_wconf 92' lang='lat' dir='ltr'>et</span> <span class='ocrx_word' id='word_1_687' title='bbox 2527 2645 2745 2716; x_wconf 88' lang='lat' dir='ltr'>gemitu</span> <span class='ocrx_word' id='word_1_688' title='bbox 2781 2660 2898 2698; x_wconf 92' lang='lat' dir='ltr'>non</span> <span class='ocrx_word' id='word_1_689' title='bbox 2928 2642 3176 2714; x_wconf 86' lang='lat' dir='ltr'>segnior,</span> <span class='ocrx_word' id='word_1_690' title='bbox 3211 2657 3325 2695; x_wconf 90' lang='lat' dir='ltr'>non</span> <span class='ocrx_word' id='word_1_691' title='bbox 3355 2641 3641 2695; x_wconf 90' lang='lat' dir='ltr'>desineret</span> <span class='ocrx_word' id='word_1_692' title='bbox 3689 2642 3860 2694; x_wconf 89' lang='lat' dir='ltr'>horis</span> 
     </span>
    </p>
   </div>
   <div class='ocr_carea' id='block_1_87' title="bbox 2151 2728 3857 2798">
    <p class='ocr_par' dir='ltr' id='par_1_87' title="bbox 2151 2728 3857 2798">
     <span class='ocr_line' id='line_1_87' title="bbox 2151 2728 3857 2798; baseline -0.005 -9"><span class='ocrx_word' id='word_1_693' title='bbox 2151 2734 2418 2789; x_wconf 89' lang='lat' dir='ltr'>omnibus</span> <span class='ocrx_word' id='word_1_694' title='bbox 2461 2732 2786 2787; x_wconf 86' lang='lat' dir='ltr'>orationum</span> <span class='ocrx_word' id='word_1_695' title='bbox 2836 2745 3068 2783; x_wconf 89' lang='lat' dir='ltr'>suarum</span> <span class='ocrx_word' id='word_1_696' title='bbox 3099 2729 3167 2782; x_wconf 90' lang='lat' dir='ltr'>de</span> <span class='ocrx_word' id='word_1_697' title='bbox 3198 2744 3289 2782; x_wconf 92' lang='lat' dir='ltr'>me</span> <span class='ocrx_word' id='word_1_698' title='bbox 3331 2728 3602 2798; x_wconf 88' lang='lat' dir='ltr'>plangere</span> <span class='ocrx_word' id='word_1_699' title='bbox 3647 2728 3721 2780; x_wconf 88' lang='lat' dir='ltr'>ad</span> <span class='ocrx_word' id='word_1_700' title='bbox 3753 2732 3812 2780; x_wconf 92' lang='lat' dir='ltr'>te</span> <span class='ocrx_word' id='word_1_701' title='bbox 3843 2744 3857 2792; x_wconf 90' lang='lat'><strong>;</strong></span> 
     </span>
    </p>
   </div>
   <div class='ocr_carea' id='block_1_88' title="bbox 2151 2815 3856 2890">
    <p class='ocr_par' dir='ltr' id='par_1_88' title="bbox 2151 2815 3856 2890">
     <span class='ocr_line' id='line_1_88' title="bbox 2151 2815 3856 2890; baseline -0.005 -13"><span class='ocrx_word' id='word_1_702' title='bbox 2151 2829 2208 2878; x_wconf 92' lang='lat' dir='ltr'>et</span> <span class='ocrx_word' id='word_1_703' title='bbox 2234 2821 2522 2876; x_wconf 90' lang='lat' dir='ltr'>intrabant</span> <span class='ocrx_word' id='word_1_704' title='bbox 2550 2820 2611 2874; x_wconf 91' lang='lat' dir='ltr'>in</span> <span class='ocrx_word' id='word_1_705' title='bbox 2636 2823 3001 2890; x_wconf 90' lang='lat' dir='ltr'>conspectum</span> <span class='ocrx_word' id='word_1_706' title='bbox 3044 2823 3206 2870; x_wconf 87' lang='lat' dir='ltr'>tuum</span> <span class='ocrx_word' id='word_1_707' title='bbox 3247 2831 3441 2886; x_wconf 90' lang='lat' dir='ltr'>preces</span> <span class='ocrx_word' id='word_1_708' title='bbox 3469 2815 3606 2884; x_wconf 85' lang='lat' dir='ltr'>ejus,</span> <span class='ocrx_word' id='word_1_709' title='bbox 3653 2820 3713 2869; x_wconf 89' lang='lat' dir='ltr'>et</span> <span class='ocrx_word' id='word_1_710' title='bbox 3756 2832 3856 2869; x_wconf 88' lang='lat' dir='ltr'>me</span> 
     </span>
    </p>
   </div>
   <div class='ocr_carea' id='block_1_89' title="bbox 2151 2902 3861 2964">
    <p class='ocr_par' dir='ltr' id='par_1_89' title="bbox 2151 2902 3861 2964">
     <span class='ocr_line' id='line_1_89' title="bbox 2151 2902 3861 2964; baseline -0.004 -1"><span class='ocrx_word' id='word_1_711' title='bbox 2151 2914 2341 2963; x_wconf 89' lang='lat' dir='ltr'>tamen</span> <span class='ocrx_word' id='word_1_712' title='bbox 2388 2908 2712 2964; x_wconf 89' lang='lat' dir='ltr'>dimittebas</span> <span class='ocrx_word' id='word_1_713' title='bbox 2763 2907 2949 2962; x_wconf 90' lang='lat' dir='ltr'>adhuc</span> <span class='ocrx_word' id='word_1_714' title='bbox 3000 2904 3146 2960; x_wconf 89' lang='lat' dir='ltr'>volvi</span> <span class='ocrx_word' id='word_1_715' title='bbox 3201 2909 3259 2959; x_wconf 89' lang='lat' dir='ltr'>et</span> <span class='ocrx_word' id='word_1_716' title='bbox 3313 2902 3522 2958; x_wconf 89' lang='lat' dir='ltr'>involvi</span> <span class='ocrx_word' id='word_1_717' title='bbox 3572 2903 3672 2957; x_wconf 90' lang='lat' dir='ltr'>illa</span> <span class='ocrx_word' id='word_1_718' title='bbox 3713 2905 3861 2957; x_wconf 82' lang='lat' dir='ltr'>cali-</span> 
     </span>
    </p>
   </div>
   <div class='ocr_carea' id='block_1_90' title="bbox 2151 3015 2302 3069">
    <p class='ocr_par' dir='ltr' id='par_1_90' title="bbox 2151 3015 2302 3069">
     <span class='ocr_line' id='line_1_90' title="bbox 2151 3015 2302 3069; baseline 0 -17"><span class='ocrx_word' id='word_1_719' title='bbox 2151 3015 2302 3069; x_wconf 83' lang='lat' dir='ltr'>gine.</span> 
     </span>
    </p>
   </div>
   <div class='ocr_carea' id='block_1_91' title="bbox 2818 3154 3178 3210">
    <p class='ocr_par' dir='ltr' id='par_1_91' title="bbox 2818 3154 3178 3210">
     <span class='ocr_line' id='line_1_91' title="bbox 2818 3154 3178 3210; baseline -0.011 0"><span class='ocrx_word' id='word_1_720' title='bbox 2818 3155 3043 3210; x_wconf 83' lang='lat' dir='ltr'>CAPUT</span> <span class='ocrx_word' id='word_1_721' title='bbox 3068 3154 3178 3208; x_wconf 73' lang='lat' dir='ltr'>XII.</span> 
     </span>
    </p>
   </div>
   <div class='ocr_carea' id='block_1_92' title="bbox 2153 3280 3858 3353">
    <p class='ocr_par' dir='ltr' id='par_1_92' title="bbox 2153 3280 3858 3353">
     <span class='ocr_line' id='line_1_92' title="bbox 2153 3280 3858 3353; baseline -0.003 -15"><span class='ocrx_word' id='word_1_722' title='bbox 2153 3285 2323 3350; x_wconf 79' lang='lat' dir='ltr'>Quale</span> <span class='ocrx_word' id='word_1_723' title='bbox 2351 3297 2662 3353; x_wconf 73' lang='lat' dir='ltr'>responsum</span> <span class='ocrx_word' id='word_1_724' title='bbox 2683 3286 2853 3335; x_wconf 82' lang='lat' dir='ltr'>mater</span> <span class='ocrx_word' id='word_1_725' title='bbox 2879 3281 3180 3348; x_wconf 77' lang='lat' dir='ltr'>Augustini</span> <span class='ocrx_word' id='word_1_726' title='bbox 3196 3282 3400 3349; x_wconf 80' lang='lat' dir='ltr'>accepit</span> <span class='ocrx_word' id='word_1_727' title='bbox 3429 3295 3463 3333; x_wconf 87' lang='lat' dir='ltr'>a</span> <span class='ocrx_word' id='word_1_728' title='bbox 3477 3280 3714 3347; x_wconf 85' lang='lat' dir='ltr'>quodam</span> <span class='ocrx_word' id='word_1_729' title='bbox 3736 3283 3858 3349; x_wconf 80' lang='lat' dir='ltr'>epi-</span> 
     </span>
    </p>
   </div>
   <div class='ocr_carea' id='block_1_93' title="bbox 2576 3369 3424 3439">
    <p class='ocr_par' dir='ltr' id='par_1_93' title="bbox 2576 3369 3424 3439">
     <span class='ocr_line' id='line_1_93' title="bbox 2576 3369 3424 3439; baseline -0.002 -15"><span class='ocrx_word' id='word_1_730' title='bbox 2576 3385 2733 3439; x_wconf 85' lang='lat' dir='ltr'>scopo</span> <span class='ocrx_word' id='word_1_731' title='bbox 2764 3369 2830 3423; x_wconf 86' lang='lat' dir='ltr'>de</span> <span class='ocrx_word' id='word_1_732' title='bbox 2857 3371 3029 3436; x_wconf 83' lang='lat' dir='ltr'>ipsius</span> <span class='ocrx_word' id='word_1_733' title='bbox 3063 3371 3424 3423; x_wconf 84' lang='lat' dir='ltr'>conversione.</span> 
     </span>
    </p>
   </div>
   <div class='ocr_carea' id='block_1_94' title="bbox 2222 3499 3859 3572">
    <p class='ocr_par' dir='ltr' id='par_1_94' title="bbox 2222 3499 3859 3572">
     <span class='ocr_line' id='line_1_94' title="bbox 2222 3499 3859 3572; baseline -0.001 -16"><span class='ocrx_word' id='word_1_734' title='bbox 2222 3509 2309 3558; x_wconf 79' lang='lat' dir='ltr'>2t.</span> <span class='ocrx_word' id='word_1_735' title='bbox 2347 3505 2410 3557; x_wconf 89' lang='lat' dir='ltr'>Et</span> <span class='ocrx_word' id='word_1_736' title='bbox 2452 3501 2656 3557; x_wconf 90' lang='lat' dir='ltr'>dedisti</span> <span class='ocrx_word' id='word_1_737' title='bbox 2703 3502 2947 3556; x_wconf 90' lang='lat' dir='ltr'>alterum</span> <span class='ocrx_word' id='word_1_738' title='bbox 2994 3517 3335 3571; x_wconf 89' lang='lat' dir='ltr'>responsum</span> <span class='ocrx_word' id='word_1_739' title='bbox 3379 3499 3635 3569; x_wconf 90' lang='lat' dir='ltr'>interim,</span> <span class='ocrx_word' id='word_1_740' title='bbox 3692 3500 3859 3572; x_wconf 89' lang='lat' dir='ltr'>quod</span> 
     </span>
    </p>
   </div>
   <div class='ocr_carea' id='block_1_95' title="bbox 2155 3589 3850 3660">
    <p class='ocr_par' dir='ltr' id='par_1_95' title="bbox 2155 3589 3850 3660">
     <span class='ocr_line' id='line_1_95' title="bbox 2155 3589 3850 3660; baseline -0.003 -13"><span class='ocrx_word' id='word_1_741' title='bbox 2155 3594 2363 3647; x_wconf 90' lang='lat' dir='ltr'>recolo.</span> <span class='ocrx_word' id='word_1_742' title='bbox 2397 3593 2538 3645; x_wconf 90' lang='lat' dir='ltr'>Nam</span> <span class='ocrx_word' id='word_1_743' title='bbox 2559 3595 2615 3644; x_wconf 88' lang='lat' dir='ltr'>et</span> <span class='ocrx_word' id='word_1_744' title='bbox 2636 3591 2816 3644; x_wconf 81' lang='lat' dir='ltr'>multa</span> <span class='ocrx_word' id='word_1_745' title='bbox 2844 3593 3145 3660; x_wconf 68' lang='lat' dir='ltr'>praetereo,</span> <span class='ocrx_word' id='word_1_746' title='bbox 3165 3595 3402 3660; x_wconf 89' lang='lat' dir='ltr'>propter</span> <span class='ocrx_word' id='word_1_747' title='bbox 3423 3589 3578 3659; x_wconf 93' lang='lat' dir='ltr'>quod</span> <span class='ocrx_word' id='word_1_748' title='bbox 3593 3605 3850 3659; x_wconf 86' lang='lat' dir='ltr'>propero</span> 
     </span>
    </p>
   </div>
   <div class='ocr_carea' id='block_1_96' title="bbox 2154 3677 3861 3752">
    <p class='ocr_par' dir='ltr' id='par_1_96' title="bbox 2154 3677 3861 3752">
     <span class='ocr_line' id='line_1_96' title="bbox 2154 3677 3861 3752; baseline -0.002 -17"><span class='ocrx_word' id='word_1_749' title='bbox 2154 3682 2221 3735; x_wconf 90' lang='lat' dir='ltr'>ad</span> <span class='ocrx_word' id='word_1_750' title='bbox 2253 3697 2318 3734; x_wconf 94' lang='lat' dir='ltr'>ea</span> <span class='ocrx_word' id='word_1_751' title='bbox 2347 3697 2475 3752; x_wconf 82' lang='lat' dir='ltr'>quae</span> <span class='ocrx_word' id='word_1_752' title='bbox 2489 3696 2578 3733; x_wconf 92' lang='lat' dir='ltr'>me</span> <span class='ocrx_word' id='word_1_753' title='bbox 2601 3679 2782 3749; x_wconf 90' lang='lat' dir='ltr'>magis</span> <span class='ocrx_word' id='word_1_754' title='bbox 2798 3682 3005 3748; x_wconf 88' lang='lat' dir='ltr'>urgent</span> <span class='ocrx_word' id='word_1_755' title='bbox 3027 3677 3286 3732; x_wconf 85' lang='lat' dir='ltr'>conﬁteri</span> <span class='ocrx_word' id='word_1_756' title='bbox 3311 3677 3436 3743; x_wconf 86' lang='lat' dir='ltr'>tibi,</span> <span class='ocrx_word' id='word_1_757' title='bbox 3456 3682 3514 3730; x_wconf 91' lang='lat' dir='ltr'>et</span> <span class='ocrx_word' id='word_1_758' title='bbox 3536 3677 3721 3730; x_wconf 91' lang='lat' dir='ltr'>multa</span> <span class='ocrx_word' id='word_1_759' title='bbox 3741 3693 3861 3731; x_wconf 90' lang='lat' dir='ltr'>non</span> 
     </span>
    </p>
   </div>
   <div class='ocr_carea' id='block_1_97' title="bbox 2156 3764 3857 3837">
    <p class='ocr_par' dir='ltr' id='par_1_97' title="bbox 2156 3764 3857 3837">
     <span class='ocr_line' id='line_1_97' title="bbox 2156 3764 3857 3837; baseline -0.002 -14"><span class='ocrx_word' id='word_1_760' title='bbox 2156 3769 2414 3824; x_wconf 90' lang='lat' dir='ltr'>memini.</span> <span class='ocrx_word' id='word_1_761' title='bbox 2450 3767 2666 3822; x_wconf 91' lang='lat' dir='ltr'>Dedisti</span> <span class='ocrx_word' id='word_1_762' title='bbox 2695 3783 2832 3837; x_wconf 90' lang='lat' dir='ltr'>ergo</span> <span class='ocrx_word' id='word_1_763' title='bbox 2878 3767 3119 3820; x_wconf 89' lang='lat' dir='ltr'>alterum</span> <span class='ocrx_word' id='word_1_764' title='bbox 3151 3781 3252 3836; x_wconf 90' lang='lat' dir='ltr'>per</span> <span class='ocrx_word' id='word_1_765' title='bbox 3281 3764 3627 3820; x_wconf 87' lang='lat' dir='ltr'>sacerdotem</span> <span class='ocrx_word' id='word_1_766' title='bbox 3661 3769 3857 3832; x_wconf 89' lang='lat' dir='ltr'>tuum,</span> 
     </span>
    </p>
   </div>
   <div class='ocr_carea' id='block_1_98' title="bbox 2155 3852 3855 3930">
    <p class='ocr_par' dir='ltr' id='par_1_98' title="bbox 2155 3852 3855 3930">
     <span class='ocr_line' id='line_1_98' title="bbox 2155 3852 3855 3930; baseline -0.004 -19"><span class='ocrx_word' id='word_1_767' title='bbox 2155 3857 2460 3930; x_wconf 88' lang='lat' dir='ltr'>quemdam</span> <span class='ocrx_word' id='word_1_768' title='bbox 2507 3857 2838 3927; x_wconf 88' lang='lat' dir='ltr'>episcopum</span> <span class='ocrx_word' id='word_1_769' title='bbox 2876 3855 3158 3909; x_wconf 90' lang='lat' dir='ltr'>nutritum</span> <span class='ocrx_word' id='word_1_770' title='bbox 3190 3854 3250 3908; x_wconf 92' lang='lat' dir='ltr'>in</span> <span class='ocrx_word' id='word_1_771' title='bbox 3277 3852 3536 3918; x_wconf 87' lang='lat' dir='ltr'>Ecclesia,</span> <span class='ocrx_word' id='word_1_772' title='bbox 3564 3857 3620 3906; x_wconf 92' lang='lat' dir='ltr'>et</span> <span class='ocrx_word' id='word_1_773' title='bbox 3636 3854 3855 3906; x_wconf 83' lang='lat' dir='ltr'>exerci-</span> 
     </span>
    </p>
   </div>
   <div class='ocr_carea' id='block_1_99' title="bbox 2155 3941 3860 4009">
    <p class='ocr_par' dir='ltr' id='par_1_99' title="bbox 2155 3941 3860 4009">
     <span class='ocr_line' id='line_1_99' title="bbox 2155 3941 3860 4009; baseline -0.004 -8"><span class='ocrx_word' id='word_1_774' title='bbox 2155 3953 2334 4001; x_wconf 90' lang='lat' dir='ltr'>tatum</span> <span class='ocrx_word' id='word_1_775' title='bbox 2381 3946 2439 3999; x_wconf 91' lang='lat' dir='ltr'>in</span> <span class='ocrx_word' id='word_1_776' title='bbox 2471 3945 2650 4000; x_wconf 90' lang='lat' dir='ltr'>Libris</span> <span class='ocrx_word' id='word_1_777' title='bbox 2679 3944 2810 3998; x_wconf 90' lang='lat' dir='ltr'>tuis.</span> <span class='ocrx_word' id='word_1_778' title='bbox 2844 3944 3025 4007; x_wconf 88' lang='lat' dir='ltr'>Quem</span> <span class='ocrx_word' id='word_1_779' title='bbox 3063 3958 3192 3996; x_wconf 90' lang='lat' dir='ltr'>cum</span> <span class='ocrx_word' id='word_1_780' title='bbox 3224 3942 3322 3996; x_wconf 91' lang='lat' dir='ltr'>illa</span> <span class='ocrx_word' id='word_1_781' title='bbox 3349 3941 3564 3995; x_wconf 85' lang='lat' dir='ltr'>femina</span> <span class='ocrx_word' id='word_1_782' title='bbox 3592 3946 3860 4009; x_wconf 90' lang='lat' dir='ltr'>rogasset</span> 
     </span>
    </p>
   </div>
   <div class='ocr_carea' id='block_1_100' title="bbox 2154 4030 3860 4106">
    <p class='ocr_par' dir='ltr' id='par_1_100' title="bbox 2154 4030 3860 4106">
     <span class='ocr_line' id='line_1_100' title="bbox 2154 4030 3860 4106; baseline -0.004 -17"><span class='ocrx_word' id='word_1_783' title='bbox 2154 4041 2218 4089; x_wconf 92' lang='lat' dir='ltr'>ut</span> <span class='ocrx_word' id='word_1_784' title='bbox 2257 4035 2591 4106; x_wconf 88' lang='lat' dir='ltr'>dignaretur</span> <span class='ocrx_word' id='word_1_785' title='bbox 2639 4048 2864 4086; x_wconf 90' lang='lat' dir='ltr'>mecum</span> <span class='ocrx_word' id='word_1_786' title='bbox 2905 4031 3172 4101; x_wconf 90' lang='lat' dir='ltr'>colloqui,</span> <span class='ocrx_word' id='word_1_787' title='bbox 3224 4036 3282 4084; x_wconf 92' lang='lat' dir='ltr'>et</span> <span class='ocrx_word' id='word_1_788' title='bbox 3323 4030 3583 4083; x_wconf 90' lang='lat' dir='ltr'>refellere</span> <span class='ocrx_word' id='word_1_789' title='bbox 3629 4044 3860 4082; x_wconf 87' lang='lat' dir='ltr'>errores</span> 
     </span>
    </p>
   </div>
   <div class='ocr_carea' id='block_1_101' title="bbox 2154 4116 3862 4190">
    <p class='ocr_par' dir='ltr' id='par_1_101' title="bbox 2154 4116 3862 4190">
     <span class='ocr_line' id='line_1_101' title="bbox 2154 4116 3862 4190; baseline -0.005 -13"><span class='ocrx_word' id='word_1_790' title='bbox 2154 4139 2332 4190; x_wconf 90' lang='lat' dir='ltr'>meos,</span> <span class='ocrx_word' id='word_1_791' title='bbox 2365 4127 2421 4176; x_wconf 88' lang='lat' dir='ltr'>et</span> <span class='ocrx_word' id='word_1_792' title='bbox 2457 4123 2727 4176; x_wconf 89' lang='lat' dir='ltr'>dedocere</span> <span class='ocrx_word' id='word_1_793' title='bbox 2758 4137 2847 4173; x_wconf 92' lang='lat' dir='ltr'>me</span> <span class='ocrx_word' id='word_1_794' title='bbox 2879 4120 3045 4185; x_wconf 89' lang='lat' dir='ltr'>mala,</span> <span class='ocrx_word' id='word_1_795' title='bbox 3075 4135 3139 4172; x_wconf 93' lang='lat' dir='ltr'>ac</span> <span class='ocrx_word' id='word_1_796' title='bbox 3175 4119 3376 4172; x_wconf 90' lang='lat' dir='ltr'>docere</span> <span class='ocrx_word' id='word_1_797' title='bbox 3406 4119 3556 4171; x_wconf 91' lang='lat' dir='ltr'>bona</span> <span class='ocrx_word' id='word_1_798' title='bbox 3589 4116 3862 4187; x_wconf 88' lang='lat' dir='ltr'>(faciebat</span> 
     </span>
    </p>
   </div>
   <div class='ocr_carea' id='block_1_102' title="bbox 2154 4205 3865 4280">
    <p class='ocr_par' dir='ltr' id='par_1_102' title="bbox 2154 4205 3865 4280">
     <span class='ocr_line' id='line_1_102' title="bbox 2154 4205 3865 4280; baseline -0.004 -15"><span class='ocrx_word' id='word_1_799' title='bbox 2154 4212 2308 4265; x_wconf 90' lang='lat' dir='ltr'>enim</span> <span class='ocrx_word' id='word_1_800' title='bbox 2337 4211 2462 4276; x_wconf 87' lang='lat' dir='ltr'>hoc,</span> <span class='ocrx_word' id='word_1_801' title='bbox 2511 4210 2557 4263; x_wconf 93' lang='lat' dir='ltr'>si</span> <span class='ocrx_word' id='word_1_802' title='bbox 2611 4225 2752 4280; x_wconf 88' lang='lat' dir='ltr'>quos</span> <span class='ocrx_word' id='word_1_803' title='bbox 2779 4210 2923 4262; x_wconf 88' lang='lat' dir='ltr'>forte</span> <span class='ocrx_word' id='word_1_804' title='bbox 2974 4207 3209 4261; x_wconf 91' lang='lat' dir='ltr'>idoneos</span> <span class='ocrx_word' id='word_1_805' title='bbox 3238 4205 3615 4274; x_wconf 88' lang='lat' dir='ltr'>invenisset);</span> <span class='ocrx_word' id='word_1_806' title='bbox 3667 4206 3865 4260; x_wconf 91' lang='lat' dir='ltr'>noluit</span> 
     </span>
    </p>
   </div>
   <div class='ocr_carea' id='block_1_103' title="bbox 2154 4291 3857 4369">
    <p class='ocr_par' dir='ltr' id='par_1_103' title="bbox 2154 4291 3857 4369">
     <span class='ocr_line' id='line_1_103' title="bbox 2154 4291 3857 4369; baseline -0.004 -16"><span class='ocrx_word' id='word_1_807' title='bbox 2154 4300 2270 4366; x_wconf 83' lang='lat' dir='ltr'>ille,</span> <span class='ocrx_word' id='word_1_808' title='bbox 2300 4299 2611 4369; x_wconf 90' lang='lat' dir='ltr'>prudenter</span> <span class='ocrx_word' id='word_1_809' title='bbox 2641 4312 2795 4359; x_wconf 92' lang='lat' dir='ltr'>sane,</span> <span class='ocrx_word' id='word_1_810' title='bbox 2845 4300 3125 4367; x_wconf 91' lang='lat' dir='ltr'>quantum</span> <span class='ocrx_word' id='word_1_811' title='bbox 3158 4294 3308 4348; x_wconf 90' lang='lat' dir='ltr'>sensi</span> <span class='ocrx_word' id='word_1_812' title='bbox 3338 4298 3552 4363; x_wconf 89' lang='lat' dir='ltr'>postea.</span> <span class='ocrx_word' id='word_1_813' title='bbox 3590 4291 3857 4362; x_wconf 82' lang='lat' dir='ltr'>Respon-</span> 
     </span>
    </p>
   </div>
   <div class='ocr_carea' id='block_1_104' title="bbox 2155 4380 3865 4452">
    <p class='ocr_par' dir='ltr' id='par_1_104' title="bbox 2155 4380 3865 4452">
     <span class='ocr_line' id='line_1_104' title="bbox 2155 4380 3865 4452; baseline -0.004 -11"><span class='ocrx_word' id='word_1_814' title='bbox 2155 4387 2239 4441; x_wconf 93' lang='lat' dir='ltr'>dit</span> <span class='ocrx_word' id='word_1_815' title='bbox 2268 4387 2423 4441; x_wconf 90' lang='lat' dir='ltr'>enim</span> <span class='ocrx_word' id='word_1_816' title='bbox 2455 4403 2546 4440; x_wconf 92' lang='lat' dir='ltr'>me</span> <span class='ocrx_word' id='word_1_817' title='bbox 2575 4386 2762 4439; x_wconf 90' lang='lat' dir='ltr'>adhuc</span> <span class='ocrx_word' id='word_1_818' title='bbox 2795 4402 2914 4439; x_wconf 89' lang='lat' dir='ltr'>esse</span> <span class='ocrx_word' id='word_1_819' title='bbox 2963 4383 3292 4448; x_wconf 90' lang='lat' dir='ltr'>indocilem,</span> <span class='ocrx_word' id='word_1_820' title='bbox 3324 4398 3391 4435; x_wconf 94' lang='lat' dir='ltr'>eo</span> <span class='ocrx_word' id='word_1_821' title='bbox 3437 4381 3589 4452; x_wconf 88' lang='lat' dir='ltr'>quod</span> <span class='ocrx_word' id='word_1_822' title='bbox 3618 4380 3865 4435; x_wconf 83' lang='lat' dir='ltr'>inﬂatus</span> 
     </span>
    </p>
   </div>
   <div class='ocr_carea' id='block_1_105' title="bbox 2153 4468 3860 4541">
    <p class='ocr_par' dir='ltr' id='par_1_105' title="bbox 2153 4468 3860 4541">
     <span class='ocr_line' id='line_1_105' title="bbox 2153 4468 3860 4541; baseline -0.004 -14"><span class='ocrx_word' id='word_1_823' title='bbox 2153 4491 2333 4528; x_wconf 89' lang='lat' dir='ltr'>essem</span> <span class='ocrx_word' id='word_1_824' title='bbox 2363 4473 2612 4527; x_wconf 86' lang='lat' dir='ltr'>novitate</span> <span class='ocrx_word' id='word_1_825' title='bbox 2637 4472 2870 4526; x_wconf 80' lang='lat' dir='ltr'>haeresis</span> <span class='ocrx_word' id='word_1_826' title='bbox 2891 4471 3067 4541; x_wconf 89' lang='lat' dir='ltr'>illius,</span> <span class='ocrx_word' id='word_1_827' title='bbox 3094 4476 3151 4525; x_wconf 89' lang='lat' dir='ltr'>et</span> <span class='ocrx_word' id='word_1_828' title='bbox 3198 4469 3487 4524; x_wconf 90' lang='lat' dir='ltr'>nonnullis</span> <span class='ocrx_word' id='word_1_829' title='bbox 3536 4468 3860 4539; x_wconf 64' lang='lat' dir='ltr'>quaestiun-</span> 
     </span>
    </p>
   </div>
   <div class='ocr_carea' id='block_1_106' title="bbox 2152 4557 3861 4632">
    <p class='ocr_par' dir='ltr' id='par_1_106' title="bbox 2152 4557 3861 4632">
     <span class='ocr_line' id='line_1_106' title="bbox 2152 4557 3861 4632; baseline -0.002 -17"><span class='ocrx_word' id='word_1_830' title='bbox 2152 4562 2292 4615; x_wconf 92' lang='lat' dir='ltr'>culis</span> <span class='ocrx_word' id='word_1_831' title='bbox 2315 4563 2436 4632; x_wconf 93' lang='lat' dir='ltr'>jam</span> <span class='ocrx_word' id='word_1_832' title='bbox 2461 4561 2671 4614; x_wconf 90' lang='lat' dir='ltr'>multos</span> <span class='ocrx_word' id='word_1_833' title='bbox 2701 4560 2996 4630; x_wconf 89' lang='lat' dir='ltr'>imperitos</span> <span class='ocrx_word' id='word_1_834' title='bbox 3022 4559 3414 4629; x_wconf 85' lang='lat' dir='ltr'>exagitassem,</span> <span class='ocrx_word' id='word_1_835' title='bbox 3449 4557 3594 4611; x_wconf 89' lang='lat' dir='ltr'>sicut</span> <span class='ocrx_word' id='word_1_836' title='bbox 3621 4557 3723 4610; x_wconf 90' lang='lat' dir='ltr'>illa</span> <span class='ocrx_word' id='word_1_837' title='bbox 3769 4557 3861 4611; x_wconf 88' lang='lat' dir='ltr'>in-</span> 
     </span>
    </p>
   </div>
   <div class='ocr_carea' id='block_1_107' title="bbox 2153 4646 3863 4717">
    <p class='ocr_par' dir='ltr' id='par_1_107' title="bbox 2153 4646 3863 4717">
     <span class='ocr_line' id='line_1_107' title="bbox 2153 4646 3863 4717; baseline -0.004 -14"><span class='ocrx_word' id='word_1_838' title='bbox 2153 4649 2437 4703; x_wconf 84' lang='lat' dir='ltr'>dicaverat</span> <span class='ocrx_word' id='word_1_839' title='bbox 2462 4648 2535 4702; x_wconf 91' lang='lat' dir='ltr'>ei.</span> <span class='ocrx_word' id='word_1_840' title='bbox 2567 4648 2671 4703; x_wconf 89' lang='lat' dir='ltr'>Sed</span> <span class='ocrx_word' id='word_1_841' title='bbox 2698 4649 2830 4714; x_wconf 87' lang='lat' dir='ltr'>sine,</span> <span class='ocrx_word' id='word_1_842' title='bbox 2862 4646 3066 4717; x_wconf 89' lang='lat' dir='ltr'>inquit,</span> <span class='ocrx_word' id='word_1_843' title='bbox 3093 4647 3247 4700; x_wconf 82' lang='lat' dir='ltr'>illum</span> <span class='ocrx_word' id='word_1_844' title='bbox 3272 4646 3370 4710; x_wconf 85' lang='lat' dir='ltr'>ibi,</span> <span class='ocrx_word' id='word_1_845' title='bbox 3401 4651 3452 4698; x_wconf 83' lang='lat' dir='ltr'>et</span> <span class='ocrx_word' id='word_1_846' title='bbox 3481 4648 3694 4698; x_wconf 78' lang='lat' dir='ltr'>tantum</span> <span class='ocrx_word' id='word_1_847' title='bbox 3718 4659 3863 4710; x_wconf 83' lang='lat' dir='ltr'>roga</span> 
     </span>
    </p>
   </div>
   <div class='ocr_carea' id='block_1_108' title="bbox 2147 4733 3860 4806">
    <p class='ocr_par' dir='ltr' id='par_1_108' title="bbox 2147 4733 3860 4806">
     <span class='ocr_line' id='line_1_108' title="bbox 2147 4733 3860 4806; baseline -0.002 -16"><span class='ocrx_word' id='word_1_848' title='bbox 2147 4753 2250 4806; x_wconf 86' lang='lat' dir='ltr'>pro</span> <span class='ocrx_word' id='word_1_849' title='bbox 2289 4754 2345 4792; x_wconf 90' lang='lat' dir='ltr'>eo</span> <span class='ocrx_word' id='word_1_850' title='bbox 2388 4739 2676 4792; x_wconf 88' lang='lat' dir='ltr'>Dominum</span> <span class='ocrx_word' id='word_1_851' title='bbox 2703 4753 2716 4790; x_wconf 86' lang='lat'><strong>:</strong></span> <span class='ocrx_word' id='word_1_852' title='bbox 2748 4738 2864 4805; x_wconf 87' lang='lat' dir='ltr'>ipse</span> <span class='ocrx_word' id='word_1_853' title='bbox 2895 4735 3112 4802; x_wconf 80' lang='lat' dir='ltr'>legendo</span> <span class='ocrx_word' id='word_1_854' title='bbox 3140 4737 3371 4803; x_wconf 80' lang='lat' dir='ltr'>reperiet</span> <span class='ocrx_word' id='word_1_855' title='bbox 3400 4735 3523 4802; x_wconf 82' lang='lat' dir='ltr'>quis</span> <span class='ocrx_word' id='word_1_856' title='bbox 3549 4733 3642 4786; x_wconf 82' lang='lat' dir='ltr'>ille</span> <span class='ocrx_word' id='word_1_857' title='bbox 3669 4734 3745 4786; x_wconf 78' lang='lat' dir='ltr'>sit</span> <span class='ocrx_word' id='word_1_858' title='bbox 3774 4748 3860 4786; x_wconf 86' lang='lat' dir='ltr'>er-</span> 
     </span>
    </p>
   </div>
   <div class='ocr_carea' id='block_1_109' title="bbox 2150 4821 3857 4894">
    <p class='ocr_par' dir='ltr' id='par_1_109' title="bbox 2150 4821 3857 4894">
     <span class='ocr_line' id='line_1_109' title="bbox 2150 4821 3857 4894; baseline -0.004 -15"><span class='ocrx_word' id='word_1_859' title='bbox 2150 4843 2261 4892; x_wconf 86' lang='lat' dir='ltr'>ror,</span> <span class='ocrx_word' id='word_1_860' title='bbox 2291 4832 2341 4879; x_wconf 81' lang='lat' dir='ltr'>et</span> <span class='ocrx_word' id='word_1_861' title='bbox 2371 4830 2579 4894; x_wconf 84' lang='lat' dir='ltr'>quanta</span> <span class='ocrx_word' id='word_1_862' title='bbox 2606 4827 2876 4894; x_wconf 82' lang='lat' dir='ltr'>impietas.</span> <span class='ocrx_word' id='word_1_863' title='bbox 2912 4823 3089 4878; x_wconf 86' lang='lat' dir='ltr'>Simul</span> <span class='ocrx_word' id='word_1_864' title='bbox 3115 4823 3289 4876; x_wconf 92' lang='lat' dir='ltr'>etiam</span> <span class='ocrx_word' id='word_1_865' title='bbox 3318 4821 3570 4875; x_wconf 89' lang='lat' dir='ltr'>narravit</span> <span class='ocrx_word' id='word_1_866' title='bbox 3597 4836 3654 4873; x_wconf 86' lang='lat' dir='ltr'>se</span> <span class='ocrx_word' id='word_1_867' title='bbox 3695 4837 3818 4890; x_wconf 90' lang='lat' dir='ltr'>quo</span> <span class='ocrx_word' id='word_1_868' title='bbox 3836 4852 3857 4862; x_wconf 84' lang='lat'><strong>-</strong></span> 
     </span>
    </p>
   </div>
   <div class='ocr_carea' id='block_1_110' title="bbox 2151 4909 3858 4984">
    <p class='ocr_par' dir='ltr' id='par_1_110' title="bbox 2151 4909 3858 4984">
     <span class='ocr_line' id='line_1_110' title="bbox 2151 4909 3858 4984; baseline -0.002 -17"><span class='ocrx_word' id='word_1_869' title='bbox 2151 4931 2260 4984; x_wconf 89' lang='lat' dir='ltr'>que</span> <span class='ocrx_word' id='word_1_870' title='bbox 2289 4915 2592 4983; x_wconf 89' lang='lat' dir='ltr'>parvulum</span> <span class='ocrx_word' id='word_1_871' title='bbox 2623 4930 2654 4966; x_wconf 89' lang='lat' dir='ltr'>a</span> <span class='ocrx_word' id='word_1_872' title='bbox 2683 4913 2912 4966; x_wconf 88' lang='lat' dir='ltr'>seducta</span> <span class='ocrx_word' id='word_1_873' title='bbox 2942 4916 3120 4965; x_wconf 90' lang='lat' dir='ltr'>matre</span> <span class='ocrx_word' id='word_1_874' title='bbox 3151 4927 3253 4964; x_wconf 90' lang='lat' dir='ltr'>sua</span> <span class='ocrx_word' id='word_1_875' title='bbox 3281 4911 3474 4964; x_wconf 90' lang='lat' dir='ltr'>datum</span> <span class='ocrx_word' id='word_1_876' title='bbox 3523 4909 3698 4962; x_wconf 84' lang='lat' dir='ltr'>fuisse</span> <span class='ocrx_word' id='word_1_877' title='bbox 3745 4910 3858 4963; x_wconf 81' lang='lat' dir='ltr'>Ma-</span> 
     </span>
    </p>
   </div>
   <div class='ocr_carea' id='block_1_111' title="bbox 2149 4999 3858 5070">
    <p class='ocr_par' dir='ltr' id='par_1_111' title="bbox 2149 4999 3858 5070">
     <span class='ocr_line' id='line_1_111' title="bbox 2149 4999 3858 5070; baseline -0.002 -14"><span class='ocrx_word' id='word_1_878' title='bbox 2149 5003 2404 5069; x_wconf 65' lang='lat' dir='ltr'>nichaeis,</span> <span class='ocrx_word' id='word_1_879' title='bbox 2436 5009 2491 5056; x_wconf 92' lang='lat' dir='ltr'>et</span> <span class='ocrx_word' id='word_1_880' title='bbox 2521 5017 2719 5055; x_wconf 88' lang='lat' dir='ltr'>omnes</span> <span class='ocrx_word' id='word_1_881' title='bbox 2743 5017 2890 5070; x_wconf 90' lang='lat' dir='ltr'>pene</span> <span class='ocrx_word' id='word_1_882' title='bbox 2932 5016 3050 5054; x_wconf 90' lang='lat' dir='ltr'>non</span> <span class='ocrx_word' id='word_1_883' title='bbox 3096 4999 3301 5070; x_wconf 91' lang='lat' dir='ltr'>legisse</span> <span class='ocrx_word' id='word_1_884' title='bbox 3348 5003 3594 5064; x_wconf 88' lang='lat' dir='ltr'>tantum,</span> <span class='ocrx_word' id='word_1_885' title='bbox 3646 5013 3858 5052; x_wconf 88' lang='lat' dir='ltr'>verum</span> 
     </span>
    </p>
   </div>
   <div class='ocr_carea' id='block_1_112' title="bbox 2149 5085 3852 5158">
    <p class='ocr_par' dir='ltr' id='par_1_112' title="bbox 2149 5085 3852 5158">
     <span class='ocr_line' id='line_1_112' title="bbox 2149 5085 3852 5158; baseline -0.003 -13"><span class='ocrx_word' id='word_1_886' title='bbox 2149 5091 2320 5145; x_wconf 87' lang='lat' dir='ltr'>etiam</span> <span class='ocrx_word' id='word_1_887' title='bbox 2350 5090 2694 5155; x_wconf 88' lang='lat' dir='ltr'>scriptitasse</span> <span class='ocrx_word' id='word_1_888' title='bbox 2732 5089 2906 5142; x_wconf 90' lang='lat' dir='ltr'>libros</span> <span class='ocrx_word' id='word_1_889' title='bbox 2951 5104 3189 5153; x_wconf 90' lang='lat' dir='ltr'>eorum;</span> <span class='ocrx_word' id='word_1_890' title='bbox 3227 5087 3450 5158; x_wconf 90' lang='lat' dir='ltr'>sibique</span> <span class='ocrx_word' id='word_1_891' title='bbox 3487 5085 3852 5157; x_wconf 84' lang='lat' dir='ltr'>apparuisse,</span> 
     </span>
    </p>
   </div>
   <div class='ocr_carea' id='block_1_113' title="bbox 2147 5177 3858 5247">
    <p class='ocr_par' dir='ltr' id='par_1_113' title="bbox 2147 5177 3858 5247">
     <span class='ocr_line' id='line_1_113' title="bbox 2147 5177 3858 5247; baseline -0.002 -14"><span class='ocrx_word' id='word_1_892' title='bbox 2147 5180 2305 5233; x_wconf 91' lang='lat' dir='ltr'>nullo</span> <span class='ocrx_word' id='word_1_893' title='bbox 2334 5184 2533 5233; x_wconf 91' lang='lat' dir='ltr'>contra</span> <span class='ocrx_word' id='word_1_894' title='bbox 2573 5177 2896 5246; x_wconf 89' lang='lat' dir='ltr'>disputante</span> <span class='ocrx_word' id='word_1_895' title='bbox 2945 5182 3000 5230; x_wconf 90' lang='lat' dir='ltr'>et</span> <span class='ocrx_word' id='word_1_896' title='bbox 3039 5177 3430 5242; x_wconf 91' lang='lat' dir='ltr'>convincente,</span> <span class='ocrx_word' id='word_1_897' title='bbox 3477 5191 3653 5247; x_wconf 91' lang='lat' dir='ltr'>quam</span> <span class='ocrx_word' id='word_1_898' title='bbox 3703 5184 3858 5230; x_wconf 89' lang='lat' dir='ltr'>esset</span> 
     </span>
    </p>
   </div>
   <div class='ocr_carea' id='block_1_114' title="bbox 2145 5264 3855 5336">
    <p class='ocr_par' dir='ltr' id='par_1_114' title="bbox 2145 5264 3855 5336">
     <span class='ocr_line' id='line_1_114' title="bbox 2145 5264 3855 5336; baseline -0.001 -15"><span class='ocrx_word' id='word_1_899' title='bbox 2145 5269 2244 5322; x_wconf 92' lang='lat' dir='ltr'>illa</span> <span class='ocrx_word' id='word_1_900' title='bbox 2264 5271 2412 5321; x_wconf 89' lang='lat' dir='ltr'>secta</span> <span class='ocrx_word' id='word_1_901' title='bbox 2439 5265 2707 5336; x_wconf 90' lang='lat' dir='ltr'>fugienda</span> <span class='ocrx_word' id='word_1_902' title='bbox 2732 5265 2951 5335; x_wconf 88' lang='lat' dir='ltr'>;itaque</span> <span class='ocrx_word' id='word_1_903' title='bbox 2977 5265 3207 5335; x_wconf 88' lang='lat' dir='ltr'>fugisse.</span> <span class='ocrx_word' id='word_1_904' title='bbox 3232 5265 3370 5329; x_wconf 66' lang='lat' dir='ltr'>Qua:</span> <span class='ocrx_word' id='word_1_905' title='bbox 3399 5281 3530 5318; x_wconf 91' lang='lat' dir='ltr'>cum</span> <span class='ocrx_word' id='word_1_906' title='bbox 3551 5264 3649 5318; x_wconf 91' lang='lat' dir='ltr'>ille</span> <span class='ocrx_word' id='word_1_907' title='bbox 3681 5265 3855 5320; x_wconf 73' lang='lat' dir='ltr'>dixis-</span> 
     </span>
    </p>
   </div>
   <div class='ocr_carea' id='block_1_115' title="bbox 2146 5353 3856 5425">
    <p class='ocr_par' dir='ltr' id='par_1_115' title="bbox 2146 5353 3856 5425">
     <span class='ocr_line' id='line_1_115' title="bbox 2146 5353 3856 5425; baseline -0.002 -15"><span class='ocrx_word' id='word_1_908' title='bbox 2146 5361 2248 5422; x_wconf 91' lang='lat' dir='ltr'>set,</span> <span class='ocrx_word' id='word_1_909' title='bbox 2282 5360 2450 5425; x_wconf 84' lang='lat' dir='ltr'>atque</span> <span class='ocrx_word' id='word_1_910' title='bbox 2491 5355 2583 5407; x_wconf 92' lang='lat' dir='ltr'>illa</span> <span class='ocrx_word' id='word_1_911' title='bbox 2626 5353 2805 5406; x_wconf 90' lang='lat' dir='ltr'>nollet</span> <span class='ocrx_word' id='word_1_912' title='bbox 2845 5353 3219 5424; x_wconf 90' lang='lat' dir='ltr'>acquiescere,</span> <span class='ocrx_word' id='word_1_913' title='bbox 3255 5353 3355 5407; x_wconf 92' lang='lat' dir='ltr'>sed</span> <span class='ocrx_word' id='word_1_914' title='bbox 3398 5353 3635 5407; x_wconf 90' lang='lat' dir='ltr'>instaret</span> <span class='ocrx_word' id='word_1_915' title='bbox 3664 5355 3856 5424; x_wconf 89' lang='lat' dir='ltr'>magis</span> 
     </span>
    </p>
   </div>
   <div class='ocr_carea' id='block_1_116' title="bbox 2143 5439 3857 5512">
    <p class='ocr_par' dir='ltr' id='par_1_116' title="bbox 2143 5439 3857 5512">
     <span class='ocr_line' id='line_1_116' title="bbox 2143 5439 3857 5512; baseline -0.002 -16"><span class='ocrx_word' id='word_1_916' title='bbox 2143 5441 2520 5512; x_wconf 88' lang='lat' dir='ltr'>deprecando,</span> <span class='ocrx_word' id='word_1_917' title='bbox 2549 5443 2604 5493; x_wconf 89' lang='lat' dir='ltr'>et</span> <span class='ocrx_word' id='word_1_918' title='bbox 2631 5439 2878 5494; x_wconf 86' lang='lat' dir='ltr'>ubertim</span> <span class='ocrx_word' id='word_1_919' title='bbox 2916 5439 3129 5506; x_wconf 80' lang='lat' dir='ltr'>flendo,</span> <span class='ocrx_word' id='word_1_920' title='bbox 3158 5445 3222 5494; x_wconf 93' lang='lat' dir='ltr'>ut</span> <span class='ocrx_word' id='word_1_921' title='bbox 3250 5455 3341 5493; x_wconf 91' lang='lat' dir='ltr'>me</span> <span class='ocrx_word' id='word_1_922' title='bbox 3368 5439 3606 5503; x_wconf 89' lang='lat' dir='ltr'>videret,</span> <span class='ocrx_word' id='word_1_923' title='bbox 3640 5442 3700 5492; x_wconf 92' lang='lat' dir='ltr'>et</span> <span class='ocrx_word' id='word_1_924' title='bbox 3734 5455 3857 5493; x_wconf 83' lang='lat' dir='ltr'>me-</span> 
     </span>
    </p>
   </div>
   <div class='ocr_carea' id='block_1_117' title="bbox 2145 5526 3854 5597">
    <p class='ocr_par' dir='ltr' id='par_1_117' title="bbox 2145 5526 3854 5597">
     <span class='ocr_line' id='line_1_117' title="bbox 2145 5526 3854 5597; baseline -0.001 -14"><span class='ocrx_word' id='word_1_925' title='bbox 2145 5545 2275 5583; x_wconf 89' lang='lat' dir='ltr'>cum</span> <span class='ocrx_word' id='word_1_926' title='bbox 2296 5528 2594 5581; x_wconf 86' lang='lat' dir='ltr'>dissereret</span> <span class='ocrx_word' id='word_1_927' title='bbox 2627 5545 2639 5580; x_wconf 89' lang='lat'><strong>:</strong></span> <span class='ocrx_word' id='word_1_928' title='bbox 2674 5529 2767 5581; x_wconf 92' lang='lat' dir='ltr'>ille</span> <span class='ocrx_word' id='word_1_929' title='bbox 2798 5527 2920 5597; x_wconf 91' lang='lat' dir='ltr'>jam</span> <span class='ocrx_word' id='word_1_930' title='bbox 2950 5528 3414 5581; x_wconf 68' lang='lat' dir='ltr'>sulistomachans</span> <span class='ocrx_word' id='word_1_931' title='bbox 3442 5526 3638 5586; x_wconf 71' lang='lat' dir='ltr'>tzedio.</span> <span class='ocrx_word' id='word_1_932' title='bbox 3677 5529 3854 5590; x_wconf 77' lang='lat' dir='ltr'>Vade,</span> 
     </span>
    </p>
   </div>
  </div>
