4058 6342
150 316 270 365 693
1668 316 1881 373 LIBER
1934 318 2285 385 QUARTUS.

154 434 385 509 inquit,
420 454 456 492 a
484 453 593 504 me;
626 440 709 492 ita
736 440 918 493 vivas:
950 438 1112 507 βεγὶί
1144 453 1251 492 non
1268 443 1447 508 potest
1487 444 1547 493 ut
1573 441 1719 509 ﬁlius
1737 443 1869 496 ista-

162 541 301 580 rum
326 528 693 597 lacrymarum
714 530 924 596 pereat.
959 525 1120 589 Quod
1149 525 1247 580 illa
1276 526 1355 581 ita
1371 542 1431 581 se
1462 528 1762 598 accepisse.
1785 529 1871 584 in-

226 634 241 666 ¹
272 632 360 681 Er.
392 632 557 695 Lugd.
586 632 716 680 Ven.
748 632 872 681 Lov.
909 631 1025 680 For.
1073 634 1127 679 et
1150 630 1321 679 Rond.
1349 629 1469 695 ﬁeri
1495 635 1652 682 enim.
1704 634 1774 683 Μ.

222 729 417 778 Visum
442 733 521 778 est
535 729 620 777 hic
644 727 907 777 ascribere
930 728 1209 790 Augustini
1226 729 1399 777 locum
1425 742 1486 778 ex
1512 729 1601 777 lib.
1634 732 1661 779 3
1686 734 1870 778 contra
1885 730 2106 779 Litteras
2132 730 2378 779 Petiliani
2402 730 2729 783 donastistae.
2748 746 2860 795 cap.
2882 735 2937 781 l7
2957 747 3012 779 :«
3032 732 3111 781 Me
3132 732 3287 781 etiam
3303 732 3667 795 presbyterum

156 818 187 843 «
223 802 394 849 fuisse
419 800 849 857 Manichmorum,
875 800 958 849 vel
986 800 1149 848 falsus
1172 800 1254 849 vel
1282 800 1470 849 fallens
1492 802 1715 850 mirabili
1744 802 2036 852 temeritate
2061 801 2368 851 contendat.
2389 802 2561 850 Verba
2580 802 3260 852 tertiilibriConfessionum
3272 817 3526 861 mearum,
3550 817 3669 866 qum

152 890 175 909 ιι
212 885 314 933 per
343 871 669 934 seipsa.etde
682 871 860 919 multis
886 875 1009 919 ante
1037 874 1097 918 et
1119 874 1299 934 postea
1314 871 1466 919 dictis
1486 873 1911 921 manifestissima
1926 872 2494 934 suntlegentibus,sub
2524 887 2629 935 quo
2654 873 2700 921 ei
2715 873 2924 921 videtur
2948 873 3218 923 intellectu
3245 878 3669 935 pr0ponatatque

153 956 184 983 ‹‹
219 945 433 1002 arguat,
464 946 563 990 etc.
589 961 611 983 ιι
647 942 1038 998 Quamamvero
1056 941 1161 989 sint
1181 942 1340 989 verba
1365 942 1471 995 illa.
1494 956 1611 1005 qua:
1626 957 1722 990 suo
1746 942 1929 990 avulsa
1942 942 2058 991 loco
2080 948 2324 1005 proterve
2341 943 2788 1006 interpretabatur
2800 944 3101 997 Petilianus.
3119 943 3665 1007 nobisincompertum

153 1016 273 1059 est:
305 1013 505 1060 fortean
537 1012 634 1060 ista
664 1012 849 1073 capitis
875 1012 1217 1060 sextimNam
1234 1016 1507 1061 versumet
1527 1026 1736 1061 carmen
1764 1014 1921 1061 etiam
1940 1013 2007 1061 ad
2033 1026 2160 1061 vera
2172 1013 2444 1075 pulmenta
2458 1014 2733 1061 transfero.
2750 1031 2776 1059 ››
2800 1015 3003 1077 Quippe
3021 1014 3273 1063 amatoria
3289 1014 3543 1063 maleﬁcia
3557 1028 3669 1063 mu~

158 1080 285 1129 lieri
316 1082 436 1130 data
466 1082 811 1145 exprobrabat
838 1082 1150 1141 Augustino,
1175 1084 1234 1130 ut
1252 1082 1430 1131 videre
1454 1086 1533 1131 est
1558 1084 1613 1130 in
1644 1084 1696 1130 in
1724 1083 1960 1145 ejusdem
1984 1082 2104 1132 libri
2129 1087 2311 1131 contra
2338 1083 2576 1132 Petiliani
2616 1084 2832 1133 Litteras
2860 1086 3028 1146 capite
3064 1087 3138 1133 l6.

1199 1276 1715 1399 LIBER
1797 1277 2621 1418 QUARTUS.

219 1464 391 1513 Pudet
411 1465 763 1525 Augustinum
794 1478 847 1513 se
870 1464 1279 1513 Manichaeorum
1300 1466 1452 1512 sectzc
1479 1463 1747 1512 addictum
1777 1463 1937 1512 fuisse
1955 1477 2047 1527 per
2066 1465 2411 1523 novennium,
2426 1468 2582 1528 atque
2607 1466 2739 1514 alios
2756 1480 2933 1515 secum
2953 1467 3004 1514 in
3037 1466 3280 1515 eumdem
3302 1481 3530 1516 errorem
3542 1481 3647 1531 per.

144 1537 269 1581 trax
280 1535 400 1589 isse;
414 1538 525 1583 tum
539 1535 694 1583 etiam
710 1534 1038 1583 consuluisse
1051 1534 1449 1582 mathematicos
1468 1548 1479 1581 :
1497 1533 1786 1582 etamicum
1797 1534 1897 1582 sibi
1913 1534 2110 1583 interea
2125 1540 2290 1583 morte
2305 1541 2640 1598 praereptum,
2661 1538 2915 1585 acerbiori
2935 1551 3093 1599 quam
3114 1550 3325 1598 aequum
3339 1541 3478 1585 esset
3488 1538 3648 1586 animi

142 1603 341 1652 dolore
371 1604 529 1653 fuisse
550 1604 1084 1667 prosecutum;cujus
1126 1604 1418 1658 occasione,
1468 1603 1533 1651 de
1561 1616 1698 1651 vana
1720 1607 1775 1652 et
1802 1603 1866 1651 de
1891 1603 2055 1651 solida
2104 1605 2333 1653 amicitia
2374 1618 2482 1654 non
2512 1620 2680 1669 pauca
2708 1608 2848 1656 dicit.
2883 1607 3203 1655 Mentionem
3233 1607 3356 1655 facit
3382 1608 3636 1656 librorum

141 1676 214 1722 de
244 1675 475 1723 Pulchro
525 1679 576 1724 et
624 1675 776 1738 Apto,
803 1688 834 1723 a
863 1689 915 1723 se
945 1689 1086 1723 anno
1118 1675 1287 1723 aetatis
1337 1674 1591 1736 vigesimo
1624 1677 1766 1722 sexto
1802 1680 1892 1721 aut
1922 1673 2172 1735 vigesimo
2212 1676 2433 1736 septimo
2462 1677 2917 1738 conscriptorum;
2949 1690 3155 1726 necnon
3210 1692 3368 1739 quam
3403 1678 3528 1727 facit
3552 1692 3645 1728 ne-

3566 325 3668 377 «aut

1976 445 2067 496 ter
2095 441 2381 513 colloquia
2410 457 2512 496 sua
2544 457 2771 498 mecum
2797 458 2946 513 saepe
2974 442 3391 509 recordabatur,
3417 460 3480 497 ac
3525 444 3571 498 si
3600 446 3668 499 de

1978 532 2119 586 coelo
2146 531 2446 586 sonuisset.

141 1746 300 1808 gotio
330 1746 624 1794 liberalium
652 1745 841 1794 artium
870 1745 1032 1793 libros
1058 1749 1214 1808 atque
1243 1744 1534 1793 Aristotelis
1565 1743 1882 1806 Categorias,
1912 1756 2053 1791 anno
2088 1744 2256 1791 aetatis
2289 1745 2450 1793 ferme
2480 1746 2751 1808 vigesimo,
2780 1760 2871 1809 per
2903 1760 3016 1794 sese
3070 1745 3404 1795 intellexerit.

727 1933 955 1988 CAPUT
994 1934 1286 1988 PRIMUM.

442 2022 721 2090 Quamdiu
749 2026 799 2075 et
827 2022 1085 2090 quomodo
1114 2023 1249 2076 alios
1273 2022 1563 2077 seduxerit.

228 2114 277 2164 t.
307 2112 413 2167 Ber
443 2109 598 2164 idem
627 2114 852 2180 tempus
880 2126 1165 2164 annorum
1195 2126 1421 2174 novem,
1456 2111 1527 2165 ab
1550 2110 1857 2180 undevige-

150 2198 309 2251 simo
332 2214 484 2252 anno
511 2199 693 2253 astatis
717 2214 880 2264 meas,
902 2198 1168 2269 usquead
1184 2198 1753 2270 duodetrigesimum,
1776 2215 1858 2253 se-

147 2286 512 2341 ducebamur
558 2291 615 2341 et
644 2286 1073 2354 seducebamus,
1126 2286 1252 2341 falsi
1281 2291 1451 2357 atque
1491 2287 1748 2342 fallentes
1794 2287 1856 2342 in

146 2374 327 2428 variis
344 2374 791 2446 cupiditatibus;
819 2380 879 2429 et
898 2375 1095 2446 palam
1115 2392 1218 2445 per
1248 2376 1533 2429 doctrinas
1554 2391 1696 2447 quas
1718 2376 1852 2430 libe-

151 2464 307 2517 rales
341 2467 561 2530 vocant,
592 2464 809 2518 occulte
856 2467 1045 2518 autem
1077 2464 1220 2518 falso
1263 2463 1496 2518 nomine
1536 2463 1849 2534 religionis.

144 2552 252 2606 Hic
275 2551 527 2622 superbi,
550 2551 627 2605 ibi
659 2551 1062 2622 superstitiosi,
1098 2552 1314 2623 ubique
1348 2552 1504 2607 vani.
1537 2554 1649 2606 Hac
1677 2569 1852 2623 popu-

151 2641 293 2695 laris
322 2640 521 2709 gloria!
550 2644 824 2694 sectantes
853 2640 1209 2707 inanitatem,
1231 2658 1411 2712 usque
1438 2642 1508 2696 ad
1551 2641 1851 2695 tbeatricos

145 2730 409 2799 plausus,
430 2733 487 2782 et
514 2728 866 2783 contentiosa
893 2728 1147 2783 carmina
1180 2724 1221 2795 ‘,
1250 2733 1306 2783 et
1335 2745 1581 2800 agonem
1614 2745 1849 2784 corona-

146 2833 282 2871 rum
303 2818 597 2871 fenea‘rum
622 2822 678 2871 et
689 2818 1141 2887 spectaculorum
1163 2832 1365 2888 nugas,
1384 2823 1441 2871 et
1459 2818 1847 2888 intemperan-

147 2906 295 2959 tiam
327 2905 665 2959 libidinum:
696 2904 825 2958 illac
849 2910 1043 2959 autem
1070 2906 1305 2976 purgari
1333 2922 1436 2959 nos
1461 2905 1531 2959 ab
1560 2906 1682 2959 istis
1728 2922 1847 2960 sor—

145 2994 319 3048 dibus
349 2997 697 3062 expetentes,
730 3009 861 3047 cum
890 2993 971 3046 eis
999 2994 1098 3064 qui
1130 2994 1558 3064 appellarentur
1587 2994 1752 3048 electi
1794 3000 1850 3048 et

144 3080 353 3146 sancti,
385 3081 719 3135 afferremus
762 3097 935 3147 escas,
968 3082 1037 3135 de
1068 3081 1277 3152 quibus
1319 3081 1483 3136 nobis
1512 3081 1574 3136 in
1621 3083 1848 3137 ofﬁcina

144 3169 459 3242 aqualiculi
488 3169 573 3224 sui
603 3170 945 3225 fabricarent
966 3171 1198 3241 angelos
1229 3175 1287 3225 et
1315 3171 1451 3225 deos
1495 3186 1597 3241 per
1616 3187 1757 3242 quos
1777 3171 1847 3225 li-

146 3260 514 3324 beraremur;
544 3262 598 3313 et
628 3259 883 3314 sectabar
906 3257 1014 3312 ista
1041 3264 1212 3330 atque
1244 3259 1519 3314 faciebam
1549 3275 1678 3313 cum
1701 3259 1843 3313 ami-

143 3346 226 3400 cis
257 3346 421 3413 meis,
469 3363 573 3417 per
602 3363 694 3400 me
722 3363 785 3400 ac
815 3363 1041 3401 mecum
1094 3348 1361 3419 deceptis.
1424 3347 1709 3403 Irrideant
1748 3364 1839 3403 me

144 3439 500 3505 arrogantes,
556 3439 613 3489 et
642 3436 901 3490 nondum
932 3436 1233 3491 salubriter
1257 3436 1526 3507 prostrati
1574 3441 1631 3491 et
1660 3436 1783 3491 elisi
1811 3453 1845 3490 a

143 3527 223 3590 te,
255 3524 406 3577 Deus
425 3540 741 3594 meus;ego
767 3527 957 3578 tamen
986 3524 1261 3579 conﬁtear
1288 3525 1391 3580 tibi
1421 3525 1700 3579 dedecora
1717 3541 1845 3579 mea

142 3612 204 3666 in
235 3612 401 3666 laude
431 3616 545 3666 tua.
578 3611 709 3666 Sine
740 3629 853 3679 me,
888 3613 1141 3681 obsecro,
1165 3618 1221 3667 et
1250 3614 1323 3668 da
1350 3613 1493 3667 mihi
1540 3614 1841 3668 circumire

143 3700 416 3771 praesenti
446 3701 725 3755 memoria
753 3702 1072 3772 praeteritos
1092 3701 1362 3757 circuitus
1392 3702 1600 3756 erroris
1630 3702 1764 3769 mei,
1787 3707 1845 3757 et

143 3789 443 3843 immolare
473 3788 578 3844 tibi
603 3790 846 3845 hostiam
897 3791 1275 3861 jubilationis.
1326 3790 1473 3855 Quid
1517 3789 1671 3844 enim
1715 3806 1843 3843 sum

144 3894 255 3948 ego
284 3876 425 3930 mihi
461 3876 581 3931 sine
604 3882 680 3944 te,
713 3878 824 3932 nisi
854 3879 967 3933 dux
999 3879 1056 3933 in
1087 3880 1381 3950 praeceps?
1404 3881 1515 3933 Aut
1544 3877 1680 3950 quid
1714 3894 1844 3932 sum

143 3981 276 4019 cum
309 3964 454 4019 mihi
492 3965 637 4019 bene
664 3971 769 4031 est,
802 3967 913 4020 nisi
942 3984 1152 4038 sugens
1200 3968 1285 4021 lac
1313 3972 1465 4036 tum;
1516 3971 1616 4021 aut
1651 3966 1841 4020 fruens

144 4058 198 4106 te
220 4052 344 4107 cibo
364 4053 465 4124 qui
487 4069 599 4107 non
621 4055 1050 4125 corrumpitur?
1068 4058 1132 4111 Et
1161 4055 1289 4126 quis
1302 4054 1473 4109 homo
1503 4060 1589 4110 est
1606 4055 1848 4126 quilibet

144 4142 345 4206 homo,
376 4156 507 4194 cum
535 4140 606 4193 sit
635 4140 846 4195 homo?
865 4141 972 4197 Sed
1004 4142 1281 4197 irrideant
1320 4158 1422 4196 nos
1451 4142 1625 4197 fortes
1656 4147 1713 4196 et
1735 4158 1844 4212 po-

143 4232 357 4294 tentes,
390 4244 497 4282 nos
527 4232 718 4283 autem
746 4228 961 4283 inﬁrmi
999 4235 1056 4284 et
1083 4230 1286 4301 inopes
1318 4229 1693 4285 conﬁteamur
1719 4229 1839 4285 tibi.

830 4317 1055 4372 CAPUT
1099 4318 1170 4371 II.

148 4406 498 4461 Rhetoricam
536 4407 707 4468 docet,
740 4406 1088 4460 concubinam
1114 4408 1281 4473 fovet,
1324 4411 1373 4460 et
1410 4409 1709 4476 aruspicem
1749 4409 1846 4474 qui

467 4495 761 4551 uictoriam
807 4496 1179 4565 promittebat,
1222 4498 1525 4550 contemnit.

221 4587 275 4639 2.
307 4583 590 4637 Docebam
609 4582 667 4637 in
689 4582 803 4637 illis
822 4582 987 4637 annis
1007 4587 1190 4637 artem
1206 4583 1571 4648 rhetoricam,
1597 4587 1655 4637 et
1672 4582 1846 4637 victo-

148 4673 363 4727 riosam
378 4671 783 4743 loquacitatem
802 4672 983 4726 victus
996 4671 1307 4743 cupiditate
1325 4656 1661 4728 vendebam.
1686 4672 1848 4727 Male-

147 4760 280 4814 bam
312 4765 527 4821 tamen.
557 4758 815 4825 Domine,
838 4762 901 4814 tu
934 4759 1059 4821 scis.
1083 4760 1263 4814 bonos
1277 4760 1489 4815 habere
1520 4760 1843 4830 discipulos,

148 4848 294 4901 sicut
311 4846 675 4917 appellantur
689 4847 855 4902 boni:
880 4851 933 4901 et
954 4864 1050 4902 eos
1064 4847 1184 4902 sine
1211 4848 1342 4903 dolo
1356 4848 1630 4903 docebam
1651 4848 1809 4902 dolos
1830 4866 1843 4915 ;

148 4953 265 4991 non
295 4934 507 5005 quibus
533 4938 729 4989 contra
769 4941 942 5007 caput
971 4935 1292 4991 innocentis
1322 4940 1575 5007 agerent,
1605 4936 1702 4992 sed
1741 4936 1845 4991 ali-

150 5023 380 5097 quando
402 5039 508 5095 pro
529 5022 712 5094 capite
735 5025 1009 5079 nocentis.
1037 5026 1115 5089 Et,
1135 5027 1304 5093 Deus,
1328 5025 1518 5081 vidisti
1532 5026 1601 5081 de
1623 5025 1845 5096 longin-

152 5129 267 5184 quo
296 5112 612 5181 lapsantem
635 5110 693 5165 in
726 5111 967 5180 lubrico,
992 5116 1047 5167 et
1068 5112 1128 5166 in
1148 5113 1330 5167 multo
1352 5113 1510 5168 fumo
1534 5111 1847 5167 scintillan-

150 5205 268 5255 tem
297 5200 472 5255 ﬁdem
504 5214 713 5266 meam,
746 5217 920 5271 quam
950 5200 1287 5256 exhibebam
1302 5201 1361 5256 in
1390 5201 1489 5256 illo
1518 5200 1848 5273 magisterio

155 5288 522 5359 diligentibus
551 5288 884 5355 vanitatem,
941 5294 997 5343 et
1032 5289 1421 5360 quaerentibus
1462 5289 1847 5354 mendacium,

156 5376 340 5431 socius
377 5392 595 5431 eorum.
630 5378 696 5431 In
723 5376 836 5432 illis
866 5377 1032 5432 annis
1075 5393 1253 5432 unam
1297 5378 1602 5445 habebam,
1638 5394 1753 5433 non
1782 5395 1849 5432 eo

160 5466 310 5534 quod
334 5464 657 5536 legitimum
680 5470 931 5536 vocatur,
949 5465 1217 5537 conjugio
1236 5467 1547 5538 cognitam,
1568 5466 1661 5522 sed
1679 5483 1850 5537 quam

224 5590 233 5620 '
276 5586 399 5635 Bad.
434 5587 548 5636 Am.
579 5587 662 5636 Er.
691 5591 742 5637 et
771 5589 916 5645 Lov.,
951 5589 1267 5640 certamina.

1967 1935 2334 2009 indagaverat
2369 1955 2537 2010 vagus
2561 1940 2746 2009 ardor,
2784 1941 2951 2012 inops
2979 1943 3324 2013 prudentius;
3358 1945 3453 2000 sed
3485 1961 3662 2002 unam

1967 2029 2182 2090 tamen,
2216 2027 2269 2081 ei
2299 2044 2529 2100 quoque
2558 2046 2786 2083 servans
2815 2030 2925 2084 tori
2949 2030 3155 2085 ﬁdem:
3188 2031 3249 2085 in
3278 2049 3391 2103 qua
3411 2050 3545 2089 sane
3568 2052 3659 2089 ex-

1965 2114 2187 2183 perirer
2201 2118 2461 2187 exemplo
2477 2133 2626 2184 meo,
2647 2117 2783 2188 quid
2801 2118 3519 2192 distaretinterconjugalis
3542 2125 3660 2194 pla-

1968 2204 2064 2259 citi
2111 2205 2348 2260 modum
2386 2208 2541 2277 quod
2573 2206 2909 2261 foederatum
2932 2206 3082 2261 esset
3108 2211 3421 2279 generandi
3450 2212 3655 2282 gratia,

1965 2297 2021 2347 et
2047 2298 2276 2365 pactum
2314 2294 2603 2349 libidinosi
2634 2295 2865 2360 amoris,
2898 2296 2998 2349 ubi
3030 2298 3216 2367 proles
3246 2299 3418 2353 etiam
3459 2305 3659 2355 contra

1964 2386 2157 2436 votum
2200 2383 2473 2449 nascitur,
2523 2383 2803 2454 quamvis,
2836 2384 2957 2454 jam
3001 2390 3131 2439 nata
3179 2391 3345 2456 cogat
3368 2404 3425 2441 se
3468 2388 3652 2459 diligi.

2034 2474 2092 2526 3.
2133 2473 2339 2526 Recolo
2379 2472 2573 2540 etiam,
2604 2489 2735 2526 cum
2765 2473 2909 2527 mihi
2933 2474 3190 2528 theatrici
3219 2476 3486 2530 carminis
3531 2494 3653 2532 cer-

1962 2563 2158 2613 tamen
2174 2559 2317 2614 inire
2335 2560 2659 2631 placuisset,
2675 2562 2971 2615 mandasse
2984 2563 3126 2617 mihi
3143 2564 3330 2618 nescio
3342 2582 3514 2636 quem
3530 2583 3655 2620 aru-

1961 2648 2196 2719 spicem,
2221 2648 2358 2719 quid
2377 2649 2428 2703 ei
2451 2649 2585 2704 dare
2608 2650 2884 2704 mercedis
2903 2651 3109 2705 vellem
3132 2657 3195 2705 ut
3222 2652 3537 2721 vincerem;
3562 2671 3654 2709 me

1961 2740 2150 2791 autem
2182 2737 2330 2791 foeda
2361 2737 2459 2791 illa
2506 2743 2857 2792 sacramenta
2885 2739 3224 2794 detestatum
3255 2746 3312 2795 et
3358 2742 3650 2796 abomina-

1958 2828 2079 2879 tum
2111 2825 2491 2895 respondisse,
2523 2841 2627 2879 nec
2650 2826 2697 2878 si
2728 2842 2937 2880 corona
2955 2827 3050 2881 illa
3079 2832 3226 2882 esset
3252 2829 3653 2884 immortaliter

1959 2930 2153 2978 aurea,
2174 2929 2427 2967 muscam
2454 2930 2559 2984 pro
2584 2915 2813 2969 victoria
2836 2931 2961 2968 mea
2987 2916 3177 2969 necari
3198 2932 3287 2969 me
3314 2917 3518 2972 sinere.
3556 2920 3650 2973 Ne-

1956 3006 2181 3055 caturus
2209 3002 2362 3055 enim
2385 3007 2506 3056 erat
2535 3002 2629 3055 ille
2654 3002 2712 3056 in
2751 3002 3041 3057 sacriﬁciis
3080 3004 3194 3057 suis
3234 3004 3562 3081 animantia,
3594 3010 3651 3060 et

1953 3090 2066 3144 illis
2096 3090 2411 3144 honoribus
2432 3078 2771 3146 invitaturus
2802 3093 2941 3146 mihi
2962 3094 3342 3163 suﬁ'ragatura
3366 3078 3649 3148 daemonia

1954 3178 2267 3233 videbatur.
2300 3178 2408 3234 Sed
2441 3180 2548 3233 hoc
2595 3197 2822 3252 quoque
2853 3182 3068 3235 malum
3100 3198 3218 3236 non
3250 3198 3315 3236 ex
3339 3186 3439 3236 tua
3480 3183 3646 3236 casti-

1952 3270 2066 3320 tate
2097 3264 2116 3298 ¹
2142 3267 2455 3338 repudiavi,
2484 3270 2628 3323 Deus
2658 3270 2838 3324 cordis
2867 3270 3000 3324 mei.
3036 3272 3157 3325 Non
3180 3270 3335 3325 enim
3366 3287 3555 3325 amare
3586 3275 3640 3324 te

1953 3371 2238 3417 noveram.
2274 3357 2373 3427 qui
2393 3357 2500 3411 nisi
2528 3358 2779 3429 fulgores
2799 3375 3099 3429 corporeos
3124 3360 3374 3431 cogitare
3401 3376 3516 3414 non
3542 3375 3642 3413 no-

1950 3460 2161 3499 veram.
2183 3445 2412 3500 Talibus
2428 3447 2581 3500 enim
2604 3447 2890 3517 figmentis
2907 3448 3196 3518 suspirans
3219 3448 3431 3515 anima,
3451 3464 3643 3503 nonne

1950 3532 2265 3588 fornicatur
2290 3535 2389 3589 abs
2437 3539 2514 3604 te,
2544 3541 2599 3589 et
2648 3536 2775 3591 ﬁdit
2806 3536 2865 3590 in
2894 3536 3066 3601 falsis,
3099 3542 3157 3590 et
3184 3536 3364 3607 pascit
3408 3536 3644 3591 ventos?

1952 3622 2061 3677 Sed
2109 3622 2371 3677 videlicet
2406 3624 2708 3678 sacriﬁcari
2744 3641 2850 3694 pro
2882 3641 2971 3680 me
3002 3626 3215 3679 nollem
3263 3626 3640 3689 daemonibus,

1953 3710 2159 3781 quibus
2203 3726 2294 3764 me
2324 3711 2422 3765 illa
2470 3712 2874 3781 superstitione
2916 3714 3036 3784 ipse
3068 3713 3469 3768 sacriﬁcabam.
3496 3713 3644 3777 Quid

1952 3804 2037 3853 est
2077 3798 2230 3852 enim
2280 3799 2458 3867 aliud,
2499 3804 2679 3855 ventos
2725 3816 2945 3869 pascere
2989 3802 3139 3868 (Osee
3179 3817 3274 3868 xu,
3347 3801 3418 3868 1),
3469 3815 3641 3871 quam

1951 3887 2105 3958 ipsos
2129 3903 2385 3958 pascere;
2419 3889 2525 3942 hoc
2563 3892 2665 3953 est,
2700 3889 2942 3943 errando
2972 3890 3052 3943 eis
3093 3905 3213 3944 esse
3250 3889 3529 3959 voluptati
3558 3893 3641 3942 at-

1953 3991 2065 4046 que
2086 3974 2338 4029 derisui?

2622 4083 2847 4139 CAPUT
2873 4085 2969 4139 IlI.

1954 4189 2039 4243 Ab
2065 4188 2363 4255 astrologia
2394 4190 2483 4241 cui
2521 4188 2733 4242 deditus
2763 4193 2902 4257 erat,
2937 4205 3036 4259 per
3064 4206 3239 4244 senem
3284 4191 3560 4246 medicina:
3596 4194 3645 4245 et

2415 4291 2593 4330 rerum
2616 4279 2858 4346 peritum
2883 4283 3187 4333 revocatur.

2023 4387 2075 4437 4.
2123 4383 2365 4454 Ideoque
2418 4381 2544 4437 illos
2584 4383 2787 4453 planos
2818 4382 2863 4444 ³.
2896 4401 3040 4456 quos
3069 4385 3502 4439 mathematicos
3548 4402 3645 4440 vo-

1954 4476 2105 4535 cant,
2122 4472 2292 4543 plane
2312 4472 2608 4526 consulere
2634 4488 2752 4526 non
2771 4472 3137 4540 desistebam,
3160 4473 3313 4545 quod
3335 4473 3497 4543 quasi
3518 4473 3647 4528 nul-

1954 4562 2076 4616 lum
2101 4561 2182 4617 eis
2212 4566 2359 4616 esset
2391 4561 2753 4628 sacriﬁcium,
2780 4566 2836 4615 et
2875 4563 3047 4617 nullm
3078 4578 3270 4634 preces
3300 4562 3371 4617 ad
3398 4562 3649 4634 aliquem

1955 4650 2218 4721 spiritum
2248 4649 2321 4704 ob
2351 4649 2761 4704 divinationem
2814 4650 3227 4722 dirigerentur:
3265 4651 3416 4721 quod
3457 4654 3648 4705 tamen

1954 4738 2267 4793 christiana
2297 4742 2354 4792 et
2383 4754 2517 4792 vera
2544 4738 2725 4809 pietas
2755 4742 3171 4809 consequenter
3196 4737 3422 4808 repellit
3450 4740 3511 4791 et
3547 4738 3649 4806 da-

1955 4831 2133 4881 mnat.
2168 4828 2388 4880 Bonum
2418 4828 2502 4879 est
2531 4824 2683 4879 enim
2714 4825 2970 4879 conﬁteri
3004 4825 3131 4888 tibi,
3161 4825 3420 4891 Domine,
3474 4828 3529 4879 et
3566 4823 3646 4880 di-

1955 4931 2102 4981 cere,
2126 4916 2377 4971 Miserere
2396 4917 2503 4969 mei
2517 4931 2529 4981 ;
2554 4930 2684 4968 cura
2701 4916 2938 4969 animam
2953 4931 3145 4981 meum,
3161 4916 3414 4983 quoniam
3434 4927 3649 4983 peccavi

1958 5004 2058 5059 tibi
2087 5003 2250 5073 (Psal.
2276 5019 2362 5068 XL,
2410 5004 2489 5071 5);
2524 5019 2709 5074 neque
2746 5004 2815 5057 ad
2859 5003 3147 5058 licentiam
3192 5000 3464 5073 peccandi
3495 4998 3649 5054 abuti

1957 5091 2315 5162 indulgentia
2343 5093 2461 5157 tua,
2494 5091 2587 5145 sed
2619 5090 2946 5146 meminisse
2975 5091 3277 5147 dominicae
3314 5088 3483 5152 vocis,
3518 5089 3652 5140 Ecce

2022 5218 2037 5249 ¹
2072 5215 2196 5263 Bad.
2221 5214 2334 5263 Am.
2367 5218 2419 5262 et
2447 5214 2529 5262 Er.
2561 5216 2907 5272 substituunt,
2935 5214 3217 5263 charitaIe.

2020 5275 2045 5309 ²
2057 5278 2115 5325 In
2133 5276 2446 5337 quibusdam
2459 5276 2799 5329 editionibus.
2817 5268 3130 5337 pbinlarios.
3147 5275 3218 5321 lta
3233 5273 3284 5337 in
3298 5272 3411 5333 ipsa
3422 5268 3649 5337 editione

1961 5330 2385 5402 Lovaniensium,
2417 5352 2508 5402 per
2526 5330 2973 5402 typograph'orum
3007 5330 3367 5402 oscitantiam;
3392 5330 3651 5402 “quando-

1960 5400 2171 5508 quidem
2189 5401 2242 5449 in
2258 5400 2366 5473 suis
2376 5392 2816 5473 castigationibus
2827 5400 2975 5447 aiunt
2986 5399 3176 5467 rectius
3189 5393 3351 5443 videri
3363 5392 3462 5440 sibi
3475 5392 3653 5463 legen-

1998 5476 2088 5508 um
2108 5464 2317 5508 planos.
2339 5463 2388 5508 Id
2413 5467 2492 5508 est
2518 5466 2847 5508 imnostores-
2865 5475 2969 5508 auo
2992 5472 3203 5507 nomine
3219 5454 3503 5508 appellatos
3522 5453 3648 5502 olim

1998 5476 2088 5511 um
2107 5464 2317 5523 planos,
2339 5463 2388 5510 id
2413 5467 2492 5511 est
2516 5453 2847 5525 impostores,
2865 5475 2969 5525 quo
2992 5458 3203 5507 nomine
3219 5454 3503 5525 appellabas
3522 5453 3648 5525 olim

1962 5514 2121 5587 fuisse
2152 5514 2561 5587 Mathematicus,
2579 5514 2750 5587 palam
2781 5514 3003 5571 eslflloc
3022 5532 3176 5587 porr?
3202 5514 3390 5587 nomen
3409 5514 3537 5563 alias
3557 5515 3649 5587 ad-

1966 5586 2108 5635 hibet
2142 5585 2485 5646 Augustinus,
2516 5578 2734 5634 ut'libro
2760 5587 2787 5632 3
2815 5587 2996 5631 contra
3023 5578 3379 5631 Academicos.
3421 5590 3534 5637 cap.
3575 5579 3648 5624 15.
