4058 6368
374 340 478 392 695

368 470 535 512 sanus
563 458 744 523 factus
771 469 853 523 es;
885 456 1000 525 iam
1026 455 1141 509 noli
1165 467 1403 522 peccare,
1440 466 1507 505 ne
1533 450 1669 521 quid
1695 450 1796 505 tibi
1835 451 2070 506 deterius

368 547 649 612 contingat
677 545 853 616 (Joan.
887 561 939 610 v,
976 544 1084 612 14).
1120 542 1303 607 Quam
1328 545 1506 594 totam
1556 539 1641 594 illi
1670 539 2066 594 salubritatem

368 635 686 689 interﬁcere
737 637 1033 698 conantur,
1079 646 1210 684 cum
1255 629 1476 683 dicunt:
1535 629 1613 682 De
1642 629 1785 682 coelo
1833 628 1940 682 tibi
1985 632 2071 682 est

369 721 711 777 inevitabilis
737 737 905 775 causa
934 718 1231 791 peccandi;
1274 722 1352 785 et,
1400 718 1591 773 Venus
1620 718 1726 771 hoc
1774 717 1927 783 fecit,
1973 719 2073 770 aut

372 811 667 876 Saturnus,
701 813 798 864 aut
836 810 996 863 Mars.
1040 806 1281 871 Scilicet,
1313 810 1378 860 ut
1411 805 1584 859 homo
1610 804 1731 859 sine
1762 805 1930 875 culpa
1978 804 2069 872 sit,

374 916 503 953 caro
533 904 589 953 et
616 890 845 969 sanguis
865 901 920 951 et
949 895 1196 967 superba
1233 893 1506 965 putredo;
1538 892 1857 964 culpandus
1888 892 1962 947 sit
1978 908 2069 946 au-

372 992 485 1041 tem
519 986 645 1042 cceli
674 1003 737 1040 ac
758 986 1008 1039 siderum
1036 988 1257 1038 creator
1281 987 1337 1037 et
1368 982 1684 1036 ordinator.
1722 982 1785 1036 Et
1814 980 1942 1052 quis
1988 983 2073 1035 est

374 1076 486 1135 hic.
520 1076 630 1128 nisi
661 1076 807 1128 Deus
835 1078 1047 1136 noster,
1081 1071 1328 1125 suavitas
1361 1074 1418 1125 et
1456 1069 1615 1141 origo
1656 1068 1918 1140 justitim,
1969 1069 2073 1139 qui

374 1164 563 1218 reddis
609 1162 920 1232 unicuique
972 1160 1286 1215 secundum
1328 1174 1502 1229 opera
1548 1159 1672 1227 ejus
1721 1157 1915 1228 (Math.
1956 1173 2070 1224 xw,

375 1251 487 1322 27).
530 1256 587 1305 et
624 1267 719 1304 cor
756 1249 1067 1304 contritum
1110 1253 1167 1303 et
1211 1246 1582 1302 humiliatum
1630 1262 1749 1301 non
1806 1245 2074 1317 spernis?

382 1339 549 1410 (Psal.
581 1356 631 1401 ι,
670 1340 772 1408 19.)

448 1432 501 1481 5.
563 1428 694 1481 Erat
748 1442 815 1479 eo
850 1428 1106 1496 tempore
1160 1424 1244 1478 vir
1295 1440 1469 1494 sagax
1529 1424 1617 1493 (α),
1668 1423 1904 1477 medicae
1937 1422 2076 1476 artis

377 1514 778 1587 peritissimus,
809 1518 979 1585 atque
1015 1512 1075 1566 in
1105 1528 1173 1567 ea
1200 1512 1612 1578 nobilissimus,
1645 1510 1746 1582 qui
1792 1526 1896 1581 pro
1942 1525 2076 1563 con-

381 1604 503 1658 sule
532 1600 554 1636 ⁴
572 1618 748 1657 manu
780 1617 882 1655 sua
908 1616 1178 1655 coronam
1206 1600 1365 1654 illam
1394 1599 1771 1670 agonisticam
1792 1598 2079 1668 imposue-

379 1697 467 1746 rat
493 1708 608 1746 nou
653 1706 789 1744 sano
819 1690 993 1760 capiti
1038 1705 1186 1757 meo,
1219 1689 1317 1743 sed
1347 1704 1462 1741 non
1493 1692 1556 1741 ut
1591 1687 1873 1741 medicus.
1935 1687 2078 1739 Nam

379 1778 532 1831 illius
561 1776 747 1830 morbi
776 1780 839 1829 tu
859 1778 1106 1837 senator,
1139 1774 1239 1843 qui
1274 1772 1486 1826 resistis
1513 1772 1794 1842 superbis,
1840 1770 2077 1825 humili-

382 1867 487 1919 bus
516 1869 708 1918 autem
762 1863 860 1916 das
894 1862 1138 1932 gratiam
1169 1862 1212 1928 (Ι
1243 1864 1390 1917 Petr.
1430 1877 1480 1924 v,
1547 1861 1622 1929 5).
1670 1860 1957 1931 Numquid
2009 1865 2083 1914 ta.

386 1969 520 2008 men
542 1951 714 2006 etiam
744 1966 847 2021 per
874 1949 1039 2003 illum
1078 1965 1276 2003 senem
1310 1948 1540 2003 defuisti
1574 1948 1736 2014 mihi,
1782 1954 1885 2003 aut
1918 1948 2085 2002 desti-

384 2041 500 2097 tisti
541 2039 758 2095 mederi
789 2039 994 2093 animae
1024 2038 1205 2093 meae?
1246 2038 1388 2103 Quia
1418 2037 1571 2091 enim
1602 2038 1783 2091 factus
1822 2037 1875 2090 ei
1926 2052 2085 2091 eram

385 2128 739 2195 familiarior,
763 2133 818 2181 et
846 2127 968 2197 ejus
998 2126 1356 2180 sermonibus
1399 2128 1584 2193 (erant
1610 2125 1768 2179 enim
1797 2124 1920 2179 sine
1959 2140 2084 2180 ver-

386 2220 591 2273 borum
614 2217 773 2271 cultu
810 2214 1103 2269 vivacitate
1137 2214 1550 2268 sententiarum
1578 2213 1817 2284 jucuudi
1856 2219 1911 2267 et
1956 2229 2085 2284 gra-

385 2306 499 2373 ves)
540 2303 800 2357 assiduus
842 2307 899 2355 et
943 2302 1088 2355 ﬁxus
1128 2301 1509 2366 inhaerebam;
1558 2300 1657 2355 ubi
1707 2300 1977 2371 cognovit
2016 2317 2085 2355 ex

388 2392 672 2463 colloquio
695 2406 824 2445 meo
855 2388 1018 2443 libris
1034 2388 1527 2457 genethliacorum
1551 2404 1669 2442 esse
1692 2403 1782 2441 me
1804 2386 2081 2449 deditum,

388 2480 637 2551 benigne
668 2494 732 2533 ac
767 2482 1005 2549 paterae
1044 2475 1268 2530 monuit
1295 2480 1359 2529 ut
1388 2492 1485 2529 eos
1516 2475 1845 2545 abjicerem,
1900 2490 2089 2544 neque

389 2584 585 2623 curam
614 2570 670 2620 et
688 2582 921 2637 operam
946 2566 1115 2619 rebus
1144 2564 1382 2618 utilibus
1402 2564 1799 2628 necessariam,
1824 2562 1908 2618 illi
1925 2562 2086 2617 vani-

390 2656 496 2711 tati
525 2657 735 2710 frustra
754 2655 1176 2725 impendercm:
1211 2653 1401 2707 dicens
1421 2653 1499 2706 ita
1530 2669 1587 2705 se
1619 2651 1776 2707 illam
1798 2652 2084 2717 didicisse,

391 2748 455 2798 ut
485 2744 607 2814 ejus
636 2742 1044 2813 professionem
1072 2740 1273 2811 primis
1303 2740 1467 2795 annis
1497 2740 1678 2794 aetatis
1706 2756 1823 2795 suae
1869 2740 2089 2794 deferre

390 2832 683 2897 voluisset,
715 2847 828 2902 qua
857 2831 1027 2884 vitam
1057 2829 1322 2899 degeret;
1363 2834 1419 2883 et
1466 2829 1513 2883 si
1549 2830 1954 2900 Hippocratem
1999 2828 2089 2881 in-

390 2920 715 2986 tellexisset,
768 2923 826 2973 et
873 2918 998 2972 illas
1045 2917 1245 2988 utique
1291 2918 1508 2971 litteras
1555 2918 1805 2987 potuisse
1876 2916 2090 2971 intelli-

392 3023 527 3080 gere
556 3010 610 3061 ἐ
643 3012 700 3060 et
756 3011 949 3060 tamen
970 3020 1085 3059 non
1111 3006 1183 3059 ob
1209 3005 1379 3059 aliam
1410 3021 1637 3059 causam
1664 3022 1722 3059 se
1752 3010 1970 3075 postea,
2021 3004 2090 3059 il-

392 3097 460 3150 lis
490 3096 699 3149 relictis
728 3094 1074 3149 medicinam
1105 3099 1450 3160 assecutum,
1474 3094 1585 3147 nisi
1615 3093 1767 3164 quod
1797 3110 1889 3147 eas
1906 3092 2091 3147 falsis-

391 3186 563 3238 simas
611 3183 998 3253 comperisset,
1051 3187 1108 3235 et
1154 3183 1332 3236 nollet
1374 3182 1459 3235 vir
1507 3181 1693 3252 gravis
1735 3180 2085 3251 decipiendis

392 3271 724 3326 hominibus
746 3273 959 3324 victum
983 3284 1259 3340 quaerere.
1293 3271 1367 3322 At
1390 3273 1467 3336 ut,
1491 3268 1700 3339 inquit,
1729 3284 1835 3336 quo
1853 3274 1900 3322 te
1920 3272 1979 3322 in
1997 3270 2091 3321 ho-

390 3360 625 3414 minibus
654 3363 921 3411 sustentas
943 3355 987 3423 ⁵,
1008 3357 1334 3411 rhetoricam
1365 3362 1539 3420 tenes;
1565 3358 1702 3410 hanc
1732 3362 1911 3410 autem
1928 3358 2093 3422 falla-

394 3452 534 3502 ciam
561 3448 723 3501 libero
752 3446 950 3510 studio,
968 3461 1074 3499 non
1093 3446 1403 3499 necessitate
1423 3447 1504 3497 rei
1518 3446 1818 3511 familiaris
1848 3448 2092 3514 sectaris,

395 3552 500 3605 quo
526 3538 697 3602 magis
725 3536 861 3589 mihi
892 3540 939 3588 te
968 3539 1172 3603 oportet
1203 3534 1268 3613 de
1297 3535 1396 3587 illa
1426 3534 1659 3600 credere,
1711 3537 1807 3603 qui
1835 3551 1952 3589 eam
1984 3540 2096 3589 tam

390 3626 627 3695 perfecte
655 3624 852 3678 discere
884 3623 1179 3689 elaboravi,
1211 3638 1377 3692 quam
1393 3638 1460 3676 ea:
1481 3638 1543 3676 ea
1571 3624 1686 3677 sola
1712 3625 1889 3677 vivere
1926 3626 2091 3678 volui.

392 3716 440 3767 A
469 3729 583 3783 quo
615 3728 721 3783 ego
751 3728 881 3766 cum
911 3712 1240 3783 quaesissem
1272 3726 1400 3782 qua:
1431 3726 1600 3765 causa
1628 3727 1766 3781 ergo
1790 3712 2004 3767 faceret
2032 3716 2096 3766 ut

393 3802 570 3856 multa
623 3800 755 3855 inde
787 3818 916 3856 vera
946 3801 1489 3872 pronuntiarentur;
1532 3800 1824 3871 respondit
1856 3800 1972 3869 ille,
2032 3805 2097 3855 ut

390 3888 599 3959 potuit,
627 3888 740 3941 vim
768 3888 931 3942 sortis
961 3888 1066 3942 hoc
1103 3889 1288 3943 facere
1318 3887 1379 3941 in
1409 3904 1603 3942 rerum
1633 3892 1836 3942 natura
1867 3904 2083 3959 usque-

393 3994 507 4049 qua
526 3993 622 4047 {ue
654 3976 939 4031 dilfusam.
972 3977 1028 4031 Si
1067 3977 1224 4031 enim
1264 3976 1333 4030 de
1366 3975 1591 4047 paginis
1621 3974 1644 4010 ⁸³
1674 3981 1858 4047 poetae
1899 3977 2094 4047 cujus-

393 4064 550 4135 piam
598 4065 768 4136 longe
803 4064 962 4118 aliud
1020 4064 1275 4119 canentis
1330 4068 1500 4135 atque
1552 4063 1922 4131 intendentis,
1963 4081 2094 4118 cum

392 4153 535 4207 forte
557 4152 685 4223 quis
715 4151 984 4217 consulit,
1007 4151 1350 4205 mirabiliter
1377 4167 1658 4206 consonus
1686 4153 1911 4221 negotio
1944 4169 2095 4223 saepe

394 4256 587 4293 versus
640 4239 848 4304 exiret;
902 4237 1230 4292 mirandum
1292 4254 1411 4291 non
1453 4254 1575 4292 esse
1634 4238 1876 4306 dicebat,
1937 4241 1984 4294 si
2030 4256 2099 4294 ex

394 4326 583 4380 anima
606 4327 879 4392 humana,
913 4326 1205 4394 superiore
1234 4325 1425 4395 aliquo
1476 4325 1768 4387 instinctu,
1810 4327 2097 4382 nesciente

393 4415 531 4486 quid
577 4414 638 4468 in
668 4430 725 4467 se
756 4415 939 4482 ﬁeret,
979 4430 1095 4467 non
1125 4419 1246 4467 arte
1282 4414 1377 4467 sed
1408 4418 1560 4468 sorte
1614 4420 1844 4470 sonaret
1877 4416 2095 4487 aliquid

396 4503 553 4574 quod
589 4502 999 4573 interrogantis
1028 4503 1197 4557 rebus
1226 4502 1505 4573 factisque
1534 4502 1881 4557 concineret.

467 4594 518 4645 6.
550 4592 616 4645 Et
651 4590 760 4645 hoc
788 4590 1019 4662 quidem
1049 4592 1118 4645 ab
1156 4590 1256 4645 illo
1287 4591 1372 4644 vel
1414 4606 1519 4661 per
1565 4590 1729 4645 illum
1779 4594 2097 4664 procurasti

397 4679 560 4733 mihi.
594 4680 659 4733 Et
704 4679 842 4751 quid
868 4680 986 4751 ipse
1017 4685 1211 4752 postea
1243 4696 1345 4752 per
1383 4696 1475 4735 me
1516 4680 1705 4751 ipsum
1754 4698 2092 4753 quaererem,

398 4768 460 4822 in
490 4768 769 4823 memoria
793 4784 922 4823 mea
951 4769 1269 4825 delineasti.
1304 4770 1458 4824 Tunc
1481 4774 1672 4824 autem
1694 4785 1799 4824 nec
1828 4770 1971 4841 ipse,
1992 4787 2096 4826 nec

465 4992 478 5025 ¹
518 4992 627 5040 Pro
645 4990 887 5055 consule.
905 4991 1058 5055 juxta
1073 4992 1157 5055 Er.
1179 4991 1341 5055 Lugd.
1366 4992 1495 5043 Veu.
1524 4993 2097 5047 Benedict.Proronsul

400 5064 608 5103 emanu
634 5065 750 5112 sua,
774 5051 928 5113 juxta
952 5053 1074 5100 Lov.
1099 5053 1163 5101 M.

463 5114 484 5148 ³
515 5114 597 5163 Sic
626 5113 908 5176 legendum
929 5127 1049 5161 cum
1068 5113 1190 5162 Mss.
1215 5113 1367 5176 Angl.
1389 5141 1449 5151 ι-
1468 5116 1552 5165 Sic
1575 5116 1730 5164 etiam
1748 5116 1902 5176 juxta
1917 5120 1945 5166 6
1967 5118 2090 5167 Mss.

401 5174 533 5224 Flor.
552 5174 700 5224 Marti
727 5178 887 5225 cum3
912 5176 1016 5223 Mss
1054 5212 1066 5234 ,
1097 5180 1150 5224 et
1177 5174 1344 5224 Rond.
1367 5190 1489 5225 cum
1510 5179 1537 5226 4
1562 5178 1682 5227 Mss.

400 5237 725 5299 intelligere.)

460 5302 481 5333 ³
511 5297 802 5356 sustentes,
824 5297 972 5356 juxta
998 5298 1118 5346 Lov.
1151 5301 1205 5347 et
1224 5298 1393 5346 Rond.
1426 5299 1497 5348 M.

460 5363 481 5394 ⁸
505 5361 656 5423 Apud
675 5362 788 5426 Am.
811 5359 892 5408 Er.
908 5361 1094 5426 e_t_Lov.
1117 5359 1181 5409 de
1194 5360 1441 5422 Paganis,
1455 5360 1667 5424 quibus,
1689 5374 1962 5426 perperam
1982 5364 2093 5414 suf-

400 5420 674 5483 fragantur
701 5422 902 5483 aliquot
931 5424 1051 5471 Mss.

463 5485 531 5543 (α)
544 5484 768 5549 Scilicet,
784 5484 1125 5549 Vindicianus
1136 5496 1198 5532 ex
1214 5484 1426 5549 nomine
1431 5485 1921 5549 posteadesignatus
1934 5487 2025 5537 lib.
2040 5490 2088 5546 7,

402 5548 672 5655 Πδάιξι
692 5547 759 5595 ab
784 5547 1078 5610 Augustino
1108 5545 1414 5595 laudatusiu
1430 5545 1589 5609 Epist.
1606 5545 1842 5627 138,ι;ἱ.3ἔ
1856 5548 1920 5595 ad
1959 5545 2090 5598 Mar;

420 5616 669 5655 'eumum.
1826 5616 1841 5627 “

1568 328 2109 384 CUNFESSIONUM
2167 329 2220 382 S.
2287 326 2644 382 AUGUS’I‘IN
2652 327 2693 380 1.

1769 5214 1783 5227 .
1811 5178 2095 5241 [Potuisset
2155 5205 2159 5209 ~

3806 330 3927 376 “96

2179 450 2546 507 charissimus
2600 465 2764 505 meus
2828 450 3153 515 Nebridius,
3198 452 3524 505 adolescens
3571 450 3741 505 valde
3803 450 3924 503 bo-

2179 558 2288 596 nus
2316 546 2374 595 et
2397 538 2560 594 valde
2598 543 2815 604 cautus,
2845 541 2863 577 ί
2894 539 3140 594 irridens
3170 544 3356 594 totum
3402 539 3546 594 illud
3578 537 3917 593 divinatio-

2183 630 2271 685 nis
2301 647 2502 702 genus,
2534 630 2876 701 persuadere
2902 628 3046 683 mihi
3074 633 3388 699 potuerunt
3425 632 3490 683 ut
3518 629 3648 683 haec
3686 626 3919 697 abjice-

2181 735 2335 774 rem:
2375 718 2648 790 quoniam
2686 734 2779 772 me
2821 718 3067 788 amplius
3114 718 3372 789 ipsorum
3423 723 3728 773 auctorum
3775 732 3917 770 mo-

2182 810 2350 864 vebat
2368 809 2707 875 auctoritas;
2736 812 2794 863 et
2820 809 3043 862 nullum
3090 813 3313 862 certum
3349 808 3519 878 quale
3549 806 3913 878 quaerebam

2184 897 2591 951 documentum
2615 897 2796 951 adhuc
2815 896 3161 964 inveneram,
3176 912 3288 967 quo
3304 894 3444 949 mihi
3464 894 3585 948 sine
3599 893 3913 964 ambigui-

2183 991 2298 1041 tate
2344 990 2667 1056 appareret,
2698 1001 2826 1056 quas
2848 985 2918 1040 ab
2948 984 3028 1039 eis
3057 985 3328 1039 consultis
3368 999 3500 1039 vera
3535 982 3908 1048 dicerentur,

2184 1076 2327 1130 forte
2367 1074 2454 1129 vel
2477 1079 2647 1140 sorte,
2683 1090 2800 1128 non
2839 1078 2959 1127 arte
3004 1072 3391 1142 inspectorum
3439 1070 3700 1126 siderum
3752 1068 3907 1123 dici.

2861 1161 3085 1216 CAPUT
3116 1162 3206 1215 IV.

2184 1251 2425 1306 Morbum
2452 1258 2503 1305 et
2533 1251 2860 1319 baptismum
2878 1251 3043 1304 amici
3073 1253 3294 1315 narrat,
3326 1264 3485 1319 quem
3510 1251 3677 1304 etiam
3696 1253 3824 1306 suis

2258 1339 2528 1394 erroribus
2558 1340 2884 1404 involverat;
2922 1351 3081 1405 eoque
3112 1342 3279 1391 morte
3307 1338 3540 1403 sublato,
3580 1339 3724 1393 dolet
3753 1355 3908 1406 gra—

2256 1431 2493 1483 vissime.
2524 1428 2797 1483 Mirabilis
2827 1427 3075 1495 efficacia
3104 1428 3433 1480 sacramenti
3458 1429 3755 1496 Baptismi.

2256 1521 2310 1571 7.
2346 1518 2410 1571 ln
2439 1516 2550 1570 illis
2578 1516 2764 1581 annis,
2796 1531 2909 1587 quo
2952 1513 3207 1585 primum
3235 1519 3494 1586 tempore
3532 1516 3594 1569 in
3641 1516 3914 1570 munici-

2190 1606 2285 1677 pio
2313 1622 2427 1676 quo
2471 1609 2639 1659 natus
2669 1620 2795 1658 sum
2825 1604 3027 1658 docere
3054 1620 3364 1674 coeperam,
3415 1619 3911 1674 comparaveram

2189 1704 2438 1757 amicum
2467 1702 2732 1755 societate
2780 1700 3099 1754 studiorum
3125 1700 3296 1754 nimis
3339 1700 3599 1768 charum,
3630 1717 3905 1756 coaevum

2192 1792 2334 1846 mihi
2366 1797 2422 1845 et
2453 1791 2858 1845 conﬁoreutem
2889 1789 3029 1843 flore
3060 1788 3473 1843 adolescentiae.
3500 1790 3719 1844 Mecum
3744 1807 3910 1861 puer

2192 1884 2463 1945 creverat,
2496 1883 2551 1932 et
2580 1876 2795 1948 pariter
2826 1876 2886 1931 in
2918 1878 3171 1931 scholam
3237 1876 3505 1944 ieramus,
3561 1879 3916 1950 pariterque

2195 1970 2537 2023 luseramus.
2583 1966 2693 2021 Sed
2719 1965 2977 2019 nondum
3020 1969 3139 2018 erat
3165 1965 3244 2019 sic
3271 1965 3505 2030 amicus,
3557 1982 3914 2039 quanquam

2193 2073 2266 2111 ne
2296 2061 2431 2110 tunc
2461 2054 2692 2127 quidem
2723 2052 2886 2108 sicuti
2914 2058 2998 2108 est
3027 2069 3157 2108 vera
3186 2052 3435 2108 amicitia
3459 2072 3473 2121 ;
3505 2055 3643 2125 quia
3666 2072 3794 2110 non
3817 2062 3914 2110 est

2195 2161 2345 2211 vera,
2393 2144 2504 2198 nisi
2542 2159 2673 2197 cum
2712 2158 2838 2196 eam
2866 2146 2929 2196 tu
2980 2142 3305 2213 agglutinas
3352 2143 3503 2197 inter
3541 2144 3909 2198 inhaerentes

2195 2233 2324 2301 tibi,
2353 2232 2626 2287 charitate
2655 2230 2858 2285 diffusa
2878 2231 2939 2284 in
2966 2231 3229 2287 cordibus
3244 2232 3453 2286 nostris
3480 2249 3585 2303 per
3605 2232 3906 2302 Spiritum

2198 2326 2453 2375 sanctum
2493 2319 2593 2391 qui
2626 2320 2788 2374 datus
2818 2325 2902 2373 est
2930 2320 3096 2374 nobis
3128 2320 3298 2389 (Rom.
3341 2338 3396 2390 v,
3452 2323 3525 2393 5).
3557 2321 3669 2377 Sed
3704 2327 3916 2377 tamen

2197 2409 2375 2464 dulcis
2406 2413 2528 2463 erat
2548 2408 2738 2475 nimis,
2753 2413 2946 2462 coacta
2971 2412 2994 2445 ²
3017 2409 3236 2463 fervore
3256 2410 3524 2480 parilium
3544 2410 3913 2466 studiorum.

2201 2500 2342 2552 Nam
2373 2502 2427 2552 et
2456 2514 2488 2552 a
2509 2497 2621 2551 ﬁde
2651 2513 2806 2565 vera,
2834 2512 3007 2567 quam
3041 2513 3156 2551 non
3187 2497 3543 2568 germanitus
3577 2502 3635 2552 et
3665 2499 3916 2568 penitus

2200 2587 2522 2640 adolescens
2564 2586 2812 2655 tenebat,
2840 2586 3182 2640 deilexeram
3214 2603 3321 2657 ego
3354 2603 3487 2641 eum
3525 2587 3587 2658 in
3624 2590 3913 2658 supersti-

2197 2676 2368 2729 tiosas
2396 2675 2629 2729 fabellas
2650 2678 2705 2728 et
2732 2674 3097 2744 perniciosas,
3140 2656 3373 2745 propter
3402 2690 3542 2746 quas
3560 2656 3916 2747 Oplaugebat

2201 2780 2292 2818 me
2320 2768 2521 2818 mater.
2553 2764 2768 2818 Mecum
2791 2764 2911 2834 jam
2933 2763 3160 2818 errabat
3182 2763 3243 2817 in
3272 2763 3465 2818 animo
3492 2765 3665 2818 homo
3692 2763 3819 2831 ille,
3854 2770 3913 2817 et

2202 2869 2320 2907 non
2345 2855 2567 2924 poterat
2594 2851 2783 2906 anima
2816 2868 2943 2905 mea
2962 2852 3082 2905 sine
3109 2851 3225 2906 illo.
3257 2852 3323 2906 Et
3348 2868 3474 2905 ecce
3498 2857 3558 2906 tu
3590 2852 3913 2906 imminens

2201 2943 2368 2997 dorso
2415 2940 2790 3011 fugitivorum
2845 2946 3097 3009 tuorum,
3136 2938 3285 2995 Deus
3331 2941 3620 2995 ultionum
3672 2947 3729 2996 et
3776 2942 3912 2996 fons

2202 3030 2718 3085 misericordiarum
2750 3030 2938 3097 simul,
2967 3029 3067 3101 qui
3105 3030 3387 3084 convertis
3409 3034 3430 3066 ³
3461 3046 3564 3085 nos
3596 3030 3668 3085 ad
3706 3035 3765 3085 te
3791 3030 3906 3084 mi-

2202 3118 2280 3172 ris
2306 3118 2523 3185 modis;
2556 3134 2683 3173 ecce
2712 3118 2992 3173 abstulisti
3020 3118 3312 3173 hominem
3353 3118 3424 3173 de
3456 3120 3559 3173 hac
3586 3118 3725 3183 vita,
3767 3134 3905 3171 cum

2203 3207 2292 3261 vix
2324 3207 2659 3278 explevisset
2703 3223 2921 3262 annum
2966 3207 3027 3262 in
3058 3207 3307 3262 amicitia
3336 3223 3485 3277 mea,
3516 3207 3675 3262 suavi
3703 3211 3726 3245 ‘
3755 3206 3907 3261 mihi

2204 3312 2376 3367 super
2394 3311 2593 3349 omnes
2622 3296 2928 3351 suavitates
2956 3296 3109 3350 illius
3131 3296 3263 3351 vitae
3290 3312 3455 3351 mete.

2274 3388 2325 3439 8.
2361 3384 2497 3449 Quis
2523 3384 2719 3439 laudes
2738 3389 2864 3439 tuas
2894 3389 3191 3440 enumerat
3210 3401 3381 3455 unus,
3413 3385 3472 3439 in
3503 3401 3561 3439 se
3600 3400 3718 3439 uno
3761 3402 3908 3457 quas

2204 3478 2470 3543 expertus
2492 3475 2611 3528 est?
2637 3473 2783 3538 Quid
2814 3478 2948 3528 tunc
2978 3473 3178 3541 fecisti,
3216 3476 3365 3528 Deus
3396 3490 3577 3540 meus,
3620 3479 3677 3528 et
3724 3490 3907 3545 quam

2202 3560 2606 3633 investigabilis
2638 3564 2870 3633 abyssus
2892 3562 3243 3633 judiciorum
3268 3562 3539 3617 tuorum?
3570 3562 3713 3617 Cum
3745 3562 3905 3617 enim

2204 3650 2487 3704 laboraret
2512 3650 2607 3705 ille
2634 3651 2904 3715 febribus,
2930 3651 3110 3721 jacuit
3140 3651 3238 3706 diu
3260 3650 3380 3705 sine
3410 3667 3579 3705 sensu
3602 3650 3665 3704 in
3695 3651 3909 3706 sudore

2204 3739 2379 3793 letali.
2417 3740 2637 3794 Etcum
2681 3740 3098 3811 desperaretur,
3148 3738 3469 3810 baptizatus
3510 3743 3595 3793 est
3623 3740 3908 3794 nesciens.

2206 3842 2299 3881 me
2328 3843 2444 3881 non
2467 3833 2721 3895 curante,
2739 3834 2795 3883 et
2811 3833 3191 3900 praesumente
3213 3828 3273 3883 id
3294 3829 3537 3883 retinere
3562 3828 3757 3900 potius
3779 3829 3911 3884 ani-

2206 3932 2362 3971 mam
2390 3917 2513 3987 ejus
2542 3917 2695 3988 quod
2719 3934 2752 3971 a
2780 3934 2872 3972 me
2901 3922 3212 3989 acceperat,
3243 3934 3361 3972 non
3383 3917 3534 3990 quod
3565 3917 3624 3971 in
3642 3918 3910 3973 nescien-

2206 4004 2277 4058 tis
2298 4021 2537 4075 corpore
2587 4005 2776 4060 ﬁebat.
2813 4007 3002 4076 Longe
3032 4012 3223 4061 autem
3253 4006 3421 4061 aliter
3457 4011 3610 4074 erat;
3642 4022 3781 4060 nam
3816 4023 3909 4060 re-

2206 4098 2425 4147 creatus
2478 4098 2561 4148 est
2600 4099 2657 4148 et
2700 4095 2885 4149 salvus
2920 4094 3120 4149 factus.
3168 4094 3483 4167 Statimque
3530 4099 3595 4149 ut
3647 4094 3910 4165 primum

2206 4197 2336 4236 cum
2364 4199 2431 4237 eo
2461 4183 2620 4254 loqui
2646 4184 2808 4254 potui
2840 4182 3019 4255 (potui
3048 4188 3240 4238 autem
3285 4200 3416 4237 mox
3449 4188 3509 4237 ut
3549 4183 3648 4237 ille
3687 4186 3908 4255 potuit,

2207 4273 2435 4341 quando
2466 4288 2583 4326 non
2610 4273 2987 4339 discedebam,
3021 4277 3076 4327 et
3104 4273 3275 4327 nimis
3305 4272 3701 4344 pendebamus
3723 4288 3793 4326 ex
3827 4273 3914 4326 in-

2205 4360 2431 4429 vicem),
2461 4362 2671 4415 tentavi
2696 4361 2848 4432 apud
2881 4362 3045 4415 illum
3087 4361 3344 4428 irridere,
3373 4365 3649 4432 tanquam
3701 4366 3760 4415 et
3811 4362 3910 4417 illo

2206 4447 2441 4503 irrisuro
2477 4464 2703 4503 mecum
2754 4449 3103 4521 Baptismum
3148 4465 3319 4521 quem
3378 4454 3676 4519 acceperat
3713 4457 3909 4505 mente

2207 4549 2377 4615 atque
2398 4561 2569 4600 sensu
2588 4545 3036 4612 absentissimus,
3056 4545 3155 4600 sed
3175 4549 3368 4600 tamen
3390 4546 3512 4616 jam
3542 4561 3600 4599 se
3618 4546 3906 4618 accepisse

2205 4631 2501 4689 didicerat.
2560 4636 2632 4688 At
2659 4632 2754 4688 ille
2784 4633 2865 4688 ita
2889 4650 2981 4689 me
3025 4633 3320 4688 exhorruit
3347 4639 3411 4687 ut
3451 4633 3774 4699 inimicum,
3806 4635 3907 4688 ad-

2206 4722 2545 4794 monuitque
2574 4722 2820 4777 mirabili
2850 4728 2903 4776 et
2933 4722 3235 4795 repentina
3264 4722 3544 4785 libertate,
3596 4725 3659 4775 ut
3690 4721 3738 4774 si
3767 4723 3911 4776 ami-

2204 4827 2304 4865 cus
2328 4826 2448 4865 esse
2473 4811 2697 4874 vellem,
2726 4811 2863 4865 talia
2887 4811 2994 4865 sibi
3034 4810 3223 4865 dicere
3268 4810 3609 4865 desinerem.
3644 4811 3761 4881 Ego
3801 4826 3905 4865 au-

2204 4903 2322 4954 tem
2348 4900 2691 4971 stupefactus
2715 4902 2885 4971 atque
2919 4899 3201 4961 turbatus,
3228 4899 3425 4954 distuli
3465 4914 3662 4953 omnes
3709 4904 3904 4954 motus

2207 5001 2382 5050 meos,
2432 4992 2495 5041 ut
2527 4986 2943 5041 convalesceret
2986 4986 3167 5056 prius,
3187 4990 3444 5057 essetque
3481 4983 3721 5039 idoneus
3765 4986 3905 5040 viri-

2204 5074 2309 5128 bus
2338 5074 2676 5129 valetudinis
2704 5090 2835 5129 cum
2865 5091 2979 5146 quo
3009 5090 3177 5141 agere
3206 5090 3435 5145 possem
3461 5074 3615 5145 quod
3657 5074 3895 5131 vellem.

2268 5183 2281 5214 ¹
2306 5180 2510 5243 Castus.
2551 5179 2707 5243 juxta
2730 5180 2878 5237 Mart,
2904 5194 3026 5243 cum
3060 5183 3086 5228 3
3110 5180 3232 5230 Mss.
3270 5180 3339 5229 M.

2263 5243 2284 5275 9
2300 5241 2384 5290 Sic
2400 5242 2520 5290 Mss.
2540 5241 2733 5304 plures,
2751 5246 2802 5291 et
2817 5241 3004 5305 melius
3018 5247 3197 5291 nostra
3216 5243 3467 5305 Opinione
3489 5241 3899 5305 diciturcoacla.

2202 5303 2257 5353 id
2298 5308 2379 5353 est
2422 5303 2790 5365 coagmentata
2844 5304 3091 5365 amicitia,
3145 5303 3320 5362 cocta.
3379 5304 3501 5354 licet
3528 5304 3670 5353 hanc
3720 5319 3901 5355 vocem

2202 5365 2765 5427 Lovan.»przetulerint.
2779 5391 2838 5401 —
2855 5368 3001 5416 Mart.
3018 5379 3135 5414 cum
3155 5369 3181 5415 5
3196 5368 3338 5423 Mss.,
3364 5372 3550 5415 coacto
3571 5365 3812 5427 fervore.
3837 5369 3900 5417 Μ.

2262 5430 2283 5463 3
2308 5427 2366 5475 In
2395 5425 2529 5492 Edd.
2545 5427 2675 5492 VAm.
2699 5427 2792 5492 _Er.
2818 5433 2870 5478 et
2896 5432 3048 5481 Lov.:
3078 5428 3349 5492 Simulque
3370 5425 3709 5492 convertens.
3744 5428 3902 5479 Paulo

2200 5489 2504 5600 post.ququ
2536 5491 2660 5541 Lov.
2699 5489 2871 5553 legere
2910 5495 3013 5540 est:
3064 5493 3236 5553 Super
3254 5489 3444 5540 'omnes
3471 5489 3742 5547 civitates,
3787 5506 3901 5555 pro,

2234 5566 2337 5600 uav
2498 5585 2509 5597 .

2201 5552 2509 5602 suavitates.

2268 5617 2282 5647 κ
2312 5613 2394 5661 Er.
2436 5613 2596 5676 Ludg.
2622 5615 2749 5663 Ven.
2782 5614 2922 5671 Lov.,
2954 5613 3121 5663 suavi.
