4058 6362
143 359 249 407 4597

140 470 255 524 Sed
294 469 391 523 ille
410 468 677 538 abreptus
693 466 993 522 dementire
1020 482 1187 533 meae,
1231 471 1297 522 ut
1322 468 1473 539 apud
1502 472 1557 523 te
1586 485 1844 525 servare-

142 562 242 611 tur
265 557 639 612 consolationi
671 572 834 623 meae,
882 562 1009 626 post
1036 572 1246 627 paucos
1287 557 1427 625 dies,
1471 573 1562 612 me
1592 559 1844 627 absente,

144 647 431 716 repetitur
458 646 713 700 febribus
739 651 795 699 et
820 644 1172 716 defungitur.

218 738 280 790 9.
328 735 450 799 Quo
497 734 691 787 dolore
738 734 1209 787 contenebratum
1253 737 1338 787 est
1374 750 1470 788 cor
1515 752 1747 802 meum;
1795 741 1851 790 et

144 823 429 893 quidquid
467 821 830 892 aspiciebam,
863 837 1015 875 mors
1053 826 1198 877 erat.
1248 824 1313 876 Et
1341 829 1465 877 erat
1492 825 1636 878 mihi
1667 826 1851 896 patria

144 910 517 981 supplicium,
539 915 595 965 et
615 915 852 980 paterna
870 910 1073 964 domus
1099 910 1244 964 mira
1259 911 1557 966 infelicitas
1579 929 1591 978 ;
1610 918 1666 967 et
1687 913 1850 983 quid-

143 1000 291 1070 quid
315 1015 445 1053 cum
468 1000 568 1053 illo
599 999 1172 1062 communicaveram,
1197 999 1317 1053 sine
1338 999 1436 1054 illo
1459 1001 1517 1054 in
1539 1002 1848 1055 cruciatum

143 1089 464 1143 immanem
509 1092 769 1142 verterat.
824 1088 1173 1156 Expetebant
1221 1104 1354 1142 eum
1406 1090 1658 1161 undique
1704 1089 1853 1144 oculi

144 1178 288 1245 mei,
309 1181 364 1232 et
393 1194 505 1231 non
527 1177 768 1231 dabatur
786 1177 963 1235 mihi;
986 1182 1043 1230 et
1072 1177 1307 1231 oderam
1333 1178 1548 1239 omnia,
1581 1178 1712 1249 quia
1734 1194 1852 1232 non

144 1266 431 1319 haberent
476 1280 630 1329 eum,
663 1281 767 1318 nec
810 1264 954 1318 mihi
988 1265 1111 1335 jam
1156 1265 1343 1318 dicere
1388 1271 1684 1336 poterant:
1720 1268 1851 1320 Ecce

146 1354 360 1419 veniet,
391 1354 536 1408 sicut
565 1370 695 1408 cum
726 1354 955 1419 viveret,
989 1353 1219 1423 quando
1241 1354 1443 1408 absens
1473 1360 1619 1409 erat.
1654 1356 1853 1409 Factus

146 1457 312 1495 eram
336 1440 457 1511 ipse
487 1440 631 1494 mihi
660 1456 869 1512 magna
901 1440 1161 1512 qumstio,
1194 1446 1250 1495 et
1278 1440 1702 1511 interrogabam
1725 1441 1852 1495 ani-

145 1545 308 1583 mam
353 1545 538 1582 meam
570 1545 746 1600 quare
785 1528 962 1582 tristis
992 1533 1158 1595 esset,
1191 1533 1246 1582 et
1274 1545 1450 1600 quare
1489 1531 1854 1583 conturbaret

143 1635 241 1672 me
274 1619 468 1683 valde;
500 1624 557 1672 et
576 1618 719 1671 nihil
747 1622 982 1672 noverat
1003 1618 1343 1687 respondere
1367 1618 1528 1671 mihi.
1556 1620 1619 1672 Et
1639 1618 1685 1671 si
1710 1620 1853 1672 dice-

142 1706 307 1772 bam,
339 1706 587 1776 Sperain
618 1707 792 1759 Deum
824 1706 992 1773 (Psal.
1026 1722 1133 1773 xu,
1164 1710 1194 1760 6
1221 1706 1271 1775 );
1301 1706 1457 1776 juste
1483 1723 1599 1760 non
1630 1706 1846 1761 obtem-

143 1794 416 1864 perabat:
447 1793 582 1864 quia
612 1793 798 1847 verior
832 1799 954 1847 erat
982 1799 1039 1848 et
1083 1795 1283 1848 melior
1314 1795 1484 1848 homo
1518 1812 1690 1866 quem
1722 1797 1853 1849 cha-

143 1882 445 1936 rissimam
473 1882 761 1949 amiserat,
789 1898 962 1953 quam
984 1883 1325 1953 phantasma
1347 1882 1407 1936 in
1440 1884 1591 1954 quod
1625 1901 1854 1955 sperare

140 1972 475 2043 jubebatur.
506 1971 669 2026 Solus
704 1970 872 2025 ﬂetus
911 1977 1031 2025 erat
1058 1971 1238 2025 dulcis
1270 1971 1413 2026 mihi
1434 1978 1491 2027 et
1512 1977 1857 2027 successerat

148 2060 337 2115 amico
369 2076 496 2115 meo
526 2060 589 2114 in
619 2060 838 2114 deliciis
865 2061 1044 2114 animi
1066 2061 1207 2117 mei.

849 2150 1073 2204 CAPUT
1105 2150 1164 2203 V.

628 2239 736 2294 Cur
763 2242 916 2305 ﬂetus
947 2238 1121 2292 dulcis
1142 2240 1373 2292 miseris.

224 2331 311 2382 16.
340 2328 405 2381 Et
433 2342 603 2392 nunc,
638 2326 897 2392 Domine,
924 2326 1045 2396 jam
1074 2326 1170 2380 illa
1205 2328 1575 2393 transierunt,
1608 2332 1665 2382 et
1698 2332 1851 2383 tem-

150 2432 295 2485 pore
322 2415 563 2468 lenitum
595 2418 680 2467 est
707 2414 914 2467 vulnus
946 2429 1159 2468 meum.
1193 2415 1507 2468 Possumne
1538 2415 1732 2469 audire
1757 2416 1856 2470 abs

155 2509 213 2557 te
247 2503 350 2575 qui
381 2503 586 2556 veritas
617 2518 699 2569 es,
750 2507 807 2556 et
853 2502 1155 2556 admovere
1183 2519 1383 2557 aurem
1412 2504 1594 2558 cordis
1626 2504 1738 2558 mei
1769 2505 1856 2559 ori

152 2597 278 2657 tuo,
302 2596 368 2645 ut
397 2591 549 2645 dicas
579 2590 721 2644 mihi
743 2606 844 2644 cur
864 2591 1033 2644 ﬂetus
1058 2590 1237 2644 dulcis
1268 2591 1342 2645 sit
1370 2592 1633 2647 miseris?
1657 2596 1745 2646 An
1770 2598 1853 2659 tu,

151 2680 417 2752 quamvis
449 2680 658 2750 ubique
690 2680 859 2746 adsis,
894 2680 1064 2750 longe
1100 2680 1358 2750 abjecisti
1399 2686 1516 2735 ate
1565 2682 1857 2736 miseriam

153 2772 453 2823 nostram?
480 2770 544 2823 Et
568 2774 632 2823 tu
652 2768 711 2821 in
743 2774 797 2821 te
823 2785 1021 2822 manes
1044 2786 1057 2835 ;
1082 2786 1185 2822 nos
1206 2774 1397 2823 autem
1425 2769 1486 2824 in
1508 2771 1860 2841 experimen-

152 2860 225 2912 tis
257 2857 555 2911 volvimur.
586 2859 649 2911 Et
668 2862 861 2911 tamen
892 2857 1004 2910 nisi
1036 2858 1104 2911 ad
1132 2874 1299 2911 aures
1327 2864 1452 2911 tuas
1482 2860 1855 2929 ploraremus,

152 2946 309 3001 nihil
338 2945 552 2998 residui
583 2945 651 2999 de
684 2961 783 3014 spe
812 2950 1008 2999 nostra
1045 2946 1228 2999 fieret.
1265 2946 1422 2999 Unde
1455 2946 1630 3015 igitur
1671 2947 1858 3021 suavis

152 3034 375 3088 fructus
405 3032 475 3085 de
497 3031 880 3087 amaritudine
906 3032 1036 3085 vitae
1068 3032 1338 3102 carpitur,
1365 3049 1593 3102 gemere
1615 3040 1669 3088 et
1696 3037 1856 3103 ﬂere,

154 3127 214 3175 et
244 3120 531 3191 suspirare
551 3124 607 3174 et
634 3120 950 3192 conqueri?
977 3124 1065 3174 An
1094 3122 1199 3174 hoc
1229 3121 1308 3175 ibi
1335 3123 1353 3157 ί
1382 3122 1546 3175 dulce
1567 3128 1671 3183 est,
1704 3125 1858 3193 quod

156 3225 455 3279 speramus
495 3208 760 3263 exaudire
791 3211 885 3262 te?
915 3210 1084 3263 Recte
1111 3208 1265 3263 istud
1304 3208 1363 3262 in
1394 3210 1679 3280 precibus,
1721 3211 1857 3281 quia

154 3296 501 3351 desiderium
547 3296 919 3366 perveniendi
959 3296 1188 3351 habent.
1240 3298 1527 3369 Numquid
1571 3298 1631 3353 in
1661 3300 1857 3354 dolore

155 3384 381 3439 amissaa
410 3384 492 3437 rei
522 3389 579 3437 et
610 3385 766 3438 luctu
813 3401 926 3455 quo
956 3390 1091 3439 tunc
1116 3386 1450 3455 operiebar‘?
1481 3388 1671 3458 Neque
1705 3388 1854 3442 enim

155 3473 456 3543 sperabam
483 3473 815 3527 reviviscere
832 3474 1018 3538 illum,
1046 3479 1145 3528 aut
1166 3474 1271 3528 hoc
1289 3475 1550 3544 petebam
1571 3475 1857 3546 lacrymis,

155 3561 256 3615 sed
297 3566 517 3615 tantum
547 3562 810 3616 dolebam
840 3566 895 3615 et
928 3562 1157 3619 ﬂebam.
1199 3562 1370 3616 Miser
1397 3563 1552 3617 enim
1591 3579 1768 3631 eram,
1801 3569 1858 3618 et

156 3652 461 3706 amiseram
483 3650 757 3721 gaudium
781 3666 995 3704 meum.
1026 3652 1113 3704 An
1144 3654 1196 3704 et
1227 3651 1395 3705 ﬂetus
1418 3666 1508 3704 res
1536 3666 1729 3705 amara
1751 3657 1854 3715 est,

154 3746 211 3794 et
234 3756 352 3810 prae
374 3740 599 3794 fastidio
622 3754 817 3793 rerum
839 3739 1050 3811 quibus
1080 3738 1238 3810 prius
1260 3739 1615 3807 fruebamur,
1638 3744 1694 3794 et
1722 3744 1857 3795 tunc

154 3829 297 3884 dum
326 3829 395 3883 ab
421 3828 500 3883 eis
530 3829 930 3893 abhorremus,
955 3828 1235 3882 delectat?

836 3916 1061 3971 CAPUT
1090 3918 1183 3971 VI.

539 4006 789 4070 Quantus
819 4020 885 4058 ar
910 4006 1074 4058 amici
1104 4009 1270 4058 morte
1298 4004 1469 4059 dolor.

229 4097 313 4148 Η.
346 4093 490 4158 Quid
509 4099 700 4147 autem
728 4094 834 4147 ista
859 4094 1105 4163 loquor?
1126 4094 1252 4146 Non
1282 4093 1435 4146 enim
1465 4097 1693 4165 tempus
1721 4112 1856 4166 que-

154 4182 315 4236 rendi
342 4198 493 4236 nunc
523 4188 628 4248 est,
664 4183 760 4236 sed
782 4181 1093 4236 conﬁtendi
1122 4180 1247 4235 tibi.
1273 4181 1439 4236 Miser
1457 4198 1635 4245 eram,
1669 4188 1725 4237 et
1753 4183 1858 4238 mi-

154 4286 248 4323 ser
276 4274 360 4323 est
386 4271 572 4323 omnis
602 4269 829 4323 animus
870 4269 1091 4323 vinctus
1128 4269 1382 4323 amicitia
1410 4286 1603 4324 rerum
1634 4276 1854 4325 morta-

155 4358 324 4423 lium;
374 4362 430 4412 et
472 4357 783 4412 dilaniatur
829 4373 960 4412 cum
1009 4374 1104 4411 eas
1147 4358 1483 4426 amittit,.et
1521 4363 1656 4414 tunc
1685 4360 1857 4414 sentit

154 4446 447 4501 miseriam
476 4463 588 4518 qua
619 4446 791 4500 miser
827 4450 910 4499 est
936 4450 992 4500 et
1021 4451 1333 4518 antequam
1369 4448 1594 4503 amittat
1622 4464 1735 4503 eas.
1770 4449 1857 4504 Sic

154 4551 263 4605 ego
312 4551 465 4589 eram
513 4535 613 4590 illo
670 4540 948 4605 tempore,
1000 4530 1055 4589 et
1107 4536 1317 4590 ﬂebam
1370 4536 1750 4605 amarissime,
1802 4542 1858 4591 et

154 4622 581 4693 requiescebam
610 4623 669 4677 in
701 4622 1103 4677 amaritudine.
1138 4624 1220 4676 Ita
1255 4624 1429 4691 miser
1457 4641 1631 4688 eram,
1668 4630 1725 4679 et
1752 4626 1855 4678 ha-

152 4712 359 4766 bebam
399 4712 717 4766 chariorem
749 4712 846 4765 illo
878 4710 1060 4765 amico
1091 4726 1218 4765 meo
1255 4712 1433 4766 vitam
1462 4712 1645 4782 ipsam
1680 4713 1854 4767 mise-

151 4817 297 4855 ram.
332 4801 473 4854 Nam
493 4800 754 4871 quamvis
772 4816 899 4853 eam
923 4803 1148 4853 mutare
1168 4799 1394 4869 vellem,
1420 4802 1632 4855 nollem
1661 4807 1853 4856 tamen

150 4889 416 4944 amittere
442 4888 623 4959 magis
653 4905 828 4959 quam
858 4888 1044 4943 illum.
1092 4890 1156 4943 Et
1201 4888 1390 4942 nescio
1418 4906 1492 4942 an
1523 4889 1727 4944 vellem
1755 4891 1844 4945 vel

150 4994 256 5049 pro
286 4977 407 5044 illo,
458 4976 603 5031 sicut
646 4976 716 5031 de
780 4978 974 5033 Oreste
1017 4981 1075 5032 et
1104 4978 1310 5048 Pylade
1348 4978 1615 5044 traditur,
1654 4978 1703 5032 si
1736 4995 1854 5033 non

151 5065 409 5136 ﬁngitur,
442 5064 543 5136 qui
574 5066 785 5119 vellent
808 5082 912 5136 pro
937 5066 1180 5121 invicem
1207 5067 1295 5120 vel
1319 5066 1486 5120 simul
1518 5067 1687 5133 mori,
1721 5068 1856 5138 quia

153 5158 338 5208 morte
390 5153 556 5224 pejus
605 5154 687 5208 eis
726 5160 847 5209 erat
893 5171 1011 5209 non
1044 5154 1215 5209 simul
1261 5154 1470 5209 vivere.
1502 5156 1611 5211 Sed
1657 5156 1717 5210 in
1766 5171 1856 5210 me

152 5242 342 5297 nescio
378 5242 508 5315 quis
538 5242 773 5297 affectus
802 5242 972 5297 nimis
1010 5243 1143 5299 huic
1182 5243 1498 5298 contrarius
1528 5247 1684 5298 ortus
1711 5250 1853 5314 erat,

154 5334 211 5384 et
236 5330 473 5385 taedium
514 5330 739 5385 vivendi
772 5335 897 5385 erat
936 5330 997 5384 in
1026 5346 1120 5386 me
1167 5330 1585 5401 gravissimum,
1631 5337 1688 5385 et
1730 5347 1852 5386 mo-

154 5416 341 5473 riendi
388 5424 593 5474 metus.
645 5419 826 5473 Credo
878 5435 992 5490 quo
1022 5418 1205 5489 magis
1250 5419 1415 5473 illum
1463 5420 1746 5485 amabam,
1781 5437 1848 5475 eo

155 5507 335 5578 magis
365 5512 633 5575 mortem,
676 5525 805 5580 qua:
854 5506 997 5562 mihi
1046 5524 1179 5563 eum
1211 5507 1542 5576 abstulerat,
1572 5513 1845 5581 tanquam

224 5661 235 5692 ¹
265 5659 376 5707 Am.
412 5660 492 5708 Er.
527 5664 577 5708 et
598 5660 748 5708 Lov.:
774 5663 829 5708 in
859 5658 956 5710 hoc
982 5660 1088 5709 tibi.

1600 352 1813 408 LIBER
1832 386 1847 391 ι
1866 352 2214 419 QUARTUS.

3550 350 3653 401 698

1955 470 2366 526 atrocissimam
2407 470 2698 525 inimicam
2741 471 2974 525 oderam
3020 474 3077 523 et
3111 470 3404 539 timebam,
3439 477 3496 526 et
3524 488 3651 526 eam

1953 565 2187 632 repente
2241 564 2706 629 consumpturam
2777 574 2973 612 omnes
3020 558 3280 611 homines
3348 562 3643 629 putabam,

1956 649 2090 720 quia
2120 649 2279 702 illum
2322 648 2528 717 potuit.
2562 648 2651 702 Sic
2694 663 2850 701 eram
2895 647 3152 712 omnino,
3204 648 3462 701 memini.
3517 650 3649 703 Ecce

1956 754 2054 792 cor
2075 752 2288 802 meum,
2321 738 2468 790 Deus
2500 752 2659 789 meus
2693 752 2705 790 :
2739 752 2866 790 ecce
2888 737 3040 789 intus
3070 736 3197 789 vide
3226 736 3360 807 quia
3390 737 3651 803 memini,

1957 843 2083 898 spes
2113 842 2259 894 mea,
2292 825 2391 896 qui
2422 840 2511 879 me
2551 825 2789 878 mundas
2819 841 2851 877 a
2880 824 3080 878 talium
3130 824 3497 879 alfectionum
3542 825 3652 878 im-

1958 914 2260 983 munditia,
2292 914 2544 984 dirigens
2574 915 2767 966 oculos
2799 928 2955 966 meos
2987 913 3058 967 ad
3104 918 3181 979 te,
3219 918 3275 966 et
3303 914 3546 967 evellens
3589 914 3656 966 de

1958 1004 2163 1074 laqueo
2208 1003 2379 1073 pedes
2421 1018 2577 1055 meos
2623 1002 2798 1068 (Psul.
2857 1017 2999 1064 xxw,
3057 1003 3160 1069 15).
3212 1001 3455 1054 Mirabar
3504 1000 3656 1054 enim

1958 1096 2187 1144 cmteros
2227 1090 2491 1143 mortales
2539 1088 2743 1152 vivere,
2797 1087 2933 1158 quia
2970 1086 3087 1153 ille,
3128 1104 3299 1157 quem
3349 1088 3511 1159 quasi
3543 1104 3657 1141 non

1959 1179 2301 1234 moriturum
2350 1178 2677 1242 dilexeram,
2731 1182 2986 1231 mortuus
3037 1181 3196 1243 erat;
3231 1182 3407 1230 etme
3454 1176 3657 1245 magis,

1960 1267 2095 1338 quia
2123 1267 2206 1320 illi
2232 1267 2373 1320 alter
2404 1282 2581 1330 eram,
2611 1266 2795 1319 vivere
2825 1267 2923 1320 illo
2943 1271 3172 1319 mortuo
3200 1265 3475 1319 mirabar.
3500 1268 3659 1321 .Bene

1961 1355 2196 1426 quidam
2242 1354 2381 1408 dixit
2432 1355 2500 1409 de
2532 1354 2712 1407 amico
2752 1371 2897 1408 suo:
2930 1355 3230 1408 Dimidium
3282 1357 3480 1409 anima:
3535 1370 3661 1408 mea:

1966 1442 2176 1513 (Horat.
2227 1444 2428 1510 Carm,
2481 1444 2573 1495 lib.
2615 1447 2662 1510 1,
2715 1444 2811 1496 ode
2875 1446 2945 1510 3).
3008 1444 3149 1496 Nam
3180 1459 3287 1511 ego
3346 1444 3497 1497 sensi
3537 1441 3658 1496 ani-

1959 1548 2116 1585 mam
2147 1548 2334 1585 meam
2365 1537 2419 1585 et
2444 1530 2694 1584 animam
2722 1531 2873 1584 illius
2900 1546 3073 1584 unam
3104 1532 3276 1584 fuisse
3315 1532 3567 1585 animam
3599 1530 3658 1583 in

1961 1620 2185 1674 duobus
2242 1619 2613 1690 corporibus;
2646 1624 2701 1672 et
2728 1618 2855 1672 ideo
2906 1619 3045 1673 mihi
3091 1619 3317 1673 horrori
3370 1627 3493 1675 erat
3524 1619 3654 1684 vita,

1962 1708 2098 1779 quia
2139 1708 2405 1761 nolebam
2449 1708 2720 1762 dimidius
2778 1707 2984 1774 vivere,
3028 1712 3086 1760 et
3128 1706 3257 1760 ideo
3302 1706 3447 1760 forte
3514 1708 3661 1761 mori

1963 1796 2307 1862 metuebam,
2368 1813 2440 1849 ne
2487 1801 2635 1849 totus
2682 1797 2775 1849 ille
2828 1800 3149 1849 moreretur
3199 1811 3372 1867 queui
3413 1796 3658 1849 multum

1963 1901 2286 1940 amaveram
2311 1888 2561 1955 (Itefract.
2587 1886 2679 1965 ιίζ).
2715 1888 2768 1946 ‘2,
2802 1900 2844 1939 c.
2879 1887 2957 1954 6).

2620 1974 2847 2028 CAPUT
2882 1974 2998 2030 VII.

2311 2064 2658 2131 Imprudentia
2678 2063 2878 2116 doloris
2908 2065 3081 2115 "autut
3113 2063 3305 2116 locum.

2036 2154 2119 2205 12.
2153 2152 2196 2205 Ο
2228 2150 2575 2205 dementiam
2607 2151 2953 2204 nescientem
2983 2150 3220 2220 diligere
3252 2150 3517 2205 homines
3546 2151 3653 2205 liu-

1965 2239 2241 2293 maniter!
2292 2255 2324 2291 o
2358 2239 2595 2293 stultum
2643 2239 2939 2292 hominem
2985 2237 3359 2292 immoderate
3408 2240 3663 2293 humana

1966 2329 2297 2399 patientem,
2329 2328 2481 2399 quod
2522 2344 2626 2399 ego
2667 2335 2801 2382 tunc
2847 2334 3036 2383 eram!
3076 2330 3272 2399 Itaque
3318 2329 3654 2395 mstuabam,

1966 2416 2342 2487 suspirabam,
2372 2418 2601 2483 ﬂebam,
2632 2417 2938 2483 turbabar;
2976 2433 3077 2470 nec
3109 2417 3352 2488 requies,
3386 2421 3525 2483 erat,
3558 2433 3664 2471 nec

1965 2507 2287 2560 consilium.
2332 2506 2631 2560 Portabam
2685 2507 2836 2559 enim
2867 2506 3207 2559 conscissam
3237 2507 3252 2541 ¹
3286 2510 3342 2559 ct
3368 2508 3663 2559 cruentam

1968 2594 2220 2648 animam
2250 2611 2454 2658 meam,
2500 2594 2896 2664 impatientem
2943 2610 2975 2647 a
3022 2610 3112 2647 me
3167 2593 3418 2664 portari;
3473 2599 3528 2646 et
3566 2592 3664 2646 ubi

1968 2698 2091 2736 eam
2124 2698 2398 2752 ponerem
2457 2699 2575 2736 non
2620 2682 3003 2749 inveniebam,
3039 2683 3160 2735 Non
3200 2682 3260 2735 in
3291 2682 3532 2735 ammnis
3563 2697 3663 2735 ne-

1970 2770 2266 2837 moribus;
2304 2787 2419 2824 non
2448 2771 2504 2823 in
2538 2770 2685 2823 ludis
2730 2775 2902 2840 atque
2942 2771 3241 2835 cantibus;
3272 2786 3375 2823 nec
3406 2770 3465 2822 in
3495 2784 3663 2823 suave

1968 2859 2252 2913 olentibus
2278 2858 2453 2923 locis;
2489 2874 2591 2911 nec
2618 2858 2675 2911 in
2708 2858 2979 2911 conviviis
3012 2856 3302 2927 apparatis
3334 2873 3562 2927 ;neque
3606 2857 3664 2910 in

1967 2949 2257 3018 voluptate
2288 2946 2489 3001 cubilis
2521 2951 2576 3000 et
2603 2946 2737 3000 lecti
2762 2962 2774 3012 ;
2813 2962 2924 2999 non
2948 2946 3195 3017 denique
3224 2945 3284 2999 in
3313 2944 3471 2999 libris
3493 2950 3665 3013 atque

1967 3036 2315 3090 carminibus
2370 3035 2775 3106 acquiescebat.
2847 3035 3163 3089 Horrebant
3193 3034 3403 3098 omnia,
3455 3038 3510 3088 et
3542 3032 3665 3102 ipsa

1967 3124 2103 3191 lux;
2136 3128 2190 3178 et
2220 3124 2500 3195 quidquid
2533 3139 2647 3177 non
2677 3129 2797 3177 erat
2825 3123 2978 3194 quod
3008 3123 3103 3177 ille
3155 3128 3296 3192 erat,
3330 3122 3660 3192 improbum

1969 3217 2025 3266 et
2049 3212 2307 3267 odiosum
2339 3217 2479 3278 erat,
2512 3218 2720 3283 printer
2759 3213 3037 3283 gemitum
3086 3217 3143 3266 et
3178 3212 3474 3281 lacrymas.
3520 3211 3663 3264 Nam

1968 3300 2027 3353 in
2059 3300 2139 3354 eis
2164 3301 2299 3354 solis
2346 3301 2695 3371 aliquantula
2746 3301 2992 3370 requies.
3038 3300 3142 3353 Ubi
3174 3304 3363 3353 autem
3396 3299 3528 3352 inde
3558 3315 3663 3351 au-

1965 3390 2252 3442 ferebatur
2276 3389 2466 3443 anima
2519 3405 2665 3450 mea,
2707 3390 2981 3442 onerabat
3033 3405 3122 3443 me
3176 3388 3404 3459 grandis
3446 3387 3665 3441 sarcina

1968 3477 2233 3531 miserias.
2266 3478 2347 3531 Ad
2380 3483 2432 3532 te
2463 3476 2513 3544 ’,
2550 3460 2812 3545 Domine,
2867 3478 3100 3531 levanda
3131 3482 3252 3531 erat
3303 3482 3357 3530 et
3387 3476 3659 3541 curanda,

1968 3564 2254 3630 sciebam;
2286 3565 2383 3618 sed
2434 3579 2536 3618 nec
2585 3566 2866 3629 volebam,
2914 3580 3018 3617 nec
3070 3564 3350 3632 valebam,
3382 3580 3449 3617 eo
3483 3563 3665 3632 magis

1967 3652 2103 3723 quia
2133 3669 2247 3706 non
2278 3651 2419 3706 mihi
2449 3669 2571 3706 eras
2602 3653 2815 3723 aliquid
2849 3653 3095 3707 solidum
3139 3658 3196 3707 et
3233 3653 3489 3720 ﬁrmum,
3533 3668 3665 3705 cum

1967 3741 2038 3796 de
2067 3746 2121 3795 te
2151 3740 2492 3811 cogitabam.
2523 3742 2645 3795 Non
2676 3741 2829 3794 enim
2855 3746 2915 3794 tu
2947 3757 3092 3809 eras,
3124 3741 3223 3794 sed
3250 3755 3456 3793 vanum
3483 3740 3663 3809 phan-

1967 3835 2166 3895 tasma,
2200 3835 2256 3883 et
2279 3844 2436 3882 error
2461 3844 2620 3882 meus
2641 3835 2761 3882 erat
2786 3831 2930 3882 Deus
2961 3845 3140 3883 meus.
3176 3828 3235 3883 Si
3262 3828 3509 3881 conabar
3533 3843 3660 3881 eam

1967 3918 2045 3972 ibi
2074 3933 2286 3988 ponere
2337 3922 2403 3971 ut
2450 3916 2850 3987 requiesceret,
2885 3933 2985 3987 per
3041 3916 3211 3969 inane
3252 3914 3567 3979 labebatur,
3610 3919 3667 3967 et

1966 4006 2178 4061 iterum
2209 4005 2407 4059 ruebat
2427 4021 2599 4077 super
2629 4021 2719 4059 me
2746 4024 2762 4073 -,
2792 4010 2847 4059 et
2868 4020 2971 4075 ego
2994 4003 3134 4057 mihi
3162 4018 3550 4057 remanseram
3582 4002 3667 4056 in-

1966 4095 2101 4149 felix
2136 4096 2311 4160 locus,
2346 4094 2443 4149 ubi
2474 4111 2576 4148 nec
2606 4112 2727 4148 esse
2785 4110 3029 4165 possem,
3067 4108 3171 4146 nec
3217 4091 3350 4146 inde
3380 4092 3662 4145 recedere.

1965 4183 2086 4247 Quo
2112 4183 2267 4236 enim
2298 4198 2397 4236 cor
2433 4198 2625 4236 meum
2661 4184 2882 4251 fugeret
2908 4198 2942 4235 a
2971 4181 3136 4234 corde
3168 4179 3336 4233 meo?
3365 4194 3479 4250 quo
3509 4195 3541 4232 a
3572 4194 3665 4232 me

1964 4272 2091 4341 ipso
2117 4271 2377 4342 fugerem
2402 4272 2431 4323 ?
2460 4286 2574 4341 quo
2607 4285 2698 4323 me
2729 4285 2840 4323 non
2871 4285 3140 4340 sequerer
3158 4271 3186 4322 ?
3224 4269 3290 4321 Et
3317 4272 3511 4321 tamen
3545 4266 3664 4339 fugi

1963 4360 2032 4414 de
2062 4360 2261 4430 patria.
2300 4358 2482 4413 Minus
2510 4358 2664 4412 enim
2694 4374 2827 4413 eum
2860 4358 3195 4429 qumrebant
3225 4345 3381 4411 oculi
3398 4354 3531 4422 mei,
3565 4356 3666 4409 ubi

1962 4447 2154 4502 videre
2174 4463 2290 4501 non
2319 4449 2606 4515 solebant;
2628 4453 2798 4518 atque
2829 4463 2864 4501 a
2890 4445 3263 4518 Thagastensi
3284 4445 3499 4516 oppido
3527 4444 3663 4500 veni

1964 4536 2368 4607 Carthaginem
2380 4577 2392 4592 .

2614 4626 2843 4680 CAPUT
2876 4625 3017 4679 VIII.

2101 4718 2327 4783 Tempus
2356 4719 2408 4769 et
2434 4718 2726 4769 amicorum
2755 4714 3020 4781 colloquia
3040 4713 3215 4768 dolori
3236 4712 3537 4768 medentur.

2039 4806 2123 4857 l3.
2161 4805 2283 4857 Non
2312 4808 2515 4857 vacant
2545 4808 2829 4872 tempora,
2871 4817 2976 4855 nec
3008 4802 3188 4855 otiose
3215 4802 3521 4856 volvuntur
3561 4815 3666 4871 per

1964 4908 2180 4946 semsus
2220 4896 2474 4959 nostros;
2506 4891 2720 4945 faciunt
2768 4890 2828 4944 in
2870 4889 3063 4944 animo
3105 4890 3251 4944 mira
3295 4906 3486 4960 opera.
3527 4891 3663 4944 Ecce

1963 4980 2267 5034 veniebant
2295 4984 2351 5033 et
2376 4979 2747 5050 praeteribant
2773 4978 2842 5032 de
2874 4978 2966 5033 die
2997 4979 3056 5032 in
3085 4978 3260 5045 diem,
3293 4982 3348 5032 et
3377 4976 3656 5032 veniendo

1963 5074 2020 5121 et
2048 5068 2446 5138 prastereundo
2473 5067 2800 5121 inserebant
2824 5067 2966 5121 mihi
3005 5067 3219 5139 species
3264 5067 3402 5120 alias
3430 5071 3486 5119 et
3529 5065 3665 5119 alias

1963 5156 2291 5222 memorias,
2322 5161 2379 5211 et
2432 5155 2711 5226 paulatim
2746 5156 3127 5210 resarciebant
3157 5171 3249 5210 me
3279 5153 3533 5225 pristinis
3562 5168 3661 5223 ge-

1962 5245 2196 5300 neribus
2244 5245 2711 5309 delectationem,
2753 5246 2964 5317 quibus
3018 5246 3251 5299 cedebat
3294 5243 3453 5296 dolor
3500 5256 3663 5294 meus

1965 5334 2059 5388 ille
2087 5351 2099 5401 ;
2130 5335 2228 5388 sed
2258 5334 2638 5388 succedebant
2677 5351 2790 5389 non
2819 5333 3053 5405 quidem
3083 5333 3305 5387 dolores
3327 5328 3444 5394 alii,
3475 5344 3659 5382 causas

1962 5426 2154 5476 tamen
2200 5423 2440 5478 aliorum
2484 5424 2769 5478 dolorum.
2828 5425 2969 5478 Nam
3030 5421 3178 5475 unde
3236 5434 3326 5472 me
3383 5416 3654 5471 facillime

1963 5511 2109 5566 etin
2148 5512 2352 5567 intima
2403 5512 2567 5567 dolor
2613 5512 2711 5567 ille
2760 5511 3178 5583 penetraverat,
3235 5505 3345 5559 nisi
3399 5505 3527 5577 quis
3566 5506 3652 5560 fu-

2030 5602 2041 5634 ¹
2082 5604 2108 5647 ὅ
2144 5601 2285 5658 Mss,
2301 5603 2578 5651 concisam.

2004 5667 2023 5699 ³
2039 5663 2113 5710 Ita
2126 5655 2316 5724 magno
2330 5676 2591 5712 consensu
2604 5663 2721 5711 Mss.
2732 5665 2803 5719 ;at
2816 5659 3159 5709 Edd.habent:
3171 5655 3515 5719 Μὲεθνὶωᾳιιιυ
3529 5661 3643 5706 ale.
