4058 6356
403 321 505 370 699

389 442 585 497 deram
599 440 660 496 in
675 454 909 494 arenam
920 438 1172 493 animam
1194 453 1400 502 meam,
1429 436 1719 508 diligendo
1741 436 2085 492 moriturum

390 547 455 584 ac
486 530 533 584 si
558 545 673 583 non
701 528 1092 583 moriturum?
1121 525 1357 581 Maxime
1378 524 1592 597 quippe
1637 541 1729 579 me
1750 526 2093 595 reparabaut

394 621 563 688 atque
592 616 928 670 recreabant
947 614 1193 668 aliorum
1216 613 1529 668 amicorum
1560 612 1776 679 solatia,
1805 630 1934 667 cum
1961 612 2089 685 qui-

394 706 500 759 bus
531 704 794 758 amabam
818 703 967 774 quod
993 719 1097 773 pro
1115 707 1169 756 te
1200 702 1461 755 amabam
1487 719 1499 755 :
1524 705 1580 755 et
1607 701 1715 755 hoc
1740 704 1862 755 erat
1889 701 2091 771 ingens

393 794 587 848 fabula
615 797 671 846 et
701 794 940 862 longum
979 788 1364 857 mendacium,
1412 790 1572 861 cujus
1601 789 1921 844 adulterina
1957 806 2091 844 con-

394 880 693 934 fricatione
724 878 1199 949 corrumpebatur
1219 893 1381 931 mens
1398 887 1590 932 nostra
1617 877 1881 948 pruriens
1902 877 1961 931 in
1990 893 2093 931 au-

398 968 578 1024 ribus.
611 968 719 1022 Sed
763 967 863 1021 illa
910 966 1051 1020 mihi
1101 966 1293 1019 fabula
1340 981 1454 1019 non
1487 966 1857 1027 moriebatur,
1884 965 1931 1018 si
1963 965 2092 1035 quis

397 1057 714 1111 amicorum
744 1071 1006 1109 meorum
1034 1058 1370 1108 moreretur.
1410 1052 1536 1107 Alia
1564 1058 1726 1107 erant
1749 1070 1877 1124 quae
1906 1053 1967 1106 in
2010 1053 2092 1107 eis

400 1144 647 1215 amplius
674 1144 974 1214 capiebant
1012 1143 1268 1197 animum
1302 1158 1315 1197 :
1348 1142 1594 1212 colloqui
1624 1147 1679 1194 et
1698 1142 2004 1202 corridere.
2035 1146 2093 1195 et

400 1228 645 1283 vicissim
673 1228 945 1282 benevole
975 1228 1211 1298 obsequi
1236 1247 1251 1293 ;
1286 1226 1454 1280 simul
1485 1226 1673 1295 legere
1712 1224 1885 1277 libros
1912 1220 2089 1276 dulci-

400 1319 620 1389 loquos,
663 1316 831 1371 simul
863 1315 1089 1387 nugari,
1127 1320 1183 1369 et
1214 1314 1383 1368 simul
1435 1313 1721 1368 honestari
1747 1333 1763 1379 ;
1792 1308 2091 1366 dissentire

398 1406 684 1460 interdum
705 1405 824 1459 sine
855 1404 1008 1471 odio,
1027 1408 1301 1475 tanquam
1332 1403 1450 1474 ipse
1477 1403 1647 1456 homo
1676 1417 1888 1466 secum,
1922 1390 2089 1468 atque

398 1493 520 1563 ipsa
605 1493 893 1547 rarissima
966 1492 1317 1546 dissensione
1390 1491 1617 1545 condire
1690 1488 2089 1543 consensiones

396 1581 677 1651 plurimas
704 1598 717 1647 ;
752 1582 951 1635 docere
973 1579 1191 1651 aliquid
1244 1581 1506 1646 invicem,
1539 1584 1638 1633 aut
1662 1580 1871 1633 discere
1902 1578 1969 1632 ab
1999 1577 2090 1631 in-

394 1670 595 1735 vicem,
630 1669 950 1723 desiderare
1000 1670 1264 1723 absentes
1303 1684 1430 1722 cum
1479 1668 1756 1732 molestia,
1806 1665 2089 1735 suscipere

397 1757 687 1811 venientes
716 1774 845 1811 cum
877 1758 1075 1811 laetitia
1111 1774 1125 1811 :
1157 1756 1245 1811 his
1286 1760 1455 1827 atque
1484 1755 1816 1826 hujusmodi
1854 1754 2029 1824 signis
2056 1768 2091 1805 a

393 1847 559 1900 corde
590 1846 908 1899 amantium
953 1850 1011 1899 et
1047 1845 1468 1899 redamantium
1517 1844 1958 1915 procedentibus
1989 1859 2091 1912 per

392 1951 472 2001 os,
506 1951 611 2005 per
639 1934 915 2005 linguam,
948 1950 1051 2004 per
1080 1934 1294 2001 oculos,
1328 1938 1384 1988 et
1420 1932 1576 1987 mille
1614 1936 1806 1986 motus
1836 1930 2088 2002 gratissi-

396 2040 539 2089 mos,
575 2022 736 2094 quasi
767 2023 1065 2077 fomitibus
1091 2024 1341 2077 conï¬‚are
1369 2022 1609 2088 animos,
1643 2026 1699 2076 et
1732 2037 1797 2075 ex
1827 2021 2089 2092 pluribus

396 2126 580 2166 unum
609 2112 811 2166 facere.
1116 2154 1121 2157 .

1078 2200 1304 2253 CAPUT
1346 2200 1432 2253 1X.

540 2293 609 2344 De
640 2288 885 2344 humana
912 2290 1178 2343 amicitia.
1212 2290 1405 2342 Beatus
1431 2289 1527 2356 qui
1555 2291 1702 2340 amat
1732 2289 1790 2341 in
1821 2289 1945 2341 Deo.

472 2380 552 2431 14.
586 2378 699 2431 Hoc
730 2381 813 2430 est
842 2377 994 2448 quod
1024 2375 1283 2446 diligitur
1306 2375 1366 2429 in
1396 2375 1615 2443 amicis,
1645 2379 1702 2429 et
1730 2375 1777 2428 si
1808 2374 2085 2445 diligitur,

394 2470 459 2518 ut
485 2480 581 2519 rea
611 2464 718 2518 sibi
754 2464 828 2518 sit
865 2465 1121 2518 humana
1146 2462 1509 2531 conscientia,
1560 2463 1607 2516 si
1652 2480 1766 2517 non
1815 2464 2091 2518 amaverit

394 2554 807 2618 redamantem,
839 2556 939 2607 aut
967 2552 1013 2606 si
1042 2557 1331 2606 amantem
1360 2568 1477 2605 non
1508 2552 1857 2605 redamaveri
1878 2557 1919 2616 t,
1946 2551 2090 2605 nihil

399 2656 664 2710 quaerens
691 2658 756 2694 ex
780 2642 902 2713 ejus
923 2657 1159 2711 corpore
1187 2645 1395 2711 praeter
1423 2638 1634 2693 indicia
1658 2639 2088 2694 benevolentia.

402 2728 542 2782 Hinc
572 2728 668 2782 ille
698 2728 902 2795 luctus,
936 2728 981 2782 si
1027 2729 1155 2800 quis
1200 2728 1508 2792 moriatur;
1541 2732 1597 2782 et
1639 2729 1888 2783 tenebrae
1930 2728 2091 2783 dolo-

397 2832 554 2885 rum,
583 2822 639 2872 et
668 2833 827 2871 versa
876 2816 1175 2871 dulcedine
1203 2817 1262 2871 in
1292 2816 1737 2871 amaritudinem
1774 2834 1871 2871 cor
1908 2816 2088 2871 madi-

396 2906 552 2967 dum,
590 2910 648 2960 et
674 2922 737 2960 ex
769 2906 979 2960 omissa
1008 2904 1125 2961 vita
1154 2905 1520 2960 morientium
1555 2922 1710 2960 mors
1757 2905 2085 2959 viventium.

398 2998 600 3049 Beatus
640 2994 738 3065 qui
768 2998 923 3049 amat
968 2998 1042 3060 te,
1090 2998 1147 3048 et
1183 2993 1431 3048 amicum
1485 2993 1544 3047 in
1593 2997 1671 3061 te,
1706 2998 1763 3047 et
1789 2993 2089 3047 inimicum

391 3088 630 3153 propter
657 3088 734 3137 te.
758 3084 923 3137 Solus
959 3082 1115 3136 enim
1155 3083 1378 3136 nullum
1418 3083 1656 3136 charum
1717 3082 1946 3147 amittit,
2000 3081 2092 3135 cui

396 3188 599 3226 omnes
636 3172 695 3226 in
723 3171 821 3225 illo
852 3171 1011 3225 chari
1029 3175 1182 3238 sunt,
1203 3171 1303 3243 qui
1318 3187 1434 3225 non
1447 3170 1748 3225 amittitur.
1774 3172 1838 3225 Et
1866 3170 1992 3241 quis
2008 3174 2093 3223 est

396 3262 523 3323 iste,
554 3260 667 3314 nisi
689 3262 836 3315 Deus
857 3264 1072 3326 noster,
1102 3262 1251 3314 Deus
1279 3259 1379 3330 qui
1406 3259 1539 3313 fecit
1558 3259 1764 3313 cmlum
1794 3264 1852 3313 et
1880 3264 2088 3313 terram

396 3354 451 3402 et
480 3348 685 3419 implet
718 3364 804 3413 ea,
857 3347 993 3418 quia
1052 3348 1343 3417 implendo
1391 3363 1457 3401 ea
1492 3347 1626 3401 fecit
1671 3350 1784 3401 ea?
1815 3349 1890 3401 Te
1920 3364 2090 3402 nemo

395 3436 625 3501 amittit,
656 3435 765 3489 nisi
786 3435 886 3505 qui
916 3434 1154 3489 dimittit
1184 3452 1197 3489 :
1240 3440 1295 3489 et
1324 3435 1423 3505 qui
1464 3435 1721 3502 dimittit,
1753 3452 1868 3506 quo
1898 3435 1961 3497 it,
1993 3440 2095 3490 aut

399 3541 513 3594 quo
542 3523 711 3593 fugit,
757 3523 867 3578 nisi
896 3540 930 3578 a
956 3528 1012 3578 te
1040 3522 1265 3593 placido
1296 3523 1364 3577 ad
1417 3528 1473 3577 te
1520 3523 1729 3577 iratum
1749 3524 1777 3578 ?
1821 3525 1962 3578 Nam
1992 3522 2092 3577 ubi

399 3629 518 3667 non
544 3612 761 3667 invenit
790 3613 975 3684 legem
1010 3616 1169 3666 tuam
1199 3612 1258 3666 in
1287 3628 1459 3683 poma
1486 3611 1631 3666 sua?
1665 3614 1726 3667 Et
1756 3613 1843 3667 lex
1872 3615 1971 3666 tua
1997 3627 2093 3666 ve-

400 3700 559 3768 ritas,
590 3705 644 3756 et
670 3701 878 3756 veritas
905 3705 993 3756 tu.

1075 3797 1303 3852 CAPUT
1350 3798 1411 3851 Î§.

442 3885 658 3940 Labiles
682 3890 964 3951 creaturae,
986 3900 1077 3939 nec
1106 3886 1165 3938 in
1192 3886 1267 3938 eis
1292 3889 1467 3953 potest
1494 3885 1677 3938 anima
1699 3886 2044 3953 requiescere.

476 3978 558 4029 15.
604 3976 752 4029 Deus
781 3973 1081 4042 virtutum,
1111 3978 1374 4026 converte
1405 3989 1506 4026 nos
1547 3977 1603 4026 et
1631 3973 1862 4027 ostende
1894 3974 2095 4027 faciem

398 4068 556 4118 tuam
585 4068 641 4117 et
687 4062 825 4116 salvi
869 4060 1084 4116 erimus
1110 4061 1273 4131 (Psal.
1307 4078 1519 4128 Lxxxw,
1563 4062 1635 4128 4).
1672 4062 1811 4115 Nam
1842 4077 2094 4132 quoquo-

391 4168 617 4206 versum
648 4169 706 4206 se
734 4150 971 4205 verterit
1006 4150 1199 4204 anima
1221 4150 1492 4219 hominis,
1521 4150 1588 4204 ad
1622 4151 1849 4205 dolores
1899 4150 2095 4221 ï¬gitur

397 4240 535 4295 alibi
563 4245 950 4311 praeterquam
998 4239 1059 4292 in
1115 4244 1209 4305 te;
1242 4239 1468 4293 tametsi
1504 4238 1701 4309 ï¬gitur
1754 4238 1815 4293 in
1842 4238 2095 4309 pulchris

399 4333 557 4383 extra
586 4333 642 4383 te
681 4333 737 4383 et
765 4332 925 4382 extra
948 4343 1033 4381 se.
1071 4326 1210 4390 Quae
1241 4331 1434 4380 tamen
1465 4327 1621 4381 nulla
1649 4331 1838 4381 essent
1866 4326 1977 4381 nisi
2007 4343 2093 4381 es-

401 4422 529 4472 sent
557 4417 656 4471 abs
694 4421 772 4481 te,
826 4431 955 4487 qua:
984 4414 1252 4469 oriuntur
1306 4419 1363 4469 et
1412 4413 1695 4481 occidunt,
1754 4419 1812 4469 et
1859 4414 2096 4469 oriendo

404 4503 572 4574 quasi
594 4520 715 4557 esse
753 4502 1059 4573 incipiunt,
1099 4506 1157 4556 et
1193 4506 1453 4556 crescunt
1497 4507 1564 4556 ut
1607 4501 1998 4573 perï¬ciantur,
2044 4507 2102 4556 et

401 4591 656 4661 perfecta
684 4594 988 4646 senescunt
1033 4595 1088 4645 et
1139 4589 1429 4645 intereunt
1460 4607 1473 4645 :
1503 4595 1559 4645 et
1594 4606 1711 4645 non
1742 4594 1759 4627 Â¹
1790 4592 1985 4645 omnia
2011 4608 2096 4645 se-

399 4684 655 4748 nescunt,
692 4684 749 4734 et
776 4680 971 4735 omnia
1012 4680 1317 4735 intereunt.
1382 4681 1526 4750 Ergo
1572 4696 1700 4735 cum
1732 4679 1995 4734 oriuntur
2042 4687 2098 4735 et

400 4769 646 4824 tendunt
670 4785 826 4836 esse;
858 4785 973 4841 quo
1002 4769 1185 4841 magis
1210 4769 1470 4824 celeriter
1497 4773 1757 4824 crescunt
1783 4773 1847 4824 ut
1869 4769 2000 4837 sint,
2030 4787 2097 4824 eo

394 4856 579 4928 magis
606 4858 876 4912 festinant
902 4868 965 4913 ut
1012 4875 1129 4914 non
1176 4857 1293 4913 sint
1325 4875 1339 4913 :
1369 4858 1448 4913 sic
1492 4862 1576 4913 est
1624 4858 1826 4913 modus
1875 4874 2091 4913 eorum.

301 4980 306 4985 -
393 4946 638 5001 Tantum
667 4946 876 5000 dedisti
905 4946 1006 5014 eis,
1040 4948 1174 5019 quia
1206 4952 1397 5019 partes
1428 4951 1561 5002 sunt
1589 4963 1804 5014 rerum,
1834 4964 1962 5019 quae
1981 4964 2097 5001 non

398 5039 533 5088 sunt
590 5050 790 5089 omnes
847 5034 1189 5102 simul;sed
1244 5036 1576 5092 decedendo
1631 5052 1695 5090 ac
1751 5037 2102 5091 succedendo

399 5128 578 5194 agunt
605 5139 803 5177 omnes
844 5123 1197 5191 universum,
1243 5124 1407 5194 cujus
1450 5130 1642 5195 partes
1672 5129 1821 5179 sunt.
1859 5127 1992 5180 Ecce
2024 5125 2100 5179 sic

396 5211 696 5283 peragitur
720 5216 778 5266 et
807 5227 992 5266 sermo
1037 5218 1230 5267 noster
1270 5228 1374 5284 per
1429 5212 1592 5283 signa
1635 5213 1925 5268 sonantia.
1976 5216 2101 5268 Non

392 5300 548 5356 enim
571 5300 679 5356 erit
706 5305 856 5355 totus
887 5316 1073 5355 sermo
1103 5301 1150 5355 si
1183 5317 1365 5356 unum
1410 5301 1647 5355 verbum
1687 5317 1799 5356 non
1855 5302 2099 5357 decedat

398 5406 525 5443 cum
549 5390 804 5444 sonuerit
831 5394 1021 5460 partes
1072 5406 1222 5456 suas,
1267 5393 1331 5443 ut
1359 5390 1619 5445 succedat
1662 5389 1839 5445 aliud.
1880 5390 2098 5444 Laudet

434 5499 470 5565 ..Î¹
507 5496 790 5565 Sequimur
814 5497 935 5545 Mss.
958 5497 1059 5565 ;_in
1086 5496 1215 5545 Edd.
1249 5511 1423 5559 porro.
1455 5497 1665 5546 sublata
1692 5496 1993 5555 negatione,
2025 5495 2097 5543 le-

398 5559 535 5613 gitur
566 5572 576 5603 Îµ
613 5560 823 5608 Etenim
851 5559 1029 5608 omnia
1051 5564 1338 5609 senescunt.

1587 313 2128 369 CONFESSIONUM
2168 314 2224 370 S.
2275 315 2680 371 AUGUSTINI.

3809 320 3927 370 700

2203 443 2261 492 te
2281 455 2349 492 ex
2382 436 2496 493 illis
2528 437 2724 493 anima
2755 454 2905 503 mea,
2940 440 3085 493 Deus
3101 443 3319 494 creator
3342 439 3760 508 omnium;sed
3794 458 3925 496 non

2202 527 2263 581 in
2312 526 2395 581 eis
2432 526 2710 598 infigatur
2740 526 2960 596 glutine
2990 528 3203 582 amoris
3251 545 3356 600 per
3393 545 3594 584 sensus
3622 530 3918 601 corporis.

2203 618 2351 671 Eunt
2379 615 2533 670 enim
2576 631 2691 687 quo
2722 616 2903 683 ibant,
2951 622 3018 671 ut
3054 632 3168 671 non
3216 618 3330 671 sint
3369 620 3406 683 á½·,
3443 623 3500 673 et
3523 619 3923 674 conscindunt

2203 720 2329 760 eam
2359 703 2658 759 desideriis
2686 704 3110 775 pestilentiosis,
3144 706 3417 777 quoniam
3455 706 3583 777 ipsa
3606 723 3732 761 esse
3761 709 3915 762 vult.

2203 799 2260 848 et
2288 792 2643 864 requiescere
2680 798 2834 847 amat
2874 793 2934 847 in
2964 793 3046 847 eis
3083 810 3212 864 quae
3241 799 3420 848 amat.
3460 797 3524 848 ln
3568 795 3680 849 illis
3711 801 3913 850 autem

2200 898 2319 936 non
2356 886 2441 936 est
2481 881 2607 935 ubi:
2642 881 2776 952 quia
2806 898 2920 935 non
2949 887 3118 947 stant,
3151 881 3405 953 fugiunt;
3453 887 3511 937 et
3542 883 3672 953 quis
3708 900 3777 936 ea
3820 900 3913 939 se-

2203 970 2400 1042 quitur
2432 987 2597 1024 sensu
2646 970 2870 1024 carnis?
2914 974 3012 1024 aut
3059 970 3187 1041 quis
3228 987 3296 1024 ea
3322 971 3784 1042 comprehendit,
3821 974 3912 1026 vel

2203 1075 2332 1113 cum
2381 1064 2591 1130 praesto
2638 1062 2814 1113 sunt?
2860 1058 3077 1112 Tardus
3120 1064 3206 1113 est
3247 1059 3402 1114 enim
3451 1075 3653 1115 sensus
3691 1060 3913 1123 carnis,

2203 1146 2478 1217 quoniam
2531 1162 2727 1200 sensus
2753 1146 2941 1200 carnis
2985 1150 3091 1211 est,
3130 1152 3189 1200 et
3216 1146 3337 1215 ipse
3380 1152 3471 1201 est
3513 1148 3726 1202 modus
3758 1149 3910 1219 ejus.

2202 1235 2419 1290 Sufficit
2466 1235 2533 1289 ad
2584 1234 2739 1289 aliud
2770 1235 2839 1289 ad
2870 1234 3020 1305 quod
3049 1234 3228 1288 factus
3273 1239 3387 1289 est:
3424 1235 3496 1290 ad
3536 1236 3681 1291 illud
3708 1242 3916 1291 autem

2203 1341 2318 1378 non
2341 1323 2569 1392 sufficit,
2601 1327 2665 1377 ut
2686 1328 2920 1378 teneant
2943 1324 3390 1378 transcurrentia
3419 1324 3489 1379 ab
3521 1324 3685 1378 initio
3706 1326 3913 1380 debito

2200 1429 2381 1484 usque
2408 1413 2476 1468 ad
2507 1412 2680 1467 ï¬nem
2714 1412 2987 1467 debitum.
3016 1413 3080 1466 In
3100 1413 3275 1467 verbo
3300 1412 3458 1467 enim
3481 1417 3583 1468 tuo
3612 1430 3718 1484 per
3747 1415 3914 1486 quod

2201 1506 2484 1568 creantur,
2515 1501 2595 1555 ibi
2621 1501 2887 1555 audiunt:
2924 1500 3083 1565 Hinc,
3114 1506 3171 1555 et
3201 1502 3517 1572 hucusque.

2884 1590 3109 1644 CAPUT
3136 1591 3222 1644 XI.

2271 1683 2467 1736 Omnia
2490 1686 2673 1734 creata
2700 1684 2825 1733 sunt
2853 1679 3154 1733 instabilia.
3183 1680 3343 1734 Solus
3362 1681 3499 1734 Deus
3515 1680 3759 1734 stabilis.

2276 1774 2357 1823 16.
2395 1767 2524 1822 Noli
2567 1784 2687 1822 esse
2733 1783 2898 1833 vana,
2943 1767 3135 1822 anima
3179 1785 3333 1822 mea.
3390 1772 3447 1823 et
3493 1768 3915 1824 obsurdescere

2200 1858 2261 1912 in
2301 1872 2434 1911 aure
2465 1857 2668 1920 cordis,
2717 1856 2967 1910 tumultu
3012 1856 3275 1911 vanitatis
3325 1860 3459 1911 tum.
3513 1857 3664 1912 Audi
3705 1863 3768 1912 et
3815 1863 3914 1914 tu:

2201 1946 2448 2000 Verbum
2479 1945 2667 2015 ipsum
2685 1945 2893 1999 clamat
2913 1949 2975 1999 ut
2995 1946 3227 2011 redeas;
3257 1950 3315 2000 et
3345 1945 3429 2000 ibi
3457 1950 3544 2001 est
3569 1946 3730 2001 locus
3749 1948 3919 2019 quie-

2198 2034 2269 2089 tis
2312 2032 2814 2103 imperturbabilis,
2846 2033 2945 2087 ubi
2972 2049 3091 2087 non
3134 2034 3416 2089 deseritur
3456 2051 3641 2104 amor,
3692 2036 3743 2090 si
3785 2036 3917 2107 ipse

2199 2140 2316 2177 non
2358 2123 2603 2177 deserat.
2651 2122 2785 2175 Ecce
2831 2122 2927 2175 illa
2967 2122 3286 2188 discedunt,
3329 2128 3391 2178 ut
3433 2123 3545 2178 alia
3572 2125 3913 2184 succedant.

2201 2218 2257 2266 et
2297 2211 2563 2266 omnibus
2601 2210 2718 2265 suis
2754 2210 3011 2280 partibus
3047 2216 3267 2266 constet
3303 2211 3501 2266 inï¬ma
3528 2213 3909 2268 universitas.

2203 2299 2492 2371 Numquid
2535 2315 2643 2369 ego
2689 2298 2882 2370 aliquo
2928 2300 3176 2363 discedo,
3226 2301 3305 2355 ait
3350 2302 3598 2356 Verbum
3634 2302 3780 2356 Dei?
3824 2302 3911 2356 Ibi

2200 2392 2313 2461 tlge
2355 2389 2715 2444 mansionem
2746 2394 2935 2444 tuam:
2976 2389 3055 2444 ibi
3084 2390 3421 2444 commenda
3450 2390 3732 2461 quidquid
3767 2391 3911 2445 inde

2201 2481 2397 2545 habes,
2435 2478 2628 2532 anima
2673 2493 2822 2540 mea,
2862 2479 3065 2531 saltem
3094 2478 3329 2548 fatigata
3367 2478 3624 2532 fallaciis.
3657 2479 3909 2532 Veritati

2200 2566 2539 2620 commenda
2562 2566 2838 2637 quidquid
2859 2566 2967 2620 tibi
2995 2570 3078 2620 est
3107 2582 3140 2619 a
3158 2566 3414 2633 veritate,
3447 2572 3504 2621 et
3543 2583 3660 2621 non
3692 2570 3910 2638 perdes

2202 2655 2448 2726 aliquid;
2497 2659 2554 2709 et
2598 2657 2963 2709 reilorescent
3006 2655 3197 2725 putria
3246 2660 3364 2722 tua,
3433 2660 3489 2710 et
3539 2657 3910 2712 sanabuntur

2202 2760 2400 2798 omnes
2432 2744 2733 2813 languores
2761 2743 2868 2812 tui,
2900 2749 2957 2798 et
2998 2744 3150 2797 fluxa
3176 2748 3276 2799 tua
3312 2745 3808 2813 reformabuntur,
3853 2753 3913 2800 et

2200 2834 2643 2899 renovabuntur,
2678 2837 2736 2886 et
2771 2832 3235 2902 constringentur
3263 2832 3332 2886 ad
3361 2837 3446 2887 te:
3487 2838 3545 2887 et
3569 2850 3686 2888 non
3716 2839 3773 2888 te
3805 2836 3908 2889 de-

2199 2926 2421 2993 ponent
2448 2937 2562 2992 quo
2596 2921 2978 2984 descendunt;
3024 2921 3121 2975 sed
3169 2921 3401 2975 stabunt
3440 2925 3651 2987 tecum,
3684 2928 3741 2977 et
3771 2940 3907 2994 per-

2201 3012 2516 3078 manebunt
2537 3010 2609 3064 ad
2644 3025 2870 3081 semper
2898 3013 3139 3064 stantem
3163 3025 3227 3063 ac
3242 3015 3674 3080 permanentem
3696 3013 3906 3066 Deum.

2278 3103 2360 3153 l7.
2398 3098 2606 3169 thuid
2635 3114 2901 3168 perversa
2927 3098 3180 3169 sequeris
3208 3113 3440 3152 carnem
3466 3101 3665 3153 tuam?
3696 3101 3831 3170 Ipsa
3854 3105 3909 3153 te

2202 3190 2472 3257 sequatur
2501 3202 2789 3241 conversa.
2814 3186 3100 3257 Quidquid
3122 3202 3225 3257 per
3247 3186 3404 3240 illam
3426 3186 3620 3254 sentis,
3648 3187 3710 3241 in
3740 3193 3910 3258 parte

2204 3279 2314 3329 est:
2348 3279 2403 3328 et
2427 3274 2656 3345 ignoras
2686 3279 2870 3329 totum
2906 3276 3067 3345 cujus
3103 3276 3192 3329 ha:
3225 3279 3415 3345 partes
3445 3280 3608 3341 sunt;
3655 3281 3714 3331 et
3744 3277 3905 3331 dele-

2203 3367 2357 3417 ctant
2385 3368 2439 3417 te
2483 3367 2695 3418 tamen.
2739 3364 2847 3419 Sed
2896 3364 2943 3417 si
2990 3364 3061 3419 ad
3105 3368 3289 3418 totum
3337 3365 3909 3435 comprehedendum

2204 3456 2352 3507 esset
2395 3451 2635 3507 idoneus
2671 3468 2870 3506 sensus
2913 3452 3099 3506 carnis
3140 3458 3276 3516 tuae,
3312 3469 3375 3507 ac
3426 3469 3541 3507 non
3585 3460 3645 3508 et
3688 3454 3814 3525 ipse
3848 3456 3911 3511 in

2204 3546 2365 3613 parte
2384 3540 2636 3595 universi
2657 3540 2967 3610 accepisset
2982 3557 3085 3612 pro
3105 3557 3276 3612 praua
3291 3545 3389 3595 tua
3402 3541 3624 3611 justum
3638 3543 3884 3599 modum
3895 3587 3909 3611 ,

2204 3630 2378 3684 velles
2407 3634 2472 3684 ut
2518 3629 2788 3684 transiret
2834 3629 3106 3700 quidquid
3141 3629 3331 3683 existit
3369 3629 3431 3683 in
3478 3632 3813 3700 praesentia.
3851 3640 3915 3687 ut

2204 3718 2387 3789 magis
2417 3718 2521 3773 tibi
2552 3717 2747 3772 omnia
2793 3718 3104 3788 placerent.
3136 3720 3278 3772 Nam
3317 3722 3375 3771 et
3398 3718 3553 3789 quod
3588 3718 3913 3788 loquimur,

2204 3822 2309 3877 per
2338 3806 2604 3860 eumdem
2634 3822 2866 3860 sensum
2899 3806 3084 3860 carnis
3114 3805 3315 3872 audis;
3342 3810 3397 3859 et
3426 3821 3541 3859 non
3581 3805 3667 3859 vis
3702 3806 3916 3878 utique

2206 3900 2355 3950 stare
2386 3895 2649 3965 syllabas,
2677 3894 2776 3948 sed
2805 3895 3173 3962 transvolare,
3205 3899 3272 3948 ut
3299 3893 3428 3947 alia!
3455 3893 3710 3962 veniant,
3733 3900 3795 3949 et
3822 3901 3915 3949 to-

2204 3989 2327 4039 tum
2353 3983 2567 4038 audias.
2613 3984 2716 4049 Ita,
2745 3998 2971 4053 semper
3000 3982 3195 4036 omnia
3233 3982 3444 4053 quibus
3472 3997 3655 4036 unum
3687 3983 3917 4054 aliquid

2206 4077 2445 4139 constat,
2487 4077 2542 4127 et
2568 4087 2686 4126 non
2734 4071 2903 4126 simul
2933 4077 3068 4126 sunt
3095 4071 3288 4126 omnia
3317 4087 3384 4124 ea
3414 4071 3623 4141 quibus
3651 4078 3917 4126 constat:

2204 4163 2333 4233 plus
2358 4161 2642 4215 delectant
2670 4159 2865 4214 omnia
2895 4175 3066 4231 quam
3096 4159 3343 4231 singula,
3375 4158 3422 4212 si
3448 4158 3671 4229 possint
3704 4161 3918 4214 sentiri

2207 4250 2427 4305 omnia.
2474 4248 2583 4305 Sed
2613 4249 2784 4319 longe
2811 4246 2902 4302 liis
2929 4246 3136 4302 melior
3163 4247 3263 4318 qui
3291 4247 3424 4301 fecit
3450 4246 3669 4315 omnia,
3696 4252 3759 4300 et
3787 4248 3920 4319 ipse

2208 4343 2292 4394 est
2322 4340 2471 4394 Deus
2507 4341 2727 4391 noster:
2779 4340 2837 4391 et
2880 4351 2999 4390 non
3040 4335 3299 4402 discedit,
3346 4334 3485 4405 quia
3511 4350 3619 4389 nec
3647 4338 3921 4391 succedi-

2206 4434 2303 4483 tur
2329 4427 2400 4482 ei.

2866 4514 3093 4568 CAPUT
3127 4514 3237 4567 XII.

2210 4609 2377 4661 Amor
2418 4620 2525 4658 non
2552 4604 2912 4673 improbatur,
2943 4603 3097 4656 modo
3131 4604 3192 4656 in
3234 4602 3318 4656 his
3357 4617 3475 4669 quae
3494 4603 3736 4671 placent,
3768 4620 3924 4658 ame-

2886 4704 3005 4743 mus
3036 4692 3217 4743 Deum.
3394 4680 3411 4691 â¸

2284 4784 2368 4836 18.
2399 4780 2457 4835 Si
2488 4781 2713 4851 placent
2742 4794 3003 4849 corpora,
3036 4778 3219 4832 Deum
3268 4792 3336 4832 ex
3372 4776 3484 4830 illis
3525 4776 3723 4844 lauda,
3767 4783 3831 4832 et
3866 4780 3926 4833 in

2208 4870 2485 4925 artificem
2507 4884 2703 4922 eorum
2727 4872 2993 4939 retorque
3024 4880 3310 4935 amorem;
3338 4882 3410 4920 ne
3443 4865 3502 4919 in
3528 4865 3620 4919 his
3649 4882 3786 4936 quae
3814 4868 3922 4923 tibi

2208 4961 2453 5031 placent,
2483 4963 2545 5012 tu
2575 4957 2889 5028 displiceas.
2909 4956 2967 5010 Si
2994 4956 3221 5027 placent
3246 4955 3475 5021 animae,
3500 4954 3561 5008 in
3581 4957 3698 5010 Deo
3721 4973 3925 5012 amen-

2208 5055 2303 5103 tur
2321 5065 2334 5101 :
2350 5046 2483 5118 quia
2501 5046 2707 5116 etipsaâ€˜:
2720 5045 3023 5100 mutabiles
3033 5048 3187 5111 sunt,
3203 5044 3332 5098 etin
3355 5044 3454 5098 illo
3466 5043 3595 5099 ï¬xae
3608 5045 3922 5101 stabiliun-

2209 5142 2333 5202 tur;
2354 5134 2613 5205 alioquin
2635 5134 2782 5188 irent
2802 5138 2859 5187 et
2880 5133 3154 5204 perirent.
3177 5134 3241 5187 In
3262 5133 3361 5187 illo
3378 5150 3516 5204 ergo
3537 5139 3849 5203 amentur;
3869 5140 3927 5189 et

2209 5241 2345 5296 rape
2376 5224 2447 5277 ad
2473 5238 2604 5277 eum
2635 5227 2825 5276 tecum
2856 5239 2999 5293 quas
3027 5228 3210 5294 potes,
3236 5226 3293 5275 et
3313 5221 3403 5276 dic
3431 5221 3545 5276 eis:
3577 5224 3746 5279 Hunc
3762 5242 3924 5280 ame-

2209 5330 2356 5375 mus,
2386 5311 2539 5366 hunc
2564 5326 2855 5364 amemus:
2887 5310 3008 5382 ipse
3046 5310 3178 5364 fecit
3203 5311 3347 5369 haec.
3378 5315 3435 5363 et
3453 5326 3573 5365 non
3605 5318 3699 5368 est
3724 5314 3900 5386 longe

2212 5406 2333 5458 Non
2362 5400 2516 5455 enim
2542 5400 2674 5454 fecit
2695 5403 2866 5471 atque
2884 5398 3048 5468 abiit,
3068 5400 3165 5454 sed
3186 5416 3249 5453 ex
3272 5399 3370 5452 illo
3391 5398 3449 5452 in
3471 5398 3573 5453 illo
3596 5406 3760 5457 sunt.
3788 5404 3929 5458 Ecce

2279 5559 2289 5589 Â¹
2324 5556 2444 5603 Mss.
2477 5558 2597 5603 tres:
2634 5555 2771 5603 Eunt
2800 5557 2935 5601 enim
2963 5553 3181 5616 quoiut
3203 5563 3303 5600 non
3329 5552 3457 5600 sint.
