4058 6394
100 353 188 400 7M
1526 344 1735 398 LIBER
1805 344 2158 410 QUARTUS.

20 505 21 512 η
101 471 194 525 ubi
221 475 303 524 est
335 472 371 536 ',
404 470 502 524 ubi
535 469 682 540 sapit
712 469 933 522 veritas.
969 467 1205 521 intimus
1234 468 1530 533 cordiest;
1565 469 1665 522 sed
1695 484 1791 522 cor

99 558 301 613 erravit
329 559 399 612 ab
425 575 510 611 eo.
545 556 763 621 Redite,
811 555 1293 626 praevaricatores,
1331 555 1399 609 ad
1428 571 1544 621 cor,
1590 561 1645 609 et
1694 555 1787 609 in-

98 648 306 700 haerete
336 646 418 700 illi
443 645 543 716 qui
568 645 698 698 fecit
728 660 841 696 vos.
873 644 1024 696 State
1051 659 1180 696 cum
1202 658 1292 708 eo,
1326 648 1383 696 et
1413 642 1665 697 stabitis:
1701 659 1788 697 re-

96 735 364 805 quiescite.
395 735 455 788 in
484 750 572 799 eo,
607 738 662 786 et
693 731 873 803 quieti
911 731 1086 784 eritis.
1139 731 1260 794 Quo
1299 731 1393 785 itis
1433 731 1492 785 in
1539 749 1738 802 aspera
1761 734 1790 785 ‘?

97 841 209 892 quo
239 823 379 876 itis?
411 825 626 876 Bonum
658 821 806 893 quod
840 820 1062 888 amatis,
1093 820 1162 873 ab
1203 819 1300 873 illo
1331 825 1451 874 est:
1488 820 1582 874 sed
1613 837 1790 890 quan-

97 917 216 964 tum
243 916 327 964 est
359 912 426 964 ad
458 911 640 974 illum,
673 909 886 962 bonum
913 913 998 962 est
1043 913 1099 961 et
1142 924 1350 974 suave;
1384 909 1483 962 sed
1527 925 1786 963 amarum

95 1000 204 1053 erit
225 1001 396 1069 juste,
425 998 558 1068 quia
578 998 784 1065 injuste
806 1003 1027 1050 amatur
1048 998 1270 1051 deserto
1284 996 1404 1061 illo,
1429 996 1708 1067 quidquid
1721 999 1790 1051 ab

95 1091 188 1142 illo
218 1093 320 1142 est.
349 1090 470 1151 Quo
499 1087 655 1140 vobis
699 1087 882 1140 adhuc
913 1090 969 1139 et
997 1087 1180 1139 adhuc
1208 1086 1500 1140 ambulare
1535 1087 1650 1139 vias
1687 1087 1791 1141 dif-

95 1178 269 1231 liciles
298 1181 354 1231 et
374 1175 724 1229 laboriosas?
752 1176 970 1228 Nouest
988 1175 1211 1244 requies
1236 1174 1334 1227 ubi
1355 1173 1610 1244 quaeritis
1640 1191 1788 1228 eam.

93 1267 338 1329 Quaerite
371 1265 524 1334 quod
551 1261 838 1335 quaeritis:
872 1263 970 1316 sed
1010 1262 1090 1316 ibi
1122 1278 1235 1315 non
1270 1267 1355 1315 est
1383 1262 1479 1316 ubi
1509 1263 1790 1334 quaaritis.

97 1357 325 1408 Beatam
359 1353 532 1406 vitam
574 1350 828 1422 quieritis
867 1349 924 1402 in
985 1350 1217 1420 regione
1255 1350 1495 1404 mortis:
1552 1367 1665 1404 non
1712 1356 1798 1405 est

93 1443 227 1497 illic.
261 1442 560 1506 Quomodo
587 1440 742 1494 enim
770 1441 931 1492 beata
970 1439 1104 1504 vita,
1138 1438 1238 1492 ubi
1260 1455 1362 1492 nec
1385 1440 1498 1492 vita
1519 1439 1546 1493 ἶ)

167 1536 250 1585 l9.
288 1532 350 1584 Et
379 1528 672 1583 descendit
694 1529 804 1581 huc
849 1527 973 1598 ipsa
1004 1527 1128 1580 Vita
1157 1531 1370 1591 nostra,
1401 1531 1456 1580 et
1483 1527 1614 1580 tulit
1647 1543 1798 1580 mor-

90 1625 202 1672 tem
237 1623 513 1684 nostram,
546 1622 603 1671 et
635 1616 981 1670 occiditeam
1008 1616 1077 1669 de
1107 1615 1457 1669 abundantia
1483 1615 1610 1668 vita:
1642 1632 1790 1668 sum:

87 1710 143 1758 et
175 1704 370 1757 tonuit
396 1704 668 1767 clamans,
707 1707 767 1755 ut
798 1703 1094 1755 redeamus
1127 1701 1256 1754 hinc
1285 1702 1354 1755 ad
1386 1717 1519 1755 eum
1550 1701 1610 1755 in
1654 1701 1795 1755 illud

88 1797 373 1846 secretum
409 1792 556 1845 unde
604 1791 878 1860 processit
922 1790 992 1842 ad
1040 1807 1164 1855 nos,
1215 1789 1275 1843 in
1320 1790 1508 1860 ipsum
1544 1789 1795 1860 primum

88 1881 432 1951 virginalem
471 1885 716 1944 uterum,
772 1877 870 1932 ubi
903 1878 955 1930 ei
1007 1877 1200 1948 nupsit
1236 1879 1486 1932 humana
1516 1883 1794 1943 creatura,

84 1986 218 2022 caro
252 1967 530 2031 mortalis,
563 1983 634 2020 ne
665 1971 811 2020 esset
834 1982 1060 2036 semper
1079 1966 1333 2019 mortalis
1362 1987 1376 2032 ;
1401 1971 1456 2019 et
1477 1966 1608 2020 inde
1641 1967 1796 2019 velut

86 2073 337 2128 sponsus
367 2056 681 2128 procedens
711 2055 778 2109 de
810 2055 1061 2108 thalamo
1091 2071 1216 2121 suo,
1245 2056 1514 2108 exultavit
1543 2060 1605 2108 ut
1633 2056 1793 2125 gigas

86 2148 160 2200 ad
192 2146 538 2200 currendam
569 2144 718 2198 viam
759 2145 920 2213 (Psal.
955 2160 1110 2208 xvm,
1142 2146 1215 2210 6).
1250 2144 1370 2196 Non
1409 2142 1562 2197 enim
1605 2144 1795 2197 tarda-

87 2235 189 2303 vit,
223 2234 324 2288 sed
357 2233 638 2298 cucurrit;
687 2233 938 2285 clamans
986 2231 1172 2298 dictis,
1214 2231 1392 2296 factis,
1426 2237 1627 2297 morte,
1661 2231 1795 2293 vita,

84 2324 388 2388 descensu,
415 2336 687 2386 ascensu;
719 2321 968 2372 clamans
1009 2323 1072 2372 ut
1106 2321 1406 2373 redeamus
1435 2320 1504 2373 ad
1536 2336 1689 2373 eum.
1734 2321 1798 2373 Et

83 2410 348 2465 discessit
374 2409 443 2462 ab
473 2408 666 2472 oculis,
701 2408 1076 2461 utredeamus
1105 2408 1173 2460 ad
1206 2423 1322 2469 cor,
1355 2413 1411 2460 et
1439 2407 1797 2461 inveniamus

83 2515 244 2550 eum.
278 2495 563 2552 Abscessit
587 2493 764 2561 enim,
794 2499 850 2547 et
879 2510 1007 2547 ecce
1034 2494 1124 2547 hic
1149 2500 1249 2547 est.
1283 2495 1474 2548 Noluit
1497 2493 1796 2548 nobiscum

80 2586 184 2639 diu
225 2602 367 2650 esse,
416 2589 472 2638 et
512 2600 623 2636 non
672 2582 907 2652 reliquit
947 2598 1069 2635 nos.
1116 2583 1255 2658 Illuc
1301 2583 1454 2636 enim
1505 2583 1796 2650 abscessit,

86 2675 245 2728 unde
275 2689 570 2744 nunquam
603 2671 851 2736 recessit,
885 2671 1022 2742 quia
1052 2671 1298 2724 mundus
1337 2688 1438 2741 per
1458 2688 1589 2725 eum
1621 2671 1798 2725 factus

82 2770 208 2826 est;
247 2768 304 2816 et
339 2762 397 2816 in
428 2767 534 2815 hoc
581 2760 794 2815 mundo
847 2765 969 2813 erat
1018 2762 1194 2826 (Joan.
1239 2777 1278 2825 1,
1325 2762 1430 2829 10),
1461 2765 1518 2813 et
1562 2760 1715 2813 venit
1740 2761 1800 2813 in

81 2852 242 2906 hunc
274 2851 555 2904 mundum
587 2854 908 2919 peccatores
933 2849 1116 2901 salvos
1145 2848 1327 2902 facere
1361 2851 1406 2915 (Ι
1435 2851 1570 2902 Tim.
1604 2866 1641 2914 1,
1681 2850 1797 2918 15);

80 2941 175 2994 cui
207 2939 514 2994 contitetur
531 2937 720 2991 anima
738 2953 885 3003 mea,
907 2941 962 2989 et
986 2941 1147 2990 sanat
1170 2952 1296 2990 eam
1323 2936 1364 3002 ’,
1385 2937 1519 3007 quia
1549 2937 1802 3007 peccavit

79 3028 163 3082 illi
188 3030 466 3098 (Psat.1.x,
484 3030 513 3079 5
544 3026 558 3095 )
581 3025 706 3078 Filii
731 3025 1037 3078 hominum
1061 3040 1357 3095 usquequo
1376 3041 1575 3095 graves
1589 3026 1798 3078 corde?

82 3118 257 3182 (Psal.
303 3131 374 3179 1v,
402 3115 485 3182 3.)
544 3113 833 3184 Numquid
865 3117 921 3166 et
957 3119 1091 3183 post
1120 3113 1459 3166 descensum
1480 3111 1502 3145 ⁵
1525 3113 1652 3166 vitae
1686 3129 1799 3166 non

84 3206 263 3260 vultis
297 3204 596 3258 ascendere
619 3208 674 3257 et
689 3203 876 3256 vivere
897 3203 924 3255 ?
948 3201 1059 3256 Sed
1089 3218 1204 3273 quo
1223 3201 1544 3266 ascenditis,
1565 3202 1797 3271 quando

81 3297 143 3350 in
187 3294 306 3348 alio
339 3293 492 3359 estis,
527 3296 584 3346 et
611 3291 878 3362 posuistis
908 3290 966 3344 in
997 3292 1196 3344 coelum
1224 3307 1286 3343 os
1313 3293 1609 3344 vestrum?
1632 3291 1795 3358 (Psal.

81 3401 262 3449 Lxxu,
297 3382 374 3448 9.)
411 3379 761 3446 Descendite,
795 3384 859 3433 ut
888 3379 1224 3445 ascendatis,
1268 3384 1326 3433 et
1368 3379 1681 3433 ascendatis
1729 3379 1798 3432 ad

82 3475 298 3526 Deum.
333 3469 624 3526 Cecidistis
653 3469 828 3533 enim,
863 3468 1218 3522 ascendendo
1246 3475 1445 3522 contra
1495 3485 1645 3522 eum.
1701 3467 1796 3521 Dic

78 3561 165 3614 eis
198 3560 332 3626 ista,
368 3563 430 3612 ut
454 3559 681 3628 plorent
711 3558 771 3610 in
793 3556 1047 3610 convalle
1087 3556 1444 3626 plorationis,
1479 3561 1533 3609 et
1579 3556 1660 3609 sic
1703 3571 1798 3607 eos

74 3665 223 3719 rape
257 3651 448 3700 tecum
473 3646 543 3698 ad
574 3647 751 3698 Deum
780 3662 793 3711 ;
827 3644 963 3716 quia
992 3645 1060 3698 de
1111 3644 1322 3713 Spiritu
1355 3645 1477 3715 ejus
1506 3645 1628 3698 haec
1659 3644 1798 3698 dicis

75 3737 186 3802 eis,
221 3735 274 3789 si
299 3734 439 3788 dicis
468 3733 672 3788 ardens
704 3733 838 3802 igne
869 3732 1182 3786 charitatis.

757 3821 981 3875 CAPUT
1021 3821 1158 3874 Xlll.

607 3911 776 3963 Amor
805 3909 950 3962 unde
973 3910 1280 3977 proveniat.

149 4006 249 4058 20.
288 4001 418 4054 Ηωο
460 4001 596 4051 tunc
641 4013 756 4049 non
810 4012 1102 4059 noveram,
1151 4000 1206 4049 et
1248 3995 1511 4050 amabam
1561 3997 1800 4067 pulchra

70 4089 384 4150 inferiora,
437 4090 491 4138 et
526 4085 678 4138 ibam
710 4083 769 4137 in
798 4083 1171 4153 profundum.
1217 4088 1274 4137 et
1319 4083 1580 4138 dicebam
1601 4085 1796 4139 amicis

70 4178 229 4234 rneis
257 4193 270 4230 :
311 4176 456 4228 Num
487 4188 746 4226 amamus
761 4171 1000 4242 aliquid,
1026 4171 1135 4224 nisi
1157 4171 1460 4242 pulchrum
1481 4171 1509 4223 Ἰ
1537 4173 1684 4236 Quid
1716 4180 1798 4228 est

69 4285 224 4340 ergo
286 4261 636 4334 pulchrum?
679 4267 734 4314 et
781 4260 917 4332 quid
965 4266 1046 4314 est
1097 4261 1513 4331 pulchritudo?
1543 4261 1686 4326 Quid
1715 4269 1798 4316 est

69 4357 241 4430 quod
277 4370 381 4407 nos
413 4351 588 4405 allicit
617 4355 672 4404 et
701 4349 966 4403 conciliat
985 4350 1154 4403 rebus
1184 4366 1325 4420 quas
1357 4366 1613 4404 amamus
1633 4351 1660 4404 ?
1682 4351 1797 4404 Nisi

68 4447 243 4502 enim
295 4447 441 4496 esset
479 4441 536 4494 in
583 4439 662 4494 eis
693 4439 863 4493 decus
907 4443 962 4492 et
999 4438 1232 4509 species,
1286 4439 1448 4493 nullo
1496 4440 1664 4494 modo
1696 4457 1798 4494 nos

67 4537 143 4590 ad
181 4549 246 4587 se
301 4533 614 4584 moverent.
670 4529 739 4582 Et
767 4526 1288 4580 animadvertebam
1334 4532 1385 4580 et
1429 4526 1692 4582 videbam
1739 4528 1796 4582 in

66 4624 222 4696 ipsis
257 4618 596 4689 corporibus
625 4617 784 4670 aliud
812 4632 932 4669 esse
962 4615 1123 4685 quasi
1154 4620 1358 4679 totum,
1393 4621 1449 4669 et
1495 4616 1625 4670 ideo
1668 4619 1794 4687 pul-

67 4716 332 4775 chrum;
363 4708 517 4762 aliud
550 4711 737 4760 autem
757 4704 909 4774 quod
931 4703 1057 4756 ideo
1089 4705 1330 4765 deceret,
1366 4705 1641 4775 quoniam
1666 4711 1797 4776 apte

64 4796 620 4857 accommodaretur
641 4791 832 4857 alicui,
873 4790 1016 4845 sicut
1037 4807 1168 4862 pars
1191 4791 1448 4860 corporis
1477 4792 1548 4845 ad
1574 4790 1798 4844 univer-

63 4906 208 4946 sum
246 4901 441 4949 suum,
475 4889 574 4937 aut
601 4882 1045 4935 calceamentum
1070 4880 1140 4934 ad
1170 4879 1396 4950 pedem,
1453 4885 1510 4933 et
1561 4879 1788 4933 similia.

67 4984 139 5037 Et
166 4979 296 5033 ista
323 4971 698 5028 consideratio
732 4969 1101 5023 scaturivitin
1131 4969 1321 5022 animo
1345 4985 1472 5022 meo
1501 4985 1568 5022 ex
1591 4968 1795 5023 intimo

61 5069 258 5124 corde
293 5079 421 5118 meo
446 5079 458 5127 ;
493 5065 549 5114 et
577 5059 771 5130 scripsi
791 5058 965 5113 libros
987 5059 1057 5113 de
1080 5059 1323 5112 Pulchro
1355 5061 1410 5110 et
1437 5059 1607 5126 Apto;
1633 5062 1794 5126 puto,

62 5161 225 5213 duos
261 5158 365 5206 aut
395 5156 528 5204 tres.
563 5151 648 5203 Tu
687 5148 814 5214 scis,
846 5148 1035 5201 Deus:
1071 5164 1204 5202 nam
1234 5146 1438 5201 excidit
1467 5146 1629 5200 mihi.
1671 5147 1794 5200 Non

60 5247 240 5303 enim
275 5240 554 5296 habemus
577 5253 694 5304 eos,
727 5237 826 5290 sed
875 5236 1284 5290 aberraverunt
1311 5251 1344 5288 a
1370 5234 1554 5300 nobis,
1605 5234 1796 5288 nescio

3483 351 3588 401 702

2555 472 2778 526 CAPUT
2810 472 2944 525 XIV.

1903 559 2056 614 Libri
2082 558 2148 612 de
2175 559 2318 626 Apto
2349 564 2398 612 et
2432 559 2658 613 Pulchro
2689 561 2871 612 Hier-io
2900 561 3220 626 nuncupati.
3273 559 3418 612 Unde
3459 561 3595 613 hunc

2595 654 2876 700 amaverat
2888 689 2900 701 .

1971 741 2057 790 2t.
2089 737 2234 800 Quid
2267 741 2349 790 est
2374 741 2565 790 autem
2596 735 2748 805 quod
2795 752 2886 788 me
2921 734 3111 797 movit,
3168 735 3407 788 Domine
3447 737 3592 789 Deus

1902 839 2084 892 meus,
2117 828 2179 877 ut
2207 824 2274 877 ad
2316 823 2570 876 Hierium
2604 825 2615 856 '
2647 823 2914 876 Romana:
2949 822 3104 876 urbis
3135 826 3420 876 oratorem
3467 822 3595 874 scri-

1899 910 2094 964 berem
2124 910 2251 964 illos
2278 911 2472 976 libros,
2496 927 2666 982 quem
2702 927 2813 964 non
2843 927 3112 964 noveram
3134 911 3296 978 facie,
3323 911 3420 965 sed
3447 927 3597 964 ama-

1901 1015 2094 1052 veram
2145 999 2436 1053 hominem
2485 1017 2550 1053 ex
2600 999 2872 1052 doctrinae
2927 1000 3077 1052 fama
3131 1000 3214 1053 illi
3263 1001 3412 1053 clara
3455 1004 3595 1060 erat,

1903 1093 1957 1142 et
1986 1089 2247 1160 quaedam
2276 1089 2448 1142 verba
2477 1089 2599 1158 ejus
2625 1088 2941 1155 audieram,
2973 1093 3028 1142 et
3047 1089 3378 1158 placueraut
3410 1089 3547 1142 mihi
3567 1090 3594 1142 2’

1902 1177 2006 1230 Sed
2040 1176 2222 1246 magis
2247 1177 2379 1247 quia
2408 1176 2664 1246 placebat
2678 1176 2897 1241 aliis,et
2925 1176 3235 1229 elferebant
3259 1193 3388 1230 cum
3423 1177 3599 1229 laudi-

1904 1266 2028 1330 bus,
2063 1269 2354 1334 stupentes
2385 1264 2533 1334 quod
2558 1280 2623 1317 ex
2655 1264 2884 1340 h'omine
2907 1280 3062 1334 syro,
3088 1264 3254 1317 docto
3277 1264 3436 1334 prius
3458 1281 3599 1334 graeo

1903 1370 1983 1406 ca:
2013 1352 2311 1416 facundiae,
2343 1357 2535 1423 postea
2557 1351 2614 1404 in
2646 1352 2819 1405 latina
2851 1352 3020 1406 etiam
3055 1352 3235 1406 dictor
3263 1351 3286 1384 ²
3319 1352 3596 1406 mirabilis

1905 1442 2226 1505 exstitisset,
2268 1446 2322 1495 et
2351 1445 2500 1494 esset
2529 1440 2934 1494 scientissimus
2983 1457 3176 1494 rerum
3224 1441 3295 1494 ad
3345 1439 3598 1495 studium

1906 1530 2199 1602 sapientiae
2225 1529 2639 1600 pertinentium
2664 1547 2675 1594 ;
2704 1529 2847 1582 mihi
2875 1530 3148 1599 placebat.
3183 1530 3467 1583 Laudatur
3497 1530 3601 1582 ho-

1907 1635 2022 1683 mo,
2064 1623 2119 1671 et
2143 1623 2366 1671 amatur
2394 1618 2616 1671 absens.
2671 1619 3006 1671 Utrumnam
3052 1619 3122 1672 ab
3171 1634 3267 1670 ore
3322 1617 3602 1670 laudantis

1906 1707 2079 1761 intrat
2096 1706 2154 1761 in
2177 1723 2274 1760 cor
2289 1707 2569 1760 audientis
2597 1723 2757 1760 amor
2777 1707 2872 1760 ille
2892 1709 2922 1760 ?
2943 1707 3102 1761 Absit
3125 1724 3137 1760 :
3161 1707 3257 1761 sed
3276 1723 3344 1760 ex
3371 1711 3598 1759 amante

1907 1797 2014 1849 alio
2045 1796 2370 1849 accenditur
2393 1795 2556 1849 alius.
2590 1795 2729 1849 Hinc
2748 1796 2900 1849 cnim
2929 1801 3154 1848 amatur
3179 1795 3274 1865 qui
3315 1796 3598 1857 laudatur,

1907 1885 2046 1939 dum
2085 1900 2202 1937 non
2231 1883 2412 1937 fallaci
2443 1885 2608 1938 corde
2640 1883 2951 1937 laudatoris
2979 1882 3279 1953 praedicari
3309 1882 3596 1946 creditur;

1906 1973 1961 2026 id
1997 1978 2100 2034 est,
2143 1989 2273 2026 cum
2313 1988 2509 2025 amans
2539 1989 2671 2025 eum
2704 1971 2924 2025 laudat.

1975 2065 2071 2115 2‘2.
2107 2061 2196 2116 Sic
2226 2061 2378 2114 enim
2413 2067 2546 2114 tunc
2575 2061 2835 2115 amabam
2877 2059 3138 2114 homines
3188 2077 3251 2112 ex
3299 2058 3602 2113 hominum

1900 2150 2155 2220 judicio;
2188 2167 2301 2202 non
2333 2149 2486 2202 enim
2518 2166 2582 2202 ex
2622 2155 2741 2214 tuo,
2776 2151 2921 2203 Deus
2953 2165 3132 2212 meus,
3168 2148 3224 2202 in
3272 2165 3384 2218 quo
3433 2163 3602 2201 nemo

1906 2239 2138 2294 fallitur.
2166 2239 2274 2292 Sed
2297 2243 2511 2302 tamen,
2545 2254 2644 2291 cur
2675 2254 2791 2292 non
2813 2237 2955 2291 sicut
2977 2238 3174 2306 auriga
3195 2237 3422 2301 nobilis,
3455 2236 3603 2290 sicut

1906 2333 2142 2383 venator
2171 2328 2373 2381 studiis
2402 2327 2774 2398 popularibus
2805 2327 3151 2392 diffamatus,
3181 2327 3276 2380 sed
3309 2327 3475 2395 longe
3507 2325 3606 2378 ali-

1906 2420 1992 2470 ter
2029 2421 2085 2470 et
2119 2416 2384 2485 graviter,
2419 2422 2475 2469 et
2503 2416 2580 2470 ita
2630 2415 3116 2486 quemadmodum
3162 2420 3217 2468 et
3261 2431 3352 2468 me
3385 2414 3604 2468 laudari

1908 2506 2108 2558 vellem
2129 2507 2158 2558 ‘?
2191 2506 2313 2558 Non
2344 2510 2533 2558 autem
2567 2505 2767 2558 vellem
2795 2504 2872 2558 ita
2901 2503 3122 2557 laudari
3166 2508 3222 2557 et
3265 2503 3443 2556 amari
3488 2520 3602 2568 me,

1908 2598 1971 2646 ut
1991 2593 2297 2646 histriones
2322 2611 2334 2658 ;
2360 2609 2688 2663 quanquam
2712 2610 2806 2646 eos
2827 2598 2882 2646 et
2910 2593 3030 2662 ipse
3055 2593 3347 2646 laudarem
3375 2598 3430 2645 et
3455 2609 3607 2646 ama-

1908 2697 2027 2734 rem
2062 2698 2076 2733 :
2104 2682 2198 2734 sed
2230 2681 2444 2750 eligens
2496 2682 2690 2746 latere,
2725 2697 2897 2751 quam
2935 2681 3012 2734 ita
3042 2685 3208 2734 notus
3235 2697 3356 2734 esse
3383 2701 3397 2746 ;
3430 2686 3485 2734 et
3517 2682 3602 2734 vel

1907 2768 2102 2823 haberi
2147 2769 2297 2828 odio,
2347 2785 2519 2838 quam
2580 2770 2655 2821 sic
2676 2772 2873 2822 amari.
2912 2770 3013 2822 Ubi
3052 2769 3472 2822 distribuuntur
3502 2769 3606 2821 ista

1907 2857 2160 2928 pondera
2202 2857 2490 2910 variorum
2526 2863 2581 2910 et
2627 2857 2978 2910 diversorum
3021 2872 3284 2910 amorum
3324 2856 3382 2909 in
3409 2857 3601 2910 anima

1909 2946 2067 3000 una?
2095 2945 2239 3009 Quid
2268 2950 2352 2998 est
2381 2945 2530 3015 quod
2564 2962 2691 2998 amo
2739 2945 2798 2998 in
2843 2945 2978 3013 alio,
3025 2945 3177 3015 quod
3226 2960 3442 3003 rursus.
3495 2943 3602 2996 nisi

1908 3035 2176 3102 odissem,
2208 3049 2326 3086 non
2356 3050 2388 3086 a
2417 3051 2504 3086 me
2539 3034 2848 3087 detestarer
2884 3038 2939 3087 et
2982 3033 3342 3103 repellerem,
3374 3049 3502 3086 cum
3534 3033 3605 3085 sit

1910 3128 2147 3194 uterque
2179 3127 2438 3176 nostrum
2468 3122 2636 3176 homo
2657 3122 2684 3175 ?
2716 3123 2836 3175 Non
2860 3121 3034 3190 enim,
3059 3121 3204 3174 sicut
3226 3121 3604 3192 equusbonus

1907 3217 2133 3264 amatur
2161 3211 2232 3264 ab
2264 3228 2330 3264 eo
2361 3210 2459 3281 qui
2488 3210 2664 3264 nollet
2691 3210 2794 3264 hoc
2817 3227 2957 3276 esse,
2991 3210 3162 3264 etiam
3182 3210 3226 3262 si
3247 3215 3470 3280 posset;
3497 3210 3604 3262 hoc

1909 3305 1964 3353 et
1993 3299 2061 3352 de
2091 3298 2371 3352 histrione
2402 3298 2705 3352 dicendurm
2735 3304 2837 3362 est,
2863 3298 2961 3368 qui
3006 3303 3225 3351 naturm
3259 3303 3464 3351 nostra:
3516 3314 3605 3351 so-

1907 3387 2028 3441 cius
2068 3393 2170 3442 est.
2206 3389 2423 3456 Ergone
2457 3403 2583 3439 amo
2616 3386 2675 3439 in
2722 3386 2956 3439 homine
2989 3386 3142 3457 quod
3172 3385 3265 3440 odi
3297 3403 3434 3451 esse,
3476 3403 3602 3439 cum

1909 3477 2015 3530 sim
2045 3474 2263 3530 homo?
2289 3475 2512 3528 Grande
2544 3475 2893 3545 profundum
2933 3480 3017 3528 est
3047 3475 3166 3546 ipse
3213 3475 3404 3539 homo,
3447 3475 3606 3545 cujus

1907 3565 2078 3619 etiam
2107 3565 2342 3636 capillos
2379 3569 2462 3630 tu,
2494 3564 2756 3627 Domine,
2791 3569 3118 3617 numeratos
3162 3564 3355 3628 habes,
3387 3567 3442 3616 et
3486 3579 3604 3616 non

1909 3654 2251 3708 minuuntur
2280 3653 2414 3706 inte
2439 3669 2452 3706 :
2479 3658 2534 3706 et
2562 3658 2753 3706 tamen
2775 3651 2964 3721 capilli
2985 3652 3109 3721 ejus
3139 3651 3321 3720 magis
3345 3668 3603 3705 numera-

1908 3743 2050 3797 biles
2071 3748 2392 3812 suntquam
2415 3743 2646 3796 affectus
2677 3742 2819 3811 ejus,
2854 3746 2911 3795 et
2933 3745 3120 3794 motus
3139 3741 3328 3793 cordis
3353 3741 3494 3810 ejus.

1976 3836 2067 3886 23.
2098 3831 2287 3885 Atille
2318 3830 2511 3884 rhetor
2531 3845 2595 3884 ex
2628 3846 2694 3882 eo
2725 3835 2847 3883 erat
2874 3844 3105 3899 genere,
3139 3844 3312 3898 quem
3339 3828 3417 3881 sic
3447 3844 3602 3882 ama-

1907 3922 2060 3985 bam,
2092 3925 2156 3975 nt
2181 3921 2382 3974 vellem
2406 3935 2494 3972 me
2526 3935 2646 3971 esse
2678 3918 2886 3981 talem;
2920 3920 2974 3969 et
3005 3916 3264 3970 errabam
3310 3916 3505 3985 typho,
3549 3920 3605 3969 et

1908 4009 2347 4063 circumferebar
2376 4008 2531 4061 omni
2559 4011 2744 4068 vento,
2779 4011 2834 4060 et
2862 4004 3033 4059 nimis
3055 4005 3273 4058 occulte
3313 4005 3603 4073 guberna-

1908 4097 2010 4151 bar
2038 4098 2136 4150 abs
2169 4101 2240 4150 te.
2276 4097 2339 4149 Et
2370 4095 2515 4149 unde
2548 4095 2682 4161 scio,
2716 4098 2773 4148 et
2803 4094 2954 4148 unde
2985 4097 3171 4146 certus
3197 4093 3473 4145 contiteor
3502 4091 3603 4145 tibi

1907 4186 2060 4256 quod
2099 4184 2262 4238 illum
2294 4185 2352 4237 in
2405 4199 2597 4236 amore
2646 4181 3004 4236 laudantium
3045 4179 3226 4251 magis
3258 4196 3600 4245 amaveram,

1907 4290 2080 4344 quam
2104 4273 2164 4327 in
2193 4274 2362 4326 rebus
2392 4272 2529 4342 ipsis
2560 4271 2629 4325 de
2655 4271 2862 4342 quibus
2883 4270 3209 4323 laudantur.
3243 4268 3385 4333 Quia
3417 4268 3464 4322 si
3486 4285 3605 4322 non

1908 4363 2199 4417 laudatum
2221 4361 2607 4432 vituperarent
2635 4359 2957 4413 eumiidem
2978 4358 3110 4429 ipsi,
3143 4362 3201 4412 et
3227 4357 3603 4428 vituperando

1907 4455 2076 4520 atque
2105 4450 2427 4521 spernendo
2457 4466 2523 4502 ea
2546 4449 2666 4520 ipsa
2693 4452 3010 4506 narrarent,
3039 4463 3155 4500 non
3176 4447 3513 4501 accenderer
3542 4446 3602 4500 in

1906 4555 2039 4593 eum
2079 4545 2134 4592 et
2176 4555 2289 4593 non
2329 4538 2621 4592 excitarer.
2659 4539 2722 4592 Et
2749 4543 2898 4591 certe
2927 4551 3018 4590 res
3064 4551 3180 4590 non
3224 4535 3349 4589 alia:
3394 4536 3640 4602 forent,.

1907 4644 2009 4682 nec
2036 4630 2204 4682 homo
2232 4627 2355 4698 ipse
2385 4627 2565 4692 alius;
2602 4627 2697 4680 sed
2731 4625 3129 4680 tantummodo
3181 4623 3328 4678 alius
3370 4624 3603 4678 effectus

1905 4717 2284 4772 narrantium.
2331 4718 2463 4770 Ecce
2517 4716 2612 4768 ubi
2635 4715 2789 4783 jacet
2829 4713 3022 4767 anima
3061 4713 3310 4779 iniirma,
3344 4713 3602 4767 nondum

1904 4807 2127 4860 haerens
2161 4804 2433 4859 soliditati
2463 4803 2735 4857 veritatis.
2769 4803 2927 4857 Sicut
2954 4818 3108 4855 aura:
3137 4800 3468 4872 linguarum
3500 4802 3600 4855 ila-
3641 4808 3645 4812 ’

1904 4895 2089 4948 verint
2118 4911 2148 4947 a
2180 4893 2501 4963 pectoribus
2529 4891 2911 4962 opinantium,
2942 4889 3020 4943 ita
3051 4890 3232 4944 fertur
3261 4896 3316 4943 et
3335 4890 3599 4954 vertitur,

1906 4984 2220 5052 torquetur,
2248 4997 2312 5034 ac
2337 4982 2720 5049 retorquetur,
2755 4982 2811 5031 et
2834 4976 3202 5031 obnubilatur
3224 4975 3276 5029 ei
3300 4977 3514 5038 lumen,
3546 4981 3602 5029 et

1907 5086 2020 5124 non
2045 5069 2296 5123 cernitur
2326 5067 2549 5122 veritas.
2573 5068 2635 5120 Et
2655 5082 2780 5120 ecce
2800 5071 2884 5119 est
2904 5069 3036 5118 ante
3069 5081 3194 5118 nos.
3230 5065 3292 5116 Et
3322 5079 3594 5132 magnum

1905 5158 2178 5230 quiddam
2207 5156 2351 5210 mihi
2383 5161 2521 5221 erat,
2553 5156 2599 5210 si
2629 5171 2816 5208 sermo
2857 5170 3016 5208 meus
3047 5159 3103 5206 et
3141 5152 3328 5206 studia
3369 5167 3496 5205 mea
3517 5150 3599 5203 illi

1905 5247 2024 5300 viro
2047 5246 2488 5300 innotescerent.
2520 5245 2656 5308 Quae
2674 5245 2718 5297 si
2741 5244 3031 5314 probaret,
3060 5242 3359 5312 flagrarem
3382 5238 3595 5308 magis;

14 5413 16 5430 Ι
59 5327 398 5408 quomodo.

130 5436 146 5466 ί
188 5431 254 5477 In
290 5424 470 5474 codice
499 5422 824 5471 Sorbonico:
865 5423 993 5470 Ecce
1018 5419 1224 5483 ibiﬂest,
1254 5417 1342 5467 ubi
1385 5421 1534 5483 sapjt
1577 5421 1793 5483 veritas.

129 5496 153 5529 θ
190 5493 333 5540 Lov.
372 5486 495 5534 Arn.
530 5485 678 5533 Mart.
708 5498 828 5532 cum
845 5483 1079 5545 quinque
1097 5481 1218 5529 Mss.
1242 5480 1648 5529 necnon’Rond.
1675 5494 1796 5528 cum

58 5559 331 5621 .luatpor.
353 5548 496 5619 Mss"
516 5551 577 5597 ut
609 5549 760 5621 sane!
781 5559 917 5621 eam.
951 5545 1114 5621 Mr.“

134 5622 156 5649 3
193 5610 518 5674 Benignian.
554 5609 716 5657 codex
741 5608 954 5670 optimae
981 5609 1140 5660 notae,
1172 5604 1480 5654 discessum.

1968 5356 1981 5387 ¹
2022 5352 2361 5401 Sicscribitur
2385 5351 2438 5399 in
2452 5350 2682 5400 editione
2713 5351 2834 5398 Lov.
2859 5352 2912 5397 et
2940 5348 2994 5396 in
3011 5349 3130 5395 Mss.
3164 5344 3440 5407 plerisque.
3459 5342 3591 5390 Atin

1907 5415 2028 5463 Bad.
2061 5415 2290 5477 Am.Er._
2320 5414 2444 5462 Arn.
2467 5418 2519 5477 et
2547 5418 2774 5477 quatuor
2788 5412 2944 5477 _ll_:tss._,
2968 5407 3253 5477 tellegunt.

1966 5479 1986 5512 ²
2017 5479 2071 5525 In
2094 5475 2464 5531 Edd.,doctor.
2486 5476 2544 5522 In
2564 5469 2770 5523 duobus
2784 5474 2902 5520 Mss.
2924 5469 3304 5536 Lov.,dic!a(o:'
3325 5479 3336 5512 :
3356 5469 3598 5536 corrupte

1905 5539 2104 5587 scilicet
2117 5552 2206 5601 pro
2228 5528 2446 5601 dictor;
2459 5551 2617 5600 quam
2635 5550 2817 5584 vocem
2839 5537 3137 5582 nostrorum
3153 5528 3394 5576 codicum
3420 5533 3597 5577 aucto-

1909 5601 2059 5650 ritate
2095 5600 2365 5649 restituere
2401 5600 2570 5647 visum
2611 5602 2706 5646 est.
