4058 6362
1559 301 2105 361 CUNFESSIONUM
2162 298 2217 353 S.
2274 292 2680 352 AUGUSTINL
3802 284 3913 335 70's

2180 437 2240 493 id
2270 452 2391 491 esse
2420 431 2754 489 naturaliter
2781 431 2937 503 quod
2966 433 3029 484 tu
3059 445 3119 482 es
3137 432 3168 482 ‘?
3204 429 3346 483 Cum
3384 425 3544 481 enim
3569 440 3685 493 ego
3710 439 3920 477 essem

2180 524 2492 590 mutabilis,
2527 530 2581 576 et
2618 537 2685 575 eo
2735 519 2877 573 mihi
2926 518 3291 572 manifestum
3335 519 3499 581 esset,
3552 513 3715 584 quod
3775 512 3920 566 ideo

364 328 467 379 703

370 446 418 500 si
447 447 641 499 autem
670 439 1043 511 improbaret,
1072 433 1420 489 sauciaretur
1452 444 1549 482 cor
1568 441 1779 481 vanum
1817 429 1873 478 et
1900 423 2069 477 inane

373 530 676 589 soliditatis
708 534 841 584 tute.
864 529 929 582 Et
948 531 1138 580 tamen
1160 521 1461 593 pulchrum
1484 516 1621 571 illud
1662 520 1833 586 atque
1850 517 2067 584 aptum,

375 622 528 677 unde
558 620 629 673 ad
661 634 791 672 eum
824 614 1182 684 scripseram,
1235 609 1476 662 libenter
1520 605 1712 659 animo
1758 602 2071 668 versabam,

379 712 451 765 ob
500 726 563 762 os
618 700 1118 773 contemplationis
1161 698 1350 762 metet,
1395 699 1450 749 et
1495 693 1654 749 nullo
1693 689 2073 745 collaudatore

378 798 645 854 mirabar.

1042 876 1265 931 CAPUT
1303 875 1409 929 XV.

388 976 542 1043 Quod
568 970 933 1041 corporalibus
964 966 1293 1033 imaginibus
1316 960 1740 1024 contenebratus,
1773 970 1875 1010 non
1903 955 2080 1023 potuit

950 1070 1136 1123 capere
1175 1052 1511 1121 spiritualia.

461 1155 547 1206 2i.
578 1149 685 1204 Sed
714 1149 889 1200 tanta:
916 1143 999 1198 rei
1029 1142 1319 1196 cardinem
1348 1140 1406 1193 in
1437 1141 1555 1192 arte
1581 1140 1677 1189 tua
1708 1133 1966 1188 nondum
1997 1130 2081 1184 vi-

394 1242 617 1304 debam,
651 1235 1047 1305 Omnipotens,
1083 1230 1182 1302 qui
1210 1229 1346 1283 facis
1384 1225 1666 1281 mirabilia
1705 1224 1856 1276 solus
1894 1221 2075 1289 (Psal.

392 1346 535 1393 LXXI,
570 1328 648 1393 18)
674 1342 685 1379 :
715 1329 771 1378 et
796 1323 915 1377 ibat
944 1320 1168 1375 animus
1195 1335 1355 1372 meus
1382 1332 1482 1388 per
1505 1316 1717 1369 formas
1746 1326 2083 1380 corporeas;

392 1425 446 1473 ct
476 1415 773 1487 pulchrum
823 1411 975 1482 quod
1001 1408 1398 1478 perseipsum;
1434 1409 1649 1474 aptum.
1694 1405 1907 1467 autem,
1931 1396 2086 1468 quod

395 1485 711 1574 eid—aliquid
742 1499 1230 1555 accommodatum
1254 1496 1497 1559 deceret,
1521 1489 1863 1546 deliniebam
1895 1491 1951 1540 et
1979 1485 2088 1539 dis-

396 1594 749 1665 tinguebam,
776 1594 831 1643 et
861 1587 1137 1657 exemplis
1165 1582 1449 1655 corporeis
1479 1580 1819 1635 astruebam.
1856 1577 1920 1630 Et
1949 1590 2090 1627 con-

396 1682 535 1737 verti
568 1697 657 1735 me
688 1680 755 1733 ad
790 1677 967 1731 animi
993 1678 1255 1729 naturam
1283 1689 1296 1737 ;
1331 1677 1387 1724 et
1417 1686 1533 1724 non
1564 1684 1656 1722 me
1689 1667 1908 1719 sinebat
1954 1664 2093 1717 falsa

400 1771 598 1842 opinio
645 1784 817 1838 quam
859 1766 927 1819 de
972 1761 1361 1834 spiritualibus
1404 1758 1705 1820 habebam,
1741 1770 1935 1807 verum
1973 1767 2092 1805 cer-

399 1875 554 1913 nere.
591 1858 655 1909 Et
700 1851 954 1906 irruebat
998 1850 1059 1903 in
1109 1849 1301 1901 oculos
1350 1846 1471 1915 ipsa
1519 1844 1600 1896 vis
1639 1842 1779 1910 veri,
1826 1846 1883 1894 et
1934 1853 2092 1893 aver-

400 1947 591 1999 tebam
622 1942 998 2015 palpitantem
1027 1941 1279 1991 mentem
1300 1936 1369 1988 ab
1391 1934 1720 2002 incorporea
1744 1946 1805 1983 re
1826 1928 1895 1981 ad
1923 1927 2097 1981 linea-

404 2014 629 2098 menta,
660 2035 714 2085 et
748 2030 980 2093 colores,
1006 2031 1061 2080 et
1092 2029 1371 2079 tumentes
1395 2020 1838 2092 magnitudines.
1881 2018 1944 2071 Et
1964 2014 2100 2087 quia

404 2141 521 2179 non
547 2127 805 2192 poteram
838 2134 903 2171 ea
932 2116 1121 2169 videre
1156 2114 1216 2167 in
1262 2112 1477 2177 animo,
1526 2109 1797 2180 putabam
1844 2122 1936 2159 me
1980 2119 2100 2158 non

406 2228 571 2285 posse
587 2210 776 2263 videre
798 2206 1048 2261 animum
1080 2218 1292 2257 meum.
1326 2202 1397 2256 Et
1425 2215 1554 2253 cum
1579 2199 1637 2251 in
1664 2196 1869 2249 virtute
1901 2208 2101 2263 pacem

411 2315 683 2364 amarem,
718 2297 775 2349 in
815 2293 1118 2354 vitiositate
1147 2294 1337 2345 autem
1366 2288 1609 2342 odissem
1640 2282 1975 2339 discordiam
2002 2298 2015 2347 ;
2044 2280 2104 2332 in

413 2391 510 2444 illa
539 2387 836 2449 unitatem,
870 2383 929 2437 in
973 2382 1077 2435 ista
1108 2378 1415 2451 quamdam
1447 2374 1782 2429 divisionem
1816 2371 2102 2424 notabam.

413 2482 593 2548 Inque
622 2475 721 2529 illa
736 2474 958 2527 unitate
987 2486 1148 2525 mens
1166 2465 1458 2521 rationalis
1474 2468 1528 2517 et
1546 2466 1748 2516 natura
1768 2458 2021 2512 veritatis
2044 2472 2107 2509 ac

416 2565 624 2621 summi
642 2562 775 2617 boni
798 2560 941 2616 mibi
967 2575 1084 2612 esse
1106 2557 1427 2609 videbatur:
1450 2552 1510 2605 in
1540 2551 1643 2603 ista
1673 2565 1803 2602 vero
1832 2545 2108 2601 divisione

417 2650 762 2710 irrationalis
791 2650 921 2703 vitae
952 2646 994 2712 ί,
1025 2645 1215 2700 nescio
1248 2657 1418 2713 quam
1452 2638 1825 2693 substantiam
1866 2638 1920 2689 et
1951 2639 2111 2687 natu-

422 2760 545 2799 ram
576 2738 786 2793 summi
812 2736 969 2801 mali,
1002 2751 1129 2806 quae
1148 2747 1262 2785 non
1285 2730 1467 2783 solum
1492 2732 1635 2780 esset
1655 2722 1990 2783 substantia,
2016 2720 2113 2774 sed

423 2830 656 2887 omnino
687 2828 800 2882 vita
851 2828 1014 2888 esset,
1069 2826 1124 2875 et
1161 2825 1354 2874 tamen
1385 2816 1479 2870 abs
1522 2821 1575 2869 te
1615 2831 1728 2869 non
1770 2816 1937 2881 esset,
1969 2812 2115 2864 Deus

426 2937 606 2984 meus,
637 2935 702 2971 ex
730 2931 842 2986 quo
875 2916 1005 2966 sunt
1034 2909 1247 2977 omnia,
1289 2906 1460 2960 miser
1505 2904 1799 2975 opinabar.
1834 2903 1898 2955 Et
1927 2904 2118 2953 tamen

426 3012 581 3065 illam
615 3004 922 3061 monadem
970 2998 1346 3071 appellabam,
1378 3000 1653 3064 tanquam
1684 2992 1805 3045 sine
1837 2990 1952 3043 ullo
1984 3003 2118 3041 sexu

433 3102 684 3153 mentem
713 3097 767 3159 3;
812 3092 961 3145 hanc
1009 3103 1143 3141 vero
1177 3085 1441 3155 dyadem,
1474 3083 1618 3136 iram
1664 3080 1723 3133 in
1756 3076 2121 3143 facinoribus,

430 3185 725 3241 libidinem
756 3180 814 3233 in
863 3176 1112 3248 ﬂagitiis,
1166 3172 1425 3227 nesciens
1467 3170 1607 3243 quid
1661 3169 1948 3239 loquerer.
2001 3165 2123 3217 Non

435 3275 587 3328 enim
611 3283 877 3325 noveram
907 3281 1092 3335 neque
1122 3262 1453 3325 didiceram,
1498 3274 1604 3312 nec
1642 3257 1816 3310 ullam
1862 3254 2126 3307 substan-

438 3366 572 3417 tiam
606 3360 819 3413 malum
850 3371 993 3422 esse,
1043 3368 1148 3406 nec
1194 3351 1379 3419 ipsam
1408 3351 1660 3401 mentem
1691 3348 1942 3399 nostram
1974 3356 2127 3395 sum-

440 3463 598 3502 mum
638 3450 803 3515 atque
833 3438 1297 3496 incommutabile
1326 3438 1561 3491 bonum.

511 3540 599 3591 25.
630 3534 786 3589 Sicut
832 3532 985 3586 enim
1028 3529 1278 3584 facinora
1323 3531 1474 3592 sunt,
1533 3524 1579 3578 si
1626 3522 1862 3577 vitiosus
1910 3523 1995 3574 est
2039 3519 2134 3573 ille

444 3624 621 3681 animi
650 3628 858 3690 motus,
882 3621 945 3674 in
973 3636 1085 3691 quo
1108 3622 1193 3672 est
1221 3617 1490 3687 impetus,
1523 3617 1579 3667 et
1608 3628 1664 3664 se
1689 3612 1865 3681 jactat
1892 3608 2137 3663 insolen-

444 3720 529 3770 ter
553 3731 617 3768 ac
645 3711 908 3778 turbide;
941 3714 997 3764 et
1034 3707 1263 3779 ﬂagitia,
1296 3706 1343 3759 si
1374 3709 1459 3758 est
1492 3701 1870 3757 immoderata
1898 3698 1993 3751 illa
2013 3695 2137 3750 ani-

448 3820 556 3859 mm
594 3799 836 3866 affectio,
868 3814 982 3869 qua
1012 3798 1263 3850 carnales
1294 3793 1642 3848 hauriuntur
1666 3790 2020 3859 voluptates:
2062 3783 2143 3838 ita

449 3909 668 3950 errores
700 3893 755 3944 et
783 3889 939 3943 falsae
971 3886 1270 3957 opiniones
1298 3883 1466 3937 vitam
1518 3878 1930 3938 contaminant,
1964 3873 2010 3927 si
2050 3889 2142 3926 ra—

449 3981 678 4040 tionalis
707 3995 868 4033 mens
898 3977 1021 4047 ipsa
1040 3975 1243 4029 vitiosa
1272 3977 1355 4026 est
1379 3989 1392 4038 ;
1426 3968 1609 4041 qualis
1638 3967 1698 4021 in
1724 3981 1816 4020 me
1845 3969 1983 4018 tunc
2004 3963 2146 4029 erat,

452 4071 736 4127 nesciente
790 4066 900 4120 alio
930 4063 1146 4118 lumine
1188 4062 1345 4115 illam
1375 4059 1772 4111 illustrandam
1816 4068 1933 4106 esse
1965 4054 2026 4103 ut
2079 4047 2151 4100 sit

454 4159 737 4231 particeps
764 4152 1039 4217 veritatis,
1067 4150 1201 4220 quia
1235 4164 1351 4201 non
1379 4150 1464 4199 est
1493 4145 1617 4213 ipsa
1646 4147 1849 4195 natura
1880 4136 2149 4192 veritatis.

453 4247 733 4313 Quoniam
763 4248 825 4296 tu
878 4236 1234 4293 illuminabis
1273 4237 1565 4289 lucernam
1614 4245 1823 4295 meam,
1873 4225 2153 4290 Domine;

458 4340 606 4391 Deus
653 4346 835 4386 meus.
886 4324 1242 4381 illuminabis
1298 4321 1561 4376 tenebras
1611 4334 1763 4371 meas
1822 4315 1997 4384 (Psal.
2044 4330 2153 4373 xvr.

458 4424 543 4493 ς29)
571 4439 584 4476 :
621 4425 677 4475 et
725 4418 794 4472 de
825 4412 1185 4486 plenitudine
1216 4414 1315 4465 tua
1345 4426 1449 4464 nos
1489 4423 1685 4462 omnes
1714 4404 2054 4475 accepimus.
2090 4402 2157 4455 Es

464 4510 616 4565 enim
637 4512 701 4562 tu
716 4506 911 4559 lumen
933 4516 1130 4555 verum
1154 4499 1303 4571 quod
1318 4496 1605 4552 illuminat
1622 4508 1851 4549 omnem
1865 4489 2160 4546 hominem

464 4598 791 4652 venientem
820 4592 881 4647 in
920 4590 1071 4644 hunc
1098 4588 1379 4643 mundum
1417 4588 1587 4650 (Joan.
1616 4601 1655 4650 ι,
1693 4585 1778 4648 l6,
1810 4581 1899 4650 9);
1940 4578 2074 4650 quia
2102 4577 2163 4630 in

468 4693 522 4741 te
553 4701 667 4739 non
695 4687 778 4736 est
798 4677 1224 4746 transmutatio,
1248 4691 1354 4730 nec
1377 4671 1654 4728 momenti
1680 4667 2037 4726 obumbratio
2058 4665 2165 4736 (Ja-

465 4774 581 4830 cobi
609 4790 646 4841 1,
692 4771 795 4840 l7).

542 4866 629 4918 26.
661 4860 771 4916 Sed
804 4876 908 4930 ego
940 4858 1191 4912 conabar
1220 4854 1290 4909 ad
1319 4857 1397 4921 te,
1437 4856 1493 4907 et
1528 4848 1844 4921 repellebat“
1873 4846 1971 4900 abs
2000 4848 2075 4911 te,
2109 4845 2172 4895 ut

474 4966 732 5023 saperem
766 4952 1034 5015 mortem,
1065 4944 1337 5016 quoniam
1355 4940 1613 5013 superbis
1638 4935 1875 4992 resistis.
1908 4932 2053 4998 Quid
2080 4947 2170 4985 au-

474 5047 591 5096 tem
619 5035 940 5109 superbius,
959 5050 1129 5105 quam
1163 5037 1222 5086 ut
1253 5044 1567 5085 assererem
1598 5026 1745 5080 mira
1774 5020 2061 5077 dementia
2080 5034 2173 5072 me

542 5131 557 5161 ι
578 5127 700 5177 Arn.
717 5138 837 5174 cum
851 5122 1081 5171 editione
1095 5120 1277 5168 Moreti
1295 5132 1380 5166 an.
1408 5119 1525 5165 1650
1556 5115 1629 5163 sic
1653 5114 1814 5177 habet
1823 5126 1844 5177 :_
1857 5114 1892 5160 Α
1904 5112 2042 5158 nimo
2059 5120 2175 5177 eler-

474 5170 1144 5241 sabai-n—elvasteulalionem
1155 5179 1622 5243 contemplationis
1645 5187 1784 5225 meae.
1800 5175 1919 5223 Mss.
1938 5185 2029 5220 sex
2045 5185 2055 5217 :
2071 5170 2177 5220 Μο-

548 5268 570 5298 s
594 5258 898 5298 comlemnl.

548 5268 570 5299 ς
594 5266 619 5299 c
715 5258 731 5293 I
768 5262 815 5296 m
862 5248 898 5295 ι.

478 5254 562 5383 (if)?
578 5262 867 5383 blggzingi’.
891 5322 1010 5383 cum
1025 5305 1219 5383 nostris
1235 5304 1446 5383 habent:
1473 5291 2178 5383 Diuisioneirration‘alibilis

483 5357 1307 5430 υὶνίὶἶξ-ἑὶἇέ-ἶῖἦέα-ὶὲοηαιὶςς.Αρυᾶ
1325 5367 1468 5423 Lov.,
1488 5361 1762 5412 rationalis
1784 5376 1796 5419 ;
1822 5358 2090 5413 mendose,
2127 5357 2182 5401 ut

523 5441 647 5486 atet.

523 5454 647 5486 ηῑσξι.

486 5454 518 5501 Ρ
560 5505 580 5532 ει
606 5501 666 5547 In
691 5499 812 5546 Mss.
840 5496 1073 5558 quinque
1095 5504 1199 5558 non
1216 5487 1488 5558 deterioris
1507 5490 1643 5535 notae
1666 5485 1905 5543 habetur,
1932 5482 2045 5531 sine
2066 5476 2182 5528 ullo

487 5574 641 5610 sensu
679 5552 901 5610 nienlein
930 5574 942 5615 ς
972 5552 1086 5619 pro,
1117 5556 1229 5603 sine
1261 5552 1360 5603 illo
1390 5563 1545 5600 seru.

2183 616 2381 686 utique
2413 611 2637 683 sapiens
2666 625 2787 663 esse
2817 608 3141 677 cupiebam,
3178 610 3237 658 ut
3260 621 3325 659 ex
3356 603 3646 658 deteriore
3689 600 3921 655 melior

2183 705 2413 768 ﬁerem;
2445 700 2732 754 malebam
2759 703 2953 752 tamen
2983 695 3154 750 etiam
3184 698 3239 755 te
3270 692 3496 763 opinari
3525 690 3917 754 mutabilem,

2186 808 2359 865 quam
2398 807 2489 845 me
2514 804 2629 843 non
2655 789 2767 842 hoc
2786 802 2906 839 esse
2937 784 3089 855 quod
3120 789 3179 837 tu
3207 798 3285 836 es.
3316 783 3516 852 Itaque
3549 778 3916 850 repellebat,

2188 887 2244 936 et
2269 880 2569 935 resistebas
2592 881 2838 931 ventosa:
2869 873 3068 928 cervici
3097 887 3242 926 meae
3267 887 3279 923 :
3310 875 3367 923 et
3391 868 3772 939 imaginabar
3798 867 3917 919 for-

2187 988 2311 1025 mas
2340 983 2663 1039 corporeas,
2692 970 2745 1018 et
2774 979 2904 1017 caro
2923 977 3152 1015 carnem
3184 959 3539 1023 accusabam,
3574 963 3632 1010 et
3662 954 3919 1027 spiritus

2191 1059 2493 1113 ambulans
2522 1054 2780 1109 nondum
2809 1050 3133 1104 revertebar
3161 1048 3228 1101 ad
3243 1054 3296 1100 te
3322 1048 3497 1117 (Psal.
3537 1061 3749 1110 Lxxvu,
3785 1045 3913 1110 39);

2193 1153 2248 1203 et
2280 1143 2624 1200 ambulando
2651 1140 3012 1196 ambulabam
3031 1138 3090 1191 in
3117 1153 3185 1191 ea
3212 1152 3340 1207 quas
3370 1150 3486 1188 non
3515 1138 3675 1198 sunt,
3710 1148 3915 1201 neque

2192 1237 2250 1291 in
2284 1242 2359 1299 te,
2380 1249 2564 1303 neque
2584 1232 2768 1295 inme,
2792 1243 2979 1298 neque
2995 1226 3053 1279 in
3074 1240 3313 1295 corpore
3333 1240 3346 1289 ;
3366 1238 3556 1292 neque
3580 1221 3732 1274 mihi
3749 1236 3917 1273 crea-

2194 1327 2402 1380 bantur
2428 1341 2461 1377 a
2488 1321 2722 1375 veritate
2753 1323 2871 1382 tua,
2904 1316 2998 1370 sed
3030 1332 3064 1369 a
3093 1330 3218 1368 mea
3246 1312 3492 1366 vanitate
3525 1310 3919 1379 ﬁngebantur

2197 1432 2260 1469 ex
2292 1427 2530 1482 corpore
2552 1426 2566 1464 :
2591 1413 2646 1463 et
2676 1407 2933 1462 dicebam
2962 1403 3212 1475 parvulis
3226 1401 3492 1456 ﬁdelibus
3512 1398 3648 1464 tuis,
3684 1398 3917 1451 civibus

2198 1504 2361 1567 meis,
2414 1518 2445 1555 a
2492 1499 2701 1570 quibus
2750 1494 3006 1550 nesciens
3063 1491 3430 1554 exsulabam;
3479 1488 3745 1542 dicebam
3802 1486 3920 1538 illis

2200 1592 2464 1663 garrulus
2496 1594 2549 1641 et
2579 1587 2829 1657 ineptus,
2862 1585 2973 1637 Cur
3004 1597 3139 1650 ergo
3173 1583 3324 1632 errat
3351 1577 3543 1630 anima
3572 1590 3754 1647 quam
3784 1574 3925 1627 fecit

2204 1680 2395 1737 Deus?
2423 1680 2485 1733 Et
2516 1675 2658 1731 mihi
2687 1673 2950 1727 nolebam
2978 1670 3110 1733 dici,
3140 1670 3252 1724 Cur
3275 1682 3410 1736 ergo
3433 1670 3590 1719 errat
3624 1665 3780 1717 Deus
3801 1663 3831 1713 τ’
3860 1663 3924 1716 Et

2205 1770 2619 1828 contendi-bam
2666 1764 2847 1834 magis
2881 1758 3408 1815 incommutabilem
3449 1760 3609 1809 tuam
3638 1753 3926 1807 substan-

2206 1863 2344 1916 tiam
2393 1863 2641 1913 coactam
2673 1870 2884 1918 errare,
2917 1866 3089 1922 quam
3121 1863 3306 1901 meam
3340 1843 3679 1899 mutabilem
3713 1845 3929 1912 sponte

2208 1950 2477 2011 deviasse,
2513 1950 2567 2000 et
2590 1959 2758 2015 paena
2790 1956 2978 1995 errare
3009 1937 3322 1993 conﬁtebar
3342 1937 3381 1989 ί.

2281 2043 2368 2093 27.
2405 2039 2469 2091 Et
2498 2050 2651 2088 eram
2684 2035 2849 2086 mtate
2869 2043 3154 2082 annorum
3171 2026 3407 2079 fortasse
3438 2019 3647 2091 viginti
3675 2034 3781 2071 sex
3827 2022 3933 2069 aut

2213 2132 2451 2199 septem,
2483 2140 2610 2177 cum
2643 2122 2740 2175 illa
2786 2120 3080 2172 volumina
3118 2112 3337 2184 scripsi,
3367 2111 3599 2164 volvens
3628 2106 3787 2177 apud
3834 2122 3930 2157 me

2214 2213 2532 2287 corporalia
2560 2212 2853 2281 ﬁgmenta,
2873 2203 3261 2274 obstrepentia
3280 2199 3465 2254 cordis
3485 2197 3598 2251 mei
3633 2194 3892 2249 auribus
3916 2210 3928 2256 ;

2217 2322 2356 2377 quas
2386 2300 2774 2363 intendebam,
2805 2295 2984 2349 dulcis
3014 2292 3241 2353 veritas,
3270 2290 3329 2343 in
3359 2285 3699 2342 interiorem
3734 2282 3931 2337 melo-

2218 2395 2370 2449 diam
2399 2396 2576 2448 tuam.
2608 2387 2862 2456 cogitans
2889 2383 2958 2436 de
2987 2381 3227 2452 pulchro
3273 2382 3328 2431 et
3358 2379 3508 2446 apto,
3552 2379 3608 2427 et
3639 2378 3799 2426 stare
3833 2386 3931 2422 cu-

2218 2482 2382 2554 piens
2409 2484 2464 2533 et
2492 2477 2690 2531 audire
2722 2480 2798 2539 te,
2835 2477 2888 2526 et
2920 2469 3127 2542 gaudio
3160 2467 3407 2538 gaudere
3456 2466 3697 2534 propter
3726 2474 3930 2512 vocem

2221 2569 2414 2642 sponsi
2454 2569 2635 2636 (Joan.
2672 2581 2751 2628 Ill,
2781 2565 2893 2629 ‘29),
2935 2565 2992 2613 et
3022 2574 3135 2612 non
3164 2561 3459 2628 poteram:
3503 2550 3641 2622 quia
3687 2547 3933 2601 vocibus

2224 2657 2432 2714 erroris
2462 2654 2575 2709 mei
2605 2652 2869 2722 rapiebar
2898 2650 3068 2713 foras,
3097 2650 3153 2700 et
3184 2644 3433 2715 pondere
3465 2638 3755 2710 superbiae
3790 2652 3937 2690 meae

2226 2748 2285 2802 in
2314 2748 2427 2799 ima
2457 2742 2804 2798 decidebam.
2842 2740 2968 2792 Non
2999 2736 3153 2791 enim
3182 2735 3356 2788 dabas
3385 2728 3606 2784 auditui
3642 2742 3777 2780 meo
3802 2740 3940 2796 gau-

2227 2838 2385 2892 dium
2416 2838 2472 2888 et
2496 2831 2776 2895 laetitiam,
2806 2833 2903 2883 aut
2932 2825 3293 2880 exsultabant
3322 2836 3447 2875 ossa
3477 2834 3627 2884 mea,
3659 2832 3798 2887 quae
3825 2815 3936 2867 hu-

2230 2925 2446 2980 miliata
2475 2938 2587 2975 non
2616 2923 2777 2973 erant
2806 2917 2972 2987 (Psal.
3002 2932 3040 2981 r,
3072 2915 3172 2977 tO).

2880 3003 3103 3059 CAPUT
3132 3001 3264 3057 XVI.

2235 3102 2545 3172 Categorias
2570 3096 2885 3153 Aristotelis
2915 3098 2964 3147 et
2994 3091 3295 3146 liberalium
3323 3088 3527 3141 artium
3568 3084 3738 3138 libros
3758 3098 3865 3151 per
3892 3097 3945 3134 sr

2942 3181 3226 3234 intellexit.

2307 3283 2395 3333 28.
2426 3279 2493 3332 Et
2517 3274 2656 3347 quid
2682 3270 2826 3326 mihi
2853 3270 3125 3341 proderat
3154 3265 3306 3336 quod
3351 3279 3529 3318 annos
3560 3264 3734 3314 natus
3765 3258 3946 3312 ferme

2239 3368 2463 3440 viginti,
2524 3379 2654 3419 cum
2703 3361 2763 3415 in
2812 3373 3017 3413 manus
3058 3370 3215 3409 meas
3251 3352 3540 3407 venissent
3582 3348 3949 3403 Aristotelica

2243 3438 2530 3531 quaedam,
2564 3468 2707 3522 quas
2738 3448 3026 3520 appellant
3070 3445 3266 3497 decem
3304 3438 3663 3509 Categorias;
3699 3452 3949 3507 quarum

2243 3544 2497 3609 nomine,
2530 3556 2660 3595 cum
2685 3554 2778 3592 eas
2790 3537 2984 3591 rhetor
3011 3529 3471 3601 Carthaginensis
3491 3527 3767 3597 magister
3788 3541 3950 3579 meus

2245 3634 2436 3691 buccis
2482 3630 2659 3701 typho
2700 3624 3060 3697 crepantibus
3102 3620 3595 3681 commemoraret,
3630 3619 3686 3668 et
3706 3613 3807 3667 alii
3852 3613 3951 3683 qui

2250 3723 2398 3781 docti
2423 3720 2799 3783 habebantur,
2831 3719 3106 3784 tanquam
3130 3711 3190 3764 in
3215 3707 3404 3762 nescio
3435 3705 3573 3776 quid
3596 3719 3882 3773 magnum
3900 3706 3951 3755 et

2252 3813 2507 3870 divinum
2539 3820 2843 3877 suspensus
2872 3801 3165 3856 inhiabam
3190 3814 3204 3864 ;
3245 3796 3359 3866 legi
3388 3810 3482 3847 eas
3511 3793 3668 3846 solus
3703 3796 3762 3845 et
3788 3790 3953 3843 intel-

2253 3901 2410 3957 lexi?
2433 3900 2581 3963 Quas
2620 3909 2750 3949 cum
2788 3889 3150 3945 contulissem
3176 3901 3306 3940 cum
3338 3883 3419 3937 eis
3458 3881 3557 3952 qui
3586 3896 3646 3933 se
3690 3878 3959 3933 dicebant

2256 3990 2346 4045 vix
2390 4004 2499 4050 eas,
2547 3979 2836 4054 magistris
2855 3973 3274 4040 eruditissimis,
3305 3988 3421 4025 non
3446 3966 3820 4041 loquentibus
3842 3971 3959 4019 tan-

2259 4086 2403 4141 tum,
2433 4075 2527 4129 sed
2557 4073 2735 4127 multa
2753 4070 2813 4122 in
2836 4067 3063 4140 pulvere
3094 4059 3552 4134 depingentibus,
3583 4055 3957 4119 intellexisse;

2260 4167 2405 4223 nihil
2435 4164 2569 4219 inde
2600 4159 2754 4216 aliud
2784 4154 2925 4211 mihi
2956 4154 3141 4208 dicere
3172 4152 3504 4222 potuerunt,
3539 4160 3715 4216 quam
3743 4159 3854 4213 ego
3884 4160 3956 4194 so-

2263 4257 2351 4311 lus
2377 4252 2528 4325 apud
2549 4249 2829 4319 meipsum
2863 4246 3059 4314 legens
3088 4252 3488 4310 cognoveram,
3521 4238 3578 4288 et
3600 4232 3742 4287 satis
3773 4237 3965 4300 aperte

2267 4320 2774 4399 mihi—videbantur
2802 4335 3104 4404 loquentes
3144 4329 3214 4391 de
3265 4320 3621 4384 substantiis,
3675 4320 3848 4373 sicuti
3891 4324 3969 4371 est

2268 4435 2441 4488 homo
2470 4447 2483 4497 ;
2520 4433 2577 4482 et
2606 4442 2735 4498 qua:
2766 4424 2825 4478 in
2855 4421 2969 4475 illis
2996 4422 3204 4484 essent,
3245 4413 3410 4469 sicuti
3452 4416 3536 4465 est
3564 4410 3755 4479 ﬁgura
3784 4406 3968 4461 homi-

2270 4521 2393 4586 nis;
2424 4516 2609 4590 qualis
2639 4514 2712 4568 sit
2740 4518 2796 4566 et
2825 4515 3057 4572 statura,
3092 4509 3233 4578 quot
3260 4503 3470 4575 pedum
3500 4498 3572 4553 sit
3603 4515 3616 4564 ;
3657 4503 3718 4551 et
3765 4512 3968 4566 cogna-

2270 4584 2462 4671 110,06
2464 4608 2559 4677 jus
2574 4605 2748 4659 frater
2767 4602 2839 4655 sit
2861 4617 2874 4667 ;
2900 4602 2994 4652 aut
3017 4595 3113 4650 ubi
3136 4594 3209 4649 sit
3227 4591 3570 4647 constitutus
3592 4604 3605 4653 ;
3632 4590 3733 4640 aut
3746 4584 3995 4656 quando

2272 4702 2441 4754 natus
2507 4698 2604 4749 aut
2632 4693 2873 4756 stet,aut
2899 4687 3132 4751 sedeat;
3165 4687 3263 4737 aut
3291 4680 3571 4735 calceatus
3600 4676 3691 4729 vel
3725 4680 3973 4728 armatus

2278 4788 2351 4843 sit
2375 4807 2391 4855 ;
2421 4790 2521 4840 aut
2549 4780 2766 4853 aliquid
2785 4777 2988 4842 faciat;
3020 4778 3119 4828 aut
3147 4772 3396 4843 patiatur
3424 4764 3637 4836 aliquid
3664 4784 3678 4817 :
3716 4768 3774 4817 et
3824 4778 3975 4834 quai—

2279 4890 2523 4947 cumque
2543 4874 2602 4927 in
2624 4852 2712 4925 his
2734 4881 2939 4923 novem
2960 4861 3285 4935 generibus,
3310 4871 3554 4928 quorum
3577 4852 3835 4923 exempli
3856 4867 3975 4921 gra-

2280 4966 2357 5021 tia
2384 4963 2644 5035 quaedam
2689 4954 2879 5028 posui,
2912 4953 2999 5007 vel
3028 4952 3090 5005 in
3128 4949 3252 5020 ipso
3285 4942 3618 5001 substantia:
3649 4956 3869 5013 genere
3896 4939 3976 4991 in-

2284 5050 2664 5109 numerabilia
2694 5043 3086 5116 reperiuntur.

2354 5146 2442 5197 29.
2464 5138 2609 5205 Quid
2630 5138 2739 5190 hoc
2756 5132 2900 5188 mihi
2925 5129 3219 5201 proderat,
3248 5121 3481 5195 quando
3513 5124 3570 5173 et
3585 5118 3792 5173 oberat
3812 5120 3843 5173 ?
3867 5131 3983 5171 cum

2286 5231 2456 5286 etiam
2477 5234 2552 5294 te,
2598 5227 2745 5280 Deus
2777 5236 2938 5275 meus
2970 5213 3310 5273 mirabiliter
3345 5207 3665 5279 simplicem
3695 5212 3875 5277 atque
3902 5205 3983 5257 in-

2288 5313 2774 5377 commutabilem,
2824 5308 2937 5363 illis
3003 5306 3200 5360 decem
3255 5294 3723 5372 praedicamentis
3792 5300 3989 5366 putans

2292 5404 2571 5480 quidquid
2604 5404 2751 5456 esset
2776 5397 3010 5453 omnino
3041 5391 3541 5462 comprehensum,
3566 5384 3649 5438 sic
3676 5384 3989 5455 intelligere

2360 5535 2370 5566 ι
2403 5529 2552 5587 Edd.,
2576 5540 2707 5590 pene
2731 5535 2918 5575 errare
2952 5516 3248 5580 Con/ilebar,
3294 5511 3573 5561 manifele
3610 5509 3786 5571 lapsu.
