4058 6378
134 359 229 407 702'.
1575 355 1781 410 LIBER
1856 354 2189 419 QUINTUS.

135 497 389 548 conarer,
423 480 585 550 quasi
622 484 678 533 et
704 483 761 532 tu
794 478 1074 547 subjectus
1104 491 1254 528 esses
1291 475 1677 544 magnitudini
1706 481 1819 529 tua:

134 574 233 624 aut
261 569 686 641 pulchritudini,
720 573 786 623 ut
810 568 904 621 illa
944 570 1133 619 essent
1161 564 1222 618 in
1252 569 1305 618 te
1338 565 1501 636 quasi
1536 564 1596 618 in
1637 566 1826 635 subje-

137 665 244 719 cto,
270 660 414 711 sicut
439 658 500 712 in
528 672 794 727 corpore;
834 671 965 708 cum
996 660 1094 707 tua
1126 654 1463 724 magnitudo
1495 660 1551 707 et
1579 658 1673 707 tua
1702 657 1827 724 pul-

136 747 395 800 chritudo
424 752 485 800 tu
516 746 634 815 ipse
657 745 759 797 sis:
787 760 987 814 corpus
1019 749 1209 797 autem
1232 759 1343 796 non
1376 758 1440 795 eo
1463 742 1536 795 sit
1557 760 1828 812 magnum

137 840 191 889 et
216 835 516 904 pulchrum
548 850 661 904 quo
682 849 885 904 corpus
915 838 1029 898 est;
1058 830 1191 902 quia
1219 832 1323 884 etsi
1344 831 1534 885 minus
1558 849 1829 903 magnum

136 929 192 976 et
234 923 425 976 minus
453 924 753 991 pulchrum
805 925 972 989 esset,
1016 920 1397 973 nihilominus
1433 936 1635 991 corpus
1662 926 1827 975 esset.

137 1012 370 1066 Falsitas
402 1010 554 1064 enim
572 1015 692 1064 erat
709 1026 882 1081 quam
910 1010 977 1063 de
1001 1013 1056 1062 te
1078 1008 1420 1079 cogitabam,
1461 1026 1578 1063 non
1605 1010 1827 1075 veritas;

135 1105 191 1155 et
213 1098 486 1168 ﬁgmenta
514 1098 758 1151 miseriae
790 1113 950 1161 mete,
983 1113 1099 1151 non
1132 1098 1497 1151 firmamenta
1527 1098 1830 1152 beatitudi-

135 1188 225 1241 nis
255 1194 389 1242 tuee.
428 1188 681 1240 Jusseras
720 1186 897 1251 enim,
930 1191 988 1239 et
1030 1185 1106 1237 ita
1133 1185 1303 1237 fiebat
1332 1185 1391 1238 in
1425 1201 1536 1249 me,
1573 1191 1635 1238 ut
1684 1190 1860 1268 terra.

135 1276 329 1347 spinas
356 1281 410 1329 et
439 1275 676 1329 tribulos
698 1280 925 1345 pareret
962 1274 1125 1337 mihi,
1162 1280 1215 1327 et
1247 1290 1378 1327 cum
1412 1275 1605 1327 labore
1629 1290 1832 1345 perve-

134 1366 321 1418 nirem
352 1364 418 1417 ad
451 1379 657 1433 panem
688 1379 881 1416 meum
913 1364 1059 1432 (Gen.
1096 1379 1177 1427 111,
1214 1365 1297 1427 18,
1334 1365 1444 1429 l9).

207 1456 297 1507 30.
322 1453 385 1505 Et
411 1452 548 1522 quid
571 1450 714 1504 mihi
739 1450 1010 1519 proderat
1031 1450 1184 1520 quod
1204 1465 1401 1503 omnes
1423 1450 1598 1503 libros
1628 1450 1834 1503 artium

134 1555 279 1609 quas
308 1541 569 1593 liberales
598 1545 820 1598 vocant,
851 1544 987 1592 tunc
1028 1539 1411 1609 nequissimus
1438 1541 1716 1593 malarum
1740 1556 1836 1593 cu-

133 1629 444 1698 piditatum
474 1645 668 1683 servus
699 1644 800 1698 per
823 1628 1103 1697 meipsum
1136 1627 1245 1697 legi
1275 1634 1333 1681 et
1360 1627 1632 1695 intellexi,
1663 1644 1838 1698 quos-

132 1733 383 1787 cumque
416 1718 601 1786 legere
636 1716 833 1787 potui?
865 1718 925 1769 Et
957 1716 1275 1785 gaudebam
1310 1714 1370 1768 in
1396 1715 1497 1781 eis,
1533 1722 1588 1769 et
1625 1717 1842 1769 nescie-

134 1806 266 1858 bam
300 1806 449 1859 unde
490 1810 635 1859 esset
671 1804 955 1875 quidquid
986 1804 1064 1857 ibi
1094 1819 1292 1857 verum
1323 1810 1379 1857 et
1421 1808 1639 1857 certum
1673 1807 1835 1857 esset.

135 1895 385 1946 Dorsum
419 1894 572 1946 enim
596 1893 874 1945 habebam
907 1893 975 1945 ad
999 1894 1214 1957 lumen,
1263 1896 1318 1944 et
1346 1891 1419 1945 ad
1446 1908 1509 1945 ea
1550 1908 1678 1962 quae
1709 1892 1841 1945 illu-

135 1981 457 2046 minantur,
490 1980 723 2034 faciem:
760 1980 913 2033 unde
944 1980 1067 2049 ipsa
1088 1980 1259 2033 facies
1286 1996 1433 2044 mea,
1480 1995 1594 2049 qua
1624 1979 1838 2033 illumi-

134 2074 272 2121 nata
302 2069 622 2122 cernebam.
656 2085 772 2130 non
808 2068 1261 2121 illuminabatur.
1300 2067 1587 2136 Quidquid
1618 2067 1685 2121 de
1717 2074 1838 2121 arte

136 2157 416 2227 loquendi
464 2161 520 2210 et
564 2157 897 2221 disserendi,
951 2156 1231 2227 quidquid
1278 2155 1346 2209 de
1387 2155 1843 2209 dimensionibus

137 2246 483 2315 ﬁgurarum,
515 2250 571 2299 et
612 2246 679 2299 de
710 2244 940 2298 musicis
987 2249 1045 2298 et
1074 2246 1142 2297 de
1173 2243 1451 2309 numeris,
1486 2243 1605 2297 sine
1638 2260 1845 2313 magna

136 2335 498 2398 difﬁcultate,
525 2334 681 2388 nullo
712 2333 1013 2387 hominum
1033 2334 1292 2387 tradente
1325 2332 1597 2397 intellexi,
1633 2332 1737 2385 scis
1759 2338 1839 2399 tu,

138 2423 385 2476 Domine
426 2424 574 2476 Deus
603 2439 795 2487 meus;
831 2423 965 2493 quia
992 2427 1048 2475 et
1076 2422 1333 2475 celeritas
1364 2422 1743 2492 intelligendi,
1792 2426 1847 2475 et

139 2512 485 2582 dispiciendi
508 2528 746 2565 acumen
776 2513 815 2576 ¹,
850 2512 1066 2565 donum
1094 2516 1256 2564 tuum
1289 2516 1408 2563 est:
1444 2511 1540 2563 sed
1568 2526 1682 2562 non
1713 2509 1844 2563 inde

138 2600 533 2653 sacriticabam
564 2600 687 2653 tibi.
733 2601 926 2669 Itaque
978 2599 1121 2652 mihi
1152 2616 1265 2652 non
1316 2600 1385 2652 ad
1425 2615 1612 2661 usum,
1648 2600 1740 2651 sed
1779 2599 1845 2652 ad

136 2690 455 2759 perniciem
478 2689 659 2758 magis
685 2689 922 2747 valebat,
945 2688 1081 2757 quia
1104 2692 1219 2740 tam
1243 2688 1451 2740 bonam
1476 2693 1695 2756 partem
1722 2687 1848 2739 sub-

140 2777 368 2829 stantias
406 2792 550 2829 111010
581 2775 760 2844 sategi
792 2776 999 2828 habere
1030 2775 1089 2827 in
1130 2779 1434 2843 potestate:
1470 2779 1526 2827 et
1563 2773 1851 2826 fortitudi-

139 2880 279 2917 nem
304 2880 491 2917 meam
512 2880 627 2917 non
651 2865 722 2916 ad
746 2869 798 2916 te
822 2863 1209 2916 custodiebam
1231 2864 1396 2933 (Psal.
1425 2877 1572 2927 Lvm,
1610 2863 1727 2930 10);
1754 2862 1850 2915 sed

139 2954 431 3023 profectus
452 2968 577 3005 sum
610 2952 707 3005 abs
748 2957 801 3005 te
834 2951 895 3005 in
926 2951 1303 3021 longinquam
1321 2950 1854 3019 regionem,uteam

140 3042 485 3110 dissiparem
508 3040 569 3093 in
601 3040 926 3093 meretrices
956 3039 1329 3109 cupiditates2
1350 3039 1505 3106 (Luc.
1530 3055 1620 3102 xv,
1651 3041 1734 3105 l2,
1764 3042 1848 3105 l3,

209 3150 223 3181 ¹
256 3148 316 3194 111
334 3147 719 3209 antiquioribus
742 3148 1079 3200 editionibus,
1098 3146 1347 3194 discendi.
1370 3146 1489 3193 Lov.
1516 3150 1566 3193 et
1584 3146 1726 3200 Arn.,
1747 3144 1853 3193 dis-

146 3209 401 3271 putandi.
428 3212 491 3256 At
516 3211 568 3256 in
587 3211 705 3257 Mss.
730 3210 985 3270 pluribus,
1001 3209 1324 3270 dispiciendi
1343 3222 1580 3267 acumen,
1604 3221 1722 3270 qua:
1745 3221 1855 3269 ger-

152 3286 315 3318 mana
347 3272 498 3318 lectio
523 3272 629 3319 visa
666 3277 759 3319 est.

216 3334 237 3366 2
272 3334 393 3380 Lov.
417 3348 536 3381 cum
566 3334 951 3395 antiquioribus
976 3331 1858 3395 editionibusmteretriciascupidi-

3536 364 3636 412 7m;

1938 479 2044 545 30).
2075 478 2210 529 Nam
2233 475 2367 545 quid
2385 475 2799 546 mihiproderat
2817 476 3092 545 bonares,
3112 495 3224 532 non
3251 480 3433 533 utenti
3456 480 3639 535 bene?

1939 567 2059 619 Non
2091 566 2244 618 enim
2276 565 2590 618 sentiebam
2622 566 2745 618 illas
2787 571 2933 619 artes
2976 566 3149 619 etiam
3183 566 3250 620 ab
3288 568 3554 621 studiosis
3585 574 3642 623 et

1936 654 2243 723 ingeniosis
2270 653 2596 706 difficillime
2636 653 2900 725 intelligi,
2954 655 3064 708 nisi
3112 671 3241 709 cum
3281 654 3361 707 eis
3413 657 3639 710 easdem

1939 742 2182 796 conabar
2238 758 2549 811 exponere;
2610 747 2666 795 et
2723 747 2842 797 erat
2890 743 2982 796 ille
3035 745 3541 797 excellentissimus
3581 745 3640 798 in

1940 831 2040 890 eis,
2074 831 2173 902 qui
2204 848 2294 884 me
2325 846 2705 900 exponentem
2726 848 2839 884 non
2868 831 3083 886 tardius
3114 837 3466 903 sequeretur.

2013 922 2097 973 3|.
2140 919 2243 973 Sed
2276 920 2417 990 quid
2456 919 2597 973 mihi
2624 919 2729 973 1100
2759 920 3045 990 proderat,
3092 921 3321 990 putanti
3372 921 3523 991 quod
3556 924 3638 987 tu,

1944 1010 2182 1064 Domine
2216 1012 2362 1064 Deus
2392 1010 2617 1076 veritas,
2636 1026 2841 1080 corpus
2863 1027 3010 1064 esses
3034 1011 3284 1065 lucidum
3312 1015 3367 1064 et
3396 1012 3639 1067 immen-

1943 1113 2090 1163 sum,
2125 1103 2181 1151 et
2209 1114 2312 1167 ego
2342 1097 2587 1151 frustum
2614 1100 2679 1153 de
2715 1099 2810 1152 illo
2842 1100 3111 1169 corpore?
3147 1100 3328 1153 Nimia
3357 1101 3640 1170 perversi-

1942 1185 2054 1239 tasl
2099 1186 2195 1238 sed
2218 1186 2294 1237 sic
2325 1202 2499 1239 eram.
2547 1187 2657 1240 Nec
2701 1188 2990 1253 erubesco,
3045 1188 3191 1241 Deus
3236 1205 3416 1248 meus,
3465 1190 3641 1242 conti-

1942 1274 2052 1327 teri
2081 1274 2183 1327 tibi
2212 1274 2268 1327 in
2304 1290 2392 1327 me
2432 1275 2845 1329 misericordias
2887 1282 3030 1341 tuas,
3063 1282 3119 1329 et
3147 1276 3408 1330 invocare
3439 1282 3514 1345 te,
3541 1275 3640 1348 qui

1944 1378 2061 1416 non
2082 1362 2283 1415 erubui
2303 1367 2433 1415 tunc
2450 1363 2709 1432 profiteri
2733 1364 3061 1417 hominibus
3072 1364 3453 1434 blasphemias
3469 1381 3645 1432 meas,

1946 1455 1999 1505 et
2025 1452 2229 1504 latrare
2261 1451 2561 1506 adversum
2592 1457 2664 1505 te.
2700 1452 2844 1516 Quid
2876 1470 3013 1523 ergo
3046 1452 3185 1506 mihi
3217 1459 3351 1507 tunc
3380 1453 3651 1523 proderat

1944 1537 2239 1608 ingenium
2264 1554 2365 1608 per
2384 1540 2505 1592 illas
2526 1540 2810 1594 doctrinas
2837 1542 3007 1610 agile,
3039 1546 3095 1594 et
3119 1543 3273 1595 nullo
3301 1542 3648 1595 adminiculo

1947 1627 2184 1681 humani
2225 1628 2536 1698 magisterii
2575 1634 2657 1682 tot
2687 1629 3051 1684 nodosissimi
3075 1629 3206 1683 libri
3235 1630 3482 1691 enodati,
3519 1646 3649 1683 cum

1949 1717 2281 1771 deformiter
2302 1722 2357 1770 et
2379 1718 2649 1789 sacrilega
2672 1718 3029 1788 turpitudine
3048 1718 3106 1771 in
3134 1717 3390 1771 doctrina
3421 1718 3648 1787 pietatis

1950 1806 2238 1859 errarem?
2267 1808 2380 1858 Aut
2410 1806 2547 1876 quid
2578 1812 2800 1859 tantum
2832 1806 3027 1859 eberat
3056 1805 3306 1874 parvulis
3335 1805 3446 1858 tuis
3479 1806 3647 1875 longe

1949 1893 2164 1947 tardius
2206 1893 2523 1963 ingenium,
2572 1910 2703 1947 cum
2725 1912 2757 1947 a
2787 1899 2839 1947 te
2868 1895 3031 1963 longe
3064 1910 3173 1947 non
3206 1893 3558 1962 recederent,
3588 1898 3652 1946 ut

1952 1982 2011 2035 in
2048 1981 2184 2034 nido
2220 1981 2476 2035 Ecclesiae
2514 1986 2627 2035 tua:
2668 1982 2777 2036 tuti
2816 1982 3256 2052 plumescerent,
3292 1986 3348 2035 et
3375 1982 3490 2034 alas
3520 1982 3652 2034 cha-

1952 2070 2128 2123 ritatis
2160 2070 2429 2123 alimento
2460 2087 2611 2123 sanae
2636 2070 2770 2123 ﬁdei
2803 2070 3121 2123 nutrirent?
3152 2071 3194 2124 Ο
3221 2070 3476 2131 Domine,
3509 2071 3655 2123 Deus

1952 2162 2164 2221 noster,
2198 2157 2256 2211 in
2289 2159 2604 2211 velamento
2636 2159 2858 2211 alarum
2889 2163 3117 2211 tuarum
3149 2174 3441 2227 speremus
3469 2159 3645 2225 (Psal.

1954 2262 2082 2310 an,
2115 2248 2197 2315 8);
2233 2251 2287 2299 et
2318 2251 2551 2316 protege
2591 2262 2713 2311 nos,
2760 2250 2817 2300 et
2845 2250 3003 2316 porta
3049 2262 3167 2299 nos.
3203 2248 3283 2299 'l‘u
3315 2246 3567 2315 portabis
3601 2251 3657 2300 et

1954 2335 2239 2404 parvulos,
2267 2339 2321 2386 et
2356 2334 2618 2404 usquead
2648 2350 2819 2387 canos
2853 2341 2913 2388 tu
2944 2334 3186 2404 portabis
3217 2336 3366 2400 (lsai.
3401 2350 3542 2395 XLVI,
3568 2335 3652 2404 1i):

1955 2421 2228 2492 quoniam
2261 2422 2499 2475 firmitas
2526 2427 2717 2476 nostra
2744 2424 2972 2493 quando
3007 2427 3061 2475 tu
3098 2439 3175 2490 es,
3204 2426 3338 2475 111110
3368 2428 3451 2475 est
3481 2421 3658 2475 111³1111-

1954 2515 2066 2575 tas;
2101 2526 2229 2563 cum
2261 2516 2448 2563 autem
2476 2516 2666 2564 nostra
2686 2516 2788 2575 est,
2832 2511 3131 2564 infirmitas
3173 2516 3272 2563 est.
3315 2510 3457 2563 Vivit
3493 2510 3653 2579 apud

1955 2604 2009 2651 te
2036 2614 2259 2667 semper
2278 2599 2497 2652 bonum
2524 2605 2809 2665 nostrum;
2841 2605 2897 2652 et
2918 2600 3051 2668 quia
3082 2599 3211 2652 inde
3235 2599 3417 2653 aversi
3440 2616 3657 2665 sumus,

1958 2687 2206 2756 perversi
2223 2703 2438 2740 sumus.
2466 2688 2992 2757 Revertamurjam,
3015 2689 3274 2756 Domine,
3295 2693 3356 2742 ut
3378 2705 3491 2741 non
3510 2704 3661 2741 ever-

1958 2780 2178 2839 tamur;
2220 2775 2355 2840 quia
2386 2775 2521 2829 vivit
2546 2776 2697 2846 apud
2729 2781 2783 2830 te
2814 2777 2934 2829 sine
2966 2778 3122 2830 nullo
3171 2777 3393 2829 defectu
3445 2778 3660 2830 bonum

1961 2868 2239 2929 nostrum,
2291 2864 2443 2933 quod
2476 2868 2536 2917 tu
2568 2865 2688 2932 ipse
2720 2880 2812 2917 es:
2847 2870 2901 2917 et
2931 2880 3042 2917 11011
3075 2864 3379 2917 timemus‘
3416 2880 3504 2918 'ne
3549 2880 3663 2917 non

1962 2949 2035 3003 sit
2059 2967 2171 3020 quo
2204 2951 2521 3017 redeamus,
2548 2953 2679 3021 quia
2708 2969 2812 3005 nos
2834 2952 2967 3005 inde
2999 2951 3247 3017 ruimus;
3277 2951 3440 3004 nobis
3470 2956 3662 3005 autem

1963 3039 2289 3093 absentibus
2320 3056 2434 3093 non
2466 3040 2579 3093 ruit
2606 3040 2807 3093 domus
2838 3044 3031 3093 nostra
3062 3041 3349 3094 aeternitas
3371 3044 3489 3095 tua.

1963 3147 2115 3194 lates.
2140 3145 2203 3192 At
2220 3146 2338 3193 Mss.
2357 3160 2476 3193 cum
2500 3145 2641 3203 Aru.,
2664 3148 2997 3194 mere/lices:
3023 3146 3161 3207 quod
3188 3144 3497 3194 vocabulum
3518 3159 3668 3194 usur-

1963 3208 2451 3270 pavitgAugustiuus
2483 3210 2547 3255 ab
2575 3222 2634 3255 eo
2667 3208 2782 3256 loco
2808 3208 3095 3269 Evangelii,
3124 3208 3185 3255 ad
3219 3222 3374 3269 quem
3399 3207 3602 3255 alludit.

2030 3272 2042 3302 ί
2068 3269 2405 3324 Tiniebtmus,
2435 3270 2583 3331 juxta
2615 3272 2810 3318 Somm.
2841 3271 2964 3318 Lov.
2995 3271 3120 3318 Arn.
3153 3271 3302 3317 Mart.
3334 3283 3454 3318 cum
3484 3272 3511 3317 7
3543 3271 3666 3319 Mss.

1965 3335 2018 3380 et
2042 3332 2211 3380 Rond.
2243 3346 2363 3379 cum
2398 3334 2452 3380 13
2480 3334 2608 3380 Mss.
2648 3332 2715 3379 M.

1205 3574 1718 3697 LIBER
1822 3573 2595 3712 QUINTUS.

216 3764 433 3812 Annum
467 3763 634 3811 mtatis
668 3775 776 3809 sum
807 3761 1017 3811 exhibet
1042 3762 1352 3822 vigesimum
1394 3774 1615 3814 nonum,
1648 3774 1753 3822 quo
1788 3760 2003 3815 scilicet,
2021 3762 2285 3821 comperta
2319 3760 2473 3808 fausti
2509 3760 2782 3808 Manicluei
2817 3760 3093 3823 imperitia,
3126 3762 3456 3825 prepositum
3482 3761 3538 3809 in
3574 3761 3666 3809 illa

152 3840 307 3882 secta
336 3833 643 3895 proﬁciendi
673 3832 889 3893 abjecit;
922 3846 1025 3894 quo
1054 3833 1210 3880 etiam
1242 3833 1423 3889 Roma,
1451 3831 1541 3879 ubi
1585 3835 1711 3878 tunc
1740 3830 2050 3879 rhetoricam
2082 3830 2438 3890 profitebatur,
2469 3829 2660 3877 missus
2705 3829 3060 3878 Mediolanum
3110 3835 3169 3878 ut
3208 3832 3446 3879 eamdem
3495 3838 3659 3881 artem

150 3905 385 3956 doceret.
413 3904 571 3965 ccepit
595 3903 774 3951 audito
798 3903 1073 3951 Ambrosio
1106 3902 1423 3964 resipiscere,
1464 3905 1517 3950 et
1554 3900 1617 3949 de
1653 3900 2049 3948 Manichazismo
2084 3898 2379 3947 abdicando
2406 3912 2614 3947 necnon
2656 3898 2720 3946 de
2764 3901 3046 3961 repetendo
3098 3901 3535 3950 catechumenatu
3570 3904 3661 3952 de-

169 3986 413 4022 cernere.

1758 4093 2070 4102 —__—_——-

731 4194 955 4249 CAPUT
983 4192 1280 4247 PRIMUM.

422 4285 644 4339 Excitat
674 4289 896 4336 mentem
922 4282 996 4335 ad
1023 4285 1187 4335 Deum
1209 4281 1570 4335 laudandum.

241 4376 289 4428 1.
346 4374 549 4443 Accipe
607 4371 943 4425 sacrificium
1000 4370 1419 4423 confessionum
1475 4384 1733 4423 mearum
1790 4368 1859 4422 de

158 4477 339 4515 manu
384 4461 593 4531 linguae
637 4477 801 4525 111010,
848 4476 1020 4530 quam
1066 4459 1324 4512 formasti
1370 4462 1426 4512 et
1471 4456 1742 4526 excitasti,
1798 4460 1862 4509 ut

160 4550 508 4603 confiteatur
541 4549 763 4602 nomini
807 4553 939 4611 tuo;
983 4551 1037 4600 et
1069 4563 1205 4599 sana
1234 4546 1427 4600 omnia
1470 4563 1598 4599 ossa
1626 4562 1773 4610 mea,
1806 4549 1863 4599 et

160 4640 392 4693 dicant:
443 4639 696 4703 Domine,
751 4638 879 4707 quis
909 4636 1110 4689 similis
1162 4636 1306 4690 tibi?
1332 4636 1505 4705 (Psal.
1536 4652 1719 4699 xxxxv,
1757 4635 1860 4701 l0.)

163 4729 366 4797 Neque
398 4728 550 4780 enim
580 4727 740 4781 docet
776 4732 830 4778 te
858 4724 995 4794 quid
1024 4724 1083 4777 in
1131 4740 1190 4776 se
1218 4730 1417 4793 agatur
1437 4723 1533 4794 qui
1558 4722 1662 4777 tibi
1692 4723 1864 4776 conti-

158 4822 347 4875 tetur;
375 4817 509 4885 quia
551 4816 779 4868 oculum
806 4817 971 4866 tuum
1002 4828 1117 4865 non
1168 4812 1416 4865 excludit
1459 4828 1557 4865 cor
1586 4812 1860 4877 clausum,

160 4920 269 4957 nec
301 4919 531 4956 manum
564 4907 720 4955 tuam
747 4902 981 4970 repellit
1023 4899 1232 4954 duritia
1262 4899 1590 4952 hominum:
1625 4899 1723 4952 sed
1753 4900 1863 4953 sol-

159 4992 246 5045 vis
288 5008 435 5055 eam,
477 5007 606 5045 cum
639 4991 812 5055 voles,
867 4994 963 5043 aut
1007 4989 1282 5042 miserans
1313 4993 1410 5041 aut
1446 4988 1764 5055 vindicans;
1810 4992 1867 5041 et

160 5097 279 5133 non
323 5086 406 5132 est
436 5079 534 5150 qui
585 5094 642 5132 se
673 5078 983 5131 abscondat
1024 5094 1055 5131 a
1084 5079 1270 5131 calore
1302 5084 1420 5130 tuo.
1453 5075 1559 5129 Sed
1590 5080 1646 5128 te
1675 5075 1868 5129 laudet

160 5168 360 5222 anima
386 5184 533 5235 mea,
576 5172 640 5221 ut
669 5172 820 5219 amet
846 5172 929 5231 te;
980 5171 1036 5219 et
1064 5166 1401 5219 confiteatur
1430 5164 1531 5217 tibi
1557 5163 1867 5217 miseratio-

160 5274 266 5312 nes
316 5261 462 5320 tuas,
523 5262 587 5310 ut
637 5256 830 5309 laudet
859 5261 934 5308 te.
992 5256 1116 5308 Non
1148 5260 1329 5308 cessat
1357 5270 1460 5307 nec
1503 5257 1649 5307 tacet
1679 5253 1839 5306 laude

160 5351 292 5401 tuas
322 5344 586 5399 universa
611 5350 872 5398 creatura
898 5348 1026 5410 tua;
1070 5359 1174 5396 nec
1202 5342 1438 5412 spiritus
1469 5341 1655 5395 omnis
1685 5338 1868 5393 homi-

164 5436 255 5488 nis
288 5450 390 5502 per
419 5449 479 5485 os
517 5448 855 5487 conversum
883 5432 949 5486 ad
982 5436 1059 5501 te,
1091 5447 1193 5485 nec
1222 5432 1495 5485 animalia
1532 5446 1635 5484 nec
1666 5444 1868 5499 corpo-

164 5523 311 5576 ralia
342 5537 444 5591 per
488 5538 549 5575 os
599 5521 1083 5576 considerantium
1114 5535 1213 5585 ea;
1258 5523 1323 5573 ut
1354 5522 1619 5589 exsurgat
1664 5518 1721 5572 in
1758 5522 1812 5570 te
1840 5533 1873 5571 a

161 5610 504 5665 lassitudine
537 5610 728 5665 anima
766 5615 980 5677 nostra,
1025 5608 1277 5664 innitens
1306 5607 1386 5663 eis
1424 5624 1549 5679 quae
1577 5607 1782 5675 fecisti,
1816 5610 1872 5661 et

1968 4190 2251 4245 transiens
2278 4190 2347 4245 ad
2372 4194 2426 4245 te
2457 4189 2556 4261 qui
2590 4190 2770 4245 fecisti
2797 4190 2916 4244 haec
2941 4189 3317 4245 mirabiliter:
3361 4195 3417 4246 et
3467 4191 3546 4245 ibi
3576 4209 3665 4246 re-

1970 4280 2137 4336 fectio
2172 4285 2226 4334 et
2250 4296 2382 4335 vera
2407 4279 2701 4334 fortitudo.

2660 4369 2884 4423 CAPUT
2924 4370 2991 4423 II.

1970 4460 2068 4512 Dei
2087 4460 2427 4528 praesentiam
2451 4460 2664 4525 iniquos
2694 4474 2797 4511 non
2825 4457 3086 4526 effugere:
3122 4460 3308 4527 itaque
3327 4458 3401 4513 ad
3430 4473 3547 4511 eum
3579 4458 3671 4511 de-

2622 4548 2739 4600 bere
2764 4549 3018 4600 converti.

2040 4637 2091 4689 2.
2136 4636 2277 4689 Eant
2322 4639 2379 4689 et
2424 4634 2648 4705 fugiant
2690 4639 2800 4688 ate
2851 4633 3098 4704 inquieti
3140 4639 3197 4688 et
3235 4634 3459 4706 iniqui:
3510 4638 3569 4689 et
3613 4638 3672 4687 tu

1971 4722 2126 4776 vides
2158 4739 2272 4790 eos,
2299 4728 2354 4776 et
2383 4722 2684 4793 distinguis
2717 4723 2976 4789 umbras;
3017 4728 3074 4776 et
3108 4739 3232 4776 ecce
3269 4725 3508 4794 pulchra
3539 4728 3675 4777 sunt

1974 4826 2103 4864 cum
2130 4811 2210 4864 eis
2241 4811 2453 4876 omnia,
2486 4815 2541 4864 et
2570 4811 2677 4881 ipsi
2720 4816 2912 4881 turpes
2967 4816 3119 4865 sunt.
3166 4813 3231 4865 Et
3274 4813 3413 4883 quid
3464 4805 3672 4866 nocue-

1973 4902 2107 4952 runt
2136 4898 2279 4952 tibi?
2304 4903 2403 4953 aut
2449 4898 2509 4953 in
2553 4915 2665 4969 quo
2704 4898 3012 4969 imperium
3057 4904 3221 4953 tuum
3269 4901 3679 4954 dehonestave-

1974 4991 2127 5053 runt,
2160 5003 2191 5041 a
2221 4986 2372 5041 caelis
2400 5003 2580 5057 usque
2611 4987 2669 5040 in
2694 4986 2997 5040 novissima
3017 4987 3239 5057 justum
3262 4993 3316 5042 et
3346 4988 3675 5058 integrum?

1976 5074 2098 5137 Quo
2148 5075 2302 5128 enim
2350 5075 2640 5145 fugerunt,
2690 5091 2820 5128 cum
2860 5075 3124 5146 fugerent
3173 5093 3203 5129 a
3235 5076 3373 5129 facie
3417 5075 3551 5129 tua?
3580 5078 3679 5128 aut

1976 5164 2073 5217 ubi
2102 5169 2164 5217 tu
2191 5180 2307 5217 non
2356 5164 2574 5217 invenis
2603 5166 2742 5218 eos?
2772 5164 2880 5219 Sed
2926 5167 3217 5234 fugerunt,
3270 5170 3333 5219 ut
3373 5180 3486 5216 non
3521 5163 3675 5215 vide-

1976 5257 2104 5305 rent
2131 5257 2184 5305 te
2214 5253 2500 5307 videntem
2529 5270 2608 5318 se,
2628 5258 2795 5324 atque
2819 5252 3081 5307 excaecati
3112 5253 3169 5306 in
3199 5257 3253 5305 te
3284 5251 3637 5304 offenderent
3662 5268 3676 5317 ;

1978 5340 2113 5411 quia
2142 5357 2258 5395 non
2290 5342 2502 5396 deseris
2531 5343 2746 5413 aliquid
2777 5358 2977 5396 eorum
3008 5357 3137 5412 quae
3170 5339 3385 5393 fecisti:
3418 5338 3478 5391 in
3507 5342 3559 5391 te
3591 5338 3678 5392 of-

1976 5428 2277 5484 fenderent
2305 5430 2521 5501 injusti,
2569 5436 2624 5484 et
2660 5433 2811 5503 juste
2841 5430 3246 5494 vexarentur‘;
3279 5426 3679 5482 subtrahentes

2045 5552 2308 5616 ‘ItaCdd.
2336 5553 2592 5616 plerique,
2613 5556 2664 5616 et
2685 5550 3223 5616 elegantiusvidetur,
3249 5561 3411 5616 quam
3430 5549 3492 5607 si,
3524 5554 3679 5612 rupto

1976 5614 2178 5678 periodi
2198 5609 2354 5673 nexu,
2387 5609 2524 5663 nov'a
2551 5609 3051 5676 incipiat‘sententia
3064 5612 3163 5658 hoc
3181 5609 3340 5657 modo
3364 5624 3374 5657 :
3395 5613 3455 5659 in
3479 5616 3524 5661 te
3538 5609 3677 5675 o/ien
