4058 6362
429 324 532 377 707

434 460 492 497 se
523 441 742 497 lenitati
768 445 904 506 tuas,
934 444 990 494 et
1020 438 1370 493 oﬂ‘endentes
1409 436 1469 492 in
1504 436 1906 494 rectitudinem
1945 442 2128 504 tuam,

434 536 491 585 et
514 530 777 585 cadentes
800 529 859 583 in
898 527 1261 599 asperitatem
1298 527 1520 582 suam’.
1564 526 1832 580 Videlicet
1872 526 2135 581 nesciunt

434 619 585 691 quod
607 617 818 689 ubique
848 616 944 683 sis,
976 632 1147 687 quem
1184 615 1378 669 nullus
1415 614 1825 669 circumscribit
1857 614 2034 678 locus,
2077 620 2133 668 et

434 708 592 761 solus
622 722 681 760 es
710 721 984 777 praesens,
1027 704 1199 758 etiam
1227 702 1297 757 iis
1324 703 1423 774 qui
1453 703 1619 774 longe
1648 702 1796 757 fiunt
1824 720 1857 757 a
1884 707 1958 757 te.
1988 705 2133 758 Con-

433 799 728 850 vertantur
756 810 892 864 ergo
924 797 980 846 et
1019 796 1281 863 quaerant
1303 797 1376 856 te,
1412 790 1549 863 quia
1576 808 1692 846 non
1723 791 1869 847 sicut
1893 792 2001 862 ipsi
2029 792 2125 846 de-

436 886 738 938 seruerunt
776 886 1090 936 creatorem
1130 896 1320 946 suum,
1361 880 1441 934 ita
1468 884 1524 934 et
1550 884 1614 935 tu
1643 880 1944 935 deseruisti
1972 897 2131 935 crea-

434 978 622 1027 turam
650 976 825 1026 tuam.
846 969 963 1041 Ipsi
986 973 1413 1038 convertantur,
1445 974 1501 1023 et
1528 975 1790 1040 quaerant
1808 973 1892 1036 te;
1924 974 1982 1024 et
2006 986 2133 1025 ecce

434 1060 515 1115 ibi
544 1076 603 1114 es
632 1059 691 1113 in
717 1057 886 1113 corde
932 1072 1153 1122 eorum,
1202 1056 1264 1110 in
1300 1056 1468 1111 corde
1498 1055 1893 1110 confitentium
1921 1056 2048 1123 tibi,
2080 1062 2138 1111 et

435 1148 863 1219 projicientium
894 1162 952 1200 se
984 1146 1043 1200 in
1071 1150 1147 1211 te,
1178 1149 1237 1200 et
1253 1144 1605 1216 plorantium
1635 1144 1695 1197 in
1723 1144 1850 1198 sinu
1879 1148 1979 1198 tuo
2006 1151 2137 1214 post

435 1236 555 1291 vias
580 1252 711 1291 suas
735 1234 1031 1290 difﬁciles:
1063 1238 1120 1288 et
1147 1238 1206 1287 tu
1248 1232 1425 1286 facilis
1466 1236 1695 1302 tergens
1732 1233 2009 1303 lacrymas
2039 1249 2135 1287 eo-
2196 1228 2215 1240 ’

436 1340 603 1392 rum;
633 1329 689 1379 et
737 1324 917 1395 magis
964 1323 1193 1393 plorant
1221 1325 1277 1375 et
1320 1319 1573 1391 gaudent
1595 1321 1655 1374 in
1698 1320 1945 1389 fletibus,
1993 1338 2133 1392 quo-

439 1413 596 1468 niam
622 1418 705 1479 tu,
742 1412 999 1477 Domine,
1032 1426 1145 1464 non
1185 1408 1391 1480 aliquis
1429 1408 1603 1464 homo
1633 1425 1762 1463 caro
1790 1414 1846 1463 et
1868 1410 2133 1481 sanguis;

440 1501 537 1556 sed
557 1507 640 1568 tu,
689 1501 948 1565 Domine,
993 1498 1091 1571 qui
1130 1498 1327 1562 fecisti,
1372 1499 1556 1552 reficis
1587 1502 1642 1552 et
1675 1498 1983 1552 consolaris
2008 1516 2128 1553 eos.

438 1594 503 1646 Et
534 1590 628 1645 ubi
668 1606 772 1661 ego
821 1605 995 1653 eram,
1048 1587 1275 1657 quando
1304 1591 1358 1640 te
1405 1587 1771 1658 quaerebam?
1802 1588 1867 1641 Et
1905 1591 1965 1641 tu
2015 1603 2138 1640 eras

439 1684 569 1734 ante
598 1695 722 1745 me;
745 1693 849 1747 ego
889 1681 1081 1730 autem
1118 1679 1174 1728 et
1200 1691 1234 1729 a
1258 1691 1350 1729 me
1378 1676 1765 1742 discesseram,
1795 1691 1899 1730 nec
1925 1690 2018 1729 me
2049 1674 2135 1729 in-

434 1765 763 1831 veniebam;
785 1767 998 1835 quanto
1029 1762 1223 1816 minus
1253 1763 1347 1815 te?

1108 1850 1331 1904 CAPUT
1370 1850 1462 1903 III.

442 1948 511 1999 De
540 1945 733 1997 Fausto
757 1941 1069 2002 manichwo,
1110 1944 1160 1992 et
1197 1939 1263 1992 de
1297 1938 1737 2007 philosophorum
1773 1941 2007 1993 excitate
2044 1940 2141 2006 qui

654 2047 754 2101 per
785 2034 1060 2083 creaturas
1090 2029 1389 2084 Creatorem
1416 2043 1521 2081 non
1544 2031 1918 2096 cegnoverunt.

510 2124 559 2175 3.
603 2119 922 2189 Proloquar
950 2116 1011 2169 in
1056 2120 1361 2185 conspectu
1413 2114 1512 2169 Dei
1550 2115 1663 2169 mei
1710 2130 1925 2169 annum
1975 2114 2136 2167 illum

440 2205 953 2275 undetrigesimum
985 2201 1170 2255 aetatis
1208 2217 1369 2254 mete.
1410 2201 1534 2254 Jam
1578 2205 1809 2255 venerat
1843 2200 2136 2268 Carthagi-

437 2312 572 2350 nem
613 2294 848 2365 quidam
891 2289 1333 2346 Manicbworum
1377 2287 1695 2360 episcopus,
1758 2289 1991 2342 Faustus
2041 2303 2138 2340 no-

437 2383 609 2445 mine,
640 2396 885 2451 magnus
915 2378 1155 2449 laqueus
1195 2376 1442 2431 diaboli:
1487 2381 1543 2430 et
1573 2376 1737 2430 multi
1771 2375 2139 2445 implicaban-

435 2476 530 2525 tur
554 2471 613 2524 in
640 2485 707 2524 eo
747 2485 851 2538 per
901 2466 1227 2521 illecebram
1275 2464 1772 2536 suaviloquentiaa;
1814 2480 1985 2534 quam
2030 2480 2136 2535 ego

436 2557 663 2612 tametsi
701 2556 1025 2619 laudabam,
1075 2553 1467 2609 discernebam
1518 2558 1711 2607 tamen
1733 2570 1765 2606 a
1796 2552 2033 2606 veritate
2058 2568 2141 2605 re-

440 2662 590 2711 rum,
640 2660 887 2715 quarum
936 2642 1336 2697 discendarum
1385 2641 1582 2696 avidus
1620 2657 1815 2708 eram;
1851 2657 1955 2695 nec
1984 2640 2139 2712 quali

439 2734 667 2789 vasculo
691 2732 988 2797 sermonis,
1016 2732 1107 2785 sed
1132 2730 1268 2801 quid
1291 2729 1433 2784 mihi
1455 2729 1704 2784 scientiae
1725 2730 2138 2784 comedendum

439 2824 751 2891 apponeret
779 2818 1105 2873 nominatus
1135 2818 1281 2888 apud
1315 2834 1411 2871 eos
1440 2816 1533 2871 ille
1565 2819 1819 2884 Faustus,
1851 2817 2134 2871 intuebar.

440 2910 614 2962 Fama
652 2908 807 2962 enim
855 2906 925 2961 de
970 2907 1069 2961 illo
1109 2906 1418 2977 praelocuta
1463 2905 1605 2960 mihi
1653 2910 1775 2960 erat
1810 2909 1963 2977 quod
1994 2909 2141 2959 esset

438 2996 807 3050 honestarum
855 2994 1114 3049 omnium
1184 2994 1573 3071 doctrinarum
1643 2994 2045 3066 peritissimus,
2086 2997 2141 3046 et

439 3084 697 3155 apprime
740 3083 1052 3154 disciplinis
1093 3083 1423 3137 liberalibus
1467 3083 1737 3137 eruditus.
1776 3084 1840 3137 Et
1868 3082 2139 3153 quoniam

440 3174 623 3228 multa
646 3173 1120 3244 philosophorum
1143 3172 1418 3242 legeram,
1442 3170 1851 3243 memoriasque
1872 3171 2141 3224 mandata

439 3260 783 3325 retinebam,
825 3276 888 3313 ex
937 3260 1017 3312 eis
1057 3259 1321 3329 quaedam
1362 3258 1762 3329 comparabam
1811 3258 1923 3312 illis
1971 3260 2140 3313 Mani-

442 3352 733 3404 chaeorum
759 3346 943 3419 longis
974 3346 1212 3401 fabulis:
1246 3352 1304 3400 et
1333 3346 1473 3401 mihi
1505 3346 1892 3418 probabiliora
1922 3346 2025 3401 ista
2056 3348 2138 3401 vi-

444 3438 744 3501 debantur,
790 3451 919 3506 quas
962 3435 1228 3490 dixerunt
1269 3435 1374 3501 illi,
1419 3436 1518 3505 qui
1562 3439 1786 3489 tantum
1832 3440 2141 3506 potuerunt

445 3527 651 3592 valere,
687 3530 751 3579 ut
777 3530 1012 3595 possent
1034 3524 1314 3578 aestimare
1346 3525 1640 3590 saeculum,
1667 3540 1997 3596 quanquam
2019 3526 2141 3596 ejus

445 3614 751 3668 Dominum
797 3613 1035 3667 minime
1084 3611 1426 3666 invenerint.
1479 3612 1759 3676 Quoniam
1795 3628 2037 3683 magnus
2060 3630 2139 3675 cs,

446 3701 705 3768 Domine,
746 3706 801 3755 et
836 3700 1080 3755 humilia
1114 3700 1377 3771 respicis;
1420 3701 1635 3754 excelsa
1676 3707 1867 3755 autem
1906 3718 1938 3755 a
1975 3702 2141 3767 longe

440 3790 732 3862 cognoscis
786 3790 946 3860 (Psal.
1020 3806 1253 3858 cxxxvn,
1310 3792 1396 3858 6):
1456 3806 1557 3844 nec
1619 3790 1973 3861 propinquas
2035 3790 2143 3843 nisi

444 3878 668 3934 obtritis
714 3878 910 3945 corde;
957 3893 1062 3932 nec
1105 3877 1379 3932 inveniris
1426 3895 1458 3931 a
1508 3878 1787 3949 superbis,
1835 3895 1941 3933 nec
1965 3878 2012 3932 si
2060 3879 2144 3932 illi

442 3967 664 4023 curiosa
686 3968 897 4038 peritia
940 3971 1247 4022 numerent
1287 3969 1473 4021 stellas
1504 3972 1558 4021 et
1584 3984 1838 4034 arenam,
1888 3972 1943 4021 et
1969 3968 2145 4024 dime-

442 4056 661 4110 tiantur
686 4056 940 4110 sidereas
969 4056 1186 4125 plagas,
1218 4059 1274 4107 et
1305 4054 1585 4124 vestigent
1610 4054 1730 4108 vias
1757 4058 2058 4107 astrorum.

515 4147 568 4200 4.
612 4145 793 4198 Mente
824 4142 981 4197 enim
1028 4159 1130 4196 sua
1174 4147 1443 4213 quaerunt
1482 4142 1612 4209 ista,
1643 4147 1699 4196 et
1733 4140 1963 4212 ingenio
1992 4141 2145 4211 quod

444 4238 507 4287 tu
532 4231 738 4287 dedisti
781 4231 864 4285 eis
894 4248 908 4285 :
941 4235 997 4283 et
1024 4230 1207 4284 multa
1245 4229 1589 4284 invenerunt
1626 4234 1684 4284 et
1726 4229 2147 4301 prmnuntiave-

444 4324 583 4374 runt
607 4323 738 4372 ante
762 4318 976 4372 multos
1016 4332 1198 4371 annos
1239 4317 1486 4371 defectus
1525 4316 1895 4372 luminarium
1934 4319 2069 4372 solis
2093 4323 2148 4372 et

446 4408 620 4472 lunia,
670 4422 784 4476 quo
825 4404 937 4471 die,
988 4421 1103 4476 qua
1159 4406 1322 4475 hora,
1369 4410 1582 4476 quanta
1638 4422 1703 4460 ex
1758 4410 1917 4477 parte
1970 4406 2147 4461 futuri

447 4497 666 4560 essent;
698 4497 756 4546 et
783 4508 900 4547 non
948 4509 1041 4546 eos
1084 4492 1282 4547 fefellit
1309 4509 1603 4560 numerus,
1644 4500 1700 4548 et
1725 4494 1803 4547 ita
1827 4494 2037 4549 factum
2068 4500 2151 4549 est

448 4587 512 4637 ut
534 4581 1098 4653 praenuntiaverunt:
1132 4586 1189 4636 et
1214 4582 1560 4653 scripserunt
1578 4584 1803 4653 regulas
1830 4583 2145 4653 indagatas.

447 4676 505 4725 et
527 4672 799 4740 leguntur
812 4670 1004 4738 hodie,
1028 4675 1197 4742 atque
1220 4687 1286 4725 ex
1307 4672 1389 4725 eis
1410 4672 1827 4742 praenuntiatur
1854 4688 1967 4743 quo
1998 4688 2148 4727 anno

446 4764 506 4814 et
534 4775 647 4830 quo
678 4775 868 4813 mense
896 4759 1053 4829 anni,
1100 4765 1156 4815 et
1200 4776 1313 4831 quo
1364 4760 1455 4815 die
1504 4760 1733 4823 mensis,
1768 4764 1822 4815 et
1864 4776 1977 4832 qua
2010 4761 2152 4815 hora

447 4847 579 4914 diei,
616 4852 672 4901 et
699 4854 874 4919 quota
901 4854 1060 4919 parte
1092 4848 1331 4903 luminis
1366 4849 1455 4903 sui
1493 4849 1781 4904 defectura
1806 4849 1878 4904 sit
1904 4850 2039 4903 luna
2063 4849 2150 4903 vel

446 4936 557 5003 sol;
591 4941 647 4990 et
672 4937 749 4990 ita
778 4936 875 4991 ﬁet
909 4941 969 4991 ut
1009 4938 1450 5008 praenuntiatum
1492 4939 1557 4993 Et
1586 4938 1865 4993 mirantur
1899 4938 2021 4992 haec
2049 4937 2152 4992 ho-

446 5025 633 5079 mines
664 5030 721 5079 et
746 5017 978 5095 stupent
1018 5027 1118 5097 qui
1154 5027 1418 5082 nesciunt
1452 5043 1535 5095 ea,
1572 5032 1627 5082 et
1662 5027 1947 5082 exsultant
1980 5030 2151 5097 atque

450 5114 803 5169 extolluntur
832 5113 933 5184 qui
964 5114 1176 5181 sciunt;
1209 5120 1266 5169 et
1306 5132 1409 5185 per
1437 5116 1677 5186 impiam
1705 5114 2031 5186 superbiam
2060 5129 2151 5169 re-

447 5203 713 5259 cedentes
744 5206 801 5257 et
829 5201 1164 5257 deﬁcientes
1197 5220 1229 5257 a
1259 5203 1477 5259 lumine
1518 5210 1642 5273 tuo,
1672 5208 1830 5258 tanto
1860 5207 1990 5258 ante
2020 5202 2152 5257 solis

448 5291 732 5346 defectum
765 5290 1026 5346 futurum
1067 5291 1399 5362 praevident,
1440 5296 1497 5346 et
1533 5291 1594 5345 in
1638 5290 1944 5362 praesentia
1984 5306 2150 5345 suum

448 5378 646 5431 derunt
693 5379 880 5441 iniusti
922 5383 988 5431 ut
1009 5380 1158 5443 jusle
1187 5383 1540 5436 vexarentur,
1574 5378 1651 5427 uti
1683 5377 1880 5427 habent
1907 5378 2150 5428 nonnulli

448 5442 573 5489 Mss.
604 5455 725 5489 cum
755 5442 879 5489 Arn.

501 5442 934 5553 ﬁssilggiiiﬁighs
965 5518 1138 5565 suam,
1172 5518 1237 5553 ex
1263 5504 1384 5552 Mss.
1414 5502 1655 5565 melioris
1668 5504 1834 5565 nota,
1862 5501 1978 5565 loco
2006 5504 2154 5551 tuam

448 5564 589 5626 quod
616 5565 669 5612 in
692 5564 819 5616 Cdd.
854 5567 1082 5629 vulgatis
1110 5563 1164 5617 et
1196 5566 1250 5614 in
1284 5567 1401 5617 Eas.
1437 5563 1709 5613 nonnullis
1741 5564 2013 5626 reperitur.

1634 314 2172 372 CONFESSIONUM
2225 315 2279 370 S.
2341 312 2747 371 AUGUSTINI.

3870 313 3989 363 708

2240 454 2357 493 non
2374 438 2587 493 vident.
2618 437 2744 492 Non
2765 434 2920 490 enim
2946 434 3213 505 religiose
3236 437 3508 505 quaerunt
3522 433 3686 489 unde
3701 432 3987 488 habeant

2242 526 2540 599 ingenium
2570 542 2685 597 quo
2735 525 2844 579 ista
2884 527 3170 595 quaerunt.
3206 523 3271 578 Et
3305 522 3667 578 invenientes
3709 521 3866 593 quia
3919 528 3981 576 tu

2241 616 2425 671 fecisti
2449 631 2569 682 eos,
2592 631 2709 669 non
2739 613 2850 685 ipsi
2879 613 3019 667 dant
3040 611 3142 667 tibi
3171 628 3231 666 se
3259 617 3324 666 ut
3343 627 3529 666 serves
3557 611 3725 682 quod
3749 610 3977 672 fecisti,

2241 708 2297 758 et
2327 704 2523 775 quales
2552 720 2612 757 se
2641 702 2751 773 ipsi
2780 702 3035 757 fecerant
3062 700 3331 755 occidunt
3363 716 3424 753 se
3465 699 3577 753 tibi
3605 701 3650 766 ί,
3686 703 3753 753 et
3785 699 3979 753 truci-
4056 748 4058 753 .

2242 793 2380 847 dant
2408 792 2777 846 exaltationes
2824 805 2953 845 suas
2998 789 3141 843 sicut
3190 788 3457 854 volatilia,
3488 793 3548 841 et
3584 786 3979 841 curiositates

2243 897 2373 935 suas
2410 880 2558 934 sicut
2597 879 2778 950 pisces
2810 879 2984 933 maris
3011 877 3220 949 quibus
3259 876 3666 947 perambulant
3709 880 3977 930 secretas

2244 968 2473 1023 semitas
2523 969 2729 1038 abyssi,
2763 971 2821 1021 et
2865 965 3115 1022 luxurias
3155 982 3284 1020 suas
3313 964 3458 1020 sicut
3485 980 3701 1036 pecora
3726 965 3973 1035 campi;

2247 1004 2473 1023 πιιιηαο
2523 1004 2620 1038 ου,
2636 1004 2729 1035 σω,
2764 1004 2821 1021 υ..
2865 1004 3115 1022 um...“
3155 1004 3284 1020 σωκ
3313 1004 3458 1020 ων...
3485 1004 3701 1036 μιν...
3727 1004 3973 1035 πων..

2247 1064 2311 1111 ut
2344 1063 2428 1119 tu,
2462 1058 2607 1111 Deus
2638 1055 2786 1127 ignis
2833 1055 2993 1120 edax,
3025 1069 3325 1108 consumas
3363 1059 3622 1108 mortuas
3650 1069 3838 1107 curas
3870 1069 3971 1106 ρο-
4055 1004 4058 1091 l

2245 1161 2376 1200 rum
2397 1160 2659 1200 recreans
2683 1160 2778 1198 eos
2802 1143 3226 1198 immortaliter.

2318 1237 2368 1288 5.
2419 1233 2529 1288 Sed
2582 1248 2700 1288 non
2753 1235 3039 1287 noverunt
3079 1231 3251 1297 viam,
3302 1230 3553 1285 Verbum
3601 1235 3805 1295 tuum,
3867 1246 3974 1300 per

2245 1322 2402 1393 quod
2431 1320 2612 1375 fecisti
2658 1337 2724 1375 ea
2752 1335 2882 1393 qua:
2924 1323 3252 1385 numerant,
3300 1323 3358 1373 et
3410 1318 3567 1389 ipsos
3598 1318 3705 1389 qui
3747 1333 3973 1372 nume-

2244 1419 2395 1476 rant,
2445 1413 2502 1463 et
2569 1425 2803 1465 sensum
2854 1423 2969 1480 quo
3022 1411 3264 1461 cernunt
3314 1423 3444 1477 quas
3504 1410 3853 1473 numerant,
3917 1411 3971 1459 et

2243 1502 2495 1552 mentem
2553 1497 2621 1551 de
2678 1511 2793 1568 qua
2838 1500 3176 1560 numerant;
3232 1499 3288 1549 et
3341 1494 3639 1565 sapientiae
3692 1510 3820 1548 non
3884 1502 3974 1547 est

2248 1602 2521 1640 numerus
2555 1586 2716 1655 (Psal.
2775 1599 2954 1653 ﬁXLVl,
2985 1583 3059 1653 5).
3110 1583 3235 1654 Ipse
3267 1587 3459 1637 autem
3489 1582 3848 1653 Unigenitus
3882 1583 3970 1635 fa-

2246 1680 2367 1729 ctus
2396 1677 2479 1727 est
2514 1672 2694 1727 'nobis
2724 1671 3023 1743 sapientia,
3067 1675 3125 1726 et
3164 1670 3411 1742 justitia,
3465 1675 3523 1725 et
3567 1671 3966 1725 sanctificatio
4056 1658 4058 1663 ’

2250 1765 2287 1833 (1
2321 1764 2438 1818 Cor.
2476 1765 2526 1828 l,
2559 1761 2681 1831 30);
2728 1764 2784 1815 et
2812 1764 3147 1814 numeratus
3178 1764 3266 1813 est
3317 1758 3467 1813 inter
3521 1774 3647 1823 nos,
3680 1763 3741 1812 et
3785 1758 3966 1812 solvit
4056 1786 4058 1829 ι

2247 1851 2526 1906 tributum
2582 1849 2787 1905 Caesari
2835 1849 3060 1917 (Matth.
3120 1864 3252 1911 χχιι,
3310 1847 3417 1916 2t).
3480 1847 3607 1902 Non
3661 1853 3965 1900 noverunt

2248 1941 2395 1993 hanc
2418 1939 2588 2003 viam,
2621 1953 2737 2008 qua
2756 1937 3102 1991 descendant
3129 1936 3200 1990 ad
3229 1935 3393 1989 illum
3424 1952 3456 1989 a
3486 1951 3568 2001 se,
3598 1939 3658 1990 et
3685 1950 3795 2006 per
3821 1951 3961 1989 eum

2248 1988 2392 1993 —-—m
2630 1988 3098 2008 r—w—n—nwm
3346 1988 3391 1989 γέ
3450 1988 3567 2001 ν
3612 1988 3651 1990 η
3687 1988 3745 2006 ιη
3914 1988 3917 1989 ν

2248 2028 2556 2082 ascendant
2595 2026 2667 2081 ad
2698 2041 2856 2080 eum.
2894 2026 3021 2079 Non
3050 2028 3329 2087 noverunt
3359 2025 3502 2077 hanc
3538 2023 3716 2087 viam,
3754 2028 3816 2077 et
3847 2039 3963 2094 pu-
4054 1988 4058 2099 Ι

2247 2119 2372 2170 tant
2395 2130 2453 2168 se
2484 2113 2735 2167 excelsos
2764 2129 2884 2167 esse
2914 2128 3045 2167 cum
3071 2111 3351 2167 sideribus
3377 2116 3433 2165 et
3456 2111 3705 2178 lucidos;
3739 2116 3802 2166 et
3829 2127 3965 2166 ecce

2248 2207 2489 2258 ruerunt
2538 2202 2598 2257 in
2629 2207 2863 2268 terram,
2920 2206 2979 2256 et
3022 2201 3383 2255 obscuratum
3431 2205 3516 2254 est
3543 2198 3839 2271 insipiens
3864 2216 3966 2255 cor
4054 2208 4058 2307 Ι

2249 2308 2468 2347 eorum.
2506 2292 2571 2345 Et
2600 2292 2784 2345 multa
2811 2306 2944 2344 vera
2987 2290 3058 2344 de
3089 2294 3350 2344 creatura
3393 2288 3611 2351 dicunt,
3643 2292 3700 2342 et
3734 2288 3964 2342 Verita-

2248 2386 2387 2445 tem,
2428 2385 2703 2435 creaturm
2745 2379 3048 2446 artificem,
3081 2394 3197 2433 non
3243 2378 3337 2448 pie
3390 2380 3682 2449 quaerunt,
3716 2381 3779 2431 et
3827 2377 3964 2431 ideo
4056 2356 4058 2433 l

2247 2486 2367 2525 non
2396 2468 2718 2523 inveniunt:
2759 2472 2858 2522 aut
2882 2467 2930 2521 si
2958 2466 3276 2535 inveniunt,
3307 2470 3716 2537 cognoscentes
3748 2466 3964 2533 Deum,

2248 2575 2365 2614 non
2392 2557 2536 2611 sicut
2592 2558 2770 2611 Deum
2823 2556 3126 2616 honorant,
3184 2558 3284 2608 aut
3330 2554 3539 2624 gratias
3586 2558 3805 2624 agunt;
3860 2557 3961 2608 sed

2249 2586 2365 2614 ιιυιι
2392 2586 2536 2611 διυυι
2592 2586 2770 2611 υῠιιιιι
2824 2586 3126 2616 υυιιυιαιιι,
3184 2586 3284 2608 aus
3330 2586 3539 2624 διαυω
3586 2586 3805 2624 (Ianua,
3860 2586 3961 2608 πυ

2249 2650 2593 2701 evanescunt
2622 2646 2681 2699 in
2712 2644 3152 2714 cogitationibus
3206 2642 3344 2705 suis,
3400 2648 3459 2697 et
3494 2642 3696 2697 dicunt
3724 2658 3789 2697 se
3833 2659 3963 2697 esse
4055 2586 4058 2735 ἲ

2249 2736 2553 2806 sapientes,
2594 2733 2701 2788 sibi
2729 2732 3034 2787 tribuendo
3076 2748 3206 2803 qua:
3250 2737 3351 2786 tua
3386 2735 3538 2797 sunt,
3577 2748 3642 2785 ac
3689 2747 3804 2802 per
3849 2733 3961 2785 hoc

2250 2823 2483 2878 student
2499 2810 2925 2893 perversissima
2949 2820 3201 2874 caecitate
3220 2819 3393 2874 etiam
3421 2819 3522 2873 tibi
3544 2820 3811 2873 tribuere
3827 2837 3960 2891 quae

2251 2927 2353 2965 sua
2366 2916 2517 2976 sunt,
2533 2908 2829 2964 mendacia
2844 2906 3191 2963 scilicetinte
3204 2908 3580 2972 conferentes,
3612 2906 3716 2976 qui
3744 2908 3960 2961 veritas

2251 3017 2335 3068 es,
2388 3002 2444 3053 et
2472 2998 2844 3052 immutantes
2888 2996 3129 3068 gloriam
3164 2995 3478 3066 incorrupti
3509 2995 3611 3049 Dei
3653 2995 3713 3048 in
3742 2995 3957 3049 simili-

2248 3084 2507 3139 tudinem
2537 3082 2803 3154 imaginis
2835 3081 3214 3153 corruptibilis
3238 3080 3507 3146 hominis,
3541 3083 3599 3134 et
3626 3080 3955 3145 volucrum,

2252 3176 2308 3226 et
2338 3171 2801 3243 quadrupedum,
2835 3174 2893 3225 et
2933 3174 3286 3241 serpentum,
3320 3173 3377 3222 et
3421 3171 3769 3222 convertunt
3806 3169 3954 3222 veri-

2250 3267 2428 3316 tatem
2474 3265 2631 3315 tuam
2677 3259 2735 3313 in
2788 3259 3186 3326 mendacium;
3235 3262 3292 3311 et
3328 3258 3545 3325 colunt,
3589 3261 3647 3311 et
3690 3257 3957 3312 serviunt.

2249 3353 2523 3403 creaturze
2554 3347 2744 3419 potius
2776 3363 2946 3419 quam
2979 3345 3231 3401 Creatori
3264 3345 3433 3415 (Rom.
3463 3349 3512 3412 l,
3536 3347 3754 3417 21-25).

2322 3440 2372 3491 6.
2407 3436 2579 3491 Multa
2613 3440 2805 3490 tamen
2853 3435 2923 3489 ab
2951 3434 3050 3501 eis,
3084 3451 3148 3489 ex
3176 3434 3299 3505 ipsa
3327 3438 3608 3497 creatura,
3641 3451 3781 3489 vera
3811 3435 3960 3490 dicta

2251 3525 2599 3591 retinebam;
2648 3529 2706 3579 et
2734 3524 3066 3579 occurrebat
3104 3523 3246 3577 mihi
3274 3522 3420 3577 ratio
3450 3538 3554 3593 per
3589 3539 3876 3578 numeros
3903 3531 3959 3578 et
4051 3546 4056 3643 '

2253 3614 2505 3643 amita...“
2539 3618 2862 3643 ιηΜηη-η-νι
2908 3617 2961 3643 ιιι
2992 3611 3239 3643 υἱωῖῑιῖιορ
3269 3611 3654 3643 ριηρειαθζηηορ
3676 3611 3932 3643 ,ξιιμ-η...

2251 3614 2509 3669 ordinem
2539 3618 2886 3683 temporum,
2907 3617 2964 3666 et
2992 3611 3242 3665 visibiles
3267 3611 3655 3666 attestationes
3676 3611 3956 3678 siderum,

2254 3708 2310 3758 et
2338 3702 2698 3757 conferebam
2716 3717 2845 3756 cum
2867 3700 3035 3755 dictis
3068 3699 3385 3769 Manichasi,
3415 3716 3544 3771 quae
3580 3699 3606 3733 ²
3650 3700 3723 3755 de
3754 3700 3848 3755 his
3873 3718 3958 3755 re-
4047 3694 4056 3790 1

2251 3794 2356 3848 bus
2390 3791 2570 3845 multa
2598 3790 2821 3861 scripsit
2849 3788 3239 3860 c0piosissime
3271 3788 3557 3855 delirans;
3579 3792 3638 3843 et
3665 3805 3788 3843 non
3815 3790 3957 3844 mihi

2256 3879 2588 3933 occurrebat
2622 3879 2767 3933 ratio
2797 3894 2901 3932 nec
2927 3876 3301 3931 solstitiorum
3342 3881 3399 3931 et
3447 3877 3952 3949 aequinoctiorum,

2254 3984 2358 4022 nec
2385 3966 2709 4021 defectuum
2759 3964 3147 4026 luminarium,
3198 3980 3302 4019 nec
3336 3964 3609 4035 quidquid
3653 3966 3769 4019 tale
3798 3967 3862 4019 in
3891 3966 3955 4019 li-

2254 4055 2375 4111 bris
2404 4054 2687 4109 ssecularis
2713 4054 3007 4125 sapientiae
3034 4052 3369 4107 didiceram.
3393 4053 3477 4107 Ibi
3500 4057 3692 4107 autem
3725 4054 3957 4109 credere

2250 4144 2516 4216 jubebar,
2567 4147 2625 4198 et
2653 4143 2725 4197 ad
2766 4143 2892 4197 illas
2926 4142 3174 4197 rationes
3207 4141 3461 4197 numeris
3516 4146 3574 4196 et
3602 4142 3788 4196 oculis
3814 4144 3959 4198 meis
4048 4154 4054 4245 Ι

2257 4233 2575 4304 exploratas
2604 4248 2718 4286 non
2745 4232 3093 4297 occurrebat,
3127 4236 3185 4285 et
3205 4231 3375 4301 longe
3403 4229 3691 4285 diversum
3718 4237 3864 4286 erat.

2930 4319 3157 4375 CAPUT
3188 4319 3284 4374 IV.
4051 4316 4054 4377 Ι

2768 4408 2895 4465 Sola
2925 4410 3023 4462 Dei
3050 4409 3283 4475 cognitio
3314 4408 3453 4462 beat.

2326 4503 2387 4555 7.
2427 4497 2739 4569 Numquid,
2759 4496 3001 4551 Domine
3034 4497 3180 4550 Deus
3205 4496 3477 4561 veritatis,
3509 4494 3775 4566 quisquis
3807 4498 3960 4550 novit

2257 4588 2387 4653 ista,
2414 4587 2537 4657 jam
2565 4587 2749 4657 placet
2781 4584 2929 4639 tibi?
2972 4584 3173 4639 Infelix
3201 4585 3356 4639 enim
3387 4584 3560 4639 homo
3591 4584 3694 4654 qui
3724 4585 3833 4638 scit
3863 4585 3960 4639 illa

2258 4675 2472 4743 omnia,
2525 4680 2580 4729 te
2628 4678 2822 4729 autem
2875 4674 3083 4729 nescit:
3114 4673 3316 4728 beatus
3343 4677 3537 4727 autem
3583 4672 3687 4743 qui
3727 4676 3786 4727 te
3834 4674 3956 4735 scit,

2259 4763 2481 4820 etiamsi
2512 4763 2610 4818 illa
2637 4763 2872 4818 nesciat.
2927 4762 3035 4826 Qui
3065 4777 3199 4816 vero
3229 4765 3285 4816 et
3312 4766 3366 4815 te
3406 4764 3469 4814 ut
3494 4760 3594 4815 illa
3631 4761 3812 4829 novit,
3845 4778 3956 4816 non

2259 4859 2497 4925 prOpter
2526 4852 2624 4907 illa
2653 4852 2890 4916 beatior,
2932 4850 3027 4905 sed
3058 4854 3297 4922 propter
3326 4854 3380 4904 te
3409 4850 3593 4903 solum
3620 4849 3827 4904 beatus
3854 4857 3968 4911 est,

2261 4943 2309 4997 si
2360 4958 2702 5014 cognoscens
2754 4946 2828 5009 te,
2891 4940 3036 4995 sicut
3092 4941 3270 4994 Deum
3300 4938 3598 5010 glorificet,
3650 4944 3711 4993 et
3750 4940 3958 5010 gratias

2260 5036 2412 5102 agat,
2445 5035 2503 5085 et
2551 5046 2665 5085 non
2711 5032 3010 5083 evanescat
3050 5028 3112 5082 in
3149 5026 3590 5099 cogitationibus
3619 5026 3761 5081 suis.
3806 5027 3957 5082 Sicut

2263 5119 2418 5174 enim
2442 5118 2649 5172 melior
2675 5121 2759 5171 est
2804 5117 2905 5187 qui
2947 5116 3106 5171 novit
3134 5115 3425 5187 possidere
3479 5114 3772 5181 arborem,
3810 5121 3866 5171 et
3892 5116 3959 5170 de

2260 5224 2371 5262 usu
2395 5207 2516 5278 ejus
2561 5206 2664 5260 tibi
2693 5178 2905 5276 gratias
2956 5205 3097 5276 agit,
3135 5178 3414 5277 .quamvis
3459 5203 3680 5258 nesciat
3709 5178 3801 5259 vel
3829 5210 3961 5277 quot
4047 5178 4052 5283 ί

2326 5317 2341 5347 ι
2373 5314 2498 5361 Arn.
2540 5315 2594 5361 et
2624 5312 2748 5359 Mss.
2778 5312 2827 5368 2,
2859 5310 3109 5361 occidant
3136 5322 3194 5360 se
3237 5310 3328 5358 (ibi
3345 5325 3357 5368 ;
3384 5322 3640 5371 moxque,
3678 5312 3960 5361 trucidant.

2262 5374 2363 5459 μιῇ
2391 5374 2623 5459 plerique
2644 5373 2771 5421 Cdd.
2794 5371 3676 5459 cqmplrobantalteramlectionen,
3700 5386 3824 5459 quae
3848 5388 3964 5459 paru-
4046 5374 4052 5459 η

2261 5433 2432 5486 lulum
2461 5433 2684 5485 obscura
2706 5433 2933 5497 propter
2938 5434 3238 5497 distantiam
3256 5433 3527 5497 particula:
3554 5433 3815 5494 negantis
3841 5433 3962 5486 refe-

2264 5498 2442 5548 rendaa
2468 5498 2625 5546 etiam
2655 5494 2733 5545 ad'
2749 5494 2911 5546 verba
2932 5496 3175 5546 occidunt
3209 5494 3272 5544 et
3291 5494 3580 5545 trucidant.
4045 5504 4052 5599 η

2326 5563 2347 5594 ‘2
2379 5561 2495 5599 mu-
2529 5559 2677 5599 imm
2710 5557 2931 5599 Sanum-
2964 5557 3103 5599 Dub-
3134 5557 3286 5599 Mart-
3308 5561 3359 5599 et.
3388 5555 3556 5599 Rond.
3582 5557 3655 5599 Μ-

2326 5563 2347 5594 ‘-’
2379 5561 2498 5619 Qui,
2523 5559 2678 5621 juxta
2710 5557 2932 5608 Sonum.
2964 5557 3103 5618 Dub.
3134 5557 3286 5605 Mart.
3308 5561 3359 5604 et
3388 5555 3556 5605 Rond.
3582 5557 3655 5607 Μ.

2454 6351 2529 6356 ε
3746 6106 4050 6362 Δ
