4058 6376
183 335 288 383 70‘.)

183 455 386 509 cubitis
431 456 545 510 alta
572 456 665 522 sit,
707 455 791 509 vel
822 459 1037 526 quanta
1078 455 1379 510 latitudine
1419 456 1650 524 diffusa;
1703 475 1878 529 quam

184 544 282 598 ille
315 545 413 615 qui
446 561 572 598 cam
601 544 854 610 metitur,
882 549 935 598 et
973 560 1171 598 omnes
1203 560 1392 598 ramos
1432 546 1553 615 ejus
1592 553 1877 614 numerat,

186 637 244 686 et
285 649 470 703 neque
497 633 747 703 possidet
777 649 926 695 eam,
963 649 1149 703 neque
1199 639 1511 687 creatorem
1567 634 1691 704 ejus
1729 637 1882 690 novit

185 725 287 774 aut
313 721 535 791 diligit:
568 721 645 774 sic
675 721 856 775 fidelis
886 723 1084 787 homo,
1118 723 1280 792 cujus
1313 728 1460 776 totus
1493 724 1740 777 mundus
1793 724 1879 778 di-

186 808 454 864 vitiarum
485 814 586 875 est,
632 816 688 864 et
718 809 878 880 quasi
919 811 1060 863 nihil
1097 811 1334 878 habens,
1367 813 1560 866 omnia
1604 813 1877 882 possidet,

185 896 520 951 inhaarendo
547 897 651 952 tibi
681 897 771 951 cui
811 898 1064 952 scrviunt
1092 899 1302 964 omnia,
1337 901 1594 970 quamvis
1633 918 1736 955 nec
1766 904 1878 956 sal-

185 988 304 1037 tem
325 984 782 1055 septentrionum
828 1002 1000 1056 gyros
1045 987 1296 1053 noverit;
1335 987 1596 1042 dubitare
1645 989 1878 1043 stultum

186 1076 273 1126 est
295 1074 435 1144 quin
466 1073 662 1145 utique
694 1075 894 1128 melior
923 1074 997 1128 sit
1043 1093 1216 1146 quam
1248 1092 1474 1130 mensor
1509 1077 1655 1143 cmli,
1689 1082 1746 1130 et
1776 1094 1878 1131 nu-

185 1167 438 1216 merator
482 1163 756 1232 siderum,
797 1167 852 1217 et
888 1180 1100 1233 pensor
1129 1165 1561 1230 elementorum,
1617 1171 1672 1219 et
1705 1166 1878 1236 negli«

184 1266 327 1319 gens
358 1251 440 1304 tui
465 1251 564 1320 qui
593 1251 786 1304 omnia
815 1251 874 1304 in
907 1268 1172 1305 mensura
1205 1257 1260 1305 et
1279 1268 1520 1307 numero
1545 1257 1601 1307 et
1627 1253 1881 1323 pondere

187 1337 517 1407 disposuisti
540 1339 690 1409 (Sap.
725 1356 802 1405 xi,
833 1340 941 1408 2t).

876 1429 1100 1482 CAPUT
1133 1430 1193 1482 ν.

183 1515 475 1568 Μαηὶοωί
495 1517 559 1569 de
596 1519 764 1571 astris
791 1519 1070 1585 imperitia
1096 1518 1382 1584 indignum
1412 1534 1530 1572 eum
1553 1520 1659 1586 ﬁde
1695 1521 1752 1572 in
1782 1535 1880 1572 cer-

819 1608 944 1658 teris
982 1607 1239 1672 faciebat.

261 1696 318 1744 8.
376 1693 481 1746 Sed
527 1697 719 1747 tamen
759 1694 886 1763 quis
937 1696 1228 1765 quarebat
1271 1695 1645 1749 Manichmum
1695 1696 1881 1749 nescio

184 1797 359 1851 quem
381 1781 552 1835 etiam
582 1782 688 1835 ista
714 1783 981 1849 scribere,
1015 1784 1134 1836 sine
1165 1799 1412 1853 quorum
1455 1785 1663 1853 peritia
1703 1784 1882 1855 pietas

181 1871 327 1923 disci
364 1872 622 1939 poterat?
654 1871 851 1924 Dixisti
881 1872 1036 1926 enim
1072 1873 1314 1938 homini,
1347 1877 1481 1928 Ecce
1504 1877 1684 1942 pietas
1715 1880 1764 1928 et
1793 1891 1880 1928 sa-

180 1960 394 2025 pientia
421 1959 537 2028 (Job
571 1975 761 2024 xxvm,
794 1962 882 2025 28,
927 1976 1025 2014 sec.
1063 1962 1238 2030 LXX);
1273 1977 1447 2032 quam
1474 1962 1568 2015 ille
1618 1963 1882 2032 ignorare

183 2051 397 2115 posset,
432 2047 602 2101 etiam
651 2048 697 2100 si
740 2049 847 2102 ista
876 2051 1122 2118 perfecte
1171 2056 1391 2103 nosset:
1443 2051 1549 2104 ista
1583 2067 1718 2104 vero
1748 2051 1886 2121 quia

186 2151 306 2187 non
350 2141 601 2200 noverat,
627 2135 1119 2205 impudentissime
1179 2139 1393 2192 audens
1445 2140 1666 2205 docere,
1715 2155 1882 2208 pror-

183 2239 284 2275 sus
319 2223 476 2276 illam
510 2240 673 2276 nosse
705 2240 820 2277 non
870 2230 1080 2294 posset.
1114 2227 1338 2280 Vanitas
1383 2233 1468 2282 est
1497 2229 1652 2282 enim
1708 2243 1882 2281 mun-

184 2312 337 2365 dana
368 2311 474 2365 ista
504 2311 675 2365 etiam
701 2317 833 2366 nota
871 2313 1146 2382 proﬁteri,
1188 2315 1368 2385 pietas
1400 2333 1593 2370 autem
1618 2317 1725 2372 tibi
1749 2333 1883 2370 con-

178 2399 364 2453 fiteri.
400 2399 558 2453 Unde
586 2400 681 2453 ille
711 2401 924 2467 devius,
957 2403 1025 2455 ad
1059 2402 1164 2456 hoc
1196 2405 1209 2434 ¹
1253 2403 1360 2458 ista
1389 2406 1635 2458 multum
1661 2407 1882 2459 locutus

182 2492 295 2552 est,
326 2492 391 2540 ut
415 2488 708 2542 convictus
738 2488 807 2542 ab
835 2489 916 2542 eis
943 2490 1041 2560 qui
1069 2491 1175 2544 ista
1207 2509 1337 2546 vere
1377 2493 1723 2559 didicissent,
1755 2494 1884 2564 quis

179 2579 337 2628 esset
360 2575 494 2644 ejus
513 2592 711 2629 sensus
736 2575 797 2629 in
825 2578 1043 2630 caeteris
1074 2595 1201 2645 quae
1224 2580 1505 2634 abditiora
1525 2587 1675 2646 sunt,
1700 2582 1882 2635 mani-

181 2664 327 2716 feste
369 2672 826 2734 cognosceretur.
882 2667 1001 2719 Non
1042 2667 1198 2722 enim
1241 2669 1400 2739 parvi
1459 2670 1768 2723 existimari
1826 2687 1884 2725 se

184 2751 384 2816 voluit,
417 2753 512 2805 sed
543 2752 819 2822 Spiritum
848 2761 1109 2810 sanctum
1138 2759 1552 2812 consolatorem
1586 2763 1641 2812 et
1672 2759 1883 2812 ditato—

184 2855 312 2892 rem
343 2839 597 2894 fidelium
629 2847 885 2908 tuorum,
920 2845 1253 2899 auctoritate
1282 2847 1539 2915 plenaria
1569 2848 1882 2916 personali-

183 2933 275 2980 ter
302 2929 360 2980 in
390 2944 447 2980 se
475 2945 594 2981 esse
615 2931 959 2999 persuadere
991 2937 1223 2985 conatus
1255 2938 1354 2986 est.
1393 2935 1609 3004 Itaque,
1647 2951 1778 2988 cum
1817 2935 1884 2989 dc

184 3017 330 3068 coelo
372 3032 435 3069 ac
491 3018 691 3086 stellis,
739 3023 794 3072 et
841 3019 910 3072 de
955 3019 1090 3073 solis
1138 3038 1201 3074 ac
1258 3022 1410 3074 lunae
1455 3023 1702 3076 motibus
1746 3023 1885 3077 falsa

189 3105 400 3158 dixisse
430 3106 969 3175 deprehenderetur,
997 3109 1255 3179 quamvis
1286 3110 1354 3163 ad
1384 3110 1700 3164 doctrinam
1752 3111 1883 3165 reli-

189 3192 378 3259 gionis
409 3194 517 3246 ista
547 3210 662 3247 non
691 3196 1033 3264 pertineant,
1066 3202 1260 3250 tamen
1305 3214 1478 3252 ausus
1508 3199 1630 3268 ejus
1659 3200 1884 3253 sacrile-

190 3297 297 3351 gos
327 3281 496 3334 fuisse
527 3282 660 3335 satis
682 3283 960 3338 emineret
985 3301 998 3351 ;
1023 3301 1152 3340 cum
1174 3302 1240 3339 ea
1263 3303 1377 3340 non
1397 3289 1580 3341 solum
1603 3287 1883 3358 ignorata,

191 3369 291 3422 sed
315 3370 485 3423 etiam
509 3371 667 3437 falsa,
692 3376 806 3425 tam
826 3375 847 3407 ²
867 3389 1072 3427 vesana
1089 3375 1370 3443 superbiae
1393 3375 1636 3428 vanitate
1653 3376 1886 3443 diceret,

190 3463 259 3512 ut
287 3475 352 3512 ea
380 3465 653 3530 tanquam
675 3461 879 3515 divinae
907 3479 1166 3532 personae
1188 3463 1438 3517 tribuere
1459 3463 1565 3517 sibi
1584 3464 1882 3518 niteretur.

264 3552 314 3602 9.
352 3549 490 3602 Cum
522 3549 676 3604 enim
727 3551 899 3604 audio
939 3551 1314 3605 christianum
1345 3553 1597 3622 aliquem
1629 3553 1882 3618 fratrem,

189 3637 334 3690 ilum
365 3642 465 3691 aut
515 3639 700 3704 illum,
750 3639 856 3693 ista
901 3640 1272 3709 nescientem,
1319 3645 1375 3694 et
1420 3641 1574 3694 aliud
1619 3657 1722 3710 pro
1771 3642 1884 3695 alio

189 3725 552 3792 sentientem,
601 3729 883 3796 patienter
929 3729 1159 3784 intueor
1183 3729 1514 3800 opinantem
1558 3729 1884 3792 hominem;

191 3829 297 3867 nec
335 3814 417 3868 illi
460 3815 656 3868 obesse
694 3816 879 3882 video,
931 3834 1060 3871 cum
1127 3819 1195 3872 de
1246 3824 1321 3884 te,
1371 3818 1610 3872 Domine
1661 3823 1887 3872 creator

189 3902 473 3967 omnium,
515 3919 633 3956 non
670 3905 862 3958 credat
891 3905 1148 3975 indigna,
1186 3907 1232 3960 si
1262 3908 1405 3960 forte
1446 3907 1586 3960 situs
1635 3913 1693 3961 et
1722 3907 1886 3961 habi-

189 3995 286 4042 tus
315 3999 587 4043 creaturae
616 3992 923 4060 corporalis
972 3993 1217 4062 ignoret.
1251 3994 1421 4048 Obest
1450 3998 1639 4048 autem
1688 3994 1734 4047 si
1782 3995 1889 4048 hoc

189 4076 262 4130 ad
288 4077 471 4146 ipsam
495 4077 766 4132 doctrina:
797 4079 1024 4149 pietatis
1055 4081 1299 4135 formam
1329 4082 1616 4152 pertinere
1645 4082 1885 4136 arbitre-

187 4170 304 4230 tur,
339 4171 396 4218 et
450 4165 791 4235 pertinacius
840 4168 1123 4222 affirmare
1172 4170 1378 4223 audeat
1432 4170 1588 4240 quod
1635 4169 1882 4240 ignorat.

189 4253 299 4308 Sed
325 4253 495 4307 etiam
515 4254 641 4308 talis
669 4255 971 4309 infirmitas
997 4257 1055 4310 in
1087 4257 1221 4310 fidei
1238 4258 1533 4312 cunabulis
1561 4275 1594 4312 a
1615 4244 1888 4313 charitate

189 4346 374 4396 matre
401 4342 730 4410 sustinetur,
749 4344 928 4398 donec
946 4351 1204 4416 assurgat
1223 4363 1400 4400 novus
1431 4349 1602 4401 homo
1621 4348 1680 4402 in
1702 4348 1888 4402 virum

187 4431 527 4502 perfectum,
548 4436 602 4485 et
621 4433 974 4488 circumferri
991 4451 1105 4488 non
1124 4436 1300 4506 possit
1319 4437 1477 4490 omni
1501 4441 1666 4492 vento
1681 4437 1888 4491 doctri-

190 4535 282 4573 nae
315 4523 526 4588 (Ephes.
563 4538 634 4587 ιν,
654 4525 738 4586 t3,
763 4525 869 4592 14).
894 4525 954 4576 In
974 4524 1072 4577 illo
1095 4529 1286 4578 autem
1317 4526 1644 4596 quidoctor,
1669 4526 1888 4597 quiau-

189 4614 335 4672 ctor,
367 4609 466 4678 qui
490 4609 603 4662 dux
625 4614 682 4662 et
711 4610 972 4680 princeps
1001 4628 1199 4666 eorum
1238 4613 1448 4683 quibus
1478 4614 1576 4667 illa
1601 4615 1885 4677 suaderet,

189 4698 273 4749 ita
301 4695 424 4749 fieri
455 4713 624 4750 ausus
658 4702 760 4761 est,
780 4703 842 4751 ut
861 4698 958 4766 qui
981 4713 1111 4751 eum
1135 4706 1531 4769 sequerentur,
1557 4717 1670 4754 non
1697 4718 1889 4771 quem-

190 4784 333 4837 libet
363 4784 676 4849 hominem,
707 4785 804 4838 sed
828 4784 1104 4855 Spiritum
1136 4791 1297 4841 tuum
1323 4793 1578 4842 sanctum
1622 4804 1678 4842 se
1726 4789 1887 4858 sequi

191 4871 640 4938 arbitrarentur;
675 4872 802 4942 quis
847 4878 1061 4928 tantam
1105 4876 1476 4940 dementiam,
1521 4876 1889 4930 sicubi'falsa

188 4959 395 5014 dixisse
465 4959 911 5028 convinceretur,
971 4979 1085 5016 non
1145 4963 1534 5018 detestandam
1603 4966 1886 5036 longeque

191 5048 575 5119 abjiciendam
611 5065 730 5102 esse
763 5050 1090 5119 judicaret?
1119 5054 1224 5107 Sed
1264 5059 1457 5107 tamen
1513 5055 1772 5109 nondum
1820 5055 1885 5107 li-

189 5137 365 5208 quido
394 5152 781 5206 compereram
805 5143 994 5192 utrum
1018 5139 1190 5194 etiam
1211 5142 1523 5196 secundum
1552 5143 1674 5212 ejus
1694 5143 1884 5208 verba,

185 5224 606 5280 vicissitudines
636 5225 962 5296 longiorum
994 5233 1049 5281 et
1092 5230 1413 5284 breviorum
1452 5231 1676 5284 dierum
1713 5235 1886 5301 atque

190 5313 464 5375 noctium,
487 5316 542 5365 et
563 5311 740 5382 ipsius
759 5315 941 5369 noctis
970 5321 1026 5370 et
1051 5317 1186 5384 diei,
1214 5323 1271 5372 et
1292 5319 1545 5390 deliquia
1575 5320 1884 5386 luminum,

261 5461 274 5492 ¹
300 5457 437 5515 Haec,
459 5455 614 5518 juxta
642 5455 722 5504 Er-
755 5456 922 5520 Lugd.
951 5458 1078 5508 Ven.
1108 5460 1230 5508 Lov.
1255 5461 1390 5510 Flor.
1424 5462 1492 5510 Μ.

254 5521 385 5585 {Sic
406 5527 633 5585 quatuor
657 5521 940 5584 Mss.Augl.
957 5523 1408 5585 [Falsatamesana
1420 5525 1675 5585 superbiar
1701 5525 1882 5584 jlttart.

193 5589 247 5634 et
270 5584 440 5632 Rond.
469 5596 589 5634 cum
620 5587 741 5642 Mss,
775 5583 1066 5642 nonnullis,
1093 5583 1235 5646 falsa
1267 5588 1397 5636 tam.
1428 5583 1499 5635 ΜΖ

1641 335 1853 392 LIBER
1891 335 2217 402 QUINTUS.

3585 351 3690 401 7H)

1990 463 2046 513 et
2073 461 2117 512 si
2150 459 2287 530 quid
2327 461 2607 530 ejusmodi
2644 462 2706 514 in
2727 461 2850 515 aliis
2880 461 3040 516 libris
3071 463 3344 534 legeram,
3368 473 3563 535 posset
3584 484 3684 522 ex-

1988 547 2156 618 poni;
2191 553 2271 612 ut,
2305 549 2348 601 si
2371 549 2514 602 forte
2551 554 2764 619 posset,
2796 549 3078 605 incertum
3102 551 3335 622 quidem
3359 553 3502 607 mihi
3524 553 3688 609 fieret

1988 642 2184 690 utrum
2225 637 2302 690 ita
2344 653 2401 691 se
2450 654 2538 690 res
2569 639 2826 707 haberet,
2871 655 2942 692 an
2973 656 3087 694 non
3123 640 3230 706 ita;
3264 641 3364 694 sed
3398 642 3466 695 ad
3507 643 3680 697 tidem

1989 740 2177 778 meam
2223 725 2377 778 illius
2423 725 2836 796 auctoritatem,
2884 734 3114 798 propter
3154 729 3424 784 creditam
3482 731 3688 785 sancti-

1989 818 2183 880 tatem,
2216 830 2640 884 praeponerem.

2664 905 2886 960 CAPUT
2919 908 3006 959 VI.

1994 991 2219 1043 Faustus
2252 991 2517 1059 eloquens,
2549 991 2644 1044 sed
2691 991 2992 1046 liberalium
3019 993 3440 1062 disciplinarum
3471 1011 3685 1064 expers.

2067 1078 2147 1130 tO.
2185 1078 2248 1130 Et
2275 1094 2377 1146 per
2421 1094 2599 1132 annos
2634 1078 2810 1133 ferme
2867 1080 3016 1150 ipsos
3072 1097 3295 1149 novem,
3347 1083 3559 1153 quibus
3590 1100 3687 1137 eos

1989 1163 2180 1217 animo
2210 1165 2576 1235 vagabundus
2632 1166 2842 1232 audivi,
2888 1167 3061 1220 nimis
3107 1174 3336 1222 extento
3397 1171 3678 1224 desiderio

1987 1258 2290 1305 venturum
2335 1253 2728 1322 exspectabam
2756 1254 2930 1307 istum
2964 1256 3251 1310 Faustum.
3285 1258 3490 1311 Crateri
3522 1259 3677 1312 enim

1990 1355 2212 1399 eorum,
2256 1339 2313 1392 in
2359 1356 2500 1410 quos
2529 1340 2674 1394 forte
2708 1341 3096 1408 incurrissem,
3129 1344 3230 1412 qui
3261 1344 3461 1398 talium
3492 1362 3684 1401 rerum

1990 1427 2400 1498 quaestionibus
2428 1445 2460 1480 a
2509 1443 2600 1481 me
2647 1428 2880 1496 objectis
2936 1430 3297 1497 deficiebant,
3348 1433 3510 1486 illum
3546 1435 3688 1488 mihi

1989 1515 2420 1585 promittebant,
2451 1517 2611 1586 cujus
2661 1517 2898 1570 adventu
2931 1519 3251 1590 collatoque
3289 1522 3574 1591 colloquio
3606 1523 3688 1576 fa-

1989 1603 2198 1657 cillime
2247 1604 2391 1657 mihi
2427 1605 2563 1670 hac,
2606 1610 2662 1658 et
2691 1604 2736 1658 si
2767 1622 2879 1676 qua
2921 1606 3065 1660 forte
3097 1608 3313 1676 majora
3344 1625 3685 1678 quaererem,

1990 1691 2391 1745 enodatissime
2426 1692 2850 1762 expedirentur.
2887 1696 3030 1764 Ergo
3075 1697 3173 1749 ubi
3214 1697 3390 1765 venit,
3422 1705 3688 1767 expertus

1991 1795 2118 1832 sum
2144 1781 2434 1834 hominem
2461 1787 2690 1850 gratum
2731 1783 3124 1852 etjucundum
3148 1785 3352 1845 verbis,
3386 1791 3443 1839 et
3472 1803 3540 1840 ea
3565 1788 3686 1856 ipsa

1991 1885 2118 1939 qua:
2147 1868 2434 1922 illisolent
2473 1869 2683 1936 dicere,
2735 1871 2914 1924 multo
2948 1872 3176 1925 suavius
3197 1878 3542 1943 garrentem.
3578 1876 3684 1928 Sed

1993 1957 2130 2027 quid
2162 1959 2230 2011 ad
2263 1974 2446 2011 meam
2477 1958 2629 2011 sitim
2670 1959 3074 2028 pretiosiorum
3105 1963 3444 2030 poculorum
3476 1963 3681 2016 decen-

1993 2045 2243 2099 tissimus
2275 2045 2666 2100 ministrator?
2693 2049 2816 2101 Jam
2846 2048 3014 2102 rebus
3044 2050 3248 2103 talibus
3285 2051 3500 2104 satiatae
3525 2058 3687 2105 erant

1993 2149 2160 2187 aures
2192 2151 2363 2200 meas;
2413 2152 2516 2189 nec
2546 2136 2673 2190 ideo
2704 2137 2845 2190 mihi
2885 2138 3123 2192 meliora
3160 2139 3515 2206 videbantur,
3556 2141 3690 2211 quia

1993 2222 2198 2277 melius
2229 2225 2588 2291 dicebantur;
2639 2241 2742 2278 nec
2794 2225 2922 2280 ideo
2977 2243 3108 2280 vera
3151 2228 3286 2298 quia
3317 2228 3553 2295 diserta;
3588 2246 3690 2282 nec

1992 2311 2121 2364 ideo
2172 2312 2398 2381 sapiens
2437 2313 2648 2379 anima,
2709 2313 2842 2382 quia
2869 2315 3060 2368 vultus
3107 2332 3393 2386 congruas
3424 2321 3479 2371 et
3515 2318 3686 2372 deco-

1996 2416 2122 2453 rum
2152 2401 2464 2471 eloquium.
2491 2402 2574 2455 Illi
2598 2408 2787 2455 autem
2815 2401 2915 2472 qui
2936 2420 3066 2456 eum
3092 2403 3231 2457 mihi
3255 2405 3686 2474 promittebant,

1993 2505 2110 2542 non
2141 2489 2278 2542 boni
2322 2507 2517 2544 rerum
2549 2490 2964 2544 existimatores
2990 2497 3187 2556 erant;
3220 2501 3276 2546 et
3307 2493 3434 2547 ideo
3465 2495 3577 2547 illis
3606 2495 3688 2547 vi-

1995 2577 2234 2630 debatur
2281 2580 2530 2647 prudens
2582 2585 2638 2631 et
2675 2580 2922 2648 sapiens,
2970 2579 3103 2649 quia
3134 2580 3453 2636 delectabat
3484 2598 3578 2635 eos
3603 2583 3687 2635 lo-

1997 2681 2194 2736 quens.
2233 2666 2393 2720 Sensi
2433 2672 2624 2720 autem
2669 2666 2822 2720 aliud
2853 2683 3032 2736 genus
3057 2667 3357 2722 hominum
3389 2669 3558 2723 etiam
3590 2687 3690 2724 ve—

1994 2754 2220 2807 ritatem
2270 2754 2478 2808 habere
2509 2761 2849 2825 suspectam,
2907 2759 2962 2808 et
2990 2755 3042 2808 ei
3073 2757 3224 2810 nolle
3256 2757 3613 2827 acquiescere
3645 2760 3688 2811 si

1994 2848 2221 2912 compto
2255 2849 2425 2912 atque
2456 2842 2617 2896 uberi
2666 2858 2927 2896 sermone
2961 2849 3338 2912 promeretur.
3375 2846 3456 2898 Me
3498 2852 3686 2900 autem

1988 2932 2109 3001 jam
2140 2931 2431 2995 docueras,
2464 2932 2608 2984 Deus
2631 2946 2812 2995 meus,
2849 2929 3007 2983 miris
3038 2936 3095 2984 et
3125 2931 3356 2984 occultis
3385 2933 3598 2997 modis;
3634 2940 3689 2987 et

1993 3023 2297 3090 propterea
2318 3019 2485 3072 credo
2513 3018 2663 3089 quod
2692 3023 2752 3071 tu
2775 3035 2865 3071 me
2888 3017 3167 3083 docueris,
3194 3019 3466 3088 quoniam
3489 3034 3687 3072 verum

1997 3113 2099 3172 est,
2149 3123 2253 3160 nec
2298 3107 2600 3177 quisquam
2651 3111 2860 3174 praeter
2889 3109 2943 3159 te
2993 3105 3139 3159 alius
3192 3111 3278 3160 est
3325 3107 3522 3160 doctor
3549 3108 3688 3169 veri,

1995 3196 2342 3264 ubicumque
2373 3200 2429 3248 et
2455 3193 2858 3264 undecumque
2890 3195 3178 3248 claruerit.
3205 3196 3328 3248 Jam
3357 3210 3492 3264 ergo
3512 3195 3612 3248 abs
3636 3199 3693 3247 et

1997 3285 2328 3349 didiceram,
2375 3299 2480 3336 nec
2513 3298 2579 3336 eo
2627 3281 2830 3335 debere
2860 3281 3039 3334 videri
3083 3281 3300 3351 aliquid
3331 3298 3528 3336 verum
3557 3282 3689 3347 dici,

1997 3373 2131 3444 quia
2157 3373 2491 3442 eloquenter
2519 3370 2757 3434 dicitur;
2792 3386 2895 3423 nec
2943 3386 3010 3424 eo
3039 3370 3270 3436 falsum,
3310 3371 3446 3442 quia
3473 3371 3693 3425 incom-

1997 3462 2175 3532 posite
2213 3466 2416 3515 sonant
2444 3461 2607 3531 signa
2635 3460 2949 3514 labiorum:
3009 3475 3227 3524 rursus,
3287 3476 3391 3513 nec
3446 3460 3574 3514 ideo
3603 3477 3691 3513 ve-

1998 3567 2148 3618 rum,
2177 3551 2313 3621 quia
2337 3549 2596 3619 impolitc
2619 3547 2968 3614 enuntiatur,
3004 3564 3107 3602 nec
3136 3549 3266 3602 ideo
3295 3549 3520 3614 falsum,
3557 3549 3692 3619 quia

1997 3639 2328 3708 splendidus
2359 3653 2546 3691 sermo
2574 3642 2686 3690 est:
2721 3636 2818 3689 sed
2851 3635 3086 3706 perinde
3122 3653 3242 3690 esse
3273 3637 3612 3707 sapientiam
3636 3643 3691 3690 et

1998 3727 2330 3792 stultitiam,
2366 3726 2516 3780 sicut
2560 3728 2695 3778 sunt
2739 3724 2850 3777 cibi
2900 3724 3064 3777 utiles
3113 3730 3165 3777 et
3213 3725 3471 3789 inutiles;
3508 3725 3694 3779 verbis

1996 3821 2186 3869 autem
2220 3815 2430 3868 ornatis
2459 3818 2514 3866 et
2531 3811 2807 3866 inornatis
2835 3811 2982 3865 sicut
3003 3812 3148 3865 vasis
3187 3813 3418 3867 urbanis
3447 3818 3504 3867 et
3522 3814 3687 3866 rusti-

1997 3904 2148 3957 canis
2179 3908 2449 3972 utrosque
2479 3901 2632 3954 cibos
2658 3916 2826 3969 posse
2849 3899 3180 3954 ministrari.

2071 3997 2155 4046 tt.
2197 3993 2378 4062 Igitur
2416 3990 2651 4044 aviditas
2700 4005 2846 4057 mea,
2884 4005 2998 4059 qua
3044 3988 3207 4043 illum
3245 3993 3401 4044 tanto
3433 3995 3688 4060 tempore

1997 4086 2453 4151 exspectaveram
2483 4076 2800 4145 hominem,
2833 4076 3217 4130 delectabatur
3264 4077 3496 4148 quidem
3534 4083 3688 4132 motu

1999 4169 2316 4239 atfectuque
2351 4166 2709 4238 disputantis,
2745 4170 2800 4218 et
2827 4165 3011 4218 verbis
3033 4167 3496 4235 congruentibus,
3523 4173 3692 4238 atque

1998 4258 2067 4311 ad
2093 4248 2408 4311 vestiendas
2437 4255 2750 4308 sententias
2779 4253 2941 4307 facile
2971 4255 3417 4309 occurrentibus.
3450 4255 3696 4310 Delecta-

1997 4347 2100 4401 bar
2126 4351 2316 4400 autem
2345 4349 2402 4399 et
2429 4360 2560 4398 cum
2581 4342 2796 4408 multis,
2819 4342 2909 4396 vel
2929 4343 3101 4396 etiam
3125 4359 3243 4413 prae
3275 4343 3469 4398 multis
3498 4344 3696 4398 lauda-

1996 4436 2129 4489 bam
2179 4451 2242 4488 ac
2283 4434 2620 4499 eﬂerebam;
2667 4431 2766 4485 sed
2814 4431 3050 4485 moleste
3098 4433 3379 4486 habebam
3427 4433 3580 4505 quod
3636 4433 3693 4487 in

1997 4530 2145 4578 cmtu
2171 4523 2529 4579 audientium
2576 4537 2694 4576 non
2721 4521 2938 4574 sinerer
2964 4520 3048 4574 illi
3079 4521 3363 4591 ingerere,
3395 4527 3452 4576 et
3491 4522 3696 4592 partiri

1998 4629 2128 4666 cum
2158 4629 2223 4665 eo
2253 4627 2415 4664 curas
2446 4607 2832 4680 qumstionum
2856 4622 3137 4673 mearum,
3161 4608 3504 4662 conferendo
3527 4609 3692 4662 fami-

1998 4701 2234 4764 liariter,
2266 4704 2322 4753 et
2366 4696 2692 4768 accipiendo
2723 4711 2786 4747 ac
2816 4694 3105 4749 reddendo
3152 4711 3494 4750 sermonem.
3532 4698 3694 4761 Quod

1996 4789 2094 4843 ubi
2149 4787 2330 4859 potui,
2377 4791 2432 4840 et
2473 4801 2639 4839 aures
2684 4783 2805 4852 ejus
2852 4798 2983 4835 cum
3015 4783 3392 4838 familiaribus
3422 4787 3564 4840 meis
3593 4802 3690 4839 eo-

1998 4876 2154 4948 que‘
2203 4882 2460 4946 tempore
2509 4887 2782 4942 occupare
2839 4870 3004 4940 coepi,
3055 4889 3167 4942 quo
3223 4890 3338 4927 non
3397 4875 3693 4928 dedeceret

1997 4965 2228 5020 alternis
2259 4964 2557 5028 disserere,
2606 4967 2660 5015 et
2688 4959 2900 5031 protuli
2946 4961 3209 5030 quaedam
3264 4980 3392 5033 qua:
3446 4980 3535 5017 me
3566 4979 3690 5016 mo-

1995 5055 2232 5118 vebant;
2271 5057 2530 5122 expertus
2561 5069 2684 5106 sum
2721 5049 2880 5121 prius
2905 5049 3200 5105 hominem
3233 5057 3518 5122 expertem
3551 5051 3689 5104 libe-

1999 5142 2204 5196 ralium
2251 5141 2704 5210 disciplinarum,
2763 5145 2872 5197 nisi
2905 5141 3310 5214 grammatica),
3365 5145 3533 5209 atque
3570 5139 3690 5206 ejus

1997 5231 2175 5301 ipsius
2205 5231 2412 5284 usitato
2442 5231 2629 5286 modo.
2662 5233 2723 5285 Et
2749 5233 2888 5303 quia
2916 5233 3135 5302 legerat
3162 5230 3379 5299 aliquas
3408 5225 3692 5280 Tullianas

1997 5320 2303 5387 orationes,
2348 5323 2402 5372 et
2441 5319 2809 5389 paucissimos
2839 5321 3062 5375 Senecae
3103 5319 3294 5383 libros,
3328 5319 3383 5368 et
3412 5313 3691 5366 nonnulla

1994 5412 2318 5478 poetarum,
2353 5412 2408 5462 et
2436 5425 2553 5462 sum
2597 5414 2761 5462 sectae
2788 5409 2836 5463 si
2865 5425 2978 5480 qua
3003 5405 3290 5462 volumina
3318 5402 3491 5456 latine
3520 5406 3691 5472 atque

1995 5496 2310 5567 composite
2343 5497 2661 5568 conscripta
2690 5503 2870 5564 erant,
2905 5502 2960 5551 et
2978 5495 3112 5566 quia
3138 5492 3333 5546 aderat
3356 5488 3690 5561 quotidiana

2062 5590 2072 5618 ¹
2112 5587 2184 5635 Eo
2209 5598 2435 5650 quoque,
2452 5586 2608 5647 juxta
2640 5585 2723 5634 Er.
2756 5586 2921 5647 Lugd.
2954 5583 3082 5630 Ven.
3115 5581 3237 5627 Lov.
3263 5579 3330 5627 Μ.
