4058 6418
400 325 490 376 7H
1581 314 2121 369 (IONFESSIONI'M
2193 316 2243 366 ὃ.

400 442 822 497 sermocinandi
846 441 1209 496 exercitatio:
1242 440 1373 493 inde
1398 438 1737 509 suppetebat
1776 438 2088 509 eloquium,

400 533 552 602 quod
586 531 755 585 ﬁebat
782 530 1064 599 acceptius
1092 528 1386 599 magisque
1413 526 1796 581 seductorium
1828 526 2089 581 modera-

398 621 555 674 mine
584 620 822 689 ingenii,
857 623 910 673 et
941 618 1185 689 quodam
1218 618 1409 686 lepore
1431 615 1695 670 naturali.
1726 617 1880 669 Itane
1912 620 1995 669 est
2029 622 2091 668 ut

397 710 606 774 recolo,
625 708 861 762 Domine
886 709 1030 761 Deus
1070 723 1251 771 meus,
1282 705 1493 758 arbiter
1517 702 1874 757 conscientize
1911 703 2089 753 ﬂictu?

312 858 321 869 ο
399 798 600 851 Coram
631 802 686 850 te
712 813 807 850 cor
832 812 1026 849 meum
1066 799 1121 849 et
1152 794 1465 847 recordatio
1494 809 1642 858 mea,
1674 790 1771 862 qui
1818 806 1907 843 me
1956 794 2090 842 tunc

396 886 604 955 agebas
629 884 818 937 abdito
861 888 1075 937 secreto
1105 882 1478 953 providentiae
1508 886 1643 946 tute,
1677 884 1730 933 et
1760 878 2090 933 inhonestos

396 989 620 1027 errores
651 988 804 1026 meos
825 973 948 1042 jam
972 971 1338 1025 convertebas
1367 974 1497 1024 ante
1527 968 1730 1023 faciem
1761 982 1969 1033 meam,
2023 967 2090 1019 ut

391 1062 645 1115 viderem
675 1065 731 1115 et
760 1061 1024 1125 odissem,

1062 1149 1285 1203 CAPUT
1316 1149 1433 1201 νη.

750 1238 1040 1292 Alienatur
1063 1254 1095 1290 α
1130 1242 1271 1291 secta
1292 1236 1727 1291 Manichaeorum.

469 1331 551 1381 12.
595 1329 733 1382 Nam
782 1333 1156 1397 posteaquam
1204 1326 1299 1379 ille
1346 1324 1489 1378 mihi
1544 1322 1845 1393 imperitus
1890 1337 2087 1375 earum

393 1415 631 1481 artium,
665 1415 873 1486 quibus
916 1431 1047 1469 eum
1088 1414 1361 1468 excellere
1400 1416 1750 1483 putaveram,
1800 1410 1934 1463 satis
1978 1426 2087 1479 ap-

392 1503 601 1571 paruit,
642 1503 945 1573 desperare
985 1502 1127 1573 coepi
1158 1518 1323 1573 posse
1357 1517 1488 1555 eum
1518 1500 1660 1554 mihi
1689 1500 1787 1553 illa
1828 1514 1955 1569 qum
1997 1514 2087 1551 me

392 1592 698 1645 movebant
724 1591 946 1662 aperire
975 1596 1146 1661 atque
1178 1591 1522 1655 dissolvere;
1569 1605 1815 1659 quorum
1850 1587 2085 1659 quidem

388 1679 618 1748 ignarus
648 1684 837 1749 posset
884 1680 1182 1733 veritatem
1223 1685 1416 1733 tenere
1455 1677 1703 1749 pietatis,
1736 1677 1830 1731 sed
1880 1676 1926 1729 si
1963 1693 2085 1730 ma-

391 1767 641 1820 nichaaus
680 1783 795 1821 non
836 1773 1002 1821 esset.
1056 1767 1209 1821 Libri
1262 1768 1476 1838 quippe
1524 1783 1721 1820 eorum
1767 1764 1925 1836 pleni
1955 1769 2087 1818 sunt

388 1854 735 1926 longissimis
784 1856 1011 1916 fabulis.
1058 1856 1126 1910 de
1178 1856 1316 1909 ccelo
1354 1860 1408 1909 et
1450 1854 1749 1919 sideribus,
1790 1855 1847 1904 et
1886 1849 1999 1902 sole
2031 1855 2086 1903 et

390 1944 561 1997 luna:
593 1960 721 2014 quas
750 1944 892 1997 mihi
923 1959 1077 2008 eum,
1112 1944 1265 2014 quod
1296 1943 1493 2014 utique
1514 1941 1834 2012 cupiebam,
1863 1938 2084 1993 collatis

389 2048 763 2086 numerorum
830 2032 1166 2098 rationibus,
1241 2049 1383 2103 quas
1437 2030 1574 2084 alibi
1638 2046 1744 2099 ego
1808 2030 2079 2099 legeram,

387 2124 580 2173 utrum
611 2120 803 2190 potius
846 2121 926 2174 ita
968 2126 1158 2174 essent
1185 2124 1250 2174 ut
1296 2119 1589 2174 Manichzei
1620 2118 1779 2173 libris
1822 2117 2083 2171 contine—

387 2209 612 2275 bantur,
645 2226 714 2262 an
748 2214 897 2262 certe
926 2209 1011 2262 vel
1070 2224 1176 2278 par
1227 2207 1400 2260 etiam
1451 2207 1584 2260 inde
1632 2204 1777 2258 ratio
1820 2201 2084 2255 reddere—

388 2301 497 2360 tur,
560 2296 845 2350 subtiliter
884 2297 1165 2365 explicare
1217 2310 1386 2365 posse
1411 2295 1531 2364 jam
1579 2309 1697 2346 non
1745 2289 2078 2345 arbitrabar.

388 2386 523 2447 Qum
556 2390 747 2439 tamen
778 2384 878 2437 ubi
916 2384 1324 2438 consideranda
1354 2386 1408 2436 et
1453 2380 1806 2435 discutienda
1846 2377 2078 2449 protuli,

389 2474 642 2527 modeste
674 2490 806 2527 sane
848 2474 941 2526 ille
968 2489 1075 2526 nec
1120 2488 1290 2525 ausus
1321 2476 1406 2525 est
1457 2470 1648 2523 subire
1690 2468 1874 2538 ipsam
1912 2465 2079 2518 sarci-

388 2577 543 2616 nam.
582 2563 825 2615 Noverat
854 2561 1007 2614 enim
1038 2577 1095 2613 se
1118 2561 1223 2613 ista
1240 2576 1358 2613 non
1388 2574 1572 2627 nosse,
1599 2574 1701 2611 nec
1728 2572 1859 2610 eum
1875 2554 2083 2624 puduit

387 2651 661 2704 conﬁteri.
693 2652 817 2704 Non
848 2656 970 2704 erat
998 2650 1067 2705 de
1102 2650 1309 2703 talibus
1337 2649 1532 2719 quales
1563 2648 1772 2701 multos
1816 2646 2079 2715 loquaces

384 2755 583 2809 passus
616 2755 791 2805 eram,
826 2744 1098 2792 conantes
1128 2755 1193 2791 ea
1221 2754 1312 2792 me
1344 2738 1568 2802 docere,
1602 2741 1657 2790 et
1702 2736 1951 2791 dicentes
1992 2733 2078 2786 ni-

386 2826 488 2880 hil.
519 2828 626 2881 lste
658 2843 789 2881 vero
817 2844 914 2880 cor
943 2827 1206 2893 habebat,
1236 2826 1339 2880 etsi
1370 2840 1481 2881 non
1510 2830 1726 2879 rectum
1767 2824 1838 2878 ad
1867 2827 1943 2888 te,
1976 2838 2079 2875 nec

382 2925 571 2974 tamen
598 2919 769 2973 nimis
795 2919 1085 2973 incautum
1116 2920 1187 2973 ad
1219 2919 1488 2989 seipsum.
1514 2919 1636 2972 Non
1666 2931 2077 2987 usquequaque

380 3008 682 3078 imperitus
716 3013 837 3062 erat
886 3008 1191 3079 imperitiae
1245 3026 1384 3074 sua},
1432 3012 1487 3062 et
1533 3007 1719 3061 noluit
1762 3023 1820 3059 se
1862 3011 2078 3058 temere

380 3098 727 3167 disputando
758 3098 819 3151 in
863 3114 928 3150 ea
959 3097 1251 3165 coarctari,
1288 3102 1438 3151 unde
1469 3112 1573 3149 nec
1603 3096 1783 3149 exitus
1812 3093 1866 3147 ei
1904 3094 2072 3157 ullus,

376 3201 482 3238 nec
521 3186 698 3238 facilis
746 3190 893 3238 esset
943 3186 1204 3239 reditus:
1250 3186 1422 3239 etiam
1469 3185 1601 3237 hinc
1640 3183 1782 3237 mihi
1832 3182 2075 3251 amplius

375 3272 609 3342 placuit.
656 3272 953 3325 Pulchrior
1006 3276 1091 3325 est
1145 3272 1297 3325 enim
1337 3270 1715 3342 temperantia
1756 3269 2075 3323 confitentis

379 3359 578 3425 animi,
635 3375 809 3429 quam
839 3359 936 3412 illa
990 3376 1118 3429 quae
1170 3377 1336 3414 nosse
1367 3360 1703 3430 cupiebam;
1749 3363 1803 3412 et
1844 3374 1975 3412 eum
2014 3357 2075 3410 in

376 3447 644 3501 omnibus
673 3445 1090 3500 difficilioribus
1121 3451 1177 3501 et
1224 3447 1617 3501 subtilioribus
1661 3445 2074 3517 quaestionibus

373 3536 546 3589 talem
572 3533 952 3588 inveniebam.

445 3624 533 3674 23.
578 3620 834 3673 Refracto
893 3620 1087 3691 itaque
1130 3620 1317 3674 studio
1366 3620 1517 3690 quod
1550 3623 1569 3657 ί
1610 3620 1965 3674 intenderam
2013 3619 2069 3672 in

377 3706 671 3762 Manichaei
722 3708 955 3773 litteras,
1012 3709 1309 3777 magisque
1374 3710 1681 3778 desperans
1738 3708 1807 3761 de
1853 3708 2073 3761 caeteris

374 3813 573 3851 eorum
615 3796 962 3864 doctoribus,
994 3797 1222 3867 quando
1256 3797 1316 3850 in
1347 3797 1541 3850 multis
1569 3813 1699 3867 qua:
1748 3812 1838 3850 me
1883 3812 2070 3849 move-

373 3884 533 3953 bant,
565 3884 643 3939 ita
671 3884 765 3938 ille
800 3885 1124 3939 nominatus
1166 3886 1465 3955 apparuit;
1515 3886 1661 3955 ccepi
1693 3901 1823 3939 cum
1871 3901 1937 3939 eo
1967 3901 2071 3955 pro

374 3974 561 4028 studio
591 3974 713 4043 ejus
742 3990 912 4044 agere
943 3973 1138 4039 vitam,
1168 3990 1281 4043 quo
1313 3974 1433 4044 ipse
1465 3974 1741 4043 ﬂagrabat
1771 3974 1828 4027 in
1855 3990 1949 4027 eas
1981 3973 2071 4026 Iit-

370 4065 541 4124 teras,
572 4078 712 4133 quas
754 4067 889 4116 tunc
914 4062 1032 4132 jam
1075 4063 1274 4115 rhetor
1311 4061 1641 4131 Carthagini
1688 4062 2071 4115 adolescentes

369 4151 676 4215 docebam';
711 4156 768 4203 et
795 4151 983 4219 legere
1005 4166 1134 4203 cum
1161 4165 1248 4213 eo,
1288 4149 1403 4202 sive
1435 4166 1564 4220 quae
1584 4149 1678 4203 ille
1708 4150 1897 4203 audita
1923 4150 2070 4203 desi-

373 4239 619 4303 deraret,
653 4238 767 4290 sive
808 4253 936 4306 quaa
974 4237 1093 4306 ipse
1124 4237 1224 4289 tali
1249 4236 1480 4305 ingenio
1510 4242 1643 4307 apta
1664 4236 2067 4291 existimarem.

375 4328 654 4381 Caeterum
706 4329 939 4378 conatus
979 4323 1164 4376 omnis
1212 4339 1392 4388 meus,
1431 4340 1545 4394 quo
1576 4324 1851 4394 proﬁcere
1884 4324 1944 4377 in
1973 4324 2071 4378 illa

375 4416 526 4467 secta
552 4416 879 4475 statueram,
914 4411 1012 4464 illo
1050 4410 1281 4464 homine
1312 4412 1541 4481 cognito
1570 4428 1799 4481 prorsus
1840 4412 2069 4466 interci-

375 4501 498 4555 dit:
529 4515 645 4553 non
682 4503 748 4553 ut
773 4500 844 4553 ab
876 4499 955 4553 eis
986 4500 1222 4553 omnino
1256 4512 1573 4571 separarer,
1608 4501 1703 4554 sed
1746 4500 1907 4570 quasi
1949 4518 2069 4555 me-

370 4589 481 4642 lius
510 4587 825 4658 quidquam
880 4604 994 4642 non
1049 4587 1364 4653 inveniens,
1415 4604 1481 4642 eo
1530 4605 1642 4659 quo
1678 4588 1799 4658 jam
1840 4606 2068 4660 quoquo

375 4677 544 4730 modo
571 4676 873 4743 irrueram,
907 4680 1206 4731 contentus
1253 4676 1485 4731 interim
1532 4693 1651 4731 esse
1685 4677 2064 4739 decreveram,

375 4765 486 4819 nisi
512 4764 729 4835 aliquid
766 4766 911 4820 forte
943 4766 1096 4837 quod
1127 4765 1308 4835 magis
1339 4766 1667 4835 eligendum
1698 4771 1842 4820 esset
1883 4768 2065 4821 eluce-

372 4858 479 4909 ret.
512 4855 596 4907 Ita
626 4854 720 4908 ille
752 4856 1012 4922 Faustus,
1043 4854 1143 4925 qui
1173 4854 1370 4909 multis
1398 4855 1636 4925 laqueus
1676 4854 1871 4908 mortis
1902 4855 2067 4909 exsti-

373 4943 464 5009 tit,
508 4959 702 4997 meum
754 4959 867 5013 quo
918 4948 1113 5013 captus
1156 4959 1309 4997 eram
1358 4945 1611 4997 relaxare
1640 4943 1760 5013 jam
1797 4948 2064 5013 coeperat,

374 5047 479 5085 nec
508 5032 704 5084 volens
734 5046 839 5084 nec
869 5030 1067 5085 sciens.
1102 5031 1298 5085 Manus
1329 5031 1480 5084 enim
1518 5035 1652 5095 tuae,
1706 5031 1852 5084 Deus
1881 5047 2061 5093 meus,

369 5118 432 5174 in
458 5120 649 5174 abdito
680 5119 1053 5190 providentiae
1101 5123 1236 5183 tum,
1282 5136 1395 5172 non
1438 5119 1772 5173 deserebant
1813 5119 2065 5175 animam

375 5225 564 5264 meam
588 5226 601 5276 ;
627 5215 684 5263 et
712 5208 782 5263 de
809 5207 1086 5277 sanguine
1112 5206 1299 5260 cordis
1328 5206 1527 5278 matris
1556 5222 1720 5272 mere,
1752 5223 1855 5277 per
1883 5208 2064 5279 lacry-

360 5312 493 5351 mas
523 5298 646 5368 ejus
692 5296 892 5350 diebus
948 5312 1011 5348 ac
1055 5294 1317 5349 noctibus
1358 5310 1463 5365 pro
1506 5311 1597 5348 me
1644 5295 2065 5351 sacriﬁcabatur

369 5385 515 5453 tibi;
549 5390 607 5441 et
636 5384 799 5456 egisti
830 5399 1056 5439 mecum
1092 5382 1254 5437 miris
1284 5382 1467 5438 modis
1504 5387 1545 5439 2.
1578 5384 1661 5438 Tu
1690 5384 1833 5439 illud
1874 5385 2061 5454 egisti,

431 5494 452 5586 ὲ
480 5490 1294 5615 gzgidgtxdgcglggdrnodxﬁiuta
1310 5552 1506 5602 Somm.
1526 5553 1651 5602 Arn.
1666 5564 1787 5601 cum
1806 5553 1835 5599 7
1852 5552 1994 5611 Mss.,
2009 5557 2060 5601 et

371 5613 541 5663 Rond.
575 5628 693 5663 cum
728 5616 914 5666 “Mss.
960 5615 1028 5663 M.

2304 310 2704 367 Al'Gt'STlNl.
3266 293 3272 299 ’
3818 321 3844 367 τ
3867 319 3916 367 r2

2206 438 2351 492 Deus
2385 452 2565 492 meus.
2619 437 2761 490 Nam
2788 451 2821 490 a
2846 434 3086 491 Domino
3106 451 3337 507 gressus
3357 436 3617 493 hominis
3655 436 3919 507 dirigun-

2200 530 2327 594 tur;
2381 531 2436 581 et
2481 525 2630 580 viam
2669 526 2791 594 ejus
2837 525 2986 579 volet
3023 525 3196 594 (Paul.
3232 541 3413 590 xum,
3450 528 3571 594 23).
3618 527 3747 579 Aut
3788 541 3917 595 qua:

2200 614 2524 684 procuratio
2553 613 2772 680 salutis,
2814 617 3025 683 praeter
3055 630 3292 668 manum
3330 618 3509 680 tuam,
3551 612 3917 668 reﬁcientem

2202 718 2328 771 quas
2366 702 2589 756 fecisti?

2826 792 3050 846 CAPUT
3089 782 3235 846 Vlll.

2326 881 2696 949 Proﬁciscitur
2722 882 2944 935 Romam
2977 886 3165 935 contra
3191 884 3387 936 matris
3413 882 3779 936 voluntatem.

2273 970 2358 1020 14.
2406 966 2583 1037 Egisti
2613 983 2750 1037 ergo
2797 983 3022 1023 mecum
3054 974 3116 1022 ut
3140 968 3285 1023 mihi
3323 970 3784 1039 persuaderetur
3812 968 3913 1023 Ro-

2199 1070 2353 1108 mam
2380 1070 2638 1125 pergere,
2674 1061 2729 1110 et
2748 1056 2937 1126 potius
2958 1056 3037 1110 ibi
3053 1057 3254 1111 docere
3279 1058 3432 1128 quod
3461 1056 3747 1111 docebam
3775 1056 3910 1111 Car-

2196 1143 2446 1211 thagine.
2480 1145 2544 1197 Et
2564 1145 2669 1198 hoc
2695 1145 2849 1199 unde
2872 1144 3015 1199 mihi
3041 1161 3376 1215 persuasum
3405 1150 3491 1199 est
3516 1143 3563 1207 ί,
3597 1161 3726 1199 non
3754 1161 3906 1214 praz—

2198 1231 2382 1285 teribo
2410 1231 2670 1285 confiteri
2699 1231 2837 1297 tibi;
2887 1232 3158 1303 quoniam
3189 1238 3243 1286 et
3270 1233 3331 1287 in
3360 1232 3453 1287 his
3499 1233 3780 1289 altissimi
3828 1232 3909 1286 tui

2197 1335 2468 1385 recessus,
2502 1324 2557 1373 et
2585 1320 3030 1390 prmsentissima
3049 1320 3107 1374 in
3133 1337 3237 1374 nos
3259 1320 3657 1376 misericordia
3687 1325 3793 1375 tua
3822 1337 3906 1375 co-

2196 1414 2427 1483 gitanda
2456 1421 2513 1469 et
2541 1416 2901 1485 praadicanda
2940 1420 3049 1470 est.
3094 1417 3215 1470 Non
3238 1415 3365 1470 ideo
3396 1418 3638 1471 Romam
3664 1432 3905 1487 pergere

2193 1502 2367 1569 volui,
2401 1504 2556 1573 quod
2584 1505 2827 1573 majores
2848 1508 3119 1574 qumstus,
3144 1505 3444 1575 majorque
3471 1505 3614 1558 mihi
3645 1504 3903 1573 dignitas

2193 1592 2263 1646 ab
2295 1592 2511 1660 amicis,
2547 1593 2647 1662 qui
2676 1593 2783 1646 hoc
2816 1592 3152 1657 suadebant,
3184 1593 3661 1663 promittebatur;
3718 1608 3904 1664 quan-

2197 1696 2369 1751 quam
2400 1685 2455 1734 et
2492 1680 2601 1734 ista
2626 1681 2909 1735 ducebant
2938 1680 3196 1734 animum
3244 1687 3380 1734 tunc
3409 1697 3635 1735 meum:
3665 1681 3769 1734 sed
3807 1681 3906 1734 illa

2195 1773 2316 1822 erat
2344 1785 2509 1823 causa
2527 1770 2771 1823 maxima
2797 1774 2853 1823 et
2872 1785 3018 1839 pene
3051 1770 3188 1831 sola,
3215 1769 3369 1840 quod
3398 1769 3712 1824 audiebam
3739 1769 3903 1840 quie-

2196 1858 2306 1910 tius
2328 1858 2406 1911 ibi
2429 1858 2657 1912 studere
2689 1858 3093 1926 adolescentes,
3129 1862 3185 1910 et
3214 1857 3555 1911 ordinatiore
3578 1857 3903 1929 disciplina“:

2194 1945 2534 1999 coercitione
2582 1945 2785 2010 sedari,
2812 1961 2884 2000 ne
2913 1945 2993 2011 in,
3021 1946 3144 2015 ejus
3170 1945 3419 2000 scholam
3452 1962 3569 2017 quo
3618 1946 3905 2016 magistro

2194 2050 2311 2087 non
2342 2038 2603 2099 utuntur,
2629 2034 2839 2104 passim
2871 2039 2928 2087 et
2955 2038 3218 2103 proterve
3244 2034 3501 2100 irruant;
3530 2049 3636 2087 nec
3662 2050 3767 2088 eos
3799 2034 3903 2088 ad-

2193 2122 2346 2175 mitti
2376 2122 2633 2190 omnino,
2664 2121 2774 2175 nisi
2803 2122 2898 2176 ille
2929 2121 3272 2191 permiserit.
3308 2123 3539 2190 Contra,
3573 2122 3735 2191 apud
3766 2122 3904 2175 Car-

2194 2210 2487 2279 thaginem
2515 2210 2659 2263 foeda
2702 2214 2788 2263 est
2815 2216 2872 2264 et
2900 2209 3289 2279 intemperans
3318 2210 3546 2264 licentia
3594 2210 3905 2265 scholasti-

2193 2300 2768 2368 corum._lrrumpunt
2789 2297 3174 2368 impudenter,
3195 2303 3251 2352 et
3265 2315 3443 2369 prope
3458 2297 3677 2352 furiosa
3710 2298 3903 2354 fronte

2191 2386 2531 2454 perturbant
2560 2387 2839 2451 ordinem,
2878 2402 3047 2456 quem
3077 2387 3318 2457 quisque
3351 2386 3645 2456 discipulis
3673 2387 3750 2443 ad
3774 2405 3901 2458 pro-

2193 2474 2493 2527 liciendum
2525 2475 2849 2528 instituerit.
2887 2476 3056 2531 Multa
3084 2475 3360 2544 injuriosa
3388 2476 3604 2529 faciunt
3622 2475 3779 2529 mira
3800 2477 3898 2530 lie-

2192 2562 2485 2627 betudine,
2539 2568 2595 2616 et
2625 2563 2919 2633 punienda
2971 2563 3217 2633 legibus,
3248 2563 3358 2618 nisi
3401 2564 3765 2640 consuetudo
3806 2581 3902 2635 pa-

2189 2654 2356 2703 trona
2413 2650 2515 2715 sit;
2560 2649 2665 2704 hoc
2722 2650 3047 2704 miseriores
3099 2666 3196 2705 eos
3252 2651 3577 2712 ostendens,
3613 2667 3736 2721 quo
3772 2652 3899 2721 jam

2191 2739 2351 2809 quasi
2402 2738 2588 2803 liceat,
2630 2738 2849 2792 faciunt
2886 2738 3037 2809 quod
3064 2754 3166 2808 per
3203 2741 3362 2792 tuam
3393 2743 3671 2792 aeternam
3703 2738 3897 2809 legem

2189 2843 2483 2897 nunquam
2510 2827 2731 2894 licebit;
2763 2832 2820 2881 et
2840 2828 3076 2897 impune
3095 2844 3151 2880 se
3170 2827 3352 2880 facere
3368 2826 3746 2891 arbitrantur,
3763 2844 3899 2881 cum

2187 2914 2313 2984 ipsa
2340 2914 2584 2969 faciendi
2614 2915 2862 2968 caecitate
2895 2914 3230 2985 puniantur,
3273 2920 3329 2968 et
3357 2913 3897 2985 incomparabiliter

2189 3002 2480 3073 patiantur
2498 3004 2712 3074 pejora,
2734 3020 2904 3073 quam
2930 3003 3162 3057 faciunt.
3193 3004 3338 3073 Ergo
3361 3019 3504 3073 quos
3517 3019 3737 3071 mores,
3761 3020 3895 3057 cum

2189 3092 2475 3146 studerem
2507 3108 2666 3145 meos
2694 3108 2812 3145 esse
2844 3092 3001 3146 nolui
3030 3095 3083 3153 ²;
3120 3108 3231 3159 eos,
3253 3108 3383 3145 cum
3404 3091 3690 3156 docerem,
3718 3108 3894 3162 coge-

2185 3179 2288 3232 bar
2319 3181 2540 3250 perpeti
2571 3180 2816 3234 alienos:
2850 3184 2907 3234 et
2927 3180 3055 3235 idco
3080 3180 3339 3250 placebat
3370 3179 3452 3233 ire
3484 3179 3583 3233 ubi
3609 3179 3755 3233 talia
3774 3196 3893 3235 non

2185 3268 2330 3333 fieri,
2364 3284 2561 3322 omnes
2587 3269 2686 3338 qui
2733 3273 3026 3335 noverant,
3063 3268 3405 3323 indicabant.
3441 3270 3652 3322 Verum
3693 3273 3893 3323 autem

2184 3361 2268 3418 tu,
2298 3372 2426 3426 spes
2458 3373 2583 3410 mea
2614 3362 2671 3411 et
2698 3358 2882 3427 portio
2914 3372 3042 3410 mea
3070 3357 3129 3409 in
3164 3361 3317 3410 terra
3346 3355 3662 3410 viventium
3717 3358 3887 3425 (Psal.

2184 3460 2320 3508 chi,
2353 3444 2429 3514 6),
2461 3445 2530 3499 ad
2560 3444 2897 3498 mutandum
2916 3449 3199 3499 terrarum
3218 3445 3406 3499 locum
3432 3460 3537 3514 pro
3559 3444 3744 3497 salute
3762 3444 3891 3498 ani—

2184 3548 2293 3585 ma:
2325 3549 2489 3598 mea},
2521 3537 2576 3585 et
2605 3532 2935 3602 Carthagini
2974 3532 3233 3586 stimulos
3265 3531 3474 3603 quibus
3504 3531 3642 3585 inde
3680 3531 3892 3586 avelle—

2182 3635 2295 3686 rer,
2343 3620 2702 3686 admovebas,
2736 3624 2792 3673 et
2837 3622 3030 3673 Romae
3059 3620 3353 3674 illecebras
3394 3618 3603 3689 quibus
3632 3619 3888 3673 attrahe-

2182 3724 2293 3767 rer,
2324 3708 2680 3778 propr-nelias
2711 3708 2854 3762 mihi
2884 3725 2987 3777 per
3018 3708 3280 3761 homines
3325 3707 3425 3778 qui
3466 3706 3720 3775 diligunt
3747 3704 3772 3740 ⁵
3809 3706 3885 3759 vi-

2183 3801 2298 3850 tam
2330 3801 2636 3859 mortuam,
2669 3796 2802 3850 hinc
2831 3796 3029 3849 insana
3057 3796 3345 3863 facientes,
3378 3794 3511 3849 inde
3538 3810 3688 3847 vana
3719 3794 3890 3864 polli-

2184 3890 2400 3949 centes;
2459 3890 2517 3939 et
2568 3884 2637 3938 ad
2685 3885 3050 3954 corrigendos
3120 3900 3347 3955 gressus
3395 3898 3553 3936 meos
3621 3883 3890 3936 utebaris

2182 3974 2397 4027 occulte
2446 3979 2502 4027 et
2533 3973 2763 4027 illorum
2792 3978 2848 4026 et
2875 3989 3003 4027 mea
3038 3974 3426 4043 perversitate.
3474 3972 3616 4024 Nam
3675 3975 3736 4025 et
3786 3970 3891 4042 qui

2180 4063 2592 4132 perturbabant
2630 4061 2811 4116 otium
2867 4078 3080 4128 meum,
3124 4061 3274 4115 foeda
3310 4060 3467 4115 rabie
3515 4059 3649 4113 caeci
3682 4065 3888 4125 erant;

2183 4155 2239 4205 et
2264 4151 2363 4221 qui
2401 4151 2719 4205 invitabant
2747 4150 2816 4204 ad
2837 4149 3016 4218 aliud,
3041 4154 3251 4204 terram
3280 4147 3591 4219 sepiebant.
3625 4147 3745 4217 Ego
3780 4163 3891 4200 an-

2180 4245 2299 4295 tem
2325 4242 2424 4311 qui
2453 4241 2773 4296 detestabar
2805 4240 2896 4294 hic
2932 4256 3125 4295 veram
3167 4237 3476 4301 miseriam,
3507 4236 3627 4291 illic
3673 4236 3890 4291 falsam

2178 4330 2503 4384 felicitatem
2531 4330 2889 4400 appetebam.

2254 4423 2337 4473 15.
2372 4418 2479 4472 Sed
2512 4434 2687 4489 quare
2712 4417 2846 4471 hinc
2879 4416 3118 4482 abirem,
3150 4416 3361 4471 etilluc
3407 4414 3577 4481 irem,
3621 4418 3691 4468 tu
3737 4414 3889 4469 scie-

2178 4507 2299 4576 bas,
2327 4508 2495 4573 Deus;
2533 4523 2637 4561 nec
2650 4506 2940 4561 indicabas
2969 4505 3113 4560 mihi
3139 4521 3244 4559 nec
3257 4503 3444 4569 matri,
3467 4519 3600 4573 quae
3629 4518 3728 4556 me
3747 4520 3892 4573 pro-

2178 4596 2390 4650 fectum
2415 4596 2682 4650 atrociter
2707 4596 2946 4666 planxit,
2977 4599 3035 4649 et
3061 4610 3245 4664 usque
3275 4594 3346 4648 ad
3369 4607 3525 4646 mare
3557 4597 3760 4646 secuta
3779 4596 3887 4646 est.

2179 4685 2285 4740 Sed
2316 4684 2491 4739 fefelli
2521 4700 2649 4739 eam
2695 4684 2974 4739 violenter
3002 4698 3094 4738 me
3139 4687 3450 4745 tenentem,
3485 4683 3549 4733 ut
3578 4683 3683 4733 aut
3724 4696 3895 4735 revo-

2179 4778 2346 4837 caret,
2385 4777 2484 4828 aut
2514 4789 2738 4827 mecum
2759 4777 3063 4843 pergeret;
3097 4776 3155 4826 et
3171 4771 3306 4825 ﬁnxi
3332 4785 3422 4823 me
3449 4766 3705 4822 amicum
3728 4769 3893 4822 nolle

2179 4864 2461 4927 deserere,
2511 4861 2691 4916 donec
2729 4866 2898 4915 vento
2943 4860 3089 4913 facto
3132 4858 3451 4929 navigaret.
3494 4858 3559 4911 Et
3602 4856 3894 4911 mentitus

2179 4967 2305 5004 sum
2336 4950 2527 5018 matri,
2568 4954 2624 5004 et
2648 4949 2731 5004 illi
2760 4949 2950 5015 matri,
2995 4952 3051 5002 et
3073 4947 3251 5001 evasi:
3290 4946 3426 5017 quia
3468 4950 3526 4999 et
3561 4944 3672 4998 hoc
3698 4950 3766 4999 tn
3801 4944 3891 5000 di-

2176 5038 2384 5093 misisti
2413 5038 2555 5092 mihi
2577 5038 3039 5104 misericorditer,
3072 5053 3301 5090 servans
3330 5051 3421 5089 me
3450 5034 3520 5087 ab
3563 5033 3739 5104 aquis
3766 5051 3895 5089 ma-

2176 5127 2273 5188 ris,
2320 5128 2557 5196 plenum
2619 5126 2978 5180 exsecrandis
3023 5125 3304 5187 sordibus,
3337 5138 3520 5193 usque
3562 5122 3636 5176 ad
3668 5139 3890 5193 aquam

2177 5215 2375 5286 gratia:
2407 5220 2542 5279 tuae,
2574 5231 2688 5286 qua
2706 5231 2798 5269 me
2815 5216 3008 5269 abluto
3033 5214 3378 5268 siccarentur
3405 5210 3649 5265 ﬂumina
3671 5217 3893 5266 mater-

2240 5307 2254 5339 1
2271 5306 2367 5359 Sit,
2381 5302 2535 5365 juxta
2546 5302 2634 5350 Er.
2656 5303 2820 5365 Lugd.
2836 5301 3245 5365 Ven.Lov.Dub.
3260 5298 3807 5365 Mart.Elor.et_Rond.
3821 5300 3893 5365 bl.

2238 5366 2259 5399 ει
2283 5360 2453 5413 Codex
2481 5364 2657 5413 Sorb.:
2684 5360 2821 5414 Μὶέοδ
2874 5378 2981 5414 esse
3008 5364 3177 5413 volui.
3206 5360 3894 5410 ConsentitGallicaversio

2175 5428 2303 5477 Arn.
2322 5441 2335 5486 ;
2357 5426 2446 5474 sed
2465 5426 2552 5474 alii
2578 5426 2726 5481 Cdd.,
2745 5428 2903 5475 etiam
2922 5427 3066 5486 Arn.,
3081 5424 3312 5473 inlatino
3324 5426 3470 5486 textu
3484 5421 3697 5486 habent
3708 5426 3894 5486 nolui;

2176 5494 2228 5539 et
2241 5483 2581 5551 reipsakcum
2604 5488 2659 5537 in
2683 5488 2862 5537 schola
2888 5483 3115 5551 rhetoris
3145 5486 3376 5551 studeret
3390 5483 3758 5551 Augustinus,
3794 5484 3899 5534 fuit

2176 5548 2336 5613 longe
2349 5549 2606 5613 sedatior,
2628 5554 2701 5613 ut
2726 5550 2798 5599 ait
2814 5563 2994 5613 supra,
3026 5548 3160 5613 libro
3183 5550 3231 5613 3_,
3262 5560 3390 5613 cap._
3406 5548 3455 5593 3.

2248 5607 2601 5674 mitigabant,
2616 5611 2772 5676 juxta
2805 5607 3003 5661 Sofnm.
3034 5610 3169 5660 Dub.
3193 5607 3492 5657 Aminiam.
3514 5610 3571 5656 et.
3600 5609 3790 5659 Rond.
3827 5611 3894 5659 Μ.
