4058 6374
123 271 221 322 713

122 407 326 448 norum
354 391 671 458 oculorum,
711 390 919 467 quibus
940 406 1044 462 pro
1079 407 1170 447 me
1192 392 1564 464 quotidietibi
1588 396 1816 467 rigabat

122 485 331 534 terram
354 479 458 533 Sub
485 479 644 534 vultu
666 495 788 534 suo.
824 466 1098 534 Ettamen
1138 482 1421 535 recusanti
1453 481 1578 536 sine
1610 466 1700 538 me
1732 501 1820 538 re-

119 567 260 635 dire,
310 567 398 622 vix
428 568 681 639 persuasi
732 574 792 622 ut
838 568 1070 634 inloco,
1119 567 1220 639 qui
1270 569 1564 639 proximus
1598 577 1812 626 nostra;

119 657 251 710 navi
284 661 426 720 erat,
457 657 734 711 memoria
765 655 915 711 beati
943 657 1230 728 Cypriani,
1255 663 1513 713 maneret
1541 675 1608 714 ea
1631 664 1817 716 nocte.

121 745 230 800 Sed
252 761 316 799 ea
343 750 507 800 nocte
526 745 784 800 clanculo
801 761 907 815 ego
930 745 1214 816 profectus
1227 762 1353 800 sum
1376 763 1390 801 :
1415 745 1514 802 illa
1533 752 1724 802 autem
1738 764 1822 803 re-

121 833 329 888 mansit
356 831 373 865 ⁴
401 833 618 888 orando
648 838 702 887 et
732 833 941 888 flendo.
978 834 1042 888 Et
1071 833 1211 904 quid
1245 850 1277 887 a
1305 838 1361 888 te
1390 834 1643 905 petebat,
1675 837 1820 890 Deus

121 937 302 984 meus,
339 921 508 975 tantis
538 921 823 992 lacrymis,
855 921 964 975 nisi
995 926 1059 976 ut
1103 920 1371 992 navigare
1398 937 1490 976 me
1520 938 1636 976 non
1667 922 1819 977 sine-

122 1025 210 1062 res
229 1010 259 1063 ?
286 1008 396 1063 Sed
424 1012 482 1062 tu
512 1009 622 1062 alte
651 1009 975 1076 consulens,
997 1012 1052 1062 et
1081 1008 1385 1064 exaudiens
1414 1009 1706 1065 cardinem
1728 1011 1822 1066 de-

122 1095 315 1150 siderii
347 1097 490 1166 ejus,
520 1112 637 1150 non
675 1097 884 1151 curasti
913 1097 1068 1168 quod
1098 1101 1232 1152 tunc
1261 1097 1510 1168 petebat,
1540 1102 1605 1152 ut
1632 1098 1694 1152 in
1723 1114 1815 1154 me

121 1184 333 1239 faceres
356 1187 378 1221 ³
408 1184 559 1255 quod
600 1201 826 1256 semper
869 1185 1113 1256 petebat.
1149 1186 1324 1240 Flavit
1362 1191 1585 1253 ventus,
1618 1190 1674 1241 et
1703 1186 1815 1241 im-

121 1271 299 1344 plevit
325 1273 447 1328 vela
473 1277 689 1334 nostra,
743 1277 799 1327 et
837 1273 994 1327 littus
1023 1273 1305 1328 subtraxit
1343 1273 1666 1344 aspectibus
1713 1290 1816 1328 no-

121 1359 251 1413 stris
271 1375 284 1414 :
311 1359 371 1414 in
390 1376 504 1431 quo
525 1377 691 1415 mane
713 1360 1141 1418 illainsaniebat
1161 1361 1378 1427 dolore,
1398 1366 1453 1415 et
1471 1361 1738 1432 querelis,
1756 1378 1820 1416 ac

122 1445 339 1515 gemitu
371 1445 646 1517 implebat
674 1462 841 1501 aures
871 1451 995 1501 tuas
1019 1446 1435 1501 contemnentis
1464 1446 1574 1500 ista
1603 1452 1658 1515 ³;
1690 1463 1820 1502 cum

122 1538 179 1588 et
228 1549 321 1587 me
353 1534 759 1605 cupiditatibus
792 1534 934 1589 meis
982 1551 1207 1606 raperes
1254 1534 1325 1588 ad
1363 1533 1641 1589 ﬁniendas
1668 1535 1820 1605 ipsas

120 1621 480 1690 cupiditates,
529 1626 586 1676 et
630 1622 784 1676 illius
828 1622 1051 1676 carnale
1085 1621 1430 1677 desiderium
1470 1623 1626 1693 justo
1659 1623 1821 1678 dolo-

121 1725 249 1762 rum
267 1708 492 1780 flagello
507 1711 1068 1781 vapularet.Amabat
1084 1709 1236 1764 enim
1249 1726 1438 1765 secum
1452 1710 1822 1782 praesentiam

119 1813 308 1851 meam
333 1814 490 1851 more
505 1802 773 1866 matrum,
798 1798 895 1853 sed
919 1798 1113 1853 multis
1128 1798 1306 1854 multo
1330 1797 1612 1869 amplius;
1639 1803 1695 1854 et
1713 1815 1817 1854 ne-

118 1883 334 1937 sciebat
362 1884 500 1955 quid
521 1889 584 1938 tu
611 1884 695 1938 illi
719 1884 1058 1956 gaudiorum
1078 1885 1327 1939 facturus
1353 1900 1504 1940 esses
1534 1885 1603 1939 de
1625 1885 1825 1940 absen-

118 1971 196 2025 tia
226 1987 376 2027 mea.
406 1972 720 2040 Nesciebat,
753 1973 880 2027 ideo
910 1973 1079 2028 flebat
1098 1976 1155 2027 et
1183 1973 1453 2043 ejulabat,
1496 1977 1668 2044 atque
1709 1973 1823 2028 illis

117 2059 457 2114 cruciatibus
485 2060 832 2130 arguebatur
851 2059 911 2114 in
933 2077 997 2116 ea
1038 2060 1438 2131 reliquiarium
1473 2062 1597 2116 Evae
1621 2065 1662 2128 ‘,
1692 2078 1821 2115 cum

118 2149 340 2220 gemitu
371 2165 633 2220 quaerens
665 2149 820 2221 quod
856 2166 985 2204 cum
1024 2150 1238 2219 gemitu
1269 2153 1589 2220 pepererat.
1625 2150 1691 2203 Et
1737 2153 1820 2203 ta-

120 2252 254 2290 men
305 2239 435 2306 post
486 2236 903 2292 accusationem
961 2236 1315 2290 fallaciarum
1365 2239 1422 2290 et
1470 2235 1824 2290 crudelitatis

120 2339 290 2393 meas,
323 2339 594 2378 conversa
637 2341 834 2380 rursus
875 2324 946 2379 ad
1001 2323 1429 2395 deprecandum
1478 2327 1534 2380 te
1568 2339 1674 2395 pro
1707 2339 1821 2392 me,

120 2411 259 2467 abiit
285 2412 358 2467 ad
389 2411 574 2480 solita,
601 2416 658 2468 et
686 2428 792 2484 ego
818 2414 1076 2467 Romam.

801 2519 1024 2574 CAPUT
1060 2519 1147 2572 IX.

451 2607 610 2662 Febrc‘
643 2610 920 2676 correptus
949 2608 1242 2676 periculose
1272 2605 1496 2660 laborat.

187 2697 270 2750 16.
313 2694 379 2748 Et
409 2709 535 2748 ecce
560 2693 814 2765 excipior
840 2693 921 2748 ibi
952 2693 1180 2764 ﬂagello
1212 2691 1570 2764 aegritudinis
1623 2708 1823 2764 corpo-

115 2783 279 2852 ralis,
313 2786 370 2837 et
411 2782 567 2838 ibam
612 2783 684 2838 ad
727 2782 958 2850 inferos,
990 2786 1222 2853 portans
1271 2782 1466 2836 omnia
1514 2780 1663 2835 mala
1698 2797 1826 2851 quae

112 2870 521 2925 commiseram
549 2874 605 2924 et
626 2870 685 2924 in
725 2875 802 2935 te,
835 2874 891 2924 et
927 2870 986 2924 in
1017 2887 1128 2936 me,
1159 2873 1215 2923 et
1243 2869 1303 2922 in
1345 2867 1508 2934 alios,
1537 2868 1716 2922 multa
1771 2870 1829 2920 et

112 2958 336 3029 gravia,
366 2974 543 3029 super
572 2957 864 3028 originalis
893 2956 1109 3028 peccati
1147 2956 1440 3010 vinculum
1471 2971 1585 3026 quo
1627 2970 1827 3008 omnes

114 3047 173 3100 in
209 3047 396 3101 Adam
425 3046 729 3102 morimur.
769 3047 891 3100 Non
920 3045 1072 3099 enim
1103 3044 1422 3116 quidquam
1457 3059 1658 3097 eorum
1686 3042 1828 3096 mihi

113 3133 430 3189 donaveras
460 3134 520 3189 in
549 3134 810 3202 Christo;
844 3149 946 3188 nec
975 3133 1220 3188 solverat
1246 3133 1342 3186 ille
1375 3131 1438 3185 in
1470 3147 1633 3186 cruce
1665 3148 1764 3185 sua
1803 3131 1826 3164 ⁵

113 3221 446 3277 inimicitias
489 3237 631 3291 quas
686 3225 876 3276 tecum
917 3225 1311 3275 contraxeram
1359 3218 1608 3290 peccatis
1659 3217 1822 3272 meis.

113 3309 414 3374 Quomodo
470 3309 623 3364 enim
650 3326 744 3364 eas
795 3310 1038 3364 solveret
1081 3307 1142 3362 in
1179 3323 1344 3362 cruce
1382 3305 1823 3377 phantasmatis,

117 3398 273 3469 quod
307 3398 376 3452 de
395 3398 492 3452 illo
520 3397 924 3453 credideram?
953 3397 1134 3461 Quam
1161 3411 1295 3466 ergo
1326 3395 1470 3450 falsa
1498 3393 1642 3448 mihi
1671 3393 1824 3448 vide-

113 3486 284 3541 batur
313 3501 466 3540 mors
503 3485 690 3540 carnis
721 3486 865 3556 ejus,
897 3490 1016 3540 tam
1054 3501 1188 3539 vera
1219 3487 1343 3538 erat
1393 3482 1602 3536 animm
1649 3497 1823 3536 meae:

117 3579 174 3629 et
193 3590 372 3646 quam
402 3590 532 3628 vera
561 3577 682 3628 erat
702 3590 856 3628 mors
876 3573 1060 3627 carnis
1078 3572 1125 3643 ej
1137 3589 1221 3638 us,
1254 3575 1375 3626 tam
1407 3570 1562 3624 falsa
1587 3569 1699 3623 vita
1715 3569 1830 3623 ani—

119 3678 232 3717 mae
273 3677 436 3729 meas,
471 3677 599 3733 qua:
636 3661 694 3715 id
721 3677 838 3716 non
867 3660 1153 3721 credebat,
1189 3661 1256 3714 Et
1295 3657 1831 3728 ingravescentibus

119 3750 378 3806 febribus
396 3750 518 3820 jam
541 3749 695 3804 ibam
725 3754 782 3803 et
803 3749 1080 3819 peribam.
1111 3747 1233 3812 Quo
1255 3746 1411 3801 enim
1426 3745 1597 3811 irem,
1629 3744 1676 3798 si
1695 3749 1832 3798 tunc

119 3839 256 3894 hinc
289 3837 528 3904 abirem,
561 3837 671 3890 nisi
702 3837 761 3890 in
790 3837 987 3908 ignem
1016 3839 1186 3906 atque
1225 3838 1518 3888 tormenta
1550 3832 1721 3902 digna
1750 3831 1830 3885 fa-

117 3927 223 3982 ctis
253 3926 400 3980 meis
416 3925 478 3979 in
497 3924 734 3979 veritate
765 3923 985 3977 ordinis
1019 3922 1143 3976 tui?
1173 3922 1238 3975 Et
1263 3921 1360 3974 illa
1390 3921 1500 3974 hoc
1526 3918 1830 3985 nesciebat,

121 4020 180 4071 et
194 4019 394 4069 tamen
422 4027 527 4082 pro
552 4027 643 4066 me
668 4010 864 4064 orabat
890 4010 1114 4064 absens.
1137 4010 1218 4063 Tu
1242 4012 1434 4062 autem
1456 4006 1673 4078 ubique
1693 4022 1835 4077 pras-

120 4118 278 4168 sens,
310 4099 412 4155 ubi
442 4103 566 4154 erat
610 4097 950 4152 exaudiebas
983 4112 1144 4166 eam;
1177 4099 1233 4151 et
1285 4095 1382 4150 ubi
1412 4110 1569 4149 eram
1599 4094 1832 4149 misere-

187 4210 202 4244 1
224 4206 550 4268 Mss.magno
562 4216 824 4268 consensu
846 4201 1027 4268 ferunt
1046 4202 1399 4268 :qonrmanstl.
1414 4200 1597 4268 Yerior
1615 4199 1834 4248 forsitan

123 4269 286 4320 lectio
304 4272 400 4326 est,
424 4262 529 4329 qvua
545 4266 710 4314 tilium
727 4269 894 4314 mater
929 4263 1254 4328 signiﬁcatur
1280 4263 1388 4312 suis
1414 4262 1620 4311 ﬂetibus
1636 4275 1695 4311 ac
1723 4275 1835 4325 pre-

127 4333 283 4381 cibus
314 4332 612 4392 prosecuta.

190 4396 211 4428 ιι
236 4390 361 4446 Mss.
391 4393 454 4441 ut
483 4403 565 4439 me
584 4390 813 4453 faceres.

187 4447 623 4563 3Coatenfjnegilés
645 4454 765 4512 ista,
788 4450 939 4514 juxta
963 4447 1126 4512 Lugd.
1153 4448 1284 4498 Ven.
1311 4448 1434 4497 Lov.
1462 4447 1657 4498 Somm.
1684 4448 1833 4497 Mart.

191 4530 271 4563 or.
348 4529 415 4562 on
461 4551 473 4562 .
565 4547 577 4560 .

131 4516 271 4566 Flor.
303 4516 473 4563 Rond.
510 4516 577 4562 M.

193 4581 214 4614 ι
227 4578 316 4626 Sic
329 4575 652 4625 restituimus
671 4587 733 4623 ex
745 4573 1026 4623 veterrimo
1039 4571 1216 4621 codice
1232 4571 1406 4634 Corb.,
1424 4584 1547 4620 nam
1564 4573 1835 4634 peccatum

130 4644 214 4690 est
238 4638 295 4686 in
322 4637 437 4686 aliis
455 4637 715 4699 plerisque
737 4637 857 4684 Mss.
873 4634 1192 4699 quihabent,
1208 4632 1609 4699 argue_bat_u_r_i'n
1634 4645 1695 4682 ea
1711 4632 1836 4699 reli-

165 4703 396 4751 ularum
415 4694 553 4748 Eme.
569 4694 711 4756 Quos
723 4694 1016 4760 sequuntur
1030 4695 1154 4760 Bad.
1167 4694 1286 4760 Am.
1296 4699 1348 4743 et
1358 4695 1440 4743 Er.
1455 4695 1555 4742 Alii
1569 4707 1699 4760 vero
1709 4694 1833 4742 dum

155 4758 317 4812 ecum
346 4757 1001 4822 emaculatum‘cupiunt,‘
1024 4757 1368 4822 substituunt,
1399 4768 1511 4822 req,
1546 4769 1657 4817 pro,
1683 4757 1835 4822 mea,

134 4827 261 4874 Mss.
282 4825 421 4870 certe
442 4816 850 4882 refragantibus.
867 4817 1162 4882 Nihildubii
1183 4818 1403 4882 estquia
1423 4816 1651 4882 primum
1691 4816 1838 4882 vitia-

132 4891 220 4935 tus
237 4883 400 4932 fuerit
413 4883 558 4930 locus
573 4879 638 4929 ab
661 4882 724 4930 iis
741 4882 932 4943 quibus
949 4879 1180 4929 insolens
1196 4884 1248 4927 et
1263 4879 1440 4943 ignota
1454 4881 1564 4943 erat
1579 4891 1695 4943 vos.
1709 4879 1837 4926 reli-

131 4939 1462 5020 gut’ariunt.lnqualibrariirursumpeccaruntlibroi
1475 4939 1838 4996 Quaestionum

131 5023 189 5055 in
225 5008 487 5055 Genesim.
513 5009 806 5055 quaestione
836 5007 943 5055 HS.
966 5005 1055 5052 ubi
1081 5002 1286 5051 codices
1305 5015 1534 5050 veriores
1555 4999 1840 5055 praeferunt

131 5015 189 5058 in
225 5015 487 5063 Genesim,
513 5015 806 5066 quaestione
836 5015 943 5060 Ha,
966 5015 1055 5052 um
1081 5015 1286 5051 couices
1305 5015 1534 5050 veriores
1555 5015 1840 5071 praeierunt

133 5087 161 5117 α
178 5067 417 5134 enutrirc
441 5070 670 5134 vestrum
685 5063 1356 5134 reliquiarium_,j_uxta’_L}_iX
1372 5075 1435 5134 ea
1443 5064 1708 5134 tatetps‘m:
1731 5075 1840 5134 non

131 5131 514 5193 reliquias.aut_
533 5124 984 5193 reliquiaramlit
1008 5124 1187 5193 alii._—
1199 5125 1540 5193 Codex_§3orb.
1563 5124 1842 5172 roboratur

136 5186 455 5243 auctoritate
485 5186 711 5236 duorum
743 5188 866 5236 Mss.
898 5186 1337 5236 Florentinorum.
1363 5186 1426 5237 Μ.

198 5257 221 5290 5
247 5253 334 5302 Sic
355 5250 635 5314 legendum
653 5262 772 5297 cum
786 5249 907 5314 Mss.
926 5262 1044 5314 cum
1063 5248 1242 5314 Badet
1256 5247 1424 5314 etAr.,
1442 5260 1549 5314 non
1560 5245 1840 5314 utA_m.Er.

143 5319 198 5367 et
220 5316 368 5369 Lov.,
387 5308 445 5362 ἰῆ
459 5325 640 5370 carne;
654 5309 858 5372 tametsi
880 5310 986 5372 hoc
998 5309 1188 5357 habeat
1201 5309 1347 5372 locus
1362 5308 1596 5372 Apostoli
1612 5308 1675 5356 ad
1689 5321 1844 5372 quem

136 5372 824 5445 alluditAugustinus.Nam
842 5370 1109 5445 hic‘dicere
1122 5370 1323 5441 maluit,
1340 5369 1434 5420 nec
1448 5369 1673 5445 solverat
1683 5369 1848 5445 ξζιερςι

137 5449 338 5496 cruce;
369 5431 492 5499 quia
525 5434 608 5483 sui
635 5433 1008 5499 recordabatur
1039 5432 1229 5499 errgris
1245 5445 1350 5499 quo
1378 5436 1533 5481 antea
1546 5445 1666 5499 cum
1680 5431 1847 5482 Mani-

140 5492 445 5552 chasisnon
480 5509 709 5556 crucem,
744 5495 834 5544 sed
866 5506 1077 5542 carnem
1107 5492 1296 5544 Christi
1319 5495 1617 5557 negaverat.

510 5577 784 5641 PATROL.
834 5573 1083 5644 XXXII.

1580 271 1788 330 LIBER
1827 273 2147 343 QUINTUS.

3513 287 3617 343 714

1932 400 2084 456 baris
2115 401 2251 470 mei,
2275 407 2340 457 ut
2369 418 2761 475 recuperarem
2791 401 3030 458 salutem
3061 405 3312 476 corporis
3344 407 3475 473 mei,
3516 408 3616 462 ad-

1928 490 2041 544 huc
2064 489 2294 545 insanus
2319 491 2488 546 corde
2518 493 2816 563 sacrilego.
2844 493 3036 564 Neque
3053 493 3205 546 enim
3228 493 3616 549 desiderabam

1928 577 1987 632 in
2012 578 2111 632 illo
2131 583 2289 633 tanto
2313 579 2564 649 periculo
2576 581 2925 651 baptismum
2948 585 3107 635 tuum
3133 598 3146 649 ;
3170 585 3224 635 et
3242 582 3445 636 melior
3465 599 3618 638 eram

1938 682 2101 737 puer,
2134 667 2622 738 quandoillumde
2654 673 2911 724 materna
2936 669 3147 740 pietate
3178 669 3447 741 flagitavi,
3477 671 3622 726 sicut

1922 753 2048 824 jam
2088 755 2414 810 recordatus
2440 761 2608 828 atque
2639 756 2929 811 confessus
2959 773 3104 811 sum.
3136 757 3243 812 Sed
3276 758 3336 812 in
3383 758 3622 814 dedecus

1931 857 2127 897 meum
2169 859 2477 913 creveram,
2531 848 2585 898 et
2623 844 2859 898 consilia
2901 845 3196 900 medicinae
3235 851 3348 901 tuas
3389 847 3623 901 demens

1928 929 2260 1000 irridebam,
2303 931 2402 1004 qui
2446 948 2536 986 me
2566 949 2680 986 non
2736 932 2912 987 sivisti
2950 934 3123 987 talem
3169 933 3257 988 bis
3293 934 3460 990 mori.
3502 937 3624 1000 Quo

1927 1019 2161 1074 vulnere
2175 1020 2221 1074 si
2233 1020 2499 1074 feriretur
2519 1037 2613 1075 cor
2629 1020 2846 1088 matris,
2862 1037 3154 1092 nunquam
3169 1027 3473 1078 sanaretur.
3501 1025 3625 1078 Non

1929 1107 2084 1162 enim
2115 1107 2251 1161 satis
2283 1108 2520 1179 eloquor
2567 1107 2705 1179 quid
2753 1125 2888 1180 erga
2933 1125 3025 1164 me
3073 1109 3317 1166 habebat
3347 1111 3538 1174 animi,
3573 1115 3628 1166 et

1933 1200 2153 1267 quanto
2184 1196 2398 1266 majore
2452 1195 2833 1251 sollicitudine
2877 1213 2970 1252 me
3021 1198 3373 1269 parturiebat
3401 1199 3625 1271 spiritu,

1934 1300 2107 1355 quam
2133 1299 2302 1338 carne
2339 1287 2664 1354 pepererat.

2004 1377 2088 1428 t7.
2127 1373 2256 1427 Non
2285 1372 2477 1444 itaque
2512 1372 2675 1426 video
2733 1372 3020 1443 quomodo
3053 1377 3366 1438 sanaretur,
3422 1373 3470 1428 si
3503 1391 3630 1429 mea

1932 1459 2057 1514 talis
2083 1460 2181 1514 illa
2199 1476 2352 1514 mors
2370 1459 2881 1514 transverberasset
2901 1460 3112 1516 viscera
3135 1461 3454 1516 dilectionis
3484 1463 3623 1532 ejus.

1931 1549 1999 1603 Et
2028 1547 2132 1602 ubi
2163 1552 2350 1603 essent
2379 1551 2549 1602 tantm
2587 1563 2784 1619 preces
2814 1551 2870 1603 et
2898 1552 3014 1604 tam
3045 1550 3257 1605 crebras
3297 1550 3416 1604 sine
3454 1550 3627 1604 inter-

1929 1634 2200 1689 missione
2219 1637 2247 1690 ?
2275 1637 2565 1707 Nusquam
2587 1635 2780 1691 nisiad
2798 1640 2869 1690 te.
2907 1638 2994 1690 Au
3024 1653 3157 1691 vero
3187 1640 3268 1703 tu,
3306 1638 3450 1690 Deus
3463 1636 3628 1691 mise-

1929 1723 2329 1794 ricordiarum,
2361 1741 2659 1795 sperneres
2688 1740 2786 1778 cor
2833 1724 3139 1778 contritum
3171 1729 3228 1778 et
3262 1723 3626 1778 humiliatum

1930 1811 2113 1867 vidua:
2152 1815 2316 1867 castae
2362 1829 2425 1867 ac
2476 1812 2699 1879 sobriae,
2753 1811 3167 1883 frequentantis
3215 1812 3626 1882 eleemosynas,

1933 1899 2299 1970 obsequentis
2326 1904 2494 1967 atque
2518 1899 2814 1954 servientis
2835 1899 3040 1954 sanctis
3062 1898 3196 1965 tuis,
3225 1899 3447 1953 nullum
3476 1899 3625 1954 diem

1934 1989 2421 2060 praetermittentis
2471 1987 2818 2044 oblationem
2871 1988 2939 2041 ad
2972 1987 3147 2042 altare
3191 1991 3394 2058 tuum;
3436 1989 3523 2042 bis
3567 1988 3624 2042 in

1933 2077 2046 2147 die,
2069 2093 2239 2132 mane
2272 2081 2328 2132 et
2356 2093 2613 2148 vespere,
2644 2077 2713 2131 ad
2737 2075 3030 2131 ecclesiam
3061 2079 3220 2130 tuam
3251 2075 3371 2130 sine
3398 2076 3516 2130 ulla
3543 2076 3628 2129 in-

1931 2165 2292 2221 termissione
2328 2165 2630 2232 venientis,
2663 2181 2779 2219 non
2817 2164 2887 2218 ad
2913 2178 3085 2217 vanas
3113 2161 3333 2217 fabulas
3364 2167 3420 2217 et
3449 2163 3627 2216 aniles

1929 2253 2325 2324 loquacitates,
2359 2253 2456 2307 sed
2485 2256 2550 2308 ut
2587 2256 2642 2306 te
2674 2251 2897 2307 audiret
2924 2251 2985 2305 in
3013 2250 3124 2306 tuis
3153 2250 3531 2318 sermonibus,
3570 2256 3628 2305 et

1929 2346 1993 2397 tu
2021 2341 2178 2397 illam
2205 2340 2265 2395 in
2289 2340 2404 2394 suis
2421 2339 2791 2395 orationibus.
2819 2338 3069 2409 Hujusne
3090 2341 3151 2392 tu
3172 2339 3466 2408 lacrymas,
3496 2339 3624 2410 qui-

1929 2430 2034 2486 bus
2065 2445 2183 2484 non
2204 2446 2233 2483 a
2263 2434 2320 2484 te
2350 2445 2555 2484 aurum
2586 2431 2643 2482 et
2663 2431 2962 2498 argentum
2992 2426 3237 2498 petebat,
3269 2442 3370 2480 nec
3394 2426 3626 2498 aliquod

1930 2519 2188 2575 nutabile
2219 2523 2318 2574 aut
2347 2518 2595 2574 volubile
2626 2517 2862 2584 bonum,
2895 2517 2992 2571 sed
3017 2517 3259 2571 salutem
3289 2517 3496 2572 animas
3520 2516 3624 2572 filii

1929 2608 2054 2675 sui;
2087 2612 2149 2662 tu
2180 2608 2341 2679 cujus
2362 2622 2600 2661 munere
2629 2605 2756 2660 talis
2770 2609 2906 2670 erat,
2943 2610 3334 2660 contemneres
3364 2610 3421 2660 et
3439 2606 3624 2677 repel-

1929 2696 2077 2750 leres
2101 2695 2173 2750 ab
2205 2694 2416 2750 auxilio
2451 2693 2596 2748 tuo?
2624 2694 3016 2764 Nequaquam,
3049 2692 3310 2748 Domine.
3339 2693 3460 2748 Imo
3490 2710 3624 2749 vero

1931 2784 2153 2853 aderas,
2185 2786 2242 2838 et
2270 2781 2629 2848 exaudiebas,
2664 2786 2719 2835 et
2747 2781 2990 2835 faciebas
3020 2781 3218 2835 ordine
3257 2798 3371 2852 quo
3400 2783 3622 2853 praede-

1932 2871 2247 2927 stinaveras
2273 2887 2392 2925 esse
2421 2869 2762 2924 faciendum.
2786 2869 2949 2924 Absit
2972 2873 3036 2923 ut
3063 2872 3125 2924 tu
3155 2870 3379 2925 falleres
3407 2886 3532 2926 eam
3562 2871 3622 2926 in

1933 2960 2048 3015 illis
2077 2959 2388 3014 visionibus
2417 2963 2474 3012 et
2501 2958 2787 3028 responsis
2815 2958 2948 3026 tuis,
2982 2974 3109 3029 qua:
3119 2958 3241 3028 jam
3274 2975 3622 3014 commemo-

1935 3048 2077 3109 ravi.
2112 3052 2168 3102 et
2195 3064 2326 3118 qum
2349 3062 2467 3101 non
2489 3045 3091 3117 commemoravi,qua3
3110 3046 3206 3100 illa
3226 3046 3377 3102 ﬁdeli
3395 3049 3622 3118 pectore

1933 3135 2199 3202 tenebat;
2229 3139 2285 3188 et
2314 3150 2540 3204 semper
2582 3150 2768 3196 orans,
2801 3137 3077 3204 tanquam
3119 3134 3498 3205 chirographa
3525 3138 3624 3189 tua

1934 3223 2234 3295 ingerebat
2258 3222 2383 3277 tibi.
2413 3221 2680 3292 Dignaris
2709 3222 2882 3288 enim,
2930 3221 3203 3291 quoniam
3250 3222 3310 3276 in
3354 3224 3623 3277 saeculum

1933 3311 2325 3367 misericordia
2376 3313 2490 3371 tua,
2532 3309 2611 3362 eis
2651 3308 2862 3380 quibus
2908 3308 3103 3362 omnia
3134 3309 3330 3365 debita
3361 3310 3622 3373 dimittis,

1937 3399 2109 3456 etiam
2126 3396 2606 3470 promissionibus
2631 3396 2744 3450 tuis
2775 3394 2999 3450 debitor
3017 3395 3164 3451 fieri.

2631 3484 2853 3540 CAPUT
2881 3484 2943 3538 Χ.

2081 3578 2304 3630 Errorcs
2347 3579 2474 3629 ante
2501 3577 2802 3641 susceptam
2832 3573 3120 3638 Evangelii
3161 3571 3483 3629 doctrinam.

2012 3665 2097 3719 18.
2131 3661 2416 3717 Recreasti
2463 3676 2600 3730 ergo
2643 3675 2736 3714 me
2783 3659 2853 3714 ab
2883 3659 2980 3713 illa
3023 3660 3380 3731 aegritudine,
3430 3666 3488 3716 et
3515 3662 3623 3716 sal-

1937 3767 2069 3806 vum
2091 3749 2272 3804 fecisti
2291 3749 2473 3803 tilium
2494 3748 2714 3802 ancillas
2733 3751 2866 3811 tuae,
2890 3749 3024 3800 tunc
3044 3747 3272 3801 interim
3291 3765 3546 3819 corpore,
3563 3756 3624 3804 ut

1939 3841 2085 3893 esset
2112 3835 2203 3890 cui
2227 3837 2468 3891 salutem
2495 3835 2795 3889 meliorem
2825 3839 2995 3904 atque
3024 3834 3323 3889 certiorem
3345 3837 3523 3891 dares.
3561 3840 3626 3892 Et

1932 3925 2218 3997 jungebar
2243 3923 2412 3976 etiam
2432 3926 2567 3976 tunc
2588 3923 2784 3976 Romae
2805 3920 2960 3974 falsis
2979 3920 3089 3975 illis
3110 3926 3279 3993 atque
3297 3923 3625 3979 fallentibus

1940 4011 2174 4068 sanctis:
2199 4027 2311 4066 non
2327 4010 2482 4065 enim
2502 4014 2726 4064 tantum
2749 4008 3102 4064 auditoribus
3125 4026 3344 4077 eorum,
3375 4027 3624 4082 quorum

1940 4120 1970 4158 e
2000 4117 2240 4156 numero
2282 4103 2404 4154 erat
2449 4098 2619 4153 etiam
2649 4098 2695 4152 is
2724 4097 2786 4152 in
2815 4098 2974 4168 cujus
3002 4098 3170 4154 domo
3218 4104 3626 4169 aegrotaveram

1941 4196 1998 4247 et
2033 4189 2458 4255 convalueram;
2509 4187 2608 4241 sed
2639 4186 2719 4241 eis
2761 4186 2934 4242 etiam
2984 4203 3128 4259 quos
3169 4187 3375 4242 electos
3402 4193 3625 4261 vocant,

1942 4279 2130 4334 adhuc
2157 4276 2315 4331 enim
2344 4275 2487 4331 mihi
2515 4275 2812 4329 videbatur
2853 4289 2970 4328 non
3020 4291 3139 4330 esse
3167 4292 3268 4330 nos
3299 4276 3398 4348 qui
3424 4293 3626 4347 pecca-

1943 4381 2089 4433 mus,
2121 4364 2219 4419 sed
2250 4364 2438 4418 nescio
2487 4379 2662 4435 quam
2704 4363 2876 4418 aliam
2899 4363 2960 4417 in
2989 4363 3156 4418 nobis
3186 4380 3416 4435 peccare
3458 4369 3627 4421 natu-

1942 4467 2095 4522 ram;
2125 4455 2181 4507 et
2227 4453 2541 4508 delectabat
2586 4451 2914 4523 superbiam
2962 4468 3150 4507 meam
3201 4459 3359 4508 extra
3402 4454 3628 4524 culpam

1943 4558 2097 4609 esse;
2128 4543 2184 4595 et
2211 4557 2342 4595 cum
2371 4540 2584 4611 aliquid
2606 4539 2742 4595 mali
2770 4539 3046 4608 fecissem,
3094 4556 3212 4595 non
3251 4541 3506 4597 confiteri
3538 4560 3628 4598 me

1941 4630 2156 4692 fecisse,
2185 4632 2248 4684 ut
2277 4645 2506 4683 sanares
2541 4628 2792 4682 animam
2823 4644 3030 4695 meam,
3063 4628 3335 4699 quoniam
3363 4632 3632 4700 peccabat

1943 4719 2076 4784 tibi;
2119 4717 2218 4771 sed
2249 4732 2515 4771 excusare
2542 4732 2668 4770 eam
2697 4715 3007 4782 amabam’,
3039 4720 3096 4770 et
3139 4731 3400 4772 accusare
3437 4720 3630 4774 nescio

1943 4805 2084 4878 quid
2112 4803 2285 4872 aliud,
2313 4803 2469 4874 quod
2497 4819 2722 4857 mecum
2741 4807 2904 4870 esset,
2937 4806 2994 4857 et
3021 4819 3126 4873 ego
3152 4819 3268 4858 non
3297 4822 3498 4863 essem.
3529 4803 3635 4863 Veé

1945 4909 2074 4948 rum
2105 4896 2299 4947 autem
2329 4895 2509 4946 totum
2540 4907 2646 4962 ego
2689 4907 2866 4956 eram,
2901 4893 2957 4945 et
2983 4890 3284 4946 adversum
3313 4909 3404 4948 me
3427 4894 3630 4966 impie-

1946 4986 2030 5036 tas
2071 4995 2201 5034 mea
2246 4994 2337 5032 me
2370 4977 2660 5032 diviserat:
2696 4982 2751 5032 et
2783 4977 2841 5032 id
2874 4981 2996 5031 erat
3021 4983 3316 5049 peccatum
3346 4983 3632 5038 insanabi-

1945 5069 2075 5136 lius,
2106 5083 2219 5138 quo
2259 5082 2350 5120 me
2380 5069 2731 5136 peccatorem
2757 5082 2876 5121 non
2899 5082 3019 5121 esse
3050 5067 3390 5137 arbitrabar;
3413 5075 3633 5125 etexse-

1947 5155 2172 5212 crabilis
2184 5153 2454 5224 iniquitas
2469 5158 2542 5221 te,
2571 5155 2718 5209 Deus
2744 5153 3126 5224 omnipotens,
3147 5159 3202 5210 te
3217 5156 3277 5210 in
3297 5156 3500 5211 me’ad
3514 5173 3636 5228 per-

2015 5246 2027 5278 ι
2044 5245 2121 5292 ita
2129 5241 2320 5290 vetusti
2332 5241 2460 5290 Cdd.
2475 5241 2564 5290 ubi
2579 5243 2772 5290 Lovan.
2786 5241 3001 5291 habent:
3020 5245 3238 5292 Peccavi
3250 5243 3360 5302 (ibi;
3373 5244 3461 5294 sed
3472 5259 3636 5296 excu-

1950 5317 2067 5356 sare
2083 5317 2162 5354 me
2173 5304 2436 5366 amabam.
2451 5329 2512 5339 —
2527 5304 2832 5366 Peccabam,
2843 5303 2997 5366 juxta
3009 5304 3150 5352 Som.
3165 5305 3314 5366 Mart.
3330 5307 3633 5357 etRond.M.

2014 5369 2034 5402 9
2056 5367 2184 5414 Lov.
2217 5369 2269 5414 et
2297 5365 2526 5428 antiqua:
2551 5365 2808 5428 editiones
2829 5365 2878 5415 le
2898 5377 2934 5416 α
2962 5378 3064 5415 me.
3085 5365 3271 5413 Melius
3294 5379 3416 5428 vero
3435 5367 3555 5416 Mss.
3585 5373 3639 5418 et

1953 5428 2242 5490 Arn.,tein
2262 5439 2360 5490 me,
2374 5425 3201 5490 juxtaManichazorumerrorem,
3219 5426 3307 5487 qui
3329 5428 3419 5490 Dei
3439 5429 3635 5490 portio-

1957 5503 2078 5540 nem
2100 5489 2155 5538 in
2179 5487 2391 5540 homine
2418 5501 2536 5539 cum
2566 5493 2755 5539 natura
2781 5488 2904 5538 mali
2923 5487 3221 5549 depugnare
3243 5487 3542 5540 credebant.

2820 5571 2842 5647 (
2859 5564 3289 5650 Vingt-Irozs.)
