4058 6370
420 234 523 287 715

415 373 623 430 niciem
645 387 854 440 meam,
878 385 1054 442 quam
1069 384 1196 424 mea
1209 370 1260 424 te
1282 369 1355 424 ad
1372 369 1615 424 salutem
1631 370 1800 426 malle
1812 371 2071 442 superari
2091 410 2108 439 ,

415 461 684 518 Nondum
715 477 852 532 ergo
881 475 1150 531 posueras
1171 442 1484 514 custodiam
1515 459 1601 513 ori
1631 475 1783 524 meo,
1814 464 1871 514 et
1895 460 2106 514 ostium

416 550 781 607 continentiae
809 549 1022 604 circum
1049 548 1201 603 labia
1229 564 1375 610 mea,
1420 552 1484 602 ut
1513 564 1627 602 non
1664 547 1974 602 declinaret
2013 564 2109 602 cor

416 655 614 696 meum
641 638 704 694 in
728 639 902 694 verba
929 638 1198 708 maligna,
1221 637 1293 691 ad
1331 637 1681 691 excusandas
1709 636 2107 691 excusationes

415 724 477 778 in
488 725 728 797 peccatis
744 741 875 781 cum
893 725 1223 780 hominibus
1244 725 1613 794 operantibus
1636 723 2030 795 iniquitatem;
2053 726 2110 777 et

415 813 544 869 ideo
571 815 756 870 adhuc
803 813 1200 871 combinabam
1254 829 1385 868 cum
1423 813 1613 868 electis
1666 814 1913 868 eorum1
1959 812 2105 867 Psal.

419 904 542 967 cxx,’
556 905 608 970 3,
639 903 713 973 4).

491 993 576 1046 19.
608 990 718 1046 Sed
743 994 936 1045 tamen
960 989 1080 1061 jam
1111 989 1420 1061 desperans
1465 989 1524 1044 in
1554 1005 1620 1043 ea
1665 989 1806 1044 falsa
1850 986 2111 1043 doctrina

414 1093 508 1133 me
534 1094 699 1149 posse
718 1078 994 1149 proﬁcere
1018 1098 1033 1145 ;
1055 1093 1234 1149 eaque
1263 1078 1386 1148 ipsa
1412 1077 1618 1148 quibus
1661 1077 1708 1130 si
1737 1075 1879 1130 nihil
1907 1075 2110 1129 melius

415 1167 752 1238 reperirem,
783 1170 1083 1221 contentus
1105 1181 1226 1221 esse
1252 1166 1632 1231 decreveram,
1667 1165 1786 1235 jam
1818 1164 2110 1218 remissius

416 1255 917 1327 negligentiusque
947 1255 1282 1309 retinebam.
1318 1252 1540 1308 Etenim
1560 1253 1793 1306 suborta
1823 1255 1907 1307 cst
1936 1251 2108 1306 etiam

415 1343 558 1398 mihi
587 1343 874 1414 cogitatio,
901 1341 1298 1415 prudentiores
1321 1341 1543 1396 ctheris
1570 1341 1744 1395 fuisse
1774 1339 1903 1394 illos
1928 1341 2112 1411 philo-

416 1431 646 1503 sophos,
671 1448 812 1504 quos
833 1431 1200 1487 Academicos
1229 1429 1541 1502 appellant,
1570 1429 1724 1501 quod
1746 1429 1815 1483 de
1845 1428 2110 1483 omnibus

416 1519 797 1575 dubitandum
827 1535 947 1574 esse
976 1522 1336 1586 censuerant,
1368 1533 1473 1572 nec
1501 1517 1719 1588 aliquid
1751 1515 1867 1570 veri
1896 1517 1965 1571 ab
2003 1517 2108 1570 ho-

416 1609 572 1664 mine
617 1607 1026 1678 comprehendi
1073 1622 1240 1677 posse
1295 1606 1680 1660 decreverant.
1738 1605 1822 1658 lta
1872 1603 2028 1659 enim
2054 1608 2111 1659 et

414 1695 561 1751 mihi
590 1695 810 1766 liquido
841 1695 1083 1749 sensisse
1109 1694 1469 1760 videbantur,
1499 1698 1563 1748 ut
1585 1683 1770 1762 vulgo
1802 1691 2107 1762 habentur,

415 1784 589 1838 etiam
633 1783 867 1837 illorum
898 1782 1277 1837 intentionem
1307 1781 1561 1836 nondum
1591 1780 1956 1850 intelligenti.
1999 1782 2110 1834 Nec

414 1871 764 1928 dissimulavi
818 1870 1086 1926 eumdem
1105 1869 1392 1941 hospitem
1421 1884 1615 1922 meum
1638 1867 1951 1938 reprimere
1972 1884 2004 1922 a
2024 1868 2110 1922 ni-

415 1962 532 2018 mia
557 1961 784 2028 ﬁducia,
821 1977 992 2033 quam
1017 1960 1170 2015 sensi
1200 1975 1333 2015 eum
1352 1959 1564 2014 habere
1594 1959 1662 2013 de
1692 1958 1860 2011 rebus
1890 1957 2108 2012 fabulo-

416 2049 510 2116 sis,
542 2049 750 2119 quibus
778 2047 1082 2104 manichzei
1109 2047 1242 2102 libri
1270 2047 1427 2119 pleni
1448 2051 1601 2102 sunt.
1632 2046 1894 2101 Amicitia
1917 2050 2108 2100 tamen

415 2152 614 2192 eorum
632 2137 966 2192 familiarius
985 2136 1202 2198 utebar,
1233 2151 1408 2206 quam
1447 2140 1786 2190 casterorum
1807 2135 2110 2189 hominum

415 2224 517 2296 qui
544 2224 605 2279 in
625 2224 723 2280 illa
748 2224 955 2279 haeresi
981 2240 1099 2279 non
1125 2224 1382 2278 fuissent.
1436 2225 1548 2278 Nec
1577 2239 1704 2276 eam
1734 2222 2109 2277 defendebam

413 2312 660 2384 pristina
701 2312 1060 2368 animositate
1088 2329 1103 2380 ;
1145 2313 1244 2366 sed
1273 2316 1468 2366 tamen
1507 2310 1864 2365 familiaritas
1889 2325 2106 2378 eorum,

414 2400 610 2470 plures
637 2399 794 2454 enim
823 2416 918 2455 eos
952 2401 1134 2454 Roma
1179 2399 1443 2467 occultat,
1472 2397 1692 2468 pigrius
1741 2414 1829 2451 me
1871 2397 2112 2451 faciebat

416 2488 574 2544 aliud
616 2503 908 2559 quaerere;
957 2487 1274 2558 praesertim
1320 2487 1719 2557 desperantem
1761 2486 1820 2539 in
1869 2486 2112 2540 Ecclesia

413 2580 536 2643 tua,
570 2576 808 2631 Domine
832 2577 959 2631 casti
979 2580 1036 2630 et
1062 2580 1251 2642 terras,
1275 2579 1500 2629 creator
1515 2573 1773 2628 omnium
1797 2573 2109 2627 visibilium

416 2665 474 2717 et
501 2661 894 2732 invisibilium,
924 2677 1088 2733 posse
1122 2661 1369 2716 inveniri
1415 2677 1636 2722 verum,
1682 2659 1834 2714 unde
1878 2675 1970 2714 me
2025 2660 2112 2714 illi

416 2754 772 2806 averterant:
800 2751 1160 2822 multumque
1186 2749 1326 2804 mihi
1353 2753 1520 2821 turpe
1544 2749 1862 2814 videbatur,
1883 2747 2111 2801 credere

414 2838 660 2909 ﬁguram
688 2842 742 2894 te
772 2838 982 2894 habere
1026 2838 1294 2892 humanas
1346 2838 1552 2904 carnis,
1613 2841 1668 2892 et
1716 2836 2111 2891 membrorum

413 2930 743 2982 nostrorum
761 2926 1120 2981 lineamentis
1136 2926 1528 2997 corporalibus
1546 2923 1864 2978 terminari.
1890 2923 1954 2976 Et
1973 2938 2111 2993 quo-

415 3012 574 3068 niam
603 3030 734 3069 cum
765 3013 834 3068 de
865 3015 979 3068 Deo
1008 3030 1136 3068 meo
1166 3013 1418 3083 cogitare
1464 3013 1688 3078 vellem,
1722 3009 1970 3080 cogitare
2001 3008 2112 3063 nisi

415 3101 598 3156 moles
628 3118 931 3173 corporum
957 3118 1072 3156 non
1093 3117 1386 3168 noveram,
1419 3116 1606 3171 neque
1627 3098 1782 3153 enim
1813 3097 2112 3152 videbatur

420 3189 566 3244 mihi
595 3206 714 3244 esse
732 3189 1048 3260 quidquam
1070 3189 1226 3260 quod
1253 3190 1364 3243 tale
1395 3205 1508 3242 non
1539 3191 1702 3253 esset,
1753 3203 1820 3240 ea
1863 3185 2112 3240 maxima

421 3281 480 3331 et
505 3293 688 3348 prope
717 3279 839 3332 sola
867 3293 1036 3332 causa
1057 3281 1180 3331 erat
1205 3276 1547 3330 inevitabilis
1577 3274 1784 3330 erroris
1807 3273 1941 3330 mei.

489 3367 578 3420 20.
612 3365 752 3420 Hinc
769 3365 924 3420 enim
953 3369 1010 3420 et
1023 3364 1157 3418 mali
1185 3363 1558 3418 substantiam
1577 3362 1888 3434 quamdam
1917 3362 2111 3416 crede-

418 3452 553 3508 bam
581 3467 702 3506 esse
732 3453 924 3521 talem,
955 3455 1011 3506 et
1053 3451 1262 3506 habere
1320 3467 1482 3506 suam
1539 3451 1754 3504 molem
1805 3454 2013 3503 tetram
2056 3453 2114 3503 et

419 3539 738 3596 deformem
762 3557 776 3607 ;
810 3539 924 3594 sive
953 3555 1221 3607 crassam,
1253 3555 1427 3610 quam
1450 3544 1662 3593 terram
1692 3537 1972 3603 dicebant,
1997 3537 2111 3591 sive

418 3633 652 3684 tenuem
682 3631 852 3699 atque
879 3627 1166 3696 subtilem,
1206 3627 1350 3682 sicut
1369 3632 1452 3682 est
1478 3627 1622 3681 aeris
1652 3641 1857 3696 corpus
1881 3642 1895 3692 ;
1937 3641 2110 3695 quam

418 3716 732 3788 malignam
775 3719 1028 3772 mentem
1059 3731 1164 3787 per
1189 3715 1348 3770 illam
1384 3720 1597 3770 terram
1643 3719 1938 3785 repentem
1967 3713 2110 3767 ima-

417 3804 709 3876 ginantur.
759 3805 826 3859 Et
887 3804 1024 3875 quia
1079 3805 1261 3859 Deum
1314 3803 1534 3858 bonum
1583 3803 1803 3858 nullam
1845 3806 2112 3856 naturam

416 3909 656 3963 creasse,
707 3892 1137 3964 qualiscumque
1188 3892 1370 3962 pietas
1429 3908 1520 3946 me
1563 3892 1790 3946 credere
1836 3890 2108 3961 cogebat;

417 3981 835 4036 constituebam
865 3997 931 4035 ex
952 3981 1191 4035 adverso
1225 3979 1333 4034 sibi
1380 3980 1521 4034 duas
1559 3981 1760 4042 moles,
1808 3982 2112 4049 utramque

416 4069 720 4135 inﬁnitam,
749 4068 849 4122 sed
878 4068 1090 4122 malam
1129 4067 1446 4138 angustius,
1477 4068 1690 4121 bonam
1721 4066 2012 4137 grandius.
2049 4067 2114 4121 Et

417 4173 487 4211 ex
509 4158 619 4211 hoc
643 4155 810 4210 initio
837 4155 1228 4225 pestilentioso
1250 4171 1342 4209 me
1370 4159 1572 4209 castera
1598 4155 1894 4225 sacrilegia
1914 4169 2112 4225 seque-

416 4243 645 4298 bantur.
682 4243 824 4296 Cum
849 4242 1005 4298 enim
1043 4249 1345 4296 conaretur
1368 4243 1595 4297 animus
1628 4259 1789 4297 meus
1819 4259 2110 4298 recurrere

417 4329 482 4384 in
536 4330 872 4385 catholicam
926 4330 1121 4398 ﬁdem,
1165 4331 1610 4402 repercutiebar,
1656 4331 1792 4402 quia
1833 4348 1949 4386 non
1991 4337 2113 4387 erat

418 4418 692 4472 catholica
723 4418 864 4472 ﬁdes
894 4435 1068 4490 quam
1121 4435 1240 4473 esse
1267 4419 1601 4474 arbitrabar.
1655 4422 1719 4474 Et
1756 4420 1941 4491 magis
1982 4421 2111 4492 pius

416 4506 564 4564 mihi
590 4505 840 4574 videbar,
870 4507 915 4560 si
946 4512 1021 4570 te,
1054 4509 1202 4562 Deus
1232 4524 1412 4575 meus,
1443 4507 1534 4562 cui
1553 4509 1896 4563 conﬁtentur
1921 4525 1988 4562 ex
2017 4527 2109 4564 me

416 4593 808 4650 miserationes
851 4599 988 4666 tuas,
1034 4599 1122 4652 vel
1167 4613 1235 4652 ex
1276 4596 1493 4652 caeteris
1527 4597 1784 4668 partibus
1813 4596 2108 4652 inﬁnitum

417 4681 726 4750 crederem,
759 4683 1016 4754 quamvis
1044 4701 1112 4739 ex
1139 4701 1257 4739 una
1282 4701 1396 4756 qua
1424 4684 1528 4739 tibi
1571 4686 1745 4739 moles
1773 4685 1910 4739 mali
1935 4702 2111 4755 oppo-

416 4769 682 4840 nebatur,
711 4787 944 4842 cogerer
971 4772 1200 4828 ﬁnitum
1237 4773 1425 4841 fateri,
1467 4789 1640 4845 quam
1669 4774 1718 4827 si
1746 4789 1810 4828 ex
1841 4774 2108 4828 omnibus

415 4857 672 4930 partibus
700 4858 761 4914 in
789 4861 1044 4931 corporis
1072 4862 1311 4916 humani
1335 4862 1519 4917 forma
1548 4865 1601 4917 te
1632 4861 1900 4932 opinarer
1928 4862 2102 4919 ﬁniri.

417 4947 486 5002 Et
532 4947 734 5001 melius
772 4947 916 5002 mihi
965 4949 1199 5004 videbar
1247 4951 1475 5005 credere
1519 4951 1741 5005 nullum
1787 4951 2004 5004 malum
2051 4956 2107 5007 te

417 5049 632 5090 creasse
657 5050 671 5101 ;
703 5034 854 5105 quod
885 5035 1031 5090 mihi
1067 5036 1340 5092 nescienti
1371 5054 1491 5092 non
1533 5039 1720 5092 solum
1751 5039 1944 5110 aliqua
1973 5040 2106 5095 sub-

417 5121 641 5190 stantia,
666 5123 766 5177 sed
787 5122 959 5177 etiam
979 5140 1256 5194 corporea
1283 5125 1601 5192 videbatur,
1625 5127 1760 5197 quia
1783 5131 1838 5182 et
1853 5133 2104 5182 mentem

481 5213 496 5246 ι
522 5210 798 5274 Alluditad
820 5211 1136 5274 versiculum
1159 5212 1333 5260 tPsal.
1362 5215 1469 5260 140.
1488 5214 1788 5274 etsequitur
1813 5214 1898 5262 hic
1911 5215 2105 5264 etalias

415 5271 695 5322 lectionem
711 5272 990 5336 quamdam
1005 5274 1151 5332 LXX,
1165 5288 1284 5336 quas
1299 5274 1476 5336 habet,
1493 5271 1766 5334 summisso,
1784 5277 2101 5326 combinabo:

415 5338 732 5444 quapropter
741 5335 1017 5384 scribimus
1031 5348 1152 5383 cum
1163 5335 1548 5398 antiquioribus
1560 5337 1827 5386 codicibus
1838 5339 2107 5388 combina-

448 5407 535 5444 am
563 5410 655 5444 pro
689 5410 792 5444 ouo
826 5397 879 5444 in
920 5396 1036 5444 aliis
1064 5400 1159 5444 est.
1196 5397 1559 5444 convivebam.
1594 5403 1686 5444 aut
1718 5400 2102 5444 eonzbzbebum.

448 5396 538 5446 am
557 5396 655 5468 pro
689 5410 792 5460 quo
826 5397 879 5446 in
920 5396 1040 5468 aliis
1064 5400 1159 5468 est,
1196 5396 1559 5462 convivebam,
1594 5403 1686 5450 aut
1718 5400 2102 5462 combibebum,

417 5458 742 5519 conctvabai',
776 5458 1245 5511 communicabam.

1597 226 2134 286 CONFESSIONUM
2174 227 2232 286 S.
2285 230 2430 287 AUG
2442 229 2696 287 USTINI.

3828 231 3930 281 7l6

2220 355 2467 426 cogitare
2511 369 2626 407 non
2656 366 2947 421 noveram,
2979 350 3089 405 nisi
3117 365 3245 406 eam
3275 351 3482 406 subtile
3529 367 3752 423 corpus
3795 367 3934 421 esse,

2217 443 2372 516 quod
2422 448 2612 497 tamen
2661 457 2763 512 per
2811 439 2916 494 loci
2974 439 3158 510 spatia
3202 440 3634 495 diffunderetur
3666 441 3688 477 ί
3716 457 3730 507 ;
3761 456 3932 512 quam

2218 532 2444 586 credere
2478 531 2576 584 abs
2605 535 2660 584 te
2688 545 2806 583 esse
2851 530 3079 599 qualem
3120 528 3392 598 putabam
3441 534 3721 584 naturam
3771 529 3926 584 mali.

2217 621 2408 691 Ipsum
2428 635 2658 690 quoque
2679 618 3024 672 Salvatorem
3048 622 3304 671 nostrum
3332 617 3717 688 unigenitum
3745 621 3928 682 tuum,

2217 712 2491 778 tanquam
2525 707 2593 760 de
2623 722 2806 760 massa
2834 705 3198 760 lucidissimm
3231 706 3394 760 molis
3424 711 3540 760 tua:
3594 711 3927 778 porrectum

2219 798 2289 852 ad
2317 800 2568 850 nostram
2598 796 2858 859 salutem,
2890 794 2968 847 ita
2991 794 3282 865 putabam,
3301 800 3363 849 ut
3384 795 3539 850 aliud
3571 796 3645 850 de
3675 795 3785 849 illo
3820 812 3925 849 non

2220 885 2530 954 crederem,
2554 884 2662 938 nisi
2677 884 2829 954 quod
2852 899 3076 954 possem
3093 883 3338 937 vanitate
3365 884 3705 955 imaginari.
3742 885 3929 938 Talem

2219 975 2410 1045 itaque
2444 977 2702 1026 naturam
2733 976 2856 1040 ejus
2888 971 3042 1025 nasci
3074 988 3189 1025 non
3220 988 3382 1042 posse
3405 973 3473 1028 de
3498 973 3681 1026 Maria
3713 972 3932 1044 virgine

2219 1060 2556 1127 arbitrabar,
2587 1059 2696 1113 nisi
2725 1059 2882 1113 carni
2913 1065 3369 1114 concerneretur.
3415 1060 3704 1114 Conccrni
3740 1067 3930 1115 autem

2221 1152 2280 1202 et
2306 1163 2420 1202 non
2441 1147 2731 1219 inquinari
2754 1163 2869 1200 non
2892 1146 3173 1213 videbam,
3206 1147 3358 1216 quod
3391 1147 3534 1202 milii
3562 1149 3682 1202 tale
3718 1148 3929 1220 ﬁgura-

2221 1237 2370 1292 bam.
2414 1236 2731 1291 Metuebam
2762 1235 2950 1306 itaque
2981 1235 3208 1289 credere
3249 1235 3311 1289 in
3356 1251 3526 1290 carne
3573 1240 3816 1300 natum,
3867 1254 3932 1292 ne

2220 1326 2448 1380 credere
2479 1341 2710 1395 cogerer
2738 1340 2805 1378 ex
2826 1339 2994 1378 carne
3024 1323 3414 1394 inquinatum.
3451 1325 3615 1378 Nunc
3647 1325 3929 1396 spiritua-

2220 1415 2301 1469 les
2325 1413 2409 1467 tui
2436 1413 2643 1468 blande
2673 1417 2730 1466 et
2758 1417 3015 1466 amanter
3045 1411 3311 1466 ridebunt
3335 1429 3446 1480 me,
3490 1412 3539 1466 si
3567 1414 3675 1467 has
3706 1415 3933 1469 confes-

2220 1502 2406 1558 siones
2434 1518 2589 1557 meas
2611 1501 2890 1573 legerint:
2918 1500 3012 1554 sed
3044 1505 3237 1555 tamen
3262 1501 3391 1555 talis
3419 1517 3603 1557 eram.

2897 1590 3124 1646 CAPUT
3155 1590 3242 1644 XI.

2363 1677 2610 1745 Qualiter
2637 1679 2979 1746 Augustinus
3008 1679 3292 1732 contulerit
3322 1693 3442 1733 cum
3477 1679 3790 1734 catholicis.

2290 1769 2378 1822 2l.
2413 1767 2625 1822 Deinde
2669 1783 2796 1838 quas
2823 1766 2907 1820 illi
2944 1767 3004 1820 in
3043 1766 3349 1837 Scripturis
3389 1766 3502 1820 tuis
3535 1767 3929 1838 reprehende-

2219 1860 2348 1910 rant
2373 1859 2412 1919 ³,
2442 1856 2844 1926 defendiposse
2867 1855 3390 1910 nonexistimaham
3418 1871 3431 1910 :
3468 1856 3566 1910 sed
3597 1856 3919 1928 aliquando

2220 1961 2355 2000 sane
2383 1945 2683 2015 cupiebam
2712 1961 2842 1998 cum
2869 1945 3060 2016 aliquo
3107 1944 3341 1999 illorum
3384 1945 3673 1999 librorum
3716 1945 3932 1999 doctis-

2221 2033 2366 2088 simo
2395 2035 2650 2088 conferre
2679 2033 2919 2104 singula,
2953 2039 3010 2087 et
3041 2033 3286 2104 experiri
3317 2033 3456 2104 quid
3495 2034 3630 2088 inde
3660 2035 3924 2089 sentiret.

2217 2124 2343 2178 Jam
2371 2123 2528 2176 enim
2558 2122 2802 2192 llelpidii
2832 2123 3128 2192 cujusdam
3158 2123 3422 2177 adversus
3453 2123 3691 2176 eosdem
3749 2124 3928 2178 Mani-

2222 2213 2408 2266 CIltCOS
2440 2227 2630 2265 coram
2656 2211 2940 2282 loquentis
2962 2216 3018 2265 et
3045 2211 3374 2265 disserentis
3397 2227 3716 2277 sermones,
3752 2212 3926 2266 etiam

2220 2299 2371 2369 apud
2401 2297 2801 2368 Carthaginem
2834 2313 3060 2352 movere
3095 2314 3184 2352 me
3203 2302 3513 2368 casperant,
3544 2314 3680 2352 cum
3700 2300 3844 2352 talia
3864 2301 3928 2352 de

2221 2386 2524 2456 Scripturis
2552 2387 2852 2456 proferret,
2901 2387 3108 2456 quibus
3141 2385 3326 2439 resisti
3351 2385 3514 2439 facile
3557 2402 3677 2439 non
3711 2391 3925 2457 posset,

2221 2477 2279 2528 et
2315 2473 2601 2528 imbecilla
2630 2474 2773 2527 mihi
2805 2473 3100 2544 responsio
3123 2473 3424 2527 videbatur
3449 2472 3717 2527 istorum.
3745 2474 3928 2537 Quam

2220 2561 2450 2633 quidem
2474 2577 2589 2614 non
2619 2562 2780 2616 facile
2804 2561 2991 2632 palam
3019 2561 3381 2632 promebant,
3415 2561 3512 2614 sed
3543 2561 3712 2615 nobis
3747 2577 3930 2616 secre-

2221 2650 2354 2716 tius,
2385 2665 2515 2703 cum
2538 2649 2790 2703 dicerent
2821 2649 3131 2720 scripturas
3157 2649 3297 2704 Novi
3315 2649 3668 2702 Testamenti
3697 2650 3933 2704 falsatas

2219 2740 2391 2795 fuisse
2424 2756 2457 2794 a
2485 2740 2674 2794 nescio
2701 2740 2929 2811 quibus,
2963 2740 3062 2811 qui
3091 2739 3422 2794 Iudaeorum
3454 2740 3642 2810 legem
3672 2739 3934 2794 inserere

2220 2827 2541 2882 christiana:
2557 2827 2691 2882 ﬁdei
2708 2829 3032 2894 voluerunt,
3052 2832 3222 2898 atque
3245 2826 3352 2898 ipsi
3376 2825 3720 2897 incorrupta
3743 2843 3932 2882 exem-

2219 2915 2401 2988 plaria
2428 2917 2586 2970 nulla
2624 2916 2966 2986 proferrent.
3012 2916 3117 2971 Sed
3168 2932 3260 2970 me
3303 2916 3552 2970 maxime
3590 2921 3838 2986 captum
3882 2921 3937 2971 et

2221 3005 2526 3059 otfocatum
2556 3005 2976 3075 quodammodo
3000 3004 3398 3075 deprimebant
3413 3004 3745 3074 corporalia
3776 3006 3935 3075 cogi-

2220 3097 2436 3148 tantem
2469 3094 2645 3147 moles
2665 3093 2799 3158 illa},
2828 3093 2930 3146 sub
2962 3093 3172 3164 quibus
3201 3093 3560 3148 anhelansin
3579 3109 3793 3148 auram
3824 3099 3937 3149 tuas

2221 3180 2758 3253 vcritatisliquidam
2781 3185 2835 3235 et
2861 3181 3178 3251 simplicem
3199 3181 3476 3252 respirare
3497 3197 3617 3236 non
3637 3187 3931 3253 poteram.

2885 3271 3110 3324 CAPUT
3141 3270 3253 3324 XII.

2432 3343 2604 3396 Fraus
2629 3340 3020 3409 discipulorum
3047 3343 3305 3395 Romaein
3330 3343 3712 3410 praceptores.

2291 3431 2379 3483 22.
2413 3429 2620 3484 Sedulo
2651 3445 2788 3500 ergo
2820 3444 2986 3499 agere
3029 3444 3336 3498 cceperam,
3375 3432 3613 3500 propter
3649 3429 3812 3501 quod
3842 3446 3937 3486 ve-

2220 3532 2441 3584 neram,
2474 3521 2534 3571 ut
2566 3516 2825 3571 docerem
2849 3517 3042 3571 Romae
3064 3520 3244 3570 artem
3272 3516 3641 3582 rhetoricam,
3675 3521 3732 3570 et
3764 3518 3931 3587 prius

2223 3605 2378 3660 domi
2407 3621 2752 3676 congregare
2786 3603 3028 3676 aliquos,
3081 3604 3290 3675 quibus
3336 3609 3394 3660 et
3429 3621 3532 3676 per
3575 3621 3723 3675 quos
3759 3606 3934 3660 inuo-

2221 3699 2431 3750 tescere
2460 3710 2779 3764 coeperam;
2812 3698 2869 3748 et
2904 3709 3028 3747 ecce
3059 3709 3337 3764 cognosco
3381 3693 3496 3748 alia
3538 3694 3742 3749 Romae
3779 3695 3932 3763 ﬁeri,

2221 3796 2500 3856 quae'non
2529 3783 2788 3856 patiebar
2828 3783 2888 3838 in
2931 3783 3132 3838 Africa.
3180 3785 3321 3843 Nam
3371 3800 3567 3838 revera
3597 3784 3729 3839 illas
3762 3803 3936 3841 ever-

2222 3872 2408 3926 siones
2435 3888 2469 3925 a
2497 3872 2736 3942 perditis
2766 3870 3220 3926 adolescentibus
3248 3870 3329 3925 ibi
3359 3888 3474 3926 non
3523 3871 3649 3926 ﬁeri
3681 3875 3934 3929 manife-

2221 3964 2433 4014 statum
2461 3965 2546 4014 est
2569 3953 2730 4014 mihi.
2761 3958 2869 4013 Sed
2899 3957 3106 4028 subito,
3137 3958 3428 4029 inquiunt,
3488 3974 3560 4013 ne
3599 3961 3934 4014 mercedem

2221 4048 2493 4118 magistro
2527 4048 2784 4113 reddant,
2837 4046 3168 4117 conspirant
3217 4047 3385 4101 multi
3415 4046 3833 4112 adolescentes,
3878 4051 3934 4102 et

2220 4136 2568 4191 transferunt
2597 4152 2654 4189 se
2692 4135 2764 4190 ad
2795 4135 2969 4188 alium
3000 4135 3355 4202 ;desertores
3400 4135 3557 4200 ﬁdei,
3608 4139 3665 4188 et
3714 4135 3934 4206 quibus

2220 4241 2337 4296 prus
2367 4225 2625 4294 pecunia:
2651 4223 2924 4277 charitate
2940 4223 3164 4292 justitia
3191 4224 3319 4277 vilis
3347 4229 3448 4278 est.
3486 4224 3700 4278 Oderat
3743 4225 3927 4278 etiam

2220 4313 2357 4367 istos
2387 4328 2485 4366 eor
2532 4329 2744 4379 meum,
2793 4311 3053 4383 quamvis
3101 4328 3220 4366 non
3265 4312 3518 4382 perfecto
3556 4312 3709 4366 odio.
3760 4314 3929 4377 Quod

2221 4401 2375 4456 enim
2406 4401 2474 4454 ab
2502 4402 2579 4455 eis
2627 4417 2898 4472 passurus
2937 4417 3113 4463 eram,
3155 4402 3338 4471 magis
3391 4401 3628 4455 oderam
3658 4401 3934 4471 fortasse,

2222 4505 2393 4560 quam
2425 4506 2490 4543 eo
2523 4489 2678 4560 quod
2719 4489 2954 4544 cuilibet
2979 4489 3175 4543 illicita
3208 4489 3511 4545 faciebant.
3536 4490 3703 4544 Certe
3734 4494 3936 4544 tamen

2220 4580 2418 4646 turpes
2449 4581 2581 4630 sunt
2609 4577 2768 4643 tales,
2802 4582 2859 4630 et
2889 4577 3247 4630 fornicantur
3269 4577 3368 4630 abs
3398 4582 3473 4643 te,
3497 4577 3748 4631 amando
3780 4581 3938 4632 vola-

2219 4663 2328 4718 tiea
2353 4665 2596 4719 ludibria
2625 4669 2951 4736 temporum
2982 4669 3038 4720 et
3083 4666 3307 4719 lucrum
3338 4667 3577 4740 luteum,
3600 4665 3763 4736 quod
3797 4683 3935 4720 eum

2218 4753 2684 4824 apprehenditur,
2698 4769 2933 4808 manum
2947 4753 3210 4824 inquinat
3228 4771 3241 4821 ;
3261 4753 3732 4824 etamplectendo
3757 4771 3934 4810 mun-

2219 4841 2356 4896 dum
2384 4841 2720 4913 fugientem,
2751 4842 3166 4896 contemnendo
3196 4846 3252 4895 te
3285 4847 3636 4909 manentem,
3670 4847 3732 4897 et
3765 4859 3934 4897 revo-

2217 4933 2464 4997 cantem,
2485 4934 2539 4984 et
2554 4931 2944 5000 ignoscentem
2967 4929 3228 4984 redeunti
3247 4930 3314 4983 ad
3329 4934 3382 4984 te
3396 4929 3687 4984 meretrici
3709 4931 3931 4985 anima:

2216 5018 2503 5072 humanae.
2537 5020 2601 5072 Et
2625 5034 2779 5072 nunc
2809 5019 2948 5072 tales
2972 5017 3066 5072 odi
3094 5034 3302 5089 pravos
3324 5022 3378 5072 et
3395 5019 3690 5086 distortos,
3726 5036 3937 5091 quam-

2215 5104 2298 5158 vis
2337 5121 2431 5160 eos
2475 5105 2836 5175 corrigendos
2879 5106 3137 5177 diligam,
3187 5110 3252 5160 ut
3291 5106 3552 5178 pecuniae
3600 5106 3936 5162 doctrinam

2213 5193 2416 5264 ipsam,
2460 5209 2629 5263 quam
2682 5194 2924 5262 discunt,
2973 5195 3302 5265 praeferant,
3349 5195 3402 5250 ei
3446 5210 3582 5250 vero
3636 5200 3696 5251 te
3741 5198 3935 5252 Deum

2278 5281 2293 5313 ι
2322 5279 2444 5327 Bad.
2460 5280 2574 5327 Am.
2593 5283 2643 5328 et
2655 5280 2736 5328 Er.
2748 5317 2759 5335 ,
2772 5280 3165 5343 di/I‘underclur
3180 5282 3272 5332 abs
3288 5286 3349 5332 te.
3371 5283 3472 5331 llas
3490 5297 3650 5333 voces
3665 5285 3764 5334 abs
3783 5287 3831 5336 te
3849 5300 3940 5335 ex-

2213 5347 2520 5412 punrgerunt
2544 5343 2912 5412 Lovanienses,
2946 5357 3116 5412 neque
3142 5358 3238 5393 nos
3257 5351 3611 5409 praeterquam
3645 5347 3706 5396 in
3741 5348 3940 5411 Regio-

2214 5404 2684 5468 montenstcodice
2719 5418 2806 5452 eas
2837 5404 3142 5468 reperimus.

2275 5465 2296 5498 2
2316 5464 2797 5527 Rrprehcndebctul,
2822 5464 2975 5530 juita
3007 5469 3158 5518 Mart.
3191 5471 3243 5518 et
3271 5467 3442 5520 Rond.
3595 5470 3670 5522 Μ.

4015 1904 4018 2108 1
