4058 6390
180 342 281 393 717

173 463 470 520 veritatem
519 467 576 520 et
605 463 932 520 ubertatem
978 465 1118 521 certi
1147 465 1282 521 boni
1311 470 1369 522 et
1397 482 1596 538 pacem
1633 471 1867 525 castissi-

172 569 325 608 mam
340 593 356 609 .
394 553 504 609 Sed
532 557 666 610 tunc
687 571 782 609 eos
803 553 986 626 magis
1002 556 1122 626 pati
1144 555 1407 610 nolebam
1430 557 1608 613 malos
1631 564 1869 631 propter

171 657 286 710 me,
319 658 492 714 quam
524 642 649 698 ﬁeri
678 646 912 714 propter
941 647 994 697 te
1025 643 1204 697 bonos
1239 643 1519 699 volebam.

974 733 1033 760 I'l"
1076 733 1112 760 ν

974 733 987 760 γ
1099 733 1112 746 .

170 803 434 858 Docturus
455 732 1039 875 rhetoricamjigﬁzgu:
1067 731 1462 871 Migiblanum;
1485 801 1552 857 ab
1579 802 1865 860 Ambrosio

853 893 1172 961 suscipitur.

240 979 328 1032 23.
380 979 575 1052 Itaque
624 982 996 1052 posteaquam
1044 979 1283 1034 missum
1339 981 1422 1035 est
1453 994 1486 1033 a
1545 979 1863 1036 Mediolano

170 1065 414 1121 Romam
443 1067 513 1121 ad
544 1068 879 1138 praefectum
917 1067 1096 1135 urbis,
1128 1066 1296 1124 utilli
1329 1067 1540 1122 civitati
1561 1069 1861 1124 rhetorica:

167 1154 438 1225 magister
459 1156 872 1226 provideretur,
913 1157 1204 1228 impertita
1235 1155 1408 1212 etiam
1438 1157 1726 1214 evectione
1757 1175 1864 1230 pu-

166 1241 311 1296 blica
343 1242 462 1314 (a);
491 1260 595 1316 ego
615 1244 733 1316 ipse
755 1245 1082 1317 ambiviper
1107 1243 1336 1300 eosdem
1357 1244 1511 1316 ipsos
1533 1246 1864 1302 manichmis

164 1331 512 1388 vanitatibus
570 1333 780 1404 ebrios,
838 1335 1046 1407 quibus
1102 1338 1164 1390 ut
1217 1350 1490 1402 carerem,
1540 1335 1716 1404 ibam,
1765 1336 1864 1391 sed

164 1420 395 1492 utrique
440 1421 854 1491 nesciebamus,
889 1427 954 1478 ut
990 1422 1240 1478 dictione
1270 1423 1559 1494 proposita
1605 1440 1697 1479 me
1727 1441 1865 1496 pro-

164 1507 366 1564 batum
411 1512 710 1581 praefectus
755 1515 893 1567 tunc
937 1510 1306 1583 Symmachus
1330 1511 1599 1566 mitteret.
1641 1513 1704 1567 Et
1733 1511 1864 1568 veni

164 1597 548 1654 Mediolanum
599 1600 671 1655 ad
717 1599 1083 1656 Ambrosium
1128 1599 1478 1671 episcopum,
1521 1599 1582 1654 in
1631 1600 1863 1670 optimis

162 1690 369 1741 notum
399 1686 525 1742 orbi
562 1692 751 1756 terrze,
781 1688 945 1759 pium
993 1689 1272 1743 cultorem
1302 1693 1499 1756 tuum;
1539 1687 1700 1758 cujus
1729 1693 1866 1743 tunc

160 1774 390 1846 eloquia
434 1779 664 1830 strenue
705 1776 1109 1831 ministrabant
1151 1777 1382 1847 adipem
1430 1776 1707 1831 frumenti
1753 1777 1861 1845 tui,

161 1866 221 1917 et
270 1863 530 1920 laetitiam
572 1865 704 1933 olei,
757 1868 816 1919 et
886 1865 1137 1920 sobriam
1197 1864 1318 1920 vini
1373 1864 1706 1920 ebrietatem
1760 1881 1863 1937 po-

160 1950 302 2023 pulo
357 1955 478 2008 tuo.
529 1953 616 2008 Ad
656 1970 789 2008 eum
839 1958 1030 2009 autem
1064 1953 1313 2008 ducebar
1357 1953 1456 2008 abs
1484 1957 1540 2008 te
1581 1953 1860 2021 nesciens,

159 2043 226 2093 ut
253 2055 358 2110 per
376 2056 509 2096 eum
537 2041 610 2096 ad
638 2045 692 2096 te
713 2040 896 2096 sciens
923 2041 1180 2098 ducerer.
1227 2039 1487 2112 Suscepit
1506 2057 1598 2095 me
1623 2044 1862 2112 paterae

158 2125 256 2181 ille
289 2127 463 2183 homo
513 2128 637 2199 Dei,
691 2133 747 2184 et
774 2129 1298 2201 peregrinationem
1348 2145 1536 2184 meam
1567 2129 1701 2184 satis
1743 2130 1862 2201 epi-

157 2217 462 2290 scopaliter
491 2217 708 2274 dilexit.
741 2220 806 2274 Et
830 2236 963 2274 eum
995 2235 1188 2274 amare
1219 2219 1383 2290 ccepi,
1417 2218 1603 2290 primo
1626 2218 1860 2290 quidem

156 2321 279 2360 non
317 2308 595 2377 tanquam
643 2306 934 2362 doctorem
980 2305 1118 2374 veri,
1166 2307 1322 2378 quod
1365 2305 1430 2361 in
1476 2306 1720 2361 Ecclesia
1764 2310 1864 2362 tua

154 2409 393 2464 prorsus
405 2395 802 2465 desperabam,
824 2395 922 2451 sed
937 2400 1212 2467 tanquam
1228 2395 1524 2451 hominem
1545 2395 1862 2468 benignum

154 2482 216 2536 in
246 2498 355 2537 me.
387 2484 451 2537 Et
478 2483 728 2540 studiose
758 2483 1073 2539 audiebam
1106 2484 1492 2555 disputantem
1535 2484 1598 2539 in
1625 2486 1859 2556 populo,

157 2587 278 2626 non
327 2570 645 2626 intentione
684 2589 799 2644 qua
846 2572 1038 2640 debui,
1078 2573 1177 2628 sed
1202 2573 1365 2643 quasi
1411 2574 1711 2646 explorans
1739 2575 1862 2644 ejus

154 2661 508 2731 facundiam,
552 2664 748 2716 utrum
801 2661 1133 2717 conveniret
1182 2663 1350 2717 famae
1379 2679 1519 2730 suae,
1561 2678 1634 2716 an
1679 2662 1863 2732 major

154 2749 419 2805 minorve
447 2750 807 2821 fproilueret,
859 2766 1033 2821 quam
1086 2749 1537 2822 praedicabatur:
1572 2753 1631 2804 et
1677 2749 1862 2804 verbis

165 2837 294 2909 ejus
322 2837 707 2909 suspendebar
751 2839 1044 2906 intentus;
1076 2854 1268 2893 rerum
1302 2842 1494 2893 autem
1541 2837 1862 2892 incuriosus

160 2929 225 2980 et
283 2928 641 2997 contemptor
680 2925 962 2992 astabam;
1014 2928 1071 2980 et
1095 2924 1416 2980 delectabar
1444 2924 1717 2983 suavitate
1740 2941 1860 2979 ser-

151 3013 706 3085 monis,quanquam
736 3013 1278 3079 eruditioris,minus
1301 3017 1496 3068 tamen
1524 3012 1862 3067 hilarescen—

162 3103 244 3157 tis
267 3107 438 3175 atque
468 3102 772 3158 mulcentis
809 3118 984 3175 quam
1014 3102 1204 3157 Fausti
1228 3106 1368 3168 erat,
1393 3101 1547 3173 quod
1569 3101 1770 3157 attinet
1788 3102 1860 3157 ad

155 3191 390 3246 dicendi
420 3190 675 3246 modum.
710 3191 991 3246 Caeterum
1021 3206 1214 3246 rerum
1238 3190 1500 3260 ipsarum
1519 3190 1680 3245 nulla
1713 3207 1864 3245 com-

155 3279 418 3352 paratio:
449 3295 584 3334 nam
613 3280 708 3334 ille
737 3295 840 3352 per
869 3279 1210 3334 manichasas
1235 3277 1483 3332 fallacias
1525 3277 1820 3332 aberrabat
1845 3297 1860 3345 ;

156 3368 270 3422 iste
293 3371 485 3423 autem
531 3367 904 3424 saluberrime
954 3366 1192 3422 docebat
1229 3367 1492 3421 salutem.
1547 3365 1659 3421 Sed
1686 3365 1859 3436 longe

159 3459 250 3511 est
277 3472 311 3510 a
335 3457 729 3528 peccatoribus
769 3458 942 3524 salus,
976 3454 1160 3528 qualis
1190 3471 1296 3526 ego
1325 3457 1462 3510 tunc
1490 3453 1755 3510 aderam:
1807 3458 1860 3509 et

158 3549 358 3601 tamen
385 3545 848 3618 propinquabam
879 3544 1088 3600 sensim
1118 3547 1175 3598 et
1197 3542 1457 3599 nesciens
1490 3540 1531 3597 ‘.

805 3634 1028 3689 CAPUT
1079 3633 1214 3689 XIV.

233 3721 442 3778 Audito
471 3721 758 3778 Ambrosio
781 3722 1054 3791 paulatim
1083 3720 1152 3774 ab
1190 3719 1463 3775 erroribus
1489 3719 1782 3789 resipiscit.

232 3812 322 3865 2i.
356 3812 498 3865 Cum
527 3810 681 3866 enim
719 3826 835 3865 non
863 3814 1180 3882 satagerem
1211 3808 1427 3864 discere
1458 3823 1586 3880 qua:
1613 3808 1856 3875 dicebat,

156 3899 264 3955 sed
291 3903 514 3954 tantum
556 3898 1042 3971 quemadmodum
1076 3898 1302 3954 dicebat
1345 3897 1542 3951 audire
1586 3896 1671 3966 (ea
1715 3893 1860 3949 mihi

226 4005 243 4038 ι
274 4003 359 4053 Sic
378 4003 666 4066 Mss.Angl.
681 4017 800 4052 cum
823 4003 1034 4053 nostris.
1057 4003 1123 4052 At
1145 4003 1265 4053 Am.
1293 4002 1380 4052 Er.
1400 4002 1528 4051 Lov.
1542 4004 1624 4064 ,ει
1642 3999 1854 4051 nescivi.

158 4065 361 4115 Somm.
394 4066 560 4121 Blas..
593 4065 641 4114 et
670 4066 979 4114 nesciebam.

226 4126 300 4188 (α)
317 4126 692 4189 Evectio,quod
706 4127 821 4189 aliis
833 4125 1309 4189 diploma.facultas
1322 4124 1733 4189 eratgusurpandi
1747 4137 1861 4174 cur—

157 4187 252 4238 sus
273 4188 489 4251 publici,
511 4187 666 4250 quem
689 4187 1133 4251 privato‘cuilibet
1153 4201 1415 4251 usurpare
1434 4187 1592 4251 haud
1608 4187 1858 4251 licuisset.

161 4249 311 4300 Unde
331 4250 412 4298 lex
446 4250 510 4299 ab
529 4249 764 4298 Honorio
787 4250 909 4312 data
940 4250 1164 4299 ferebat:
1185 4267 1212 4296 ‹‹
1231 4249 1304 4298 Ne
1320 4249 1448 4312 quis
1477 4249 1577 4297 sibi
1608 4249 1857 4312 deinceps

159 4329 189 4360 α
219 4325 431 4361 cursum
460 4312 729 4375 publicum
757 4311 993 4375 privatus
1016 4315 1248 4374 usurpet,
1277 4311 1379 4359 nisi
1400 4325 1520 4375 cum
1547 4313 1638 4375 aut
1656 4311 1857 4375 anubis

157 4391 188 4421 ει
223 4372 488 4434 evocatur,
505 4377 597 4423 aut
611 4388 642 4422 a
661 4372 953 4423 clementiae
974 4372 1169 4422 nostrae
1194 4373 1535 4422 veneratione
1571 4372 1809 4434 discedit.
1829 4391 1854 4415 υ

157 4437 349 4508 Narrat
359 4436 894 4508 JuliusCapitrolinus,
906 4436 961 4484 in
975 4435 1260 4508 Pertinacg,
1278 4435 1419 4508 quod
1434 4435 1479 4508 is
1493 4438 1660 4506 «tunc
1673 4433 1856 4508 praefe-

157 4517 187 4544 (ι
211 4501 327 4547 ctus
349 4497 594 4561 cohortis,
613 4496 667 4561 in
694 4497 1198 4561 Syriamproljectus,
1215 4496 1506 4561 T.__Aurelio
1525 4496 1856 4558 imperatore,

159 4575 190 4606 α
221 4573 253 4608 a
279 4560 501 4622 praeside
532 4559 696 4623 Syrias
721 4558 845 4622 quia
870 4558 984 4608 sine
1008 4558 1384 4621 diplomatibus
1404 4571 1618 4607 cursum
1642 4571 1859 4620 usurpa-

1659 345 1872 406 LIBER
1911 347 2204 410 SEXTUS.

3567 366 3671 420 7l8

1977 475 2191 546 quippe
2209 475 2326 546 jam
2352 476 2675 546 despcranti
2696 477 2766 532 ad
2779 480 2834 532 te
2847 477 2994 532 viam
3009 482 3202 550 patere
3222 478 3465 552 homini,
3489 483 3674 537 inanis

1977 579 2111 618 cura
2149 567 2536 635 remanserat),
2563 565 2867 621 veniebant
2895 565 2956 621 in
2987 567 3243 622 animum
3273 585 3466 624 meum
3501 570 3672 626 simul

1977 666 2107 705 cum
2129 652 2313 707 verbis
2330 669 2457 724 qua:
2476 653 2803 724 diligebam,
2824 671 2912 709 res
2935 655 3108 710 etiam
3127 672 3266 728 quas
3289 657 3671 729 negligebam.

1976 739 2170 811 Neque
2197 739 2350 795 enim
2375 757 2439 795 ea
2471 741 2738 797 dirimere
2761 746 3039 813 poteram.
3076 745 3140 798 Et
3175 745 3312 800 dum
3361 761 3460 800 cor
3484 747 3670 817 aperi-

1975 843 2097 882 rem
2129 829 2198 883 ad
2238 829 2639 900 excipiendum
2671 828 2690 864 ί
2722 848 2895 902 quam
2945 832 3150 888 diserte
3184 833 3418 901 diceret,
3450 835 3668 906 pariter

1975 914 2223 971 intrabat
2255 921 2310 972 et
2339 934 2512 988 quam
2538 934 2666 973 vere
2689 919 2917 986 diceret,
2945 921 3228 990 gradatim
3247 922 3502 993 quidem.
3528 924 3668 978 Nam

1973 1003 2162 1074 primo
2200 1005 2372 1059 etiam
2417 1005 2541 1076 ipsa
2577 1007 2806 1062 defendi
2833 1023 3002 1078 posse
3044 1009 3190 1064 mihi
3226 1010 3349 1081 jam
3380 1015 3671 1082 coeperant

1975 1091 2173 1162 videri,
2205 1096 2261 1148 et
2291 1092 2462 1148 ﬁdem
2492 1095 2848 1162 catholicam,
2879 1113 2983 1168 pro
3032 1113 3146 1168 qua
3176 1099 3323 1153 nihil
3369 1115 3533 1170 posse
3562 1099 3676 1155 dici

1976 1180 2246 1236 adversus
2305 1187 2701 1254 Oppugnantes
2740 1185 3079 1240 Manichacos
3133 1192 3486 1257 putaveram,
3542 1189 3666 1260 jam

1975 1285 2095 1324 non
2147 1269 2512 1341 impudenter
2568 1273 2742 1328 asseri
2791 1273 3216 1344 existimabam;
3272 1276 3523 1331 maxime
3580 1293 3676 1331 au-

1977 1356 2094 1412 dito
2124 1373 2238 1412 uno
2271 1362 2440 1430 atque
2471 1360 2666 1424 altero,
2697 1365 2755 1416 et
2778 1362 2986 1432 smpius
3015 1362 3320 1434 aenigmate
3369 1365 3550 1418 soluto
3596 1364 3664 1418 de

1974 1445 2210 1517 Scriptis
2238 1447 2548 1503 veteribus:
2599 1449 2714 1513 ubi,
2749 1466 2878 1505 cum
2915 1451 2987 1505 ad
3031 1451 3282 1506 litteram
3329 1452 3672 1522 acciperem,

1975 1533 2273 1589 occidebar
2332 1534 2375 1589 ’.
2425 1536 2806 1606 Spiritualiter
2854 1538 3047 1610 itaque
3095 1539 3382 1611 plerisque
3436 1539 3671 1594 illorum

1971 1623 2255 1679 librorum
2286 1625 2554 1696 expositis
2581 1626 2732 1693 locis,
2753 1627 2870 1698 jam
2896 1628 3387 1698 reprehendebam
3408 1629 3668 1700 despera-

1973 1711 2190 1767 tionem
2218 1729 2430 1781 meam,
2460 1713 2617 1769 illam
2642 1715 2917 1770 duntaxat
2947 1731 3061 1786 qua
3087 1715 3445 1771 credideram
3469 1717 3675 1787 Legem

1973 1812 2030 1864 et
2059 1808 2371 1880 Prophetas
2411 1809 2821 1866 detestantibus
2857 1815 3025 1882 atque
3067 1811 3440 1867 irridentibus
3488 1812 3674 1867 resisti

1974 1896 2208 1951 omnino
2239 1914 2355 1953 non
2383 1915 2569 1970 posse.
2612 1900 2724 1954 Nec
2747 1903 2938 1954 tamen
2950 1899 3070 1970 jam
3103 1898 3230 1953 ideo
3255 1899 3396 1954 mihi
3426 1899 3672 1954 catholi-

1972 2001 2097 2040 cam
2126 1985 2274 2041 viam
2295 1987 2598 2042 tenendam
2631 2003 2753 2042 esse
2783 1987 3116 2054 sentiebam,
3152 1986 3286 2059 quia
3317 1991 3372 2042 et
3416 1986 3541 2058 ipsa
3569 2004 3670 2058 po-

1969 2077 2116 2129 terat
2133 2075 2343 2130 habere
2377 2076 2571 2131 doctos
2599 2079 2902 2131 assertores
2924 2091 3055 2130 suos
3082 2075 3182 2147 qui
3209 2075 3432 2146 capiose
3463 2080 3520 2130 et
3551 2091 3671 2130 non

1971 2163 2212 2218 absurde
2231 2164 2452 2234 objecta
2480 2164 2831 2233 refellerent;
2864 2179 2970 2219 nec
2993 2163 3121 2218 ideo
3133 2163 3256 2235 jam
3281 2164 3673 2218 damnandum

1972 2250 2116 2307 iilud
2144 2252 2296 2324 quod
2325 2253 2610 2317 tenebam,
2642 2253 2778 2324 quia
2799 2251 3119 2307 defensions
3147 2256 3339 2323 partes
3361 2251 3672 2323 aequaban-

1972 2343 2087 2395 tur.
2120 2341 2203 2395 Ita
2238 2340 2393 2395 enim
2424 2340 2713 2412 Catholica
2741 2356 2858 2395 non
2913 2339 3057 2395 mihi
3086 2340 3234 2396 victa
3259 2340 3581 2404 videbatur,
3612 2343 3675 2394 ut

1973 2427 2230 2483 nondum
2260 2429 2432 2483 etiam
2457 2428 2658 2484 victrix
2687 2432 3015 2500 appareret.

2043 2518 2132 2571 25.
2163 2518 2319 2572 Tunc
2339 2534 2471 2572 vero
2493 2517 2713 2572 fortiter
2742 2516 2964 2572 intendi
2987 2515 3262 2584 animum,
3301 2515 3347 2570 si
3366 2532 3480 2588 quo
3500 2516 3672 2572 modo

1971 2619 2197 2675 possem
2241 2605 2407 2660 certis
2435 2604 2724 2677 aliquibus
2763 2604 3118 2660 documentis
3167 2604 3502 2660 Maniclizeos
3533 2620 3670 2659 con-

1969 2693 2196 2748 vincere
2216 2694 2502 2751 falsitatis.
2530 2694 2757 2764 Quodsi
2786 2710 3013 2766 possem
3035 2693 3388 2765 spiritualem
3407 2694 3672 2748 substan-

1970 2781 2112 2837 tiam
2153 2783 2424 2854 cogitare,
2473 2783 2662 2838 statim
2719 2782 3177 2837 machinamenta
3213 2781 3311 2835 illa
3334 2781 3527 2836 omnia
3556 2780 3669 2836 sol-

1970 2873 2238 2924 verentur
2266 2875 2322 2925 et
2349 2870 2734 2941 abjicerentur
2748 2886 2814 2924 ex
2839 2869 3030 2923 animo
3053 2884 3212 2936 meo;
3247 2868 3343 2922 sed
3371 2884 3484 2922 non
3507 2871 3668 2938 pote-
3731 2872 3733 2875 ’

1969 2974 2115 3013 ram.
2175 2959 2580 3013 Verumtamen
2629 2958 2698 3013 de
2754 2957 2879 3029 ipso
2936 2956 3137 3011 mundi
3192 2956 3361 3026 hujus
3410 2971 3666 3026 corpore,

1971 3047 2241 3118 omnique
2271 3050 2474 3101 natura
2497 3063 2669 3119 quam
2699 3063 2899 3100 sensus
2920 3045 3106 3100 carnis
3128 3045 3454 3115 attingeret,
3486 3044 3672 3099 multa

1969 3133 2351 3205 probabiliora
2395 3134 2698 3206 plerosque
2748 3133 2988 3189 sensisse
3034 3132 3424 3204 philosophos,
3484 3131 3670 3203 magis

1970 3222 2268 3293 magisque
2317 3222 2678 3276 considerans
2719 3226 2888 3293 atque
2918 3237 3273 3292 comparans,
3311 3219 3665 3291 judicabam.

1970 3311 2167 3382 Itaque
2193 3310 2661 3365 Academicorum
2680 3326 2862 3376 more,
2888 3309 3033 3363 sicut
3048 3308 3467 3376 existimantur,
3498 3307 3667 3362 dubi-

1969 3402 2097 3453 tans
2126 3399 2193 3454 de
2223 3399 2486 3453 omnibus
2507 3398 2689 3471 {atque
2733 3397 2882 3451 intcr
2929 3395 3123 3450 omnia
3153 3396 3454 3463 ﬂuctuans,
3488 3395 3666 3450 Mani-

1971 3487 2157 3542 chzeos
2205 3487 2437 3559 quidem
2484 3486 2889 3558 relinquendos
2935 3502 3055 3540 esse
3085 3484 3338 3540 decrevi:
3372 3501 3485 3539 non
3516 3483 3665 3539 arbi-

1971 3579 2126 3630 trans
2170 3591 2238 3630 eo
2273 3576 2394 3647 ipso
2419 3579 2676 3647 tempore
2707 3572 3076 3629 dubitationis
3107 3589 3250 3628 mete
3279 3572 3339 3626 in
3377 3573 3473 3627 illa
3510 3577 3661 3627 secta

1969 3663 2115 3718 mihi
2156 3665 2614 3735 permanendum
2675 3679 2816 3729 esse,
2871 3662 3110 3733 cuijam
3165 3661 3475 3716 nonnullos
3530 3656 3688 3731 phi-‘

1969 3751 2235 3822 losophos
2277 3751 2714 3822 prmponebam;
2766 3749 2974 3821 quibus
3039 3754 3231 3803 tamen
3288 3747 3663 3819 philosophis,

1970 3840 2126 3910 quod
2183 3839 2304 3893 sine
2377 3840 2610 3894 nomine
2665 3837 2898 3892 salutari
2969 3837 3180 3892 Christi
3231 3839 3437 3903 essent,
3496 3851 3662 3890 cura-

1968 3926 2187 3982 tionem
2237 3926 2529 3998 languoris
2576 3925 2783 3980 animae
2832 3941 2976 3980 mea:
3025 3923 3382 3979 committere
3431 3922 3668 3977 omnino

1969 4016 2320 4071 recusabam.
2348 4014 2530 4071 Statui
2560 4031 2696 4086 ergo
2733 4013 2956 4068 tamdiu
2985 4029 3104 4067 esse
3132 4012 3575 4067 catechumenus
3603 4009 3665 4065 in

1969 4103 2248 4159 catholica
2303 4103 2547 4158 Ecclesia
2592 4101 2739 4157 mihi
2777 4119 2811 4157 a
2852 4101 3187 4174 parentibus
3243 4099 3667 4168 commendata,

1971 4193 2149 4248 donec
2178 4191 2394 4264 aliquid
2423 4191 2561 4246 certi
2591 4192 2840 4248 eluceret
2868 4207 2982 4263 quo
3014 4205 3246 4246 cursum
3267 4188 3597 4260 dirigerem.

2030 4317 2200 4380 tLov.,
2227 4314 2613 4380 decipiendum.

2030 4379 2051 4414 9
2084 4374 2280 4428 Somm.
2307 4374 2359 4428 et
2384 4377 2554 4428 Rond.
2585 4375 2853 4428 occidebar
2868 4374 3245 4440 spiritualiter.
3276 4377 3484 4438 Itaque.
3506 4374 3576 4424 Μ.

1968 4510 1995 4541 ‹‹
2015 4496 2179 4605 νεωιί
2193 4493 2414 4605 pedibus
2433 4492 2497 4543 ab
2511 4491 2791 4543 Antiochia
2808 4490 2874 4542 ad
2892 4491 3206 4556 legationem
3223 4502 3373 4539 suam
3393 4489 3490 4539 iter
3500 4489 3670 4540 facere

1971 4572 2000 4602 α
2030 4570 2154 4604 coac
2183 4570 2243 4604 us
2265 4570 2319 4605 es
2353 4591 2366 4604 .
2401 4571 2428 4603 »

1971 4572 2000 4602 tl
2030 4570 2243 4605 coactus
2265 4570 2366 4605 θδι.
2401 4571 2428 4603 )3

151 4639 3667 4669 ww

1262 4733 1778 4856 LIBER
1879 4725 2547 4855 SEXTUS.

229 4918 361 4970 Cum
387 4917 497 4984 jam
522 4914 768 4968 Monnica
789 4916 954 4981 ipsius
983 4919 1150 4967 mater
1176 4916 1534 4966 Mediolanum
1569 4916 1887 4976 advenisset,
1911 4915 2124 4979 ipseque
2146 4927 2346 4964 annum
2362 4914 2532 4964 mtatis
2549 4914 2726 4977 ageret
2739 4911 3087 4976 trigesimum,
3116 4911 3378 4984 Ambrosii
3399 4909 3669 4984 concioni-

158 4991 265 5042 bus
289 4983 612 5048 admonitus,
641 4988 914 5038 catholicae
947 4987 1202 5038 doctrinm
1234 4987 1524 5046 veritatem,
1553 5001 1714 5050 quam
1741 4985 2018 5036 Manichasi
2047 4985 2178 5035 falso
2209 4984 2607 5041 insimulabant,
2629 4984 2795 5047 magis
2824 4985 3090 5048 magisque
3115 4983 3460 5047 intelligebat.
3490 4983 3664 5047 Alypii

162 5061 324 5133 amici
357 5060 440 5109 sui
473 5073 647 5109 mores
660 5059 1026 5133 prosequitur.
1063 5061 1125 5108 In
1158 5059 1360 5133 diversa
1389 5058 1710 5133 rapiebatur,
1733 5058 1862 5107 dum
1882 5057 1951 5133 de
1976 5057 2084 5133 vita
2107 5055 2296 5107 melius
2326 5053 2652 5133 instituenda
2676 5052 3016 5116 deliberaret;
3048 5054 3232 5106 mortis
3260 5067 3468 5119 quoque
3497 5066 3557 5103 ac
3581 5052 3666 5118 ju-

168 5131 298 5182 dicii
324 5133 467 5181 metu
496 5127 787 5194 perculsus,
813 5130 877 5180 ad
911 5131 1030 5181 vitae
1058 5130 1454 5182 conversionem
1482 5128 1537 5179 in
1562 5127 1675 5178 dies
1704 5127 2107 5179 accendebatur.

734 5306 959 5362 CAPUT
1003 5306 1296 5362 PRIMUM.

381 5395 722 5464 Augustinus
748 5411 842 5450 nec
861 5395 1186 5451 manichaeus
1213 5409 1307 5450 nec
1331 5392 1646 5450 catholicus.

1970 5317 2133 5358 veras
2161 5317 2252 5356 me
2278 5316 2312 5355 a
2341 5298 2806 5372 quadrupedibus
2823 5301 2880 5354 et
2894 5297 3218 5354 volatilibus
3237 5292 3400 5351 coeli?
3428 5291 3664 5364 Sapien-

1969 5390 2177 5448 tiorem
2208 5407 2301 5446 me
2333 5391 2567 5458 feceras,
2599 5393 2655 5444 et
2682 5388 3046 5444 ambulabam
3075 5402 3175 5459 per
3195 5383 3455 5439 tenebras
3483 5385 3540 5436 et
3565 5382 3661 5437 lu-

243 5486 294 5542 l.
328 5483 468 5556 Spes
520 5500 650 5540 mea
703 5485 1056 5556 ajuventute
1102 5499 1251 5551 mea,
1300 5481 1398 5537 ubi
1419 5480 1564 5537 mihi
1613 5496 1760 5546 eras,
1809 5483 1868 5537 et
1972 5478 2297 5553 bricum,et
2323 5479 2722 5552 queerebamte
2741 5475 2883 5532 foris
2907 5491 3071 5543 ame,
3094 5478 3152 5530 et
3169 5488 3285 5527 non
3303 5469 3665 5526 inveniebam

167 5587 287 5644 quo
317 5572 664 5631 recesseras?
690 5574 778 5630 An
806 5586 941 5630 vero
975 5587 1095 5628 non
1118 5575 1180 5628 tu
1208 5571 1424 5630 feceras
1448 5585 1562 5641 me,
1590 5573 1646 5627 et
1665 5569 1868 5629 discre-

1975 5569 2156 5628 Deum
2185 5567 2368 5627 cordis
2409 5567 2554 5638 mei;
2609 5570 2666 5624 et
2691 5579 2958 5624 veneram
2986 5563 3048 5620 in
3086 5559 3438 5635 profundum
3467 5557 3663 5628 maris,
