4058 6412
403 318 507 369 7-l9

399 441 456 492 et
477 433 810 490 diffidebam
849 437 906 488 et
943 431 1311 503 desperabam
1339 431 1406 486 de
1436 431 1764 485 inventione
1794 431 1932 486 veri.
1958 433 2081 485 Jam

400 527 632 578 venerat
659 522 730 576 ad
760 538 851 576 me
880 526 1059 575 mater
1089 521 1297 590 pietate
1326 520 1507 586 fortis,
1541 525 1690 574 terra
1707 521 1966 590 marique
2000 537 2089 573 me

400 628 665 683 sequens,
696 615 752 664 et
779 611 839 664 in
859 609 1126 680 periculis
1155 609 1419 662 omnibus
1450 609 1518 662 de
1545 613 1598 661 te
1621 625 1835 662 secura.
1877 610 2016 662 Nam
2037 612 2092 662 et

402 716 504 772 per
553 698 772 754 marina
815 696 1142 752 discrimina
1189 696 1337 766 ipsos
1359 700 1559 749 nautas
1591 696 2006 762 consolabatur,
2057 713 2090 749 a

401 786 609 858 quibus
629 786 796 840 rudes
824 784 1009 855 abyssi
1031 784 1296 850 viatores,
1321 799 1452 837 cum
1495 784 1922 852 perturbantur,
1955 800 2091 836 con-

400 873 568 928 solari
599 875 808 939 solent;
841 872 1113 942 pollicens
1145 872 1225 925 eis
1250 872 1678 942 perventionem
1711 888 1839 925 cum
1886 872 2088 935 salute,

400 962 536 1034 quia
562 962 671 1016 hoc
711 960 765 1014 ei
798 965 862 1014 tu
898 976 1001 1030 per
1041 959 1226 1014 visum
1261 960 1548 1029 pollicitus
1581 977 1724 1014 eras.
1767 961 1829 1014 Et
1873 959 2091 1013 invenit

397 1065 489 1104 me
516 1048 932 1120 periclitantem
963 1048 1194 1118 quidem
1225 1049 1472 1118 graviter
1501 1048 1898 1118 desperatione
1929 1047 2085 1101 inda-

397 1137 602 1208 gandae
632 1135 907 1191 veritatis.
951 1136 1057 1189 Sed
1088 1141 1282 1189 tamen
1319 1135 1371 1188 ei
1401 1151 1531 1189 cum
1571 1135 1928 1200 iudicassem,
1973 1151 2087 1188 non

400 1240 491 1279 me
521 1224 756 1296 quidem
778 1225 901 1295 jam
952 1239 1073 1278 esse
1103 1224 1502 1291 manicbmum,
1537 1223 1636 1276 sed
1680 1239 1864 1294 neque
1896 1214 2090 1276 catho¥

399 1313 576 1367 licum
603 1312 998 1381 christianum,
1032 1328 1149 1365 non
1179 1311 1341 1382 quasi
1360 1310 1722 1381 inopinatum
1751 1309 1969 1380 aliquid
1989 1326 2090 1362 au-

402 1401 592 1467 dierit,
639 1400 881 1455 exsilivit
927 1399 1149 1466 lmtitia;
1196 1415 1328 1453 cum
1351 1399 1470 1469 jam
1503 1415 1700 1452 secura
1738 1398 1901 1452 ﬁeret
1931 1414 1997 1451 ex
2028 1413 2090 1450 ea

400 1493 560 1561 parte
592 1488 838 1543 miseriae
860 1505 1024 1554 meae,
1043 1488 1104 1541 in
1129 1504 1243 1558 qua
1271 1503 1362 1542 me
1385 1491 1658 1558 tanquam
1681 1491 1971 1540 mortuum
1994 1485 2091 1539 sed

403 1577 852 1631 resuscitandum
883 1576 986 1630 tibi
1015 1576 1208 1642 ﬂebat,
1252 1580 1308 1630 et
1336 1575 1539 1628 feretro
1572 1573 1926 1645 cogitationis
1957 1574 2091 1626 etl‘e-

403 1666 584 1734 rebat,
613 1671 679 1720 ut
711 1664 920 1719 diceres
945 1664 1064 1718 lilio
1099 1664 1320 1718 viduae:
1361 1666 1583 1720 Juv-onis
1616 1664 1716 1716 tibi
1742 1663 1880 1729 dico,
1903 1678 2093 1729 surge;

401 1758 459 1808 et
501 1752 860 1808 revivisceret
907 1756 962 1806 et
994 1751 1271 1822 inciperet
1313 1751 1492 1822 loqui,
1527 1756 1582 1806 et
1620 1751 1871 1806 traderes
1928 1751 2093 1804 illum

405 1841 574 1895 matri
631 1841 916 1909 sure(Luc.
978 1857 1073 1906 vn,
1110 1842 1196 1908 l-i,
1243 1839 1348 1909 15).
1393 1840 1558 1893 Nulla
1600 1855 1734 1909 ergo
1766 1838 2094 1893 turbulenta

403 1929 774 1984 exsultatione
799 1927 1104 1998 trepidavit
1122 1944 1218 1982 cor
1248 1928 1389 1998 ejus,
1418 1943 1548 1981 cum
1570 1927 1820 1981 audisset
1850 1943 1916 1980 ex
1938 1931 2095 1980 tanta

401 2023 560 2089 parte
586 2018 701 2088 jam
731 2017 940 2070 factum
971 2016 1121 2087 quod
1151 2015 1254 2069 tibi
1284 2015 1537 2087 quotidie
1567 2015 1871 2086 plangebat
1898 2019 1963 2068 ut
1991 2015 2092 2067 lie-

401 2112 520 2173 ret;
551 2105 846 2160 veritatem
870 2121 962 2158 me
991 2104 1249 2158 nondum
1271 2104 1565 2173 adeptum,
1597 2104 1693 2156 sed
1723 2102 2093 2172 falsitatijam

403 2197 700 2264 ereptum:
734 2192 850 2246 imo
879 2208 1012 2246 vero
1057 2191 1191 2262 quia
1219 2196 1372 2244 certa
1401 2195 1542 2260 erat,
1590 2194 1645 2244 et
1674 2191 1828 2261 quod
1851 2191 2095 2243 restabat

403 2285 458 2335 te
510 2281 800 2346 daturum,
850 2279 952 2350 qui
978 2283 1161 2333 totum
1201 2278 1578 2348 promiseras;
1637 2277 2013 2348 placidissime
2040 2283 2095 2332 et

402 2371 630 2439 pectore
668 2369 839 2438 pleno
871 2367 1096 2421 ﬁduciae
1138 2366 1434 2436 respondit
1463 2366 1626 2432 mihi,
1678 2367 1906 2420 credere
1935 2365 2004 2436 :se
2036 2365 2094 2419 in

405 2455 642 2522 Christo,
677 2455 828 2526 quod
858 2454 1195 2525 priusquam
1243 2454 1311 2508 de
1340 2455 1456 2524 .hac
1485 2454 1600 2508 vita
1630 2454 1957 2524 emigraret,
2002 2471 2094 2508 me

401 2543 594 2598 visura
613 2547 759 2597 esset
783 2542 1011 2597 ﬁdelem
1041 2542 1399 2596 catholicum.
1428 2544 1492 2597 Et
1519 2542 1624 2596 hoc
1668 2542 1902 2612 quidem
1929 2543 2091 2596 mihi.

405 2631 533 2687 Tibi
561 2634 772 2698 autem,
805 2630 931 2684 fons
955 2629 1499 2696 misericordiarum,
1523 2645 1717 2700 preces
1746 2635 1800 2684 et
1823 2631 2097 2700 lacrymas

406 2717 697 2773 densiores
735 2717 776 2780 ‘,
813 2721 876 2772 ut
918 2718 1260 2772 accelerares
1291 2717 1642 2787 adjutorium
1666 2722 1850 2784 tuum,
1883 2723 1938 2771 et
1963 2718 2094 2771 illu-

406 2805 654 2860 minares
698 2805 962 2860 tenebras
1007 2821 1197 2869 meas;
1232 2808 1288 2859 et
1334 2804 1645 2858 studiosius
1691 2805 1762 2858 ad
1796 2804 2097 2858 Ecclesiam

404 2907 647 2954 currere,
684 2895 740 2946 et
769 2891 830 2945 iu
857 2891 1221 2946 Ambrosium
1252 2891 1276 2924 ³
1304 2908 1402 2945 ora
1441 2891 1729 2962 suspendi,
1765 2891 1834 2945 ad
1879 2892 2098 2946 fontem

405 2979 660 3034 salientis
683 2996 844 3051 aquae
866 2978 926 3032 in
955 2979 1126 3034 vitam
1174 2984 1448 3034 aeternam
1481 2979 1668 3050 (Joam.
1698 2996 1771 3048 ιν,
1807 2981 1912 3049 ll).
1961 2978 2097 3032 Dili-

406 3069 576 3139 gebat
598 3072 787 3122 autem
815 3067 979 3121 illum
999 3067 1186 3122 virum
1218 3067 1361 3121 sicut
1391 3068 1659 3137 angelum
1684 3067 1803 3129 Dei,
1829 3067 1982 3138 quod
2001 3083 2100 3138 per

407 3156 572 3210 illum
598 3157 940 3226 cognoverat
961 3171 1050 3208 me
1081 3155 1313 3210 interim
1348 3155 1417 3208 ad
1465 3155 1622 3208 illam
1652 3154 1958 3224 ancipitem
1997 3157 2099 3208 llu-

412 3243 758 3298 ctuationem
807 3243 929 3312 jam
960 3260 1079 3297 esse
1107 3244 1470 3312 perductum,
1499 3259 1604 3313 per
1634 3259 1806 3313 quam
1830 3241 2096 3296 transitu-

410 3347 542 3386 rum
569 3347 663 3386 me
713 3331 780 3384 ab
839 3330 1175 3401 aegritudine
1222 3331 1294 3384 ad
1324 3331 1644 3398 sanitatem,
1685 3331 2098 3384 intercurrente

411 3418 651 3473 arctiore
676 3417 929 3488 periculo
959 3422 1001 3487 ⁸,
1031 3418 1191 3489 quasi
1230 3435 1334 3489 per
1364 3417 1741 3472 accessionem
1790 3434 1962 3489 quam
1991 3417 2098 3472 cri-

413 3506 587 3560 ticam
609 3503 812 3560 medici
840 3507 1065 3573 vocant,
1087 3508 1238 3558 certa
1266 3504 1664 3576 praesumebat.

381 3634 406 3662 ο
1083 3610 1306 3664 CAPUT
1354 3610 1425 3663 II.

590 3700 776 3769 Epulas
798 3703 847 3754 et
875 3700 1104 3769 synax—is
1126 3699 1276 3768 apud
1302 3699 1551 3768 sepulcra
1599 3703 1921 3766 martyrum.

485 3789 537 3842 2.
588 3789 783 3859 Itaque
827 3803 959 3842 cum
1006 3786 1078 3841 ad
1125 3787 1432 3841 memorias
1462 3791 1808 3854 sanctorum,
1857 3787 2002 3841 sicut
2038 3785 2098 3841 in

408 3875 596 3931 Africa
637 3877 870 3943 solebat,
901 3876 1087 3947 pultes
1133 3880 1189 3930 et
1217 3892 1422 3946 panem
1472 3880 1528 3929 et
1570 3891 1796 3930 merum
1823 3875 2101 3929 attulisset

408 3969 576 4036 atque
623 3965 692 4020 ab
743 3965 972 4020 ostiario
1000 3964 1429 4034 prohiberetur;
1463 3963 1562 4018 ubi
1606 3964 1714 4018 hoc
1767 3964 2098 4034 episcopum

409 4054 649 4108 vetuisse
687 4053 972 4125 cognovit,
995 4058 1112 4108 tam
1145 4053 1236 4123 pie
1267 4057 1435 4124 atque
1467 4053 1796 4107 obcdieutcr
1837 4054 2099 4124 amplexa

407 4147 512 4208 est,
544 4146 608 4196 ut
639 4142 760 4211 ipse
815 4141 1052 4194 mirarer
1082 4145 1102 4176 ⁸
1131 4157 1304 4210 quam
1347 4141 1511 4194 facile
1544 4141 1854 4194 accusatrix
1908 4141 2098 4211 potius

405 4228 831 4283 consuetudinis
861 4245 976 4281 sum
1009 4229 1105 4297 (α),
1140 4244 1311 4297 quam
1343 4228 1702 4297 disceptatrix
1729 4229 1880 4282 illius
1901 4229 2095 4298 prohi-

407 4316 634 4370 bitionis
665 4316 862 4370 elfecta
899 4315 989 4368 sit.
1027 4316 1148 4368 Non
1177 4315 1332 4368 enim
1364 4315 1661 4370 obsidebat
1690 4316 1951 4386 Spiritum
1975 4318 2097 4387 ejus

406 4403 733 4465 vinolentia,
777 4418 1018 4473 eamque
1049 4403 1383 4457 stimulabat
1439 4403 1500 4456 in
1543 4404 1738 4458 odium
1790 4405 1908 4458 veri
1938 4422 2098 4460 amor

405 4492 542 4559 vini,
575 4491 719 4545 sicut
747 4491 1048 4561 plerosque
1091 4505 1275 4543 mares
1306 4495 1362 4544 et
1389 4490 1649 4557 feminas,
1694 4492 1792 4562 qui
1822 4493 1893 4546 ad
1918 4494 2096 4548 canti-

405 4595 536 4636 cum
583 4578 924 4647 sobrietatis,
965 4577 1110 4632 sicut
1156 4579 1225 4634 ad
1256 4579 1551 4649 potionem
1583 4584 1852 4650 aquatam
1884 4582 2098 4636 madidi

407 4671 700 4722 nauseant.
732 4667 837 4721 Sed
867 4666 964 4720 illa
1007 4683 1136 4720 cum
1195 4668 1475 4721 attulisset
1514 4669 1826 4722 canistrum
1853 4686 1982 4723 cum
2005 4687 2093 4724 so-

405 4754 693 4811 lemnibus
718 4755 900 4826 epulis
944 4755 1359 4826 praegustandis
1393 4759 1562 4826 atque
1611 4757 1938 4827 largiendis,
1967 4759 2095 4828 plus

468 4883 483 4915 ¹
519 4880 576 4928 In
610 4879 788 4928 codice
818 4879 934 4928 Alb.
964 4879 1192 4936 additur,
1218 4877 1458 4936 fundere.

466 4944 487 4977 2
518 4943 594 4990 Ita
617 4941 996 5003 potioreslllss.
1025 4943 1089 5003 At
1118 4941 1244 4988 Edd.
1266 4945 1603 4990 currercmet
1623 4944 1682 4990 in
1703 4941 1990 4992 Ambrosii.

462 5006 483 5037 τι
511 5002 719 5052 Acriore
741 5002 1178 5065 periculo,juxta
1207 5003 1290 5050 Er.
1324 5003 1486 5063 Lugd.
1509 5003 1637 5051 Ven.
1671 5007 1721 5052 et
1752 5005 1872 5052 Lov.
1899 5005 1967 5052 M.

459 5069 482 5101 ⁴
510 5065 592 5114 Sis
618 5063 756 5112 Mss.‘
771 5067 823 5111 et
842 5064 956 5111 Am.
988 5063 1071 5111 Er.
1097 5066 1221 5112 Arn.
1243 5079 1256 5122 ;
1281 5067 1333 5112 at
1349 5065 1472 5112 Bad.
1494 5069 1546 5113 et
1571 5066 1713 5124 Lov.,
1730 5065 2028 5114 miraretur.

459 5165 536 5220 (a)
556 5159 1082 5224 Consuetudinem‘de
1103 5172 1206 5224 qua
1227 5158 1309 5205 hic
1331 5159 1519 5224 agitur,
1544 5159 1785 5224 totalicct
1804 5161 1976 5224 Africa
1996 5163 2092 5224 pri-

397 5223 516 5273 dem
541 5226 822 5285 receptam,
855 5220 1182 5285 guoniamin
1207 5221 1613 5285 comessationes
1643 5226 1693 5269 et
1713 5220 2092 5272 ebrietates—de-

400 5287 632 5341 flexerat,
661 5281 960 5331 rescindere
989 5281 1229 5343 similiter
1257 5282 1560 5343 aggreditur
1588 5283 1930 5343 Augustinus.
1961 5292 2011 5333 et
2031 5301 2091 5334 ea

403 5347 467 5396 de
492 5361 546 5395 re
572 5344 925 5406 scribitEpist.
952 5343 1117 5406 l2i._ad
1141 5342 1407 5406 Aurelium
1431 5342 1909 5406 Carthaginiensem.
1930 5347 2091 5404 Quin-

395 5410 553 5457 etiam
583 5403 970 5470 Hipponensem
1002 5403 1289 5470 Ecclesium
1311 5404 1428 5470 ipse
1447 5403 1681 5470 nondum
1713 5408 1987 5470 episcopus
2024 5409 2088 5456 ad

391 5483 552 5579 xpcce
576 5465 719 5519 more
743 5468 952 5534 penitus
976 5469 1203 5525 revocat,
1229 5465 1383 5516 sicuti
1400 5465 1554 5516 ﬁdem
1578 5465 1701 5516 facit
1727 5465 1997 5532 Epistf29,
2023 5471 2089 5520 ad

459 5545 653 5579 vmum.

458 5545 653 5594 ypium.

1593 309 2123 367 CONFESSIONUM
2181 309 2235 366 S.
2293 310 2390 366 AL’
2402 307 2656 366 GUSTIN
2666 309 2704 362 l.

3817 308 3942 359 720

2198 449 2372 504 etiam
2405 465 2577 520 quam
2604 464 2780 502 unum
2811 447 3083 518 pocillum
3113 449 3128 484 ¹
3157 463 3260 518 pro
3292 463 3395 502 suo
3425 447 3622 519 palato
3654 447 3803 501 satis
3831 465 3940 502 so—

2198 538 2322 591 brio
2372 541 2776 607 temperatum,
2827 537 2977 590 unde
3033 536 3424 606 dignationem
3468 541 3756 604 sumeret,
3799 553 3933 590 non

2197 625 2464 696 ponebat.
2496 627 2561 679 Et
2591 625 2637 678 si
2670 624 2863 678 multze
2894 629 3098 689 essent,
3132 640 3261 695 quae
3293 625 3388 677 illo
3422 624 3596 678 modo
3629 624 3923 677 videban-

2196 718 2290 766 tur
2324 713 2692 779 honoraudae,
2728 713 3022 766 memoriae
3053 713 3486 782 defunctorum;
3521 711 3678 766 idem
3713 712 3919 782 ipsum

2199 817 2396 866 unum,
2432 801 2583 872 quod
2615 800 2826 872 ubique
2858 806 3114 870 poneret,
3137 801 3611 865 circumferebat;
3646 816 3769 870 quo
3801 800 3931 870 jam

2197 905 2314 943 non
2343 890 2526 943 solum
2555 890 2944 960 aquatissimo,
2978 889 3073 943 sed
3120 889 3293 943 etiam
3325 888 3687 960 tepidissimo
3721 892 3746 924 ²
3779 905 3920 942 cum

2200 979 2314 1032 suis
2364 979 2742 1049 praesentibus
2773 995 2877 1049 per
2915 977 3253 1032 sorbitiones
3298 978 3530 1048 exiguas
3563 976 3927 1048 partiretur:

2199 1067 2334 1137 quia
2359 1068 2631 1136 pietatem
2662 1067 2739 1120 ibi
2787 1067 3100 1135 quaerebat,
3132 1083 3246 1120 non
3276 1067 3658 1136 voluptatem.
3713 1065 3928 1134 Itaque

2200 1155 2295 1209 ubi
2342 1155 2622 1225 comperit
2667 1172 2700 1208 a
2728 1155 3002 1224 praeclaro
3033 1156 3400 1225 praedicatore
3449 1159 3622 1223 atque
3656 1153 3930 1207 antistite

2199 1243 2448 1315 pietatis,
2481 1248 2828 1314 praeceptum
2860 1259 2978 1296 esse
3005 1243 3111 1296 ista
3139 1259 3255 1296 non
3286 1241 3432 1308 fieri,
3463 1258 3566 1296 nec
3595 1229 3670 1294 ab
3704 1241 3797 1294 eis
3821 1241 3929 1311 qui

2201 1333 2390 1387 sobrie
2430 1334 2700 1399 facerent,
2735 1349 2805 1386 ne
2830 1333 2946 1385 ulla
2974 1331 3192 1386 occasio
3219 1348 3278 1386 se
3308 1331 3712 1402 ingurgitandi
3745 1331 3928 1384 dare-

2199 1426 2294 1477 tur
2335 1421 2590 1486 ebriosis,
2619 1426 2675 1474 et
2730 1421 2865 1492 quia
2902 1421 3000 1474 illa
3044 1421 3206 1492 quasi
3251 1420 3572 1490 parentalia
3625 1421 3927 1490 supersti-

2198 1507 2339 1563 tioni
2368 1507 2670 1578 gentilium
2714 1511 2898 1561 essent
2935 1507 3266 1574 simillima;
3307 1507 3584 1562 abstinuit
3614 1523 3674 1560 se
3715 1507 3922 1560 liben-

2200 1595 2446 1650 tissimo:
2508 1599 2564 1648 et
2615 1611 2719 1668 pro
2775 1594 3021 1648 canistro
3089 1595 3259 1664 pleno
3300 1595 3540 1648 terrenis
3601 1593 3926 1658 fructibus,

2200 1685 2435 1754 plenum
2467 1683 2892 1754 purgatioribus
2921 1682 3066 1736 votis
3095 1687 3293 1752 pectus
3322 1682 3393 1737 ad
3421 1682 3733 1736 memorias
3767 1698 3926 1735 mar-

2202 1777 2394 1842 tyrum
2422 1772 2621 1826 alferre
2643 1771 2947 1836 didicerat;
2984 1775 3047 1824 ut
3069 1775 3124 1825 et
3153 1771 3301 1842 quod
3333 1776 3521 1840 posset
3548 1771 3714 1825 daret
3744 1787 3926 1841 egen—

2200 1861 2371 1927 tibus,
2439 1865 2494 1914 ct
2540 1861 2617 1913 sic
2657 1859 3100 1914 communicatio
3148 1858 3427 1913 Dominici
3479 1859 3738 1929 corporis
3796 1859 3922 1913 illic

2201 1950 2598 2014 celebraretur,
2631 1949 2791 2018 cujus
2834 1947 3108 2018 passionis
3139 1947 3456 2001 imitatione
3511 1947 3807 2000 immolati
3865 1952 3924 2002 et

2201 2037 2456 2090 coronati
2480 2040 2612 2090 sunt
2642 2043 2934 2105 martyres.
2965 2035 3073 2089 Sed
3104 2039 3298 2088 tamen
3333 2035 3555 2089 videtur
3589 2035 3760 2101 mihi,
3797 2037 3914 2090 Do-

2201 2123 2357 2178 mine
2390 2125 2535 2177 Deus
2566 2139 2745 2187 meus,
2775 2129 2831 2176 et
2856 2123 2934 2176 ita
2955 2123 3112 2176 estin
3134 2127 3438 2192 conspectu
3470 2128 3570 2176 tuo
3602 2123 3673 2176 de
3709 2123 3822 2176 hac
3858 2140 3919 2176 re

2203 2227 2300 2265 cor
2325 2228 2538 2280 meum,
2570 2227 2688 2264 nou
2717 2211 2878 2264 facile
2915 2211 3146 2264 fortasse
3175 2211 3242 2264 de
3266 2212 3369 2264 hac
3393 2210 3752 2280 amputanda
3782 2227 3925 2264 con—

2202 2299 2499 2354 suetudine
2545 2303 2788 2352 matrem
2821 2315 3005 2353 meam
3058 2299 3228 2352 fuisse
3267 2315 3574 2364 cessuram,
3607 2297 3655 2352 si
3688 2299 3763 2351 ab
3800 2301 3922 2352 alio

2203 2389 2620 2460 prohiberetur,
2669 2403 2840 2458 quem
2871 2403 2988 2440 non
3033 2387 3176 2440 sicut
3204 2386 3569 2440 Ambrosium
3603 2386 3918 2456 diligebat,

2205 2493 2374 2548 quem
2398 2481 2632 2547 propter
2664 2477 2905 2530 salutem
2934 2491 3122 2529 meam
3153 2475 3396 2528 maxime
3432 2472 3746 2543 diligebat;
3784 2490 3918 2528 eam

2204 2580 2338 2619 vero
2365 2564 2458 2618 ille
2487 2567 2722 2634 propter
2742 2564 2863 2634 ejus
2876 2563 3363 2634 religiosissimam
3378 2562 3918 2628 conversationem,

2207 2668 2322 2722 qua
2350 2651 2409 2706 in
2442 2652 2602 2706 bonis
2633 2652 2902 2722 operibus
2931 2655 3047 2705 tam
3071 2651 3293 2704 fervens
3336 2649 3542 2721 spiritu
3573 2650 3922 2720 frequenta-

2213 2739 2310 2794 bat
2333 2739 2663 2793 ecclesiam:
2697 2740 2776 2792 ita
2804 2745 2866 2793 ut
2896 2755 3046 2808 saepe
3070 2742 3420 2808 erumperet,
3455 2753 3586 2791 cum
3619 2753 3717 2791 me
3763 2738 3922 2792 vide-

2206 2831 2312 2892 ret,
2362 2827 2422 2880 in
2461 2827 2582 2897 ejus
2627 2827 3089 2897 praedicationem
3137 2831 3180 2895 ³,
3222 2827 3513 2896 gratulans
3560 2825 3712 2879 mihi
3765 2826 3924 2896 quod

2210 2915 2384 2968 talem
2419 2921 2658 2968 matrem
2693 2916 2994 2982 haberem;
3030 2915 3293 2969 nesciens
3322 2916 3552 2986 qualem
3585 2915 3688 2968 illa
3723 2930 3820 2968 me
3865 2916 3925 2968 li-

2206 3003 2367 3070 lium,
2390 3003 2488 3074 qui
2504 3003 2835 3058 dubitabam
2861 3004 2928 3057 de
2951 3002 3061 3056 illis
3081 3003 3370 3072 omnibus,
3394 3007 3447 3058 et
3470 3002 3723 3058 inveniri
3753 3019 3923 3074 posse

2212 3092 2359 3146 viam
2389 3091 2518 3146 vita:
2548 3091 2787 3147 minime
2815 3091 3114 3163 putabam.

2877 3198 3099 3252 CAPUT
3127 3197 3224 3252 ΙΙΙ.

2545 3285 2923 3355 Occupationes
2967 3292 3016 3340 ei
3042 3287 3226 3342 studia
3254 3286 3558 3342 Ambrosii.

2280 3375 2332 3429 3.
2379 3374 2490 3428 Nec
2528 3373 2652 3444 jam
2705 3374 3150 3445 ingemiscebam
3193 3376 3406 3430 orando
3460 3379 3527 3429 ut
3577 3373 3920 3429 subvenires

2206 3461 2382 3528 mihi;
2413 3462 2511 3516 sed
2543 3462 2614 3515 ad
2634 3463 3010 3532 quaerendum
3030 3464 3304 3530 intentus,
3325 3468 3382 3518 et
3409 3463 3481 3517 ad
3509 3462 3919 3518 disserendum

2206 3549 2494 3620 inquietus
2541 3554 2663 3604 erat
2694 3551 2920 3606 animus
2949 3568 3132 3606 meus.
3177 3553 3485 3622 Ipsumque
3533 3551 3918 3605 Ambrosium

2205 3639 2427 3693 felicem
2461 3639 2766 3709 quemdam
2799 3639 3096 3694 hominem
3135 3640 3452 3694 secundum
3487 3640 3773 3693 saaculum
3804 3641 3916 3710 opi-

2207 3727 2404 3795 nabar,
2455 3743 2628 3797 quem
2662 3727 2740 3780 sic
2786 3732 2959 3781 tanta:
3006 3733 3312 3798 potestates
3351 3728 3753 3794 honorareut;
3811 3745 3918 3781 cae-

2207 3815 2417 3869 libatus
2450 3819 2672 3870 tantum
2703 3816 2825 3885 ejus
2856 3816 3000 3870 mihi
3049 3816 3363 3870 laboriosus
3401 3815 3725 3870 videbatur.
3769 3816 3914 3880 Quid

2208 3908 2400 3957 autem
2439 3902 2533 3957 ille
2581 3903 2702 3973 spei
2763 3908 3004 3972 gereret,
3053 3909 3107 3958 et
3155 3905 3421 3958 adversus
3477 3903 3661 3974 ipsius
3717 3906 3911 3958 excel-

2206 3991 2396 4046 lentiae
2444 3996 2798 4045 tentamenta
2849 3992 3363 4063 quidﬂluctaminis.
3388 3993 3648 4060 haberet,
3704 3994 3912 4063 quidve

2205 4080 2499 4134 solaminis
2550 4080 2611 4133 in
2664 4081 2934 4144 adversis,
2996 4086 3052 4136 et
3108 4085 3395 4136 occultum
3453 4098 3515 4136 os
3573 4082 3699 4151 ejus
3761 4082 3912 4152 quod

2205 4173 2326 4222 erat
2369 4169 2429 4222 in
2474 4169 2642 4223 corde
2691 4169 2832 4240 ejus,
2884 4181 3058 4240 quam
3106 4169 3306 4240 sapida
3361 4170 3573 4241 gaudia
3630 4171 3705 4224 de
3763 4187 3911 4240 pane

2205 4261 2303 4311 tuo
2334 4256 2680 4324 ruminaret;
2717 4274 2820 4311 nec
2846 4258 3126 4327 conjicere
3171 4275 3460 4320 noveram,
3507 4274 3613 4312 nec
3643 4263 3911 4328 expertus

2204 4361 2392 4399 eram:
2421 4361 2523 4398 nec
2553 4346 2646 4398 ille
2687 4346 2901 4400 sciebat
2939 4352 3107 4401 {estus
3137 4364 3312 4414 meos,
3346 4363 3450 4402 nec
3485 4347 3714 4401 foveam
3756 4347 3907 4417 peri-

2204 4433 2316 4487 culi
2348 4433 2477 4487 mei.
2514 4435 2638 4487 Non
2663 4434 2817 4488 enim
2847 4452 3104 4505 quaerere
3139 4437 3210 4490 ab
3239 4453 3304 4490 eo
3335 4441 3600 4506 poteram
3625 4435 3786 4505 quod
3819 4451 3908 4487 vo-

2203 4521 2412 4591 lebam,
2445 4521 2589 4576 sicut
2615 4524 2896 4589 volebam,
2931 4525 3355 4579 secludentibus
3384 4541 3475 4578 me
3507 4524 3578 4578 ab
3610 4526 3738 4594 ejus
3766 4540 3906 4577 aure

2205 4614 2372 4680 atque
2411 4627 2509 4664 ore
2539 4611 2777 4665 catervis
2815 4613 3238 4682 negotiosorum
3290 4613 3617 4678 hominum,
3653 4627 3905 4682 quorum

2203 4697 2633 4752 infirmitatibus
2655 4700 2952 4755 serviebat.
2979 4703 3120 4755 Cum
3144 4701 3352 4772 quibus
3372 4701 3602 4772 quando
3625 4717 3744 4754 non
3763 4705 3905 4764 erat,

2203 4786 2356 4856 quod
2388 4801 2489 4856 per
2509 4787 2779 4857 exiguum
2801 4788 3073 4858 temporis
3096 4794 3237 4862 erat,
3262 4793 3362 4842 aut
3381 4805 3589 4858 corpus
3614 4787 3905 4842 reﬁciebat

2205 4873 2530 4928 necessariis
2580 4875 2994 4940 sustentaculis,
3041 4880 3138 4930 aut
3189 4876 3427 4930 lectione
3472 4877 3756 4931 animum.
3797 4875 3903 4930 Sed

2201 4978 2331 5015 cum
2363 4962 2604 5032 legebat,
2628 4963 2777 5016 oculi
2809 4963 3165 5018 ducebantur
3195 4980 3299 5034 per
3328 4965 3589 5035 paginas,
3621 4969 3679 5019 et
3699 4983 3796 5021 cor
3822 4971 3902 5024 in-

2200 5051 2486 5104 tellectum
2509 5050 2845 5120 rimabatur,
2875 5068 2979 5104 vox
3002 5056 3193 5106 autem
3218 5056 3273 5106 et
3292 5053 3487 5123 lingua
3505 5053 3897 5124 quiescebant.

2199 5137 2358 5207 Saepe
2387 5155 2517 5192 cum
2547 5139 2895 5205 adessemus,
2929 5156 3044 5193 non
3077 5140 3233 5194 enim
3263 5141 3562 5196 vetabatur
3593 5143 3896 5217 quisquam

2198 5223 2440 5295 ingredi,
2472 5231 2571 5279 aut
2599 5227 2650 5280 ei
2676 5227 2997 5282 venientem
3023 5229 3281 5283 nuntiari
3311 5245 3435 5284 mos
3457 5235 3618 5298 erat;
3659 5233 3742 5288 sic
3772 5251 3899 5290 eum

2263 5349 2274 5381 ¹
2307 5347 2419 5395 Am.
2447 5351 2496 5396 et
2525 5348 2630 5404 Er.,
2653 5350 2917 5404 polii/um.

2259 5411 2278 5442 ε
2292 5411 2485 5479 Somni.
2500 5411 2911 5479 Aru.Dn_b.Flor.
2931 5418 2981 5479 et
2993 5413 3142 5479 Rond
3155 5451 3167 5461 .
3183 5428 3193 5461 :
3211 5413 3897 5479 Quod...aquaiissimu-m...

2200 5471 2612 5540 tepidissimum;
2647 5474 2800 5540 alias:
2824 5476 2966 5540 Quod
2989 5478 3098 5533 jam
3124 5490 3221 5540 non
3241 5480 3415 5526 solum
3442 5471 3807 5540 dqualissimo.
3833 5486 3898 5534 Μ.

2262 5537 2278 5562 η
2315 5533 2437 5582 Lov.
2472 5533 2667 5584 Somm.
2692 5536 2830 5589 Bias.
2864 5537 3091 5588 habent:
3128 5539 3192 5590 In
3227 5541 3345 5600 ejus
3358 5533 3768 5603 prwliicalione.
