4058 6352
151 330 263 378 ’ῖ21

150 447 443 519 legentem
474 449 722 502 vidimus
769 447 956 513 tacite,
991 451 1048 500 et
1087 447 1250 501 aliter
1280 461 1610 519 nunquam:
1661 449 1863 504 seden-

150 541 358 609 tesque
391 539 448 592 in
479 537 749 592 diuturno
769 535 994 589 silentio
1019 535 1165 605 (quis
1196 537 1349 588 enim
1367 539 1484 589 tam
1510 535 1727 590 intento
1745 553 1864 591 esse

147 627 321 680 oneri
348 626 649 695 auderet?)
682 623 1134 685 discedebamus,
1157 627 1217 677 et
1243 624 1702 694 conjectabamus
1734 641 1864 680 eum

149 731 335 784 parvo
368 715 489 786 ipso
517 719 797 784 tempore,
829 712 982 783 quod
1006 712 1339 781 reparandae
1371 712 1550 766 menti
1581 730 1697 766 sua:
1730 730 1866 767 nan-

149 803 498 868 ciscebatur,
533 802 800 856 feriatum
830 801 899 854 ab
926 800 1166 870 strepitu
1190 815 1490 853 causarum
1525 800 1862 868 alienarum,

150 893 316 946 nolle
348 891 408 945 in
447 891 597 944 aliud
638 891 887 957 avocari;
921 895 975 943 et
1007 905 1202 942 cavere
1233 890 1467 942 fortasse
1500 905 1569 943 ne
1601 890 1864 944 auditore

153 995 439 1050 suspenso
475 981 531 1031 et
578 977 819 1043 intento,
857 977 905 1031 si
947 994 1060 1048 qua
1109 976 1402 1030 obscurius
1448 977 1728 1048 posuisset
1770 979 1865 1032 ille

153 1084 340 1138 quem
391 1068 623 1136 legeret,
666 1065 837 1120 etiam
885 1081 1168 1136 exponere
1198 1080 1426 1118 necesse
1456 1070 1638 1130 esset;
1670 1068 1767 1117 aut
1795 1065 1864 1118 de

153 1155 448 1227 aliquibus
469 1154 887 1208 difficilioribus
905 1153 1221 1222 disceptare
1241 1151 1669 1222 qiimstionibus,
1692 1156 1864 1221 atque

150 1244 296 1298 huic
327 1243 487 1314 operi
516 1243 868 1314 temporibus
905 1241 1197 1312 impensis,
1252 1239 1441 1293 minus
1492 1255 1666 1310 quam
1699 1240 1867 1293 vellet

151 1332 521 1386 voluminum
565 1331 881 1385 evolveret:
925 1344 1252 1401 quanquam
1285 1332 1343 1381 et
1375 1343 1544 1380 causa
1573 1328 1865 1381 servanda:

150 1421 331 1483 vocis,
379 1437 506 1492 qua:
557 1419 641 1473 illi
679 1418 947 1473 facillime
1000 1416 1444 1484 obtundebatur,
1488 1418 1712 1484 poterat
1743 1431 1862 1468 esse

142 1509 367 1580 justior
391 1507 557 1562 tacite
585 1506 844 1578 ,legendi.
881 1505 1148 1571 Quolibet
1173 1509 1367 1558 tamen
1399 1503 1591 1558 animo
1621 1503 1676 1557 id
1723 1518 1864 1572 age-

146 1601 264 1664 ret,
290 1596 440 1650 bono
473 1595 667 1666 utique
695 1595 788 1648 ille
816 1593 903 1648 vir
932 1592 1155 1663 agebat.

225 1687 282 1740 4.
323 1685 431 1739 Sed
481 1689 631 1738 certe
672 1682 814 1737 mihi
845 1683 1004 1736 nulla
1051 1681 1293 1735 dabatur
1341 1679 1505 1751 copia
1544 1678 1864 1732 sciscitandi

151 1789 290 1844 qum
321 1772 622 1843 cupiebam
660 1771 728 1825 de
763 1775 875 1824 tam
910 1775 1100 1823 sancto
1137 1769 1366 1822 oraculo
1399 1772 1496 1821 tuo
1536 1771 1763 1838 pectore
1791 1765 1862 1819 il-

151 1860 291 1927 lius,
317 1859 423 1914 nisi
443 1875 573 1912 cum
595 1857 808 1929 aliquid
840 1856 1087 1911 breviter
1116 1859 1261 1910 esset
1279 1853 1653 1908 audiendum.
1679 1855 1864 1907 distus

152 1955 349 2003 autem
382 1948 465 2002 illi
487 1947 600 2000 mei
620 1946 864 2000 otiosum
896 1961 1029 1999 eum
1060 1943 1242 2010 valde,
1274 1942 1365 1996 cui
1400 1941 1857 2007 refunderentur,

148 2037 540 2108 requirebant,
569 2051 673 2088 nec
693 2050 949 2104 unquam
971 2032 1356 2086 inveniebant.
1382 2032 1446 2084 Et
1464 2046 1596 2084 eum
1618 2028 1857 2100 quidem

153 2125 219 2180 in
252 2125 464 2196 populo
490 2122 727 2177 verbum
756 2121 1008 2176 veritatis
1036 2124 1186 2174 recte
1217 2121 1551 2173 tractantem
1581 2116 1739 2170 omni
1766 2117 1859 2171 die

149 2213 444 2267 dominico
495 2210 826 2274 audiebam;
876 2214 934 2264 et
976 2208 1158 2279 magis
1196 2208 1492 2278 magisque
1542 2205 1688 2260 mihi
1725 2221 1859 2259 con-

153 2301 499 2356 firmabatur
547 2315 744 2353 omnes
786 2301 1144 2352 versutarum
1187 2295 1605 2350 calumniarum
1657 2293 1860 2356 nodos,

153 2403 304 2457 quos
351 2386 436 2440 illi
474 2386 800 2456 deceptores
841 2383 1024 2438 nostri
1068 2384 1333 2437 adversus
1386 2381 1608 2437 divinos
1664 2381 1858 2435 Libros

150 2474 544 2541 inuectebant,
594 2487 756 2543 posse
789 2470 1034 2525 dissolvi.
1083 2471 1183 2524 L’bi
1213 2487 1345 2524 vero
1389 2469 1564 2524 etiam
1610 2468 1862 2538 comperi

154 2563 229 2616 ad
264 2561 576 2630 imaginem
601 2565 760 2614 tuam
788 2558 1084 2613 hominem
1113 2575 1146 2612 a
1171 2562 1224 2612 te
1254 2559 1488 2624 factum,
1521 2573 1554 2610 a
1585 2556 1852 2627 spiritua-

158 2647 313 2701 libus
341 2646 475 2700 filiis
508 2644 620 2698 tuis
651 2661 795 2715 quos
824 2644 892 2698 de
925 2647 1104 2697 matre
1144 2643 1429 2698 Catholica
1469 2658 1574 2712 per
1615 2641 1861 2711 gratiam

159 2733 535 2804 regenerasti,
604 2748 719 2786 non
771 2732 849 2786 sic
912 2731 1157 2801 intelligi
1202 2734 1266 2785 ut
1313 2729 1552 2785 humani
1610 2728 1860 2799 corporis

159 2824 347 2877 forma
392 2827 445 2877 te
491 2821 862 2875 terminatum
920 2819 1217 2873 crederent
1266 2822 1434 2889 atque
1495 2817 1859 2888 cogitarent:

161 2927 497 2982 quanquam
524 2909 813 2980 quomodo
842 2924 900 2961 se
930 2907 1166 2961 haberet
1187 2905 1496 2975 spiritualis
1522 2905 1862 2973 substantia,

162 3016 236 3053 ne
265 2998 499 3069 quidem
548 2996 796 3050 tenuiter
842 2993 1102 3064 atquein
1150 2993 1456 3062 aenigmate
1499 2990 1860 3061 suspicabar;

154 3093 354 3142 tamen
400 3085 654 3156 gaudens
699 3082 901 3136 erubui
940 3097 1057 3136 non
1109 3096 1200 3134 me
1249 3085 1332 3134 tot
1372 3096 1550 3134 annos
1598 3079 1863 3133 adversus

162 3173 502 3230 catholicam
533 3172 726 3235 fidem,
760 3170 858 3224 sed
880 3174 1077 3224 contra
1107 3168 1420 3223 carnalium
1451 3167 1860 3238 cogitationum

166 3264 442 3333 figmenta
491 3262 743 3314 latrasse.
794 3261 870 3312 Eo
908 3258 1120 3328 quippe
1164 3256 1504 3310 temerarius
1555 3260 1611 3310 et
1653 3255 1866 3325 impius

163 3352 408 3416 fueram,
454 3349 613 3420 quod
659 3364 727 3402 ea
755 3363 883 3418 quae
914 3345 1188 3400 debebam
1239 3344 1548 3415 quaerendo
1597 3343 1809 3398 discere
1840 3341 1859 3376 ί

167 3439 484 3494 accusando
529 3436 804 3492 dixeram.
843 3437 929 3489 'l‘u
971 3433 1146 3499 enim,
1186 3432 1458 3487 altissime
1489 3435 1546 3486 et
1583 3430 1866 3502 proxime,

166 3524 545 3580 secretissima
585 3527 641 3578 et
678 3521 1140 3594 praesentissime,
1174 3520 1266 3574 cui
1307 3519 1562 3573 membra
1592 3535 1706 3572 non
1736 3521 1868 3571 sunt

168 3615 280 3670 alia
310 3614 528 3682 majora
578 3616 633 3666 et
664 3611 774 3665 alia
821 3610 1063 3674 minora,
1095 3608 1192 3662 sed
1239 3607 1453 3678 ubique
1499 3610 1651 3660 totus
1693 3621 1773 3668 es,
1813 3608 1868 3659 et

164 3718 445 3774 nusquam
475 3701 728 3755 locorum
761 3715 848 3764 es;
880 3714 996 3752 non
1023 3713 1080 3752 es
1118 3697 1316 3766 utique
1366 3696 1551 3749 forma
1598 3695 1703 3748 ista
1741 3709 1866 3747 cor-

167 3806 341 3863 porea
368 3807 380 3844 :
415 3793 606 3842 tamen
637 3787 819 3841 fecisti
843 3786 1138 3840 hominem
1167 3785 1235 3839 ad
1257 3782 1568 3853 imaginem
1598 3787 1782 3847 tuam;
1812 3785 1869 3835 et

169 3895 297 3934 ecce
330 3879 448 3950 ipse
477 3893 509 3931 a
536 3875 718 3948 capite
748 3891 929 3946 usque
960 3875 1028 3928 ad
1050 3873 1224 3945 pedes
1251 3871 1313 3926 in
1346 3873 1468 3926 loco
1490 3875 1595 3926 est.

842 3980 1065 4033 CAPUT
1106 3979 1197 4032 IV.

248 4072 552 4125 Doctrinam
572 4069 819 4123 Ecclesiae
839 4067 1126 4122 Ambrosio
1156 4067 1498 4119 concionante
1522 4063 1797 4130 intelligit.

243 4163 293 4212 ὅ.
339 4159 480 4212 Cum
537 4171 672 4225 ergo
731 4154 1009 4208 nescirem
1067 4152 1355 4224 quomodo
1425 4152 1548 4205 haac
1600 4149 1868 4204 subsiste-

175 4252 260 4301 ret
296 4245 486 4315 imago
521 4247 638 4310 tua,
681 4243 914 4312 pulsans
943 4240 966 4274 ²
997 4256 1380 4312 proponerem
1421 4239 1708 4310 quomodo
1749 4252 1869 4290 cre-

175 4333 428 4388 dendum
458 4336 623 4397 esset,
649 4347 767 4384 non
797 4330 1074 4384 insultans
1097 4343 1451 4399 opponerem
1470 4327 1632 4398 quasi
1655 4326 1733 4379 ita
1752 4340 1872 4378 cre-

176 4422 360 4476 ditum
399 4424 576 4474 esset:
626 4423 783 4473 tanto
814 4418 991 4488 igitur
1027 4417 1211 4471 acrior
1245 4432 1381 4470 cura
1410 4415 1644 4469 rodebat
1673 4415 1874 4468 intima

178 4525 304 4563 mea
334 4508 471 4579 quid
499 4507 638 4561 certi
675 4506 1002 4571 retinerem,
1048 4507 1262 4575 quanto
1291 4520 1383 4558 me
1413 4504 1594 4573 magis
1622 4503 1872 4573 pudebat

174 4605 287 4652 tam
319 4597 419 4651 diu
443 4597 674 4650 illusum
705 4599 762 4649 et
792 4595 1092 4664 deceptum
1141 4591 1520 4662 promissione
1561 4596 1868 4656 certorum,

176 4684 383 4757 puerili
405 4699 595 4738 errore
623 4688 678 4736 et
705 4681 1084 4746 animositate,
1117 4685 1235 4734 tam
1265 4681 1446 4733 multa
1469 4679 1682 4732 incerta
1709 4679 1870 4749 quasi

175 4777 330 4828 certa
361 4771 624 4842 garrisse.
668 4769 826 4833 Quod
872 4768 1026 4822 enim
1066 4768 1205 4821 falsa
1245 4772 1454 4834 essent,
1490 4772 1690 4837 postea
1735 4766 1876 4820 mihi

175 4859 400 4916 claruit.
434 4861 662 4913 Certum
693 4861 882 4910 tamen
915 4861 1038 4910 erat
1081 4854 1235 4924 quod
1265 4853 1481 4907 incerta
1519 4861 1728 4920 essent,
1760 4857 1815 4906 et
1844 4869 1878 4905 a

180 4964 271 5005 me
299 4946 605 5017 aliquando
636 4961 739 5015 pro
770 4944 935 4998 certis
971 4943 1166 4997 habita
1201 4941 1460 5006 fuissent,
1501 4956 1631 4994 cum
1663 4940 1875 4994 Catho-

179 5039 341 5092 licam
367 5040 526 5088 tuam
555 5033 716 5086 caecis
737 5031 1200 5086 contentionibus
1230 5045 1578 5095 accusarem,
1610 5028 1714 5082 etsi
1741 5044 1878 5082 non-

181 5127 317 5180 dum
343 5126 696 5191 compertam
740 5136 872 5174 vera
901 5120 1221 5185 docentem,
1260 5134 1376 5172 non
1424 5120 1615 5170 tamen
1663 5132 1730 5170 ea
1776 5116 1876 5170 do-

180 5215 400 5266 centem
435 5226 561 5280 quas
589 5209 836 5278 graviter
864 5207 1214 5261 accusabam.
1249 5207 1444 5277 Itaque
1467 5203 1876 5269 confundebar,

182 5298 740 5355 etconvcrtebarzet
785 5296 1126 5367 gaudebam,
1174 5296 1318 5349 Deus
1367 5309 1548 5360 meus,
1599 5292 1754 5364 quod
1782 5293 1878 5347 Ec-

247 5423 257 5456 ¹
289 5421 410 5468 Mss.
435 5419 639 5469 dicere.

241 5485 260 5516 ‘1
281 5482 363 5530 Sic
385 5482 666 5543 legendum
687 5494 804 5529 cum
821 5481 940 5543 Mss.
963 5482 1014 5543 et
1035 5480 1230 5527 Seium.
1247 5477 1393 5543 Arn.,
1409 5478 1871 5542 nonquemadmo-

186 5546 310 5593 dum
342 5541 463 5593 Lovl
493 5548 544 5593 et
579 5543 752 5593 cantari
773 5543 898 5592 editi
930 5541 1506 5604 habentmutsansque.

1626 327 1837 384 LIBER
1912 328 2209 385 SEXTUS.

3563 333 3670 388 7‘22

1977 451 2146 506 clesia
2172 450 2188 481 '
2224 452 2391 506 unica
2429 467 2633 522 corpus
2684 452 2839 505 llnici
2888 451 2992 520 tui,
3030 449 3090 505 in
3137 467 3250 523 qua
3293 453 3413 507 mhi
3455 469 3668 510 nomen

1977 539 2182 594 Christi
2220 539 2422 594 infanti
2463 544 2548 593 est
2583 540 2987 602 inditum,non
3008 544 3230 611 saperet
3266 540 3669 596 infantilesnu-

1974 643 2104 697 gas;
2157 643 2342 696 neque
2389 628 2499 681 hoc
2546 628 2758 682 habere
2801 627 2861 681 in
2891 627 3146 681 doctrina
3180 643 3281 681 sua
3318 644 3474 697 sana,
3514 630 3664 699 quod

1973 718 2026 768 te
2052 718 2362 768 creatorem
2395 716 2651 769 omnium
2695 715 2754 769 in
2799 715 3044 785 spatium
3087 715 3195 770 loci
3227 716 3482 786 quamvis
3512 733 3670 770 sum-

1974 819 2131 857 mum
2167 807 2223 856 et
2255 803 2529 874 amplum,
2571 809 2762 857 tamen
2792 803 3047 874 undique
3085 803 3453 858 terminatum
3484 820 3670 860 mem-

1974 890 2208 944 brorum
2231 892 2616 945 humanorum
2648 892 2830 962 figura
2852 893 3231 948 contruderet.

2044 982 2094 1033 6.
2139 980 2464 1033 Gaudebam
2513 980 2683 1033 etiam
2733 981 2884 1050 quod
2916 984 3104 1033 vetera
3148 980 3354 1050 scripta
3399 980 3562 1052 Legis
3613 988 3671 1037 et

1975 1067 2388 1136 Prophetarum
2409 1068 2526 1137 jam
2560 1084 2676 1121 non
2698 1067 2796 1120 illo
2829 1069 2992 1121 oculo
3026 1067 3165 1121 mihi
3195 1069 3433 1138 legenda
3461 1085 3668 1140 propo-

1974 1159 2264 1220 nerentur,
2293 1171 2408 1225 quo
2431 1159 2595 1208 antea
2635 1155 2972 1210 videbantur
3012 1157 3274 1225 absurda,
3307 1174 3435 1212 cum
3467 1173 3669 1228 argue-

1973 1241 2104 1295 bam
2149 1245 2416 1312 tanquam
2466 1243 2546 1295 ita
2600 1242 2906 1296 sentientes
2959 1249 3181 1298 sanctos
3247 1248 3408 1314 tuos;
3470 1261 3670 1300 verum

1972 1333 2160 1383 autem
2191 1346 2304 1382 non
2344 1330 2424 1384 ita
2465 1330 2820 1384 sentiebant:
2853 1335 2909 1385 et
2938 1335 3212 1402 tanquam
3256 1335 3512 1402 regulam
3539 1333 3671 1388 dili-

1973 1417 2309 1488 gentissime
2337 1419 2782 1484 commendaret,
2809 1436 2957 1489 saepe
2985 1420 3044 1473 in
3065 1421 3438 1492 popularibus
3459 1438 3671 1476 sermo-

1971 1503 2139 1558 nibus
2192 1505 2310 1558 suis
2357 1505 2641 1560 dicentem
2702 1507 3066 1562 Ambrosium
3131 1509 3296 1562 laetus
3345 1510 3668 1580 audiebam,

1971 1595 2181 1647 Littera
2219 1595 2449 1658 occidit;
2482 1597 2710 1663 spiritus
2740 1600 2917 1650 autem
2949 1596 3193 1666 viviﬁcat
3215 1597 3280 1666 (lI
3309 1599 3439 1656 Cor.
3467 1614 3548 1662 ιιι,
3579 1597 3666 1669 6):

1971 1695 2100 1732 cum
2135 1695 2200 1734 ea
2230 1696 2358 1750 qua:
2399 1680 2470 1734 ad
2502 1681 2748 1734 litteram
2792 1680 3222 1750 perversitatem
3265 1681 3465 1736 docere
3510 1682 3668 1737 vide-

1971 1767 2200 1834 bantur,
2234 1773 2453 1822 remoto
2480 1768 2716 1837 mystico
2740 1769 3058 1822 velamento
3094 1768 3462 1839 spiritualiter
3489 1770 3672 1840 aperi-

1970 1861 2076 1922 ret,
2127 1872 2244 1910 non
2301 1855 2492 1910 dicens
2540 1855 2696 1926 quod
2743 1871 2837 1909 me
2893 1856 3223 1920 offenderet,
3286 1855 3545 1926 quamvis
3603 1873 3670 1911 ea

1973 1944 2204 2010 diceret,
2257 1959 2385 2014 quae
2436 1947 2632 1997 utrum
2670 1959 2806 1996 vera
2859 1946 3048 1997 essent
3089 1943 3276 1997 adhuc
3322 1943 3664 2014 ignorarem.

1973 2031 2260 2086 Tenebam
2293 2031 2447 2085 enim
2479 2047 2572 2085 cor
2601 2046 2794 2084 meum
2812 2030 2880 2085 ab
2897 2029 3053 2084 omni
3084 2030 3430 2098 assensione,
3460 2031 3667 2087 timens

1973 2119 2379 2191 praecipitium;
2415 2123 2472 2173 et
2514 2117 2819 2189 suspendio
2869 2118 3052 2189 magis
3089 2119 3351 2174 necabat.
3397 2120 3669 2176 Volebam

1973 2208 2128 2263 enim
2158 2224 2358 2262 eorum
2387 2223 2515 2278 quae
2547 2223 2666 2261 non
2693 2207 2942 2261 viderem
2965 2207 3044 2261 ita
3072 2223 3163 2261 me
3185 2212 3403 2261 certum
3432 2207 3577 2275 ﬁeri,
3604 2212 3670 2263 ut

1972 2301 2159 2351 certus
2189 2313 2369 2351 essem
2401 2295 2553 2366 quod
2583 2299 2802 2366 septem
2845 2300 2902 2350 et
2927 2294 3038 2349 tria
3073 2295 3268 2350 decem
3306 2295 3438 2351 sint.
3474 2297 3669 2368 Neque

1972 2385 2127 2439 enim
2158 2388 2275 2438 tam
2306 2385 2542 2438 insanus
2581 2399 2759 2450 eram,
2803 2387 2867 2438 ut
2903 2399 2974 2438 ne
3004 2383 3108 2436 hoc
3138 2383 3374 2454 quidem
3402 2387 3668 2453 putarem

1970 2489 2136 2544 posse
2165 2471 2603 2542 comprehendi;
2648 2473 2746 2526 sed
2791 2472 2936 2526 sicut
2972 2473 3098 2535 hoc,
3130 2471 3208 2525 ita
3244 2476 3448 2526 caetera
3469 2472 3669 2544 cupie-

1973 2562 2124 2627 bam,
2158 2561 2271 2616 sive
2303 2559 2622 2630 corporalia
2667 2575 2797 2630 quaa
2833 2575 3023 2614 coram
3067 2560 3324 2614 sensibus
3369 2559 3511 2614 meis
3549 2575 3669 2615 non

1973 2651 2266 2715 adessent;
2324 2649 2439 2702 sive
2492 2647 2831 2719 spiritualia,
2883 2648 2952 2702 de
3008 2647 3215 2718 quibus
3270 2648 3517 2718 cogitare
3555 2647 3668 2702 nisi

1972 2737 2341 2808 corporaliter
2370 2736 2710 2790 nesciebam.
2757 2737 2821 2790 Et
2850 2734 3036 2789 sanari
3069 2736 3349 2790 credendo
3375 2739 3660 2806 poteram.

1971 2831 2035 2879 ut
2054 2825 2349 2895 purgatior
2369 2823 2514 2878 acies
2537 2823 2742 2877 mentis
2757 2839 2900 2876 meae
2921 2822 3263 2893 dirigeretur
3280 2823 3474 2893 aliquo
3496 2823 3669 2879 modo

1973 2915 2034 2968 in
2077 2912 2369 2966 veritatem
2410 2916 2570 2965 tuam
2625 2925 2848 2980 semper
2888 2913 3236 2975 manentem,
3285 2913 3340 2964 et
3393 2925 3461 2963 ex
3508 2911 3667 2964 nullo

1972 3001 2350 3056 deficientem.
2386 2999 2492 3052 Sed
2522 2997 2668 3052 sicut
2710 2997 2935 3052 evenire
2975 2997 3178 3051 assolet
3209 3001 3274 3050 ut
3300 2997 3516 3051 malum
3546 3013 3666 3053 me-

1974 3091 2165 3145 dicum
2207 3092 2494 3158 expertus,
2542 3087 2714 3140 etiam
2761 3086 2913 3143 bono
2958 3084 3161 3138 timeat
3188 3101 3246 3140 se
3275 3085 3664 3150 committere;

1975 3177 2054 3230 ita
2085 3180 2202 3230 erat
2229 3175 2493 3230 valetudo
2543 3173 2749 3228 anima:
2796 3188 2960 3240 meae,
3011 3187 3138 3243 quas
3167 3173 3368 3243 utique
3414 3172 3524 3227 nisi
3549 3189 3668 3228 cre-

1975 3265 2157 3319 dendo
2189 3263 2376 3318 sanari
2407 3279 2523 3318 non
2555 3266 2793 3334 poterat,
2827 3265 2884 3315 et
2905 3277 2974 3314 ne
3004 3261 3145 3316 falsa
3175 3261 3450 3327 crederet,
3481 3262 3669 3317 curari

1973 3353 2299 3418 recusabat;
2339 3351 2606 3405 resistens
2645 3349 2910 3404 manibus
2948 3347 3084 3415 tuis,
3125 3349 3226 3420 qui
3256 3349 3672 3404 medicamenta

1977 3441 2111 3495 fidei
2140 3440 2447 3507 confecisti,
2481 3443 2538 3494 et
2566 3437 2820 3510 sparsisti
2851 3454 3021 3508 super
3050 3437 3282 3492 morbos
3310 3438 3463 3494 orbis
3489 3442 3668 3494 terra-

1976 3546 2126 3596 rum,
2155 3533 2211 3583 et
2236 3532 2454 3584 tantam
2477 3527 2587 3582 illis
2609 3525 3004 3581 auctoritatem
3031 3525 3299 3582 tribuisti.

2513 3712 2516 3714 η
2660 3651 2885 3706 CAPUT
2926 3651 2987 3704 V.

2048 3746 2120 3796 De
2141 3756 2415 3796 sacrorum
2441 3740 2725 3795 Librorum
2754 3740 3074 3793 auctoritate
3093 3741 3142 3792 et
3160 3738 3456 3791 necessario
3475 3751 3594 3791 usu.

2044 3851 2100 3902 7.
2140 3847 2212 3899 Ex
2242 3845 2348 3899 hoc
2377 3848 2570 3897 tamen
2600 3858 2830 3913 quoque
2847 3842 2964 3912 jam
2995 3857 3334 3912 praeponens
3353 3841 3670 3895 doctrinam

1977 3932 2334 3998 catholicam,
2369 3929 2679 3984 modestius
2718 3929 2797 3985 ibi
2840 3929 3192 4000 minimeque
3223 3928 3498 3983 fallaciter
3543 3944 3670 3982 sen-

1978 4023 2185 4076 tiebam
2203 4018 2396 4090 juberi
2418 4023 2478 4072 ut
2496 4019 2822 4072 crederetur
2849 4017 3002 4088 quod
3033 4033 3145 4070 non
3175 4016 3672 4070 demonstrabatur

1980 4111 2113 4181 (sive
2164 4113 2311 4163 esset
2357 4106 2517 4178 quid,
2562 4106 2656 4160 sed
2695 4105 2786 4159 cui
2833 4105 2976 4160 forte
3028 4120 3144 4158 non
3184 4108 3360 4169 esset;
3409 4104 3520 4157 sive
3568 4119 3672 4158 nec

1979 4197 2119 4269 quid
2190 4195 2415 4266 esset),
2471 4209 2644 4265 quam
2715 4192 2830 4246 illic
2893 4192 3198 4247 temeraria
3262 4190 3673 4262 pollicitatione

1980 4285 2229 4340 scientiae
2275 4283 2668 4338 credulitatem
2713 4281 2968 4347 irrideri;
3018 4285 3075 4334 et
3101 4283 3298 4350 postea
3344 4284 3462 4332 tam
3493 4279 3675 4333 multa

1981 4373 2398 4429 fabulosissima
2429 4375 2484 4426 et
2522 4369 2948 4434 absurdissima,
2981 4367 3116 4440 quia
3145 4366 3525 4427 demonstrari
3554 4382 3674 4421 non

1979 4466 2264 4533 poterant,
2288 4459 2571 4514 credenda
2591 4457 2880 4528 imperari.
2911 4455 3126 4510 Deinde
3156 4455 3429 4525 paulatim
3450 4459 3535 4520 tu,
3562 4455 3674 4508 Do-

1985 4551 2156 4613 mine,
2185 4566 2358 4604 manu
2379 4547 2677 4602 mitissima
2698 4551 2754 4600 et
2777 4543 3304 4600 misericordissima
3325 4546 3678 4613 pertractans

1983 4644 2038 4694 et
2068 4652 2416 4708 componens
2446 4651 2546 4688 cor
2576 4649 2791 4698 meum,
2815 4629 3194 4685 consideranti
3217 4645 3389 4698 quam
3417 4629 3679 4683 innume-

1983 4727 2184 4782 rabilia
2229 4725 2516 4779 crederem
2573 4738 2702 4792 quin
2761 4736 2876 4774 non
2930 4717 3269 4786 viderem”,
3319 4733 3501 4787 neque
3545 4732 3677 4772 cum

1984 4816 2317 4886 gererentur
2363 4811 2701 4874 adfuissem;
2757 4809 2902 4862 sicut
2940 4810 3060 4861 tam
3102 4806 3284 4860 multa
3331 4805 3393 4859 in
3439 4805 3680 4860 historia

1985 4901 2262 4973 gentium,
2296 4904 2413 4954 tam
2457 4900 2636 4952 multa
2668 4897 2737 4952 de
2767 4895 2904 4950 locis
2933 4898 3105 4965 atque
3133 4893 3374 4949 urbibus
3404 4909 3534 4963 quae
3563 4907 3679 4946 non

1984 4991 2254 5055 videram,
2286 4994 2404 5042 tam
2435 4988 2612 5041 multa
2636 4984 2852 5050 amicis,
2885 4988 3004 5038 tam
3036 4982 3216 5036 multa
3257 4981 3512 5045 medicis,
3560 4984 3680 5034 tam

1986 5077 2168 5132 multa
2195 5075 2528 5131 hominibus
2556 5074 2683 5128 aliis
2712 5077 2879 5144 atque
2901 5072 3056 5138 aliis;
3085 5087 3215 5142 quas
3240 5069 3350 5124 nisi
3380 5068 3678 5123 crederen-

1989 5171 2098 5233 tur,
2126 5166 2361 5220 omnino
2413 5163 2472 5217 in
2513 5163 2618 5216 hac
2653 5161 2769 5215 vita
2811 5160 2952 5214 nihil
2999 5173 3327 5230 ageremus;
3364 5158 3678 5224 postremo,

1988 5271 2160 5327 quam
2190 5253 2520 5308 inconcusse
2546 5253 2725 5306 fixum
2749 5250 2858 5304 fide
2885 5249 3214 5314 retinerem,
3244 5246 3311 5299 de
3341 5241 3548 5313 quibus
3576 5255 3679 5310 pa-

2056 5416 2066 5447 ¹
2087 5413 2415 5471 Postvocem,
2433 5408 2685 5467 Ecclesia,
2708 5407 2918 5456 additur
2940 5406 2992 5454 in
3009 5402 3137 5452 Edd.
3151 5404 3261 5461 tua,
3280 5411 3396 5462 quae
3410 5409 3509 5445 vox
3530 5396 3682 5446 abest

1992 5490 2020 5523 8
2048 5475 2368 5594 ganearum,
2395 5533 2546 5597 juxta
2575 5533 2723 5582 Mart.
2755 5530 2819 5578 M.
