4058 6368
350 311 467 364 723

343 433 599 491 rentibus
647 432 806 487 ortus
847 445 1051 498 essem,
1104 431 1254 502 quod
1304 429 1444 486 scire
1475 445 1594 486 non
1634 445 1885 501 possem,
1929 429 2044 485 nisi

349 521 632 579 audiendo
655 518 1050 576 credidissem:
1090 517 1421 590 persuasisti
1453 517 1620 587 mihi,
1653 533 1768 572 non
1800 516 1901 590 qui
1922 534 2042 573 cre-

347 611 547 667 derent
577 606 757 664 Libris
797 605 930 674 tuis,
968 623 1110 678 quos
1147 610 1305 662 tanta
1329 605 1392 660 in
1424 605 1690 661 omnibus
1715 605 1834 661 fere
1863 605 2045 677 genti-

346 699 454 754 bus
483 695 818 752 auctoritate
860 695 1140 763 fundasti;
1181 695 1280 750 sed
1311 694 1411 766 qui
1440 710 1556 749 non
1593 694 1892 750 crederent
1921 710 2043 750 esse

343 786 672 858 culpandos,
703 800 807 839 nec
831 783 1147 838 audiendos
1195 800 1334 850 esse,
1363 782 1410 837 si
1431 783 1529 854 qui
1563 783 1704 838 forte
1733 783 1875 838 mihi
1896 783 2044 838 dice-

342 879 506 930 rent:
533 873 690 928 Unde
731 871 838 928 scis
866 871 992 926 illos
1023 872 1216 927 Libros
1259 871 1430 926 unius
1458 870 1574 925 veri
1604 876 1660 926 et
1695 870 2044 926 veracissimi

346 962 446 1018 Dei
475 961 677 1033 spiritu
707 975 828 1015 esse
856 960 1111 1015 humano
1142 959 1342 1031 generi
1371 959 1755 1015 ministratos‘?
1785 960 2044 1030 Idipsum

345 1051 498 1106 enim
519 1049 766 1104 maxime
797 1049 1145 1104 credendum
1169 1052 1310 1117 erat,
1333 1047 1607 1119 quoniam
1636 1048 1796 1102 nulla
1823 1063 2047 1118 pugna-

345 1138 483 1194 citas
507 1137 988 1193 calumniosarum
1013 1137 1417 1207 quaestionum,
1447 1152 1549 1207 per
1570 1140 1688 1190 tam
1713 1136 1896 1190 multa
1916 1151 2046 1206 quae

344 1226 598 1298 legeram
623 1226 773 1280 inter
803 1242 861 1279 se
890 1225 1324 1296 conﬂigentium
1347 1224 1844 1295 philosophorum,
1866 1227 2047 1280 extor-

345 1330 523 1386 quere
552 1313 698 1368 mihi
720 1313 908 1385 potuit
939 1318 1002 1368 ut
1044 1313 1351 1384 aliquando
1371 1328 1486 1366 non
1506 1312 1817 1380 crederem,
1839 1317 1895 1367 te
1925 1328 2046 1367 esse

347 1401 630 1474 quidquid
657 1416 808 1456 esses
834 1401 988 1472 quod
1019 1415 1126 1471 ego
1155 1399 1465 1466 nescirem;
1488 1403 1585 1454 aut
1606 1398 2047 1454 administratio-

349 1507 485 1546 nem
514 1505 706 1544 rerum
731 1489 1114 1544 humanarum
1144 1489 1215 1543 ad
1238 1493 1294 1543 te
1323 1487 1631 1559 pertinere.

419 1581 472 1634 8.
512 1579 620 1634 Sed
640 1577 699 1632 id
721 1577 1020 1632 credebam
1054 1577 1356 1648 aliquando
1385 1577 1698 1644 robustius,
1730 1575 2048 1648 aliquando

349 1665 581 1734 exilius;
622 1681 848 1737 semper
889 1669 1084 1719 tamen
1130 1665 1348 1719 credidi
1379 1669 1435 1718 et
1478 1681 1598 1719 esse
1647 1669 1724 1734 te,
1771 1668 1825 1719 et
1856 1681 2049 1719 curam

349 1753 530 1809 nostri
555 1769 786 1823 gerere;
809 1753 1034 1808 etiamsi
1054 1752 1393 1823 ignorabam
1412 1753 1498 1807 vel
1523 1752 1661 1824 quid
1687 1752 2048 1807 sentiendum

349 1843 495 1894 esset
524 1839 593 1894 de
624 1839 942 1894 substantia
965 1843 1084 1906 tua,
1115 1839 1201 1893 vel
1225 1855 1354 1909 quae
1381 1838 1473 1892 via
1503 1839 1738 1893 duceret
1767 1842 1864 1894 aut
1886 1839 2052 1894 redu-

351 1931 502 1983 ceret
527 1927 601 1983 ad
623 1932 696 1984 te.
723 1928 970 2000 Ideoque
999 1943 1130 1983 cum
1150 1943 1402 1982 essemus
1421 1926 1638 1982 infirmi
1659 1927 1729 1982 ad
1757 1927 2050 1982 invenien-

352 2017 483 2072 dam
503 2016 723 2088 liquida
749 2017 972 2072 ratione
999 2017 1317 2076 veritatem.
1345 2021 1403 2071 et
1451 2016 1522 2071 ob
1552 2016 1662 2071 hoc
1707 2015 1870 2070 nobis
1909 2033 2050 2088 opus

350 2110 496 2162 esset
531 2105 865 2161 auctoritate
903 2110 1228 2161 sanctarum
1268 2105 1632 2172 Litterarum,
1661 2104 1783 2175 jam
1821 2104 2050 2160 credere

350 2209 633 2264 coeperam
663 2194 821 2248 nullo
855 2192 1028 2248 modo
1058 2196 1114 2247 te
1143 2192 1316 2247 fuisse
1344 2192 1698 2247 tributurum
1721 2196 1840 2246 tam
1865 2193 2048 2246 excel-

350 2282 562 2337 lentem
582 2281 666 2336 illi
689 2281 997 2352 Scriptura:
1025 2296 1131 2351 per
1169 2296 1367 2335 omnes
1389 2280 1510 2350 jam
1540 2284 1720 2334 terras
1749 2280 2050 2334 auctorita-

351 2374 486 2435 tem,
549 2369 660 2424 nisi
691 2373 749 2424 et
786 2385 889 2440 per
931 2368 1114 2439 ipsam
1150 2367 1256 2422 tibi
1298 2367 1474 2434 credi,
1523 2371 1579 2422 et
1633 2383 1739 2438 per
1779 2367 1962 2439 ipsam
1995 2373 2050 2422 te

355 2458 537 2528 quaeri
560 2457 850 2512 voluisses.
889 2458 1013 2512 Jam
1049 2455 1203 2511 enim
1239 2455 1650 2512 absurditatem
1694 2471 1822 2527 quae
1865 2471 1960 2511 me
1989 2456 2052 2511 in

354 2545 468 2601 illis
498 2545 724 2601 Litteris
753 2545 974 2600 solebat
1003 2545 1311 2612 offendere,
1342 2560 1472 2600 cum
1502 2544 1684 2598 multa
1712 2560 1782 2598 ex
1810 2543 1890 2598 eis
1917 2559 2051 2614 pro-

352 2633 622 2688 babiliter
659 2633 914 2704 exposita
951 2633 1259 2702 audissem,
1301 2633 1372 2687 ad
1411 2635 1895 2687 sacramentorum
1925 2632 2050 2686 alti-

356 2721 615 2776 tudinem
644 2722 1002 2777 referebam:
1045 2737 1226 2792 eoque
1270 2719 1416 2776 mihi
1448 2720 1547 2775 illa
1584 2720 1966 2776 venerabilior
1998 2724 2055 2776 et

355 2812 712 2865 sacrosancta
738 2809 850 2865 fide
890 2809 1121 2880 dignior
1158 2809 1470 2880 apparebat
1498 2809 1819 2876 auctoritas,
1852 2824 1966 2880 quo
1997 2813 2053 2864 et

357 2896 622 2952 omnibus
650 2896 720 2952 ad
752 2897 1060 2969 legendum
1083 2901 1226 2951 esset
1254 2896 1314 2951 in
1344 2900 1639 2968 promptu,
1667 2901 1724 2951 et
1743 2895 1941 2951 secreti
1963 2895 2052 2950 sui

358 2985 695 3056 dignitatem
725 2985 786 3040 in
814 2986 1105 3041 intellectu
1141 2985 1515 3057 profundiore
1555 2988 1832 3051 servaret;
1863 2984 2052 3038 verbis

356 3073 729 3145 apertissimis
757 3078 815 3130 et
841 3073 1167 3129 humillimo
1189 3089 1396 3144 genere
1426 3073 1702 3144 loquendi
1741 3089 1799 3127 se
1834 3072 2053 3127 cunctis

355 3163 638 3234 prtebens,
690 3167 749 3218 et
796 3179 1064 3218 exercens
1105 3161 1484 3217 intentionem
1532 3177 1749 3227 eorum,
1787 3160 1889 3232 qui
1935 3176 2052 3215 non

357 3255 494 3305 sunt
529 3251 680 3306 leves
721 3250 924 3306 corde:
964 3254 1028 3305 ut
1075 3249 1360 3320 exciperet
1380 3266 1578 3304 omnes
1601 3248 1868 3320 populari
1897 3248 2049 3315 sinu,

357 3343 416 3392 et
441 3353 545 3409 per
566 3341 807 3409 angusta
827 3338 1113 3393 foramina
1131 3353 1340 3408 paucos
1359 3337 1430 3393 ad
1451 3342 1506 3393 te
1536 3337 1842 3416 trajiceret,
1871 3337 2052 3391 multo

359 3429 554 3480 tamen
596 3427 813 3496 plures,
861 3441 1034 3496 quam
1077 3425 1126 3478 si
1172 3440 1277 3480 nec
1316 3429 1474 3480 tanto
1516 3424 1675 3496 apice
1703 3423 2053 3479 auctoritatis

358 3513 656 3581 emineret,
690 3529 794 3568 nec
821 3515 1017 3568 turbas
1051 3513 1270 3585 gremio
1300 3518 1508 3568 sanctae
1543 3512 1880 3568 humilitatis
1909 3512 2052 3568 hau-

356 3600 516 3656 riret.
547 3600 874 3672 Cogitabam
899 3601 1040 3664 haec,
1073 3605 1130 3656 et
1157 3601 1356 3656 aderas
1379 3601 1553 3668 mihi;
1585 3600 1963 3673 suspirabam,
1997 3605 2054 3657 et

355 3689 627 3744 audiebas
654 3705 783 3744 me:
833 3689 1200 3758 ﬂuctuabam,
1245 3693 1301 3745 et
1343 3689 1701 3761 gubernabas
1742 3705 1865 3760 me;
1896 3690 2052 3746 ibam

354 3793 461 3848 per
491 3777 642 3832 viam
669 3778 861 3833 saeculi
889 3779 1087 3846 latam,
1115 3794 1219 3832 nec
1245 3777 1563 3834 deserebas.

1026 3867 1251 3922 CAPUT
1289 3867 1380 3921 VI.

425 3949 498 4002 De
524 3947 746 4002 miseria
765 3947 1200 4080 ambitiosorlgm,
1221 3945 1454 4001 adducto
1483 3945 1722 4016 exemplo
1750 3945 1983 4001 mendici

1142 4027 1330 4080 tantis.

1142 4027 1330 4080 tantis.

424 4117 475 4169 9.
515 4113 813 4169 Inhiabam
843 4111 1181 4181 honoribus,
1210 4111 1404 4180 lucris,
1436 4110 1735 4182 conjugio;
1764 4115 1823 4166 et
1845 4114 1905 4166 tu
1929 4112 2053 4166 irri-

356 4201 548 4256 debas.
573 4201 834 4256 Patiebar
861 4199 924 4254 in
949 4199 1032 4254 eis
1074 4199 1480 4269 cupiditatibus
1519 4197 1900 4254 amarissimas
1941 4199 2050 4254 dif-

353 4291 653 4356 ﬁcultates,
700 4295 758 4344 te
805 4288 1055 4360 propitio
1117 4291 1274 4342 tanto
1323 4287 1527 4359 magis,
1581 4291 1796 4359 quanto
1858 4287 2050 4343 minus

353 4377 578 4432 sinebas
607 4376 752 4432 mihi
796 4376 1118 4431 dulcescere
1161 4375 1318 4447 quod
1345 4391 1462 4430 non
1511 4390 1634 4430 eras
1664 4379 1747 4430 tu.
1791 4375 1927 4432 Vide
1953 4393 2052 4432 cor

355 4481 570 4533 meum,
617 4463 880 4526 Domine,
933 4463 1033 4534 qui
1070 4462 1300 4517 voluisti
1351 4467 1419 4518 ut
1462 4462 1572 4518 hoc
1607 4462 1940 4518 recordarer
1994 4469 2052 4520 et

353 4553 660 4608 conﬁterer
679 4551 806 4608 tibi.
841 4553 1001 4607 Nunc
1029 4550 1134 4606 tibi
1161 4551 1442 4607 inhaereat
1477 4551 1669 4606 anima
1695 4567 1839 4619 mea,
1874 4569 2047 4624 quam

353 4641 424 4696 de
446 4641 597 4696 visco
626 4645 744 4696 tam
773 4640 959 4696 tenaci
981 4640 1183 4696 mortis
1205 4639 1424 4695 exuisti.
1456 4640 1637 4705 Quam
1666 4640 1874 4696 misera
1897 4641 2043 4696 erat!

351 4733 408 4786 et
435 4744 666 4784 sensum
704 4728 956 4784 vulneris
993 4733 1053 4784 tu
1083 4728 1400 4800 pungebas,
1432 4733 1497 4783 ut
1529 4727 1742 4783 relictis
1781 4729 2048 4785 omnibus

349 4820 774 4872 converteretur
822 4817 893 4873 ad
937 4821 994 4872 te
1025 4816 1126 4889 qui
1157 4832 1214 4872 es
1242 4832 1414 4888 super
1445 4817 1658 4884 omnia,
1692 4819 1747 4871 et
1775 4817 1896 4872 sine
1931 4834 2045 4890 quo

348 4905 510 4959 nulla
529 4907 717 4959 essent
735 4904 955 4973 omnia;
981 4909 1425 4978 converteretur,
1449 4907 1504 4960 et
1524 4908 1837 4960 sanaretur.
1864 4905 2046 4970 Quam

344 5009 482 5063 ergo
511 4991 686 5047 miser
713 5008 890 5060 eram,
921 4996 977 5047 et
1001 4993 1286 5064 quomodo
1327 4992 1495 5065 egisti
1531 4997 1594 5048 ut
1635 4994 1907 5048 sentirem
1937 4993 2045 5048 mi-

344 5081 556 5136 seriam
587 5097 798 5147 meam,
821 5082 911 5136 die
939 5081 1039 5136 illo
1068 5097 1182 5153 quo
1211 5097 1341 5137 cum
1369 5097 1632 5152 pararem
1666 5082 1902 5138 recitare
1923 5084 2042 5137 Im-

346 5170 598 5242 peratori
645 5171 839 5224 laudes
881 5169 973 5238 (a),
1015 5169 1222 5240 quibus
1250 5171 1416 5240 plura
1450 5170 1742 5236 mentirer,
1794 5174 1850 5224 et
1880 5187 2043 5224 men-

404 5259 469 5312 (a)
486 5257 704 5319 Fortean
717 5255 1306 5319 Valentinianominori,
1323 5255 1444 5318 quia
1457 5255 1570 5318 ejus
1584 5256 1889 5304 «comitatus
1903 5257 2042 5319 apud

346 5318 790 5375 «Mediolanum,»
814 5332 880 5366 ex
902 5317 1137 5366 Possidio
1168 5331 1280 5379 cap.
1300 5317 1510 5375 l,«tum
1534 5322 1644 5366 erat
1667 5317 2040 5373 constitutus,»

347 5393 465 5442 cum
489 5380 561 5427 ibi
588 5380 901 5428 rhetoricam
921 5379 1271 5442 profitebatur
1299 5379 1650 5441 Augustinus;
1678 5381 1766 5442 qui
1790 5383 2044 5442 praeterea

345 5439 432 5504 lib.
448 5444 474 5489 3
489 5445 671 5504 contra
692 5439 945 5504 l’etiliani‘
961 5441 1102 5504 Litt,
1129 5455 1239 5504 cap.
1265 5444 1342 5504 25,
1365 5439 1543 5504 scribit
1561 5455 1615 5490 se
1637 5439 1890 5490 in'eadem
1913 5443 2043 5504 urbe

345 5521 368 5544 ιι
386 5502 608 5568 Bautoni
625 5503 829 5568 consuli
843 5497 1536 5568 calendisjanuariilaudem
1562 5516 1652 5568 pro
1673 5517 1768 5553 sua
1785 5509 1910 5554 tunc
1925 5497 2042 5554 rhe-

339 5582 363 5608 n
389 5565 550 5615 torica
569 5565 891 5629 professione
915 5565 1221 5616 recitasse.»

1556 303 1985 362 CONFESSION
1994 305 2095 364 ΠΜ
2134 305 2189 364 S.
2247 303 2655 364 AUGUSTINI.

3762 303 3884 357 72L

2149 429 2316 486 tienti
2355 429 2639 486 faveretur
2678 425 2749 483 ab
2782 425 3114 494 scientibus,
3153 438 3363 497 easque
3411 439 3576 480 curas
3621 422 3886 480 anhela-

2149 523 2237 575 ret
2265 535 2364 574 cor
2400 533 2618 584 meum,
2663 520 2721 572 et
2749 515 3163 588 cogitationum
3202 514 3560 570 tabiﬁcamm
3599 513 3882 570 febribus

2151 611 2444 674 aestuaret;
2481 605 2763 661 transiens
2791 620 2896 676 per
2927 604 3236 676 quemdam
3256 602 3446 658 vicum
3467 601 3879 658 Mediolanen-

2151 713 2291 764 sem,
2342 693 2716 751 animadverti
2764 708 3075 766 pauperem
3119 691 3470 758 mendicum,
3514 692 3641 763 jam
3682 691 3874 746 credo

2151 790 2428 852 saturum,
2462 784 2753 855 jocantem
2791 786 2962 853 atque
3010 781 3341 836 laetantem:
3389 784 3445 836 et
3486 780 3778 852 ingemui,
3811 784 3876 836 et

2151 874 2372 928 locutus
2414 889 2540 927 sum
2583 887 2714 926 cum
2757 870 2955 926 amicis
3001 869 3102 942 qui
3136 885 3364 926 mecum
3409 873 3594 936 erant,
3643 869 3872 924 multos

2151 962 2370 1017 dolores
2391 961 2744 1016 insaniarum
2773 963 3118 1028 nostrarum,
3167 959 3304 1030 quia
3344 957 3616 1013 omnibus
3645 958 3872 1013 talibus

2151 1050 2443 1105 conatibus
2485 1049 2709 1110 nostris,
2754 1047 3016 1120 qualibus
3064 1051 3200 1102 tunc
3229 1047 3586 1114 laborabam,
3619 1047 3727 1102 sub
3758 1047 3870 1102 sti-

2152 1139 2324 1196 mulis
2351 1135 2726 1209 cupiditatum
2742 1136 2973 1191 trahens
2989 1134 3342 1190 infelicitatis
3365 1151 3516 1190 mea;
3547 1135 3869 1203 sarcinam,

2153 1232 2211 1283 et
2239 1226 2516 1282 trahendo
2550 1241 2919 1297 exaggerans,
2958 1223 3101 1280 nihil
3143 1224 3421 1279 vellemus
3462 1223 3620 1278 aliud
3650 1223 3765 1278 nisi
3793 1223 3872 1279 ad

2154 1331 2411 1371 securam
2454 1314 2713 1370 laetitiam
2755 1313 3076 1386 pervenire,
3115 1329 3229 1384 quo
3270 1329 3376 1368 nos
3421 1312 3724 1367 mendicus
3761 1312 3872 1368 ille

2147 1405 2268 1476 jam
2298 1403 2694 1475 praecessisset,
2743 1417 3042 1474 nunquam
3079 1401 3324 1456 fortasse
3369 1400 3506 1455 illuc
3544 1401 3866 1458 venturos!

2157 1493 2319 1558 Quod
2342 1492 2496 1546 enim
2519 1491 2641 1562 jam
2661 1490 2756 1545 ille
2774 1489 3031 1560 pauculis
3058 1491 3116 1544 et
3144 1487 3511 1543 emendicatis
3538 1487 3873 1543 nummulis

2158 1581 2394 1652 adeptus
2441 1583 2578 1642 erat,
2609 1579 2679 1634 ad
2704 1579 2810 1632 hoc
2832 1593 2938 1649 ego
2987 1582 3106 1654 tam
3137 1576 3477 1631 aerumnosis
3507 1576 3873 1632 anfractibus

2159 1674 2215 1724 et
2240 1669 2568 1724 circuitibus
2597 1665 2940 1733 ambiebam,
2957 1665 3029 1720 ad
3057 1665 3312 1720 laetitiam
3333 1663 3546 1718 scilicet
3571 1669 3873 1736 tempora-

2157 1758 2226 1812 lis
2255 1757 2557 1813 felicitatis.
2593 1757 2714 1810 Non
2741 1754 2896 1810 enim
2924 1770 3125 1809 verum
3148 1753 3423 1825 gaudium
3450 1753 3722 1820 habebat,
3759 1753 3869 1810 sed

2158 1850 2212 1902 et
2241 1862 2347 1917 ego
2377 1846 2488 1900 illis
2509 1843 2919 1900 ambitionibus
2947 1843 3130 1898 multo
3166 1842 3364 1897 falsius
3404 1842 3758 1913 quaerebam.
3795 1843 3872 1898 Et

2157 1939 2306 1990 certe
2344 1934 2439 1988 ille
2477 1933 2793 1995 laetabatur,
2837 1947 2943 2003 ego
2985 1930 3188 1986 anxius
3236 1945 3428 1997 eram;
3465 1946 3701 1985 securus
3735 1931 3867 2001 ille,

2159 2039 2264 2094 ego
2293 2022 2565 2094 trepidus.
2594 2023 2659 2076 Et
2679 2020 2726 2075 si
2745 2019 3044 2092 quisquam
3068 2022 3500 2090 percontaretur
3519 2034 3634 2085 me,
3656 2023 3869 2073 utrum

2159 2113 2388 2166 mallem
2433 2111 2714 2165 exsultare
2756 2125 2828 2164 an
2857 2111 3140 2175 metuere;
3186 2106 3612 2179 responderem,
3656 2108 3869 2162 Exsul-

2156 2203 2298 2255 tare.
2332 2201 2547 2254 Rursus
2577 2199 2624 2252 si
2653 2197 3056 2268 interrogaret,
3071 2200 3268 2251 utrum
3299 2211 3388 2250 me
3417 2195 3590 2250 talem
3620 2196 3870 2251 mallem

2159 2288 2343 2359 qualis
2380 2287 2496 2352 ille,
2526 2303 2599 2341 an
2633 2286 2812 2358 qualis
2841 2301 2945 2356 ego
2984 2289 3122 2340 tunc
3155 2299 3369 2351 essem;
3392 2283 3679 2354 mcipsum
3707 2284 3872 2339 curis

2157 2377 2576 2448 timoribusque
2610 2374 2931 2429 confectum
2967 2372 3278 2443 eligerem:
3321 2371 3421 2426 sed
3459 2372 3867 2443 perversitate;

2158 2464 2444 2536 numquid
2472 2463 2746 2519 veritate?
2776 2463 2971 2533 Neque
3001 2461 3157 2516 enim
3188 2477 3254 2516 eo
3277 2477 3368 2516 me
3403 2475 3748 2531 praeponere
3780 2460 3872 2515 illi

2159 2553 2438 2608 debebam
2466 2592 2481 2619 ,
2513 2567 2627 2624 quo
2657 2550 2876 2606 doctior
2903 2565 3080 2618 eram,
3109 2549 3381 2620 quoniam
3407 2565 3524 2603 non
3554 2549 3690 2604 inde
3718 2566 3873 2621 gau-

2159 2642 2384 2706 debam,
2417 2641 2513 2695 sed
2542 2641 2764 2712 placere
2806 2639 2938 2693 inde
2977 2638 3304 2710 quaerebam
3341 2636 3700 2704 hominibus;
3743 2653 3870 2694 non

2159 2735 2224 2785 ut
2265 2745 2361 2785 eos
2393 2729 2676 2796 docerem,
2719 2727 2817 2783 sed
2851 2731 3075 2782 tantum
3105 2729 3168 2780 ut
3197 2726 3502 2797 placerem.
3543 2727 3870 2797 Propterea

2159 2823 2217 2873 et
2246 2823 2308 2872 ut
2335 2817 2534 2872 baculo
2554 2815 2869 2887 disciplinae
2895 2818 3009 2869 tuae
3038 2813 3435 2885 confringebas
3458 2830 3582 2868 ossa
3612 2830 3767 2871 mea.

2233 2909 2317 2961 lO.
2358 2904 2646 2960 Recedant
2695 2919 2831 2974 ergo
2872 2902 2942 2957 ab
2990 2901 3181 2957 anima
3227 2917 3356 2956 mea
3394 2901 3494 2973 qui
3538 2901 3740 2956 dicunt
3771 2901 3863 2957 ei:

2160 2996 2400 3050 Interest
2436 2993 2585 3048 unde
2625 2992 2752 3064 quis
2791 2991 3052 3063 gaudeat.
3096 2991 3387 3046 Gaudebat
3421 2990 3721 3046 mendicus
3763 2991 3864 3047 ille

2159 3081 2497 3148 vinolentia;
2525 3085 2589 3135 tu
2635 3080 2884 3151 gaudere
2932 3079 3202 3149 cupiebas
3246 3077 3448 3150 gloria.
3499 3079 3622 3143 Qua
3651 3079 3864 3150 gloria,

2162 3170 2440 3226 Domine?
2466 3169 2602 3234 Quae
2635 3184 2754 3223 non
2790 3171 2872 3223 est
2899 3167 2960 3222 in
2987 3173 3062 3222 te.
3111 3168 3250 3222 Nam
3287 3167 3435 3222 sicut
3471 3167 3613 3222 illud
3654 3184 3863 3224 verum

2161 3258 2434 3329 gaudium
2462 3273 2580 3312 non
2609 3261 2747 3323 erat,
2769 3255 2848 3311 ita
2877 3272 2981 3310 nec
3009 3255 3108 3310 illa
3134 3271 3268 3311 vera
3293 3255 3504 3327 gloria;
3533 3259 3588 3309 et
3609 3255 3863 3326 amplius

2159 3347 2416 3401 vertebat
2444 3349 2692 3400 mentem
2725 3361 2932 3401 meam.
2967 3346 3032 3400 Et
3058 3345 3154 3400 ille
3182 3344 3305 3416 ipsa
3344 3347 3508 3399 nocte
3531 3343 3862 3414 digesturus

2161 3438 2284 3490 erat
2327 3432 2661 3488 ebrietatem
2709 3448 2903 3500 suam;
2946 3447 3052 3502 ego
3091 3447 3220 3486 cum
3261 3447 3388 3486 mea
3431 3431 3778 3486 dormieram
3805 3435 3864 3487 et

2162 3538 2542 3589 surrexeram,
2573 3525 2630 3576 et
2659 3520 3011 3577 dormiturus
3041 3524 3098 3574 et
3125 3523 3480 3576 surrecturus
3511 3535 3698 3585 eram;
3732 3520 3861 3575 vide

2162 3614 2301 3682 quot
2328 3609 2549 3666 diebus.
2599 3609 2840 3663 Interest
2863 3625 2996 3663 vero
3040 3609 3193 3663 unde
3239 3608 3368 3680 quis
3416 3609 3684 3678 gaudeat,
3716 3608 3858 3674 scio,

2162 3704 2218 3753 et
2239 3698 2512 3770 gaudium
2541 3697 2664 3768 spei
2687 3696 2870 3752 ﬁdelis
2902 3695 3424 3768 incomparabiliter
3453 3695 3626 3751 distat
3663 3697 3736 3751 ab
3760 3696 3862 3751 illa

2159 3788 2444 3854 vanitate;
2490 3786 2586 3841 sed
2636 3790 2693 3840 et
2734 3789 2870 3840 tunc
2915 3785 3158 3840 distabat
3203 3785 3351 3839 inter
3398 3801 3521 3840 nos.
3570 3785 3862 3840 Nimirum

2161 3875 2376 3948 quippe
2405 3875 2500 3929 ille
2530 3873 2748 3929 felicior
2786 3877 2926 3940 erat,
2965 3889 3084 3929 non
3112 3877 3338 3928 tantum
3377 3873 3528 3944 quod
3568 3873 3862 3930 hilaritate

2159 3964 2627 4035 perfundebatur,
2674 3978 2804 4016 cum
2855 3977 2962 4033 ego
3016 3961 3168 4017 curis
3217 3961 3589 4029 eviscerarer;
3655 3977 3861 4018 verum

2161 4052 2351 4121 etiam,
2385 4051 2539 4123 quod
2584 4050 2680 4106 ille
2723 4051 2868 4106 bene
2915 4051 3164 4122 optando
3209 4049 3587 4121 acquisiverat
3631 4050 3859 4119 vinum,

2158 4156 2264 4210 ego
2302 4139 2630 4194 mentiendo
2671 4138 2998 4210 quaerebam
3035 4138 3298 4210 typhum.
3339 4137 3463 4192 Dixi
3494 4142 3633 4193 tunc
3672 4139 3863 4194 multa

2157 4229 2218 4283 in
2242 4228 2347 4282 hac
2373 4227 2652 4283 sententia
2691 4226 2876 4281 charis
2912 4225 3073 4294 meis,
3121 4229 3178 4280 et
3206 4241 3356 4296 saepe
3398 4224 3770 4280 adverteham
3797 4225 3862 4280 in

2157 4317 2246 4372 bis
2275 4317 2561 4389 quomodo
2599 4315 2743 4370 mihi
2781 4318 2954 4382 esset;
2987 4319 3044 4368 et
3091 4312 3452 4368 inveniabam
3507 4313 3658 4367 male
3711 4313 3863 4368 mihi

2158 4420 2297 4471 esse,
2327 4409 2384 4458 et
2427 4402 2690 4458 dolebam
2732 4406 2790 4457 et
2833 4399 3308 4471 conduplicabam
3351 4400 3542 4471 ipsum
3585 4399 3762 4454 male.
3794 4402 3866 4457 Et

2157 4492 2204 4546 si
2233 4491 2372 4564 quid
2409 4490 2689 4546 arrisisset
2726 4505 3084 4561 prosperum,
3122 4489 3368 4544 taedebat
3397 4488 3856 4560 apprehendere,

2157 4581 2292 4653 quia
2318 4595 2466 4653 pene
2486 4579 2821 4652 priusquam
2849 4582 3163 4647 teneretur,
3194 4577 3473 4632 avolabat.

2812 4667 3036 4722 CAPUT
3076 4667 3193 4721 VII.

2381 4757 2646 4827 Alypium
2672 4772 2708 4810 a
2736 4757 3072 4811 Circensium
3092 4756 3313 4810 insania
3341 4755 3618 4809 convertit.

2229 4850 2317 4902 ll.
2357 4845 2920 4917 Congemiscebamus
2949 4843 3010 4898 in
3039 4842 3110 4898 iis
3140 4842 3238 4914 qui
3281 4843 3453 4898 simul
3481 4841 3666 4897 amice
3696 4843 3858 4900 vive-

2152 4935 2375 5003 bamus,
2397 4939 2456 4991 et
2491 4934 2736 4990 maxime
2783 4949 2847 4988 ac
2875 4931 3318 4988 familiarissime
3365 4948 3495 4986 cum
3538 4932 3752 5004 Alypio
3803 4939 3862 4990 et

2153 5023 2421 5079 Nebridio
2449 5023 2557 5078 ista
2585 5021 2973 5093 colloquebar;
3001 5037 3250 5092 quorum
3268 5020 3506 5092 Alypius
3527 5035 3594 5075 ex
3622 5021 3858 5092 eodem,

2151 5128 2265 5182 quo
2304 5129 2434 5183 ego,
2483 5115 2639 5166 ortus
2668 5114 2789 5166 erat
2825 5109 3162 5180 municipio,
3212 5109 3543 5180 parentibus
3583 5109 3857 5180 primati-

2149 5201 2254 5255 bus
2284 5198 2744 5270 municipalibus,
2786 5214 2878 5253 me
2919 5197 3110 5252 minor
3144 5201 3302 5253 natu.
3344 5198 3486 5252 Nam
3519 5201 3576 5252 et
3611 5201 3857 5256 studue-

2151 5293 2238 5343 rat
2264 5288 2414 5359 apud
2445 5304 2559 5356 me,
2592 5303 2722 5341 cum
2750 5286 2810 5340 in
2839 5291 3033 5341 nostro
3083 5286 3283 5341 docere
3331 5286 3474 5357 coepi
3521 5287 3770 5358 oppido,
3803 5295 3863 5346 et

2149 5381 2342 5448 postea
2385 5374 2750 5447 Carthagini:
2785 5379 2841 5430 et
2872 5375 3142 5446 diligebat
3181 5391 3273 5430 me
3299 5376 3563 5440 multum,
3599 5378 3762 5447 quod
3809 5379 3862 5434 ei

2147 5455 2331 5522 bonus
2360 5469 2418 5519 et
2446 5464 2642 5520 doctus
2683 5463 2942 5530 viderer;
2995 5468 3051 5518 et
3093 5480 3198 5535 ego
3243 5462 3431 5531 illum,
3456 5469 3706 5534 propter
3733 5449 3860 5524 ma-

2148 5570 2320 5626 gnam
2348 5551 2574 5611 virtutis
2601 5552 2875 5622 indolem,
2898 5569 3028 5625 quae
3056 5551 3116 5608 in
3135 5567 3252 5609 non
3283 5567 3490 5623 magna
3515 5556 3692 5611 (etate
3725 5559 3836 5615 sati
