4058 6348
81 359 192 410 7‘25

65 475 393 535 eminebat.
447 477 666 547 Gurges
714 478 912 530 tamen
951 488 1178 528 morum
1225 472 1781 546 Carthaginensium,

66 568 290 641 quibus
361 563 664 635 nugatoria
730 564 956 619 fervent
1010 564 1349 634 spectacula,
1413 565 1784 620 absorbuerat

67 672 208 711 eum
244 654 304 708 in
350 653 638 708 insaniam
669 651 1054 707 Circensium:
1087 651 1183 707 sed
1215 668 1345 707 cum
1393 653 1454 708 in
1500 668 1567 707 eo
1608 653 1782 706 mise-

67 743 340 800 rabiliter
368 743 708 808 volveretur,
743 757 850 811 ego
887 745 1076 794 autem
1129 741 1474 796 rhetoricam
1520 741 1598 796 ibi
1641 757 1780 812 pro-

69 835 262 888 fessus
283 831 512 900 publica
543 831 731 884 schola
758 835 973 896 uterer,
1007 830 1258 884 nondum
1291 846 1382 884 me
1415 830 1680 884 audiebat
1721 833 1781 883 ut

72 919 443 991 magistrum,
479 923 712 989 propter
741 918 1051 989 quamdam
1094 917 1444 972 simultatem
1476 935 1604 990 qua:
1633 918 1782 972 inter

69 1026 166 1065 me
191 1012 251 1063 et
276 1012 501 1078 patrem
532 1008 653 1078 ejus
674 1010 797 1061 erat
824 1010 1040 1073 exorta,
1083 1011 1139 1060 et
1195 1021 1590 1077 compereram
1627 1007 1779 1078 quod

67 1099 298 1153 circum
355 1095 716 1150 exitiabiliter
785 1099 1022 1161 amaret,
1077 1099 1133 1149 et
1198 1095 1444 1165 graviter
1508 1095 1774 1165 angebar,

64 1185 226 1257 quod
265 1188 478 1239 tantam
512 1199 673 1254 spem
727 1183 1075 1254 perditurus,
1117 1184 1205 1237 vel
1254 1183 1427 1238 etiam
1468 1183 1778 1254 perdidisse

63 1273 216 1328 mihi
249 1273 573 1328 videbatur.
607 1271 718 1326 Sed
744 1271 1015 1325 monendi
1067 1287 1196 1326 eum
1243 1276 1301 1326 et
1338 1272 1530 1342 aliqua
1568 1271 1778 1326 coerci-

60 1363 227 1418 tione
262 1360 563 1416 revocandi
589 1361 748 1414 nulla
779 1364 897 1414 erat
927 1359 1112 1430 copia,
1155 1360 1242 1414 vel
1289 1360 1560 1415 amicitia:
1603 1360 1778 1414 benc-

63 1450 352 1516 volentia,
383 1451 470 1504 vel
495 1450 625 1520 jure
654 1448 984 1520 magisterii.
1020 1448 1296 1503 Putabam
1344 1449 1499 1503 enim
1538 1464 1669 1503 eum
1709 1448 1780 1503 de

60 1556 157 1594 me
189 1554 330 1593 cum
350 1543 510 1610 patre
539 1537 748 1592 sentire
775 1555 790 1605 ;
813 1537 908 1591 ille
941 1553 1073 1592 vero
1102 1553 1220 1590 non
1273 1537 1352 1591 sic
1384 1541 1532 1592 erat.
1581 1539 1780 1608 Itaque

61 1627 394 1700 postposita
448 1627 508 1681 in
542 1627 646 1681 hac
688 1643 747 1680 re
804 1625 981 1696 patris
1035 1626 1348 1695 voluntate,
1395 1626 1640 1680 salutare
1688 1642 1779 1680 me

61 1720 346 1787 coeperat,
377 1715 614 1772 veniens
642 1714 703 1768 in
734 1713 1087 1769 auditorium
1121 1729 1334 1781 meum,
1362 1717 1417 1770 et
1447 1713 1645 1769 audire
1674 1713 1778 1768 ali-

66 1804 216 1876 quid
256 1808 427 1874 atque
456 1802 632 1857 abire.

147 1896 244 1947 l2.
286 1892 393 1946 Sed
421 1891 575 1946 enim
608 1891 676 1946 de
704 1889 981 1946 memoria
1013 1889 1154 1944 mihi
1185 1889 1412 1960 lapsum
1449 1893 1572 1945 erat
1610 1906 1778 1960 agere

67 1996 207 2035 cum
239 1979 365 2048 illo,
394 1994 465 2034 ne
495 1994 770 2033 vanorum
791 1979 1062 2033 ludorum
1091 1994 1238 2032 caeco
1270 1982 1326 2032 et
1354 1977 1634 2049 prmcipiti
1665 1982 1778 2032 stuc

68 2068 166 2122 dio
199 2071 317 2122 tam
343 2068 560 2122 bonum
595 2067 951 2121 interimeret
986 2067 1301 2137 ingenium.
1329 2068 1535 2120 Verum
1563 2070 1773 2132 autem,

69 2157 339 2222 Domine,
379 2160 438 2210 tu
489 2155 589 2227 qui
620 2154 889 2226 praesides
929 2153 1326 2224 gubernaculis
1357 2153 1617 2207 omnium
1649 2170 1777 2224 quae

66 2243 302 2307 creasti,
334 2259 452 2296 non
479 2259 609 2297 eum
643 2243 850 2296 oblitus
882 2257 1004 2295 eras
1020 2242 1277 2295 futurum
1304 2240 1455 2294 inter
1477 2240 1622 2294 ﬁlios
1647 2245 1776 2294 tuos

65 2331 392 2386 antistitem
422 2330 762 2384 sacramenti
794 2329 876 2384 tui
901 2346 914 2396 ;
953 2333 1010 2384 et
1036 2333 1100 2382 ut
1126 2332 1319 2398 aperte
1358 2326 1462 2382 tibi
1492 2327 1773 2381 tribuere-

64 2424 164 2473 tur
218 2420 343 2490 ejus
398 2418 693 2487 correctio,
749 2435 852 2490 per
906 2433 998 2471 me
1053 2417 1284 2488 quidem
1314 2414 1496 2484 illam,
1542 2416 1640 2469 sed
1670 2431 1774 2470 ne-

67 2508 347 2563 scientem
375 2512 642 2580 operatus
676 2525 758 2562 es.
799 2508 940 2561 Nam
971 2506 1217 2576 quodam
1249 2504 1339 2558 die
1361 2519 1490 2558 cum
1517 2504 1774 2558 sederem

65 2597 196 2650 loco
229 2597 422 2666 solito,
472 2601 529 2650 et
579 2612 771 2650 coram
818 2611 909 2649 me
956 2594 1219 2648 adessent
1271 2592 1556 2662 discipuli,
1597 2591 1772 2660 venit,

62 2681 353 2747 salutavit,
404 2680 570 2748 sedit,
619 2685 793 2752 atque
829 2680 888 2734 in
921 2695 988 2733 ea
1017 2695 1146 2750 quae
1178 2677 1491 2748 agebantur
1512 2677 1772 2731 animum

65 2776 348 2832 intendit:
382 2782 440 2832 et
467 2777 611 2831 forte
641 2777 806 2830 lectio
835 2775 895 2830 in
924 2775 1188 2829 manibus
1215 2777 1355 2840 erat,
1411 2789 1584 2844 quam
1634 2773 1772 2827 dum

63 2881 437 2935 exponerem,
477 2869 532 2920 et
571 2869 892 2936 opportune
940 2863 1084 2917 mihi
1129 2861 1452 2916 adhibenda
1485 2861 1773 2915 videretur

63 2951 385 3006 similitudo
412 2952 782 3016 Circensium,
805 2967 919 3022 quo
957 2951 1098 3005 illud
1127 2949 1279 3020 quod
1319 2948 1680 3003 insinuabam
1714 2953 1772 3002 et

57 3038 380 3107 jucundius
426 3044 481 3094 et
532 3039 761 3110 planius
815 3040 999 3106 ﬁeret,
1031 3054 1160 3092 cum
1206 3037 1468 3092 irrisione
1514 3035 1768 3091 mordaci

62 3142 270 3181 eorum
303 3144 446 3199 quos
491 3128 589 3182 illa
635 3127 972 3199 captivasset
1017 3125 1269 3180 insania:
1332 3129 1396 3180 tu
1443 3125 1572 3193 scis,
1621 3126 1769 3178 Deus

61 3220 283 3284 noster,
331 3217 479 3286 quod
529 3221 664 3271 tunc
714 3217 782 3270 de
820 3215 1022 3287 Alypio
1069 3215 1139 3269 ab
1194 3214 1289 3268 illa
1327 3216 1484 3284 peste
1515 3213 1766 3266 sanando

64 3320 184 3358 non
227 3304 614 3374 cogitaverim.
659 3307 730 3360 At
777 3305 872 3359 ille
917 3305 977 3358 in
1018 3319 1076 3357 se
1122 3302 1332 3373 rapuit,
1383 3317 1591 3372 meque
1621 3300 1764 3356 illud

66 3407 186 3446 non
217 3393 332 3446 nisi
376 3398 614 3465 propter
660 3409 719 3448 se
759 3393 967 3448 dixisse
1009 3391 1268 3447 credidit.
1319 3391 1382 3445 Et
1416 3391 1571 3461 quod
1623 3389 1767 3444 alius

63 3480 351 3550 acciperet
399 3482 470 3535 ad
527 3481 976 3536 succensendum
1031 3479 1195 3546 mihi,
1235 3478 1452 3548 accepit
1494 3479 1768 3532 honestus

64 3569 398 3623 adolescens
429 3569 501 3623 ad
534 3570 978 3624 succensendum
1007 3567 1135 3635 sibi,
1177 3571 1233 3621 et
1256 3567 1324 3621 ad
1353 3582 1443 3622 me
1474 3566 1768 3621 ardentius

60 3655 442 3724 diligendum.
472 3657 702 3713 Dixeras
731 3657 885 3712 enim
914 3661 973 3711 tu
999 3657 1122 3726 jam
1153 3655 1310 3722 olim,
1339 3660 1395 3710 et
1419 3655 1760 3709 innexueras

65 3743 298 3799 Litteris
334 3746 448 3800 tuis
473 3763 486 3801 :
516 3749 736 3816 Corripe
761 3748 1074 3814 sapientem,
1117 3749 1166 3799 et
1193 3745 1399 3798 amabit
1419 3748 1466 3798 te
1494 3746 1665 3813 (Prov.
1691 3759 1763 3810 1x,

65 3837 139 3902 8).
174 3835 258 3891 At
287 3852 391 3906 ego
427 3837 590 3891 illum
615 3837 733 3906 jam
773 3851 888 3889 non
928 3834 1352 3904 corripueram;
1381 3833 1479 3886 sed
1510 3836 1676 3886 utens
1706 3836 1764 3885 tu

66 3928 359 3992 omnibus,
401 3929 457 3978 et
503 3924 810 3978 scientibus
851 3927 909 3976 et
954 3922 1364 3988 nescientibus,
1409 3920 1608 3974 ordine
1652 3936 1766 3990 quo

68 4014 242 4076 nosti,
272 4019 328 4068 et
355 4013 451 4068 ille
483 4012 830 4082 ordojustus
861 4015 966 4078 est,
999 4010 1068 4064 de
1117 4009 1285 4063 corde
1314 4013 1370 4063 et
1413 4008 1608 4077 lingua
1642 4023 1768 4060 mea

67 4103 347 4157 carbones
377 4101 638 4155 ardentes
669 4103 936 4169 operatus
973 4114 1052 4162 es,
1097 4097 1304 4167 quibus
1344 4100 1596 4150 mentem
1643 4096 1766 4164 spei

72 4190 240 4246 bonze
273 4191 538 4246 adureres
567 4189 970 4253 tabescentem,
1017 4202 1080 4240 ac
1111 4200 1358 4240 sanares.
1400 4185 1602 4237 Taceat
1642 4183 1768 4236 lau-

72 4278 174 4332 des
206 4269 334 4333 tuas
367 4277 466 4350 qui
497 4276 890 4331 miserationes
941 4279 1066 4330 tuas
1096 4290 1210 4328 non
1259 4271 1592 4333 considerat,
1640 4285 1768 4340 quae

71 4367 177 4421 tibi
209 4369 279 4423 de
310 4367 578 4422 medullis
597 4366 739 4420 meis
764 4365 1125 4419 conﬁtentur.
1152 4361 1376 4416 Etenim
1401 4361 1496 4414 ille
1525 4363 1655 4430 post
1675 4359 1772 4412 illa

73 4457 244 4510 verba
276 4455 571 4526 proripuit
600 4470 657 4508 se
697 4471 763 4508 ex
806 4453 966 4508 fovea
1009 4456 1124 4506 tam
1177 4451 1310 4516 alta,
1367 4465 1481 4520 qua
1531 4447 1773 4502 libenter

76 4544 534 4614 demergebatur,
565 4548 622 4598 et
649 4558 779 4597 eum
808 4540 1121 4595 miserabili
1149 4540 1439 4610 voluptate
1469 4535 1486 4569 ¹
1519 4536 1769 4590 caecaba-

78 4635 209 4700 tur;
243 4640 297 4688 et
327 4631 575 4687 excussit
604 4631 858 4685 animum
887 4627 1021 4682 forti
1057 4624 1456 4696 temperantia,
1488 4627 1543 4678 et
1571 4623 1771 4678 resilu-

79 4727 250 4778 erunt
277 4737 478 4775 omnes
532 4717 880 4773 Circensium
929 4716 1124 4770 sordes
1163 4715 1234 4769 ab
1281 4730 1372 4782 eo,
1413 4712 1773 4782 ampliusque

77 4809 212 4864 illuc
244 4827 357 4865 non
387 4807 635 4863 accessit.
672 4805 886 4860 Deinde
907 4809 1127 4876 patrem
1156 4802 1560 4857 recluctantem
1581 4801 1770 4866 evicit,

82 4903 142 4951 ut
172 4916 264 4953 me
296 4897 568 4966 magistro
601 4898 894 4960 uteretur;
942 4893 1113 4947 cessit
1153 4892 1248 4945 ille
1277 4895 1449 4961 atque
1480 4889 1772 4943 concessit.

87 4989 148 5040 Et
178 4987 376 5042 audire
405 5001 496 5040 me
537 5000 735 5038 rursus
783 4982 1082 5053 incipiens,
1115 4981 1211 5035 illa
1241 4995 1464 5034 mecum
1504 4977 1775 5047 supersti-

84 5076 236 5130 tione
266 5075 559 5130 involutus
611 5076 716 5139 est,
763 5088 962 5125 amans
1007 5070 1067 5124 in
1119 5067 1441 5124 Maniclimis
1484 5064 1775 5120 ostentati-

83 5180 250 5220 onem
282 5161 649 5218 contincntiae
685 5176 859 5231 quam
895 5174 1083 5214 veram
1132 5161 1188 5212 et
1234 5171 1566 5228 germanam
1617 5160 1780 5224 puta-

84 5251 195 5308 bat.
244 5255 375 5307 Erat
421 5255 612 5304 autem
661 5249 760 5303 illa
796 5263 990 5301 vecors
1024 5250 1080 5300 et
1120 5244 1461 5310 seductoria,
1505 5242 1781 5314 pretiosas

86 5341 302 5396 animas
331 5343 584 5410 captans,
618 5337 873 5392 nondum
903 5333 1130 5388 virtutis
1151 5332 1511 5388 altitudinem
1540 5331 1782 5386 scientes

86 5431 335 5501 tangere,
369 5433 426 5482 et
453 5426 750 5498 superﬁcie
777 5424 961 5494 decipi
986 5422 1197 5490 faciles,
1231 5421 1328 5476 sed
1358 5425 1549 5476 tamen
1578 5420 1778 5475 adum-

89 5516 262 5572 bratae
292 5518 691 5587 simulatazque
725 5512 968 5569 virtutis.

153 5608 163 5638 ¹
202 5607 322 5656 Tres
350 5605 467 5656 Mss.
517 5603 670 5666 Angl.
705 5617 716 5652 :
754 5607 887 5653 Cum
918 5602 1060 5651 mira
1094 5597 1377 5662 voluptate.

1561 350 1776 408 LIBER
1823 349 2117 410 SEXTUS.

3485 358 3590 412 726

2559 447 2966 539 CAPUT-ﬁnxi
3012 474 3048 518 v
3069 475 3139 525 nx

1966 564 2203 635 Alypius
2233 566 2449 635 capitur
2475 565 2695 619 insania
2712 565 2962 620 ludorum
2980 565 3453 638 gladiatoriorum,
3485 584 3521 623 a

2336 654 2530 723 quibus
2562 659 2721 709 antea
2761 655 3137 710 abhorruerat.

1966 745 2050 796 13.
2109 743 2233 796 Non
2282 758 2414 796 sane
2452 742 2780 814 relinquens
2807 743 3152 799 incantatam
3184 744 3293 799 sibi
3323 761 3357 800 a
3387 761 3589 817 paren-

1891 830 2042 885 tibus
2102 835 2389 885 terrenam
2441 832 2608 898 viam,
2648 833 2888 886 Romam
2933 838 3324 903 praecesserat,
3382 838 3446 889 ut
3492 836 3588 906 jus

1890 919 2132 974 disceret
2158 937 2171 986 ;
2205 924 2260 974 et
2284 919 2362 972 ibi
2388 919 2709 989 gladiatorii
2737 921 3044 990 spectaculi
3071 922 3233 977 hiatu
3263 921 3588 978 incredibili

1891 1011 1946 1062 et
1982 1007 2392 1062 incredibiliter
2415 1007 2684 1078 abreptus
2729 1012 2831 1062 est.
2865 1009 3005 1064 Cum
3047 1010 3201 1064 enim
3231 1015 3590 1066 aversaretur

1890 1101 1947 1151 et
1985 1097 2362 1151 detestaretur
2403 1095 2560 1165 talia,
2593 1095 2829 1166 quidam
2875 1098 2997 1167 ejus
3027 1097 3194 1152 amici
3223 1103 3278 1153 et
3306 1099 3587 1154 condisci-

1889 1184 2033 1254 puli,
2066 1200 2197 1238 cum
2243 1183 2388 1238 forte
2434 1183 2503 1238 de
2540 1184 2778 1254 prandio
2825 1186 3197 1240 redeuntibus
3236 1188 3466 1257 pervius
3495 1203 3584 1242 es-

1889 1277 1975 1328 set
2003 1275 2044 1343 t,
2077 1276 2435 1327 recusantem
2465 1272 2829 1326 vehementer
2883 1277 2940 1326 et
2985 1274 3368 1340 resistentem,
3417 1276 3585 1331 fami-

1888 1361 2015 1416 liari
2042 1360 2308 1415 violentia
2329 1360 2616 1415 duxerunt
2644 1360 2704 1414 in
2736 1361 3242 1432 amphitheatrum,
3265 1363 3585 1419 crudelium

1890 1454 1947 1503 et
1991 1449 2346 1504 funestorum
2374 1449 2643 1504 ludorum
2691 1448 2912 1515 diebus,
2969 1451 3091 1505 haec
3139 1451 3462 1506 dicentem:
3525 1453 3585 1508 Si

1886 1553 2077 1608 corpus
2107 1554 2280 1592 meum
2308 1540 2366 1592 in
2394 1539 2548 1592 illum
2577 1539 2748 1593 locum
2779 1539 3019 1605 trahitis,
3038 1543 3086 1593 et
3113 1539 3194 1592 ibi
3208 1541 3540 1595 constituitis
3567 1557 3584 1606 ;

1885 1627 2152 1696 numquid
2206 1631 2256 1680 ct
2297 1628 2540 1680 animum
2590 1632 2641 1680 et
2687 1627 2863 1681 oculos
2891 1642 3034 1681 meos
3063 1629 3120 1682 in
3147 1629 3246 1682 illa
3273 1627 3581 1696 spectacula

1883 1717 2107 1785 potestis
2155 1714 2430 1768 intendere
2450 1714 2476 1766 Τ
2518 1714 2700 1768 Adero
2754 1716 2939 1783 itaque
2967 1714 3177 1783 absens,
3208 1729 3269 1768 ac
3307 1716 3384 1768 sic
3412 1719 3462 1768 et
3489 1727 3584 1769 vos

1888 1809 1938 1858 et
1967 1805 2065 1858 illa
2091 1804 2375 1873 superabo.
2412 1801 2627 1867 Quibus
2655 1802 2880 1866 auditis,
2912 1802 2996 1856 illi
3024 1801 3207 1856 nihilo
3237 1801 3418 1856 secius
3448 1816 3580 1856 eum

1889 1892 2243 1947 adduxerunt
2281 1906 2493 1956 secum,
2543 1890 2792 1960 idipsum
2820 1889 2963 1945 forte
3005 1891 3299 1960 explorare
3345 1889 3580 1960 cupien-

1888 1983 1992 2046 tes,
2021 1983 2216 2035 utrum
2247 1983 2437 2050 posset
2464 1977 2706 2032 efﬁcere.
2742 1978 2864 2042 Quo
2893 1977 2993 2032 ubi
3016 1982 3250 2032 ventum
3281 1979 3384 2044 est,
3415 1981 3473 2031 et
3500 1992 3582 2030 se-

1886 2069 2051 2125 dibus
2083 2067 2291 2140 quibus
2320 2070 2631 2138 potuerunt
2677 2066 2846 2121 locati
2876 2069 3027 2132 sunt,
3059 2065 3354 2120 fervebant
3383 2063 3579 2118 omnia

1886 2156 2316 2212 immanissimis
2344 2154 2748 2225 voluptatibus.
2778 2154 2878 2208 Ille
2909 2153 3115 2208 clausis
3146 2153 3360 2207 foribus
3392 2152 3580 2206 oculo-

1886 2262 2036 2312 rum,
2068 2243 2366 2300 interdixit
2393 2243 2586 2297 animo
2613 2258 2685 2296 ne
2717 2242 2776 2296 in
2824 2245 2981 2295 tanta
3016 2241 3168 2295 mala
3203 2239 3574 2310 procederet;

1885 2340 2056 2406 atque
2095 2333 2313 2388 utinam
2347 2335 2404 2386 et
2453 2347 2619 2384 aures
2663 2329 3073 2384 obturavissetl
3132 2329 3273 2383 Nam
3329 2328 3576 2400 quodam

1884 2436 2094 2491 pugna:
2123 2435 2279 2488 casu,
2321 2435 2450 2473 cum
2482 2419 2696 2472 clamor
2743 2419 2944 2489 ingens
2972 2417 3145 2472 totius
3172 2417 3370 2488 populi
3400 2416 3577 2471 vehe-

1884 2513 2110 2563 menter
2137 2523 2267 2563 eum
2294 2509 2590 2578 pulsasset,
2625 2505 2948 2561 curiositate
2979 2505 3158 2558 victus
3186 2508 3244 2558 et
3286 2503 3448 2574 quasi
3473 2517 3574 2574 pa-

1883 2602 2037 2652 ratus
2068 2596 2342 2668 quidquid
2375 2595 2512 2649 illud
2561 2598 2729 2660 esset,
2779 2594 2952 2648 etiam
2987 2593 3173 2647 visum
3211 2597 3576 2647 contemnere

1884 2691 1940 2741 et
1965 2685 2208 2752 vincere,
2252 2683 2473 2756 aperuit
2513 2683 2737 2749 oculos;
2768 2686 2826 2736 et
2849 2697 3148 2753 percussus
3185 2683 3267 2735 est
3313 2678 3574 2750 graviore

1882 2775 2117 2829 vulnere
2171 2773 2230 2827 in
2260 2773 2470 2839 anima,
2503 2787 2676 2842 quam
2703 2770 2787 2824 illi
2835 2769 2896 2824 in
2929 2785 3191 2840 corpore,
3230 2784 3402 2839 quem
3447 2781 3574 2821 cer-

1882 2879 2018 2918 nere
2063 2860 2404 2932 concupivit,
2452 2859 2767 2929 ceciditque
2824 2857 3205 2912 miserabilius
3256 2871 3431 2926 quam
3475 2854 3570 2909 ille

1881 2967 1993 3023 quo
2024 2950 2258 3004 cadente
2283 2949 2460 3003 factus
2489 2950 2574 3002 est
2600 2947 2814 3000 clamor
2826 2945 3040 3017 quiper
3059 2944 3182 3014 ejus
3208 2958 3371 2997 auras
3399 2941 3572 2996 intra-

1881 3041 1978 3106 vit,
2009 3043 2064 3094 et
2091 3037 2363 3092 reseravit
2391 3037 2513 3106 ejus
2540 3035 2782 3102 lumina,
2827 3039 2892 3088 ut
2939 3036 3087 3087 esset
3136 3047 3252 3103 qua
3304 3029 3572 3085 feriretur

1881 3133 1935 3183 et
1965 3128 2302 3198 dejiceretur
2350 3125 2532 3179 audax
2585 3124 2766 3178 adhuc
2811 3121 3000 3193 potius
3049 3136 3223 3192 quam
3251 3117 3410 3174 fortis
3438 3118 3569 3172 ani-

1879 3233 2026 3285 mus,
2071 3219 2127 3269 et
2175 3212 2558 3275 eo,inﬁrmior
2595 3227 2707 3282 quo
2757 3211 2826 3265 de
2864 3227 2922 3265 se
2972 3211 3437 3280 praesumpserat,
3470 3205 3570 3277 qui

1877 3302 2075 3358 debuit
2103 3301 2172 3355 de
2198 3305 2274 3356 te.
2311 3301 2380 3354 Ut
2404 3299 2558 3354 enim
2596 3298 2738 3352 vidit
2765 3297 2926 3351 illum
2968 3294 3328 3366 sanguinem,
3359 3293 3563 3347 imma-

1877 3392 2114 3447 nitatem
2161 3389 2329 3445 simul
2376 3387 2572 3456 ebibit,
2622 3390 2675 3440 et
2726 3401 2843 3441 non
2901 3400 2959 3439 se
3011 3382 3234 3449 avertit,
3291 3382 3387 3437 sed
3442 3380 3567 3436 ﬁxit

1877 3485 2168 3551 aspectum
2193 3497 2208 3546 ;
2238 3481 2294 3531 et
2321 3475 2622 3532 hauriebat
2648 3473 2844 3540 furias,
2877 3476 2932 3526 et
2959 3471 3264 3537 nesciebat,
3294 3474 3350 3525 et
3403 3469 3564 3524 dele-

1877 3569 2132 3623 ctabatur
2160 3567 2369 3620 scelere
2403 3562 2747 3628 certaminis,
2787 3565 2842 3616 et
2877 3565 3113 3615 cruenta
3157 3559 3446 3630 voluptate
3476 3557 3566 3611 in-

1878 3656 2224 3711 ebriabatur.
2253 3656 2319 3709 Et
2346 3668 2464 3707 non
2490 3656 2613 3706 erat
2635 3651 2755 3722 jam
2781 3650 2874 3704 ille
2892 3647 2990 3720 qui
3010 3649 3262 3707 venerat,
3293 3645 3390 3698 sed
3419 3659 3567 3697 unus

1877 3748 1945 3801 de
1997 3744 2166 3799 turba
2213 3743 2284 3796 ad
2335 3757 2507 3812 quam
2546 3742 2798 3806 venerat,
2830 3741 2886 3791 et
2924 3751 3091 3789 verus
3129 3749 3327 3788 eorum
3356 3731 3564 3796 socius,

1879 3847 1910 3884 a
1951 3830 2160 3900 quibus
2189 3829 2463 3884 adductus
2509 3830 2653 3881 erat.
2691 3825 2835 3889 Quid
2879 3823 3089 3893 plura?
3118 3818 3418 3889 Spectavit,
3451 3817 3569 3870 cla-

1879 3919 2072 3982 mavit,
2133 3917 2360 3984 exarsit,
2415 3914 2646 3971 abstulit
2690 3913 2823 3968 inde
2878 3925 3070 3965 secum
3131 3906 3412 3962 insaniam
3455 3920 3570 3975 qua

1879 4007 2266 4061 stimularetur
2308 4005 2515 4070 redire,
2567 4019 2683 4056 non
2712 4005 2935 4055 tantum
2966 4013 3096 4053 cum
3142 3994 3253 4050 illis
3294 4011 3325 4048 a
3362 3992 3570 4064 quibus

1879 4089 2039 4160 prius
2089 4090 2401 4143 abstractus
2458 4090 2578 4152 est;
2613 4084 2711 4138 sed
2741 4083 2913 4136 etiam
2961 4096 3080 4152 prae
3129 4077 3263 4145 illis,
3317 4081 3374 4130 et
3429 4075 3570 4129 alios

1879 4179 2134 4232 trahens.
2175 4178 2239 4230 Et
2274 4175 2409 4230 inde
2447 4178 2637 4228 tamen
2665 4186 2841 4226 manu
2868 4166 3213 4223 validissima
3241 4169 3299 4219 et
3348 4161 3568 4218 miseri-

1880 4265 2207 4320 cordissima
2236 4263 2432 4318 eruisti
2463 4278 2596 4316 eum
2627 4267 2709 4326 tu,
2737 4263 2794 4314 et
2811 4256 3054 4313 docuisti
3081 4270 3197 4310 non
3223 4251 3310 4307 sui
3338 4250 3566 4316 habere,

1881 4355 1978 4410 sed
2012 4355 2096 4409 tui
2127 4352 2390 4409 ﬁduciam
2417 4367 2431 4419 ;
2459 4351 2554 4406 sed
2587 4350 2758 4418 longe
2789 4349 3007 4418 postea.

2553 4446 2776 4502 CAPUT
2815 4444 2902 4497 IX.

2257 4538 2496 4607 Alypius
2529 4540 2590 4590 ut
2616 4537 2713 4602 fur.
2745 4529 3191 4603 apprehenditur.

1959 4627 2041 4682 t4.
2093 4627 2496 4681 Verumtamen
2533 4624 2653 4694 jam
2698 4621 2807 4676 hoc
2849 4619 2919 4673 ad
2953 4615 3293 4672 medicinam
3323 4613 3575 4669 futuram

1885 4717 1942 4772 in
1973 4716 2094 4786 ejus
2139 4714 2416 4769 memoria
2469 4710 2874 4782 reponebatur.
2921 4707 3063 4761 Nam
3115 4708 3173 4758 et
3215 4702 3378 4769 illud,
3422 4701 3576 4772 quod

1885 4821 2015 4860 cum
2045 4803 2226 4857 adhuc
2252 4802 2502 4856 studeret
2529 4801 2650 4870 jam
2697 4813 2787 4851 me
2831 4794 3068 4849 audiens
3097 4791 3251 4863 apud
3281 4789 3580 4859 Carthagi—
3608 4796 3611 4799 '

1887 4910 2040 4960 nem,
2073 4895 2128 4946 et
2156 4891 2346 4946 medio
2379 4890 2469 4943 die
2505 4887 2779 4958 cogitaret
2807 4885 2865 4938 in
2897 4884 3019 4938 foro
3048 4881 3200 4953 quod
3240 4879 3579 4934 recitaturus

1887 4985 2029 5050 erat,
2079 4979 2243 5034 sicuti
2295 4976 2543 5032 exerceri
2590 4971 2908 5030 scholastici
2951 4972 3158 5037 solent,
3217 4966 3396 5023 sivisti
3446 4980 3578 5020 eum

1889 5067 2296 5139 comprehendi
2329 5066 2396 5120 ab
2445 5063 2711 5120 teditimis
2750 5061 2860 5117 fori
2898 5065 3172 5131 tanquam
3224 5057 3426 5112 furem.
3458 5055 3578 5108 Non

1891 5157 2140 5213 arbitror
2168 5156 2336 5210 aliam
2368 5155 2439 5209 ob
2465 5169 2692 5209 causam
2723 5156 2777 5205 te
2807 5148 3155 5222 permisisse,
3190 5147 3336 5200 Deus
3365 5143 3574 5202 noster,

1893 5246 2001 5300 nisi
2048 5249 2112 5300 ut
2158 5245 2254 5299 ille
2300 5243 2388 5297 vir
2417 5246 2605 5297 tantus
2634 5241 2858 5295 futurus
2883 5238 3004 5309 jam
3034 5234 3312 5304 inciperet
3343 5227 3577 5292 discere,

1893 5351 2062 5406 quam
2085 5350 2200 5388 non
2230 5333 2392 5387 facile
2422 5331 2483 5386 in
2511 5327 2908 5402 dignoscendis
2957 5323 3138 5379 causis
3172 5321 3343 5374 homo
3371 5313 3579 5406 abho-

1893 5399 2048 5478 mine
2078 5422 2435 5477 damnandus
2465 5399 2612 5475 esset
2641 5415 2944 5473 temeraria
2981 5407 3329 5466 credulitate.
3361 5399 3580 5471 Quippe

1958 5532 1970 5564 ¹
2009 5529 2195 5578 Obvius
2217 5529 2358 5586 esset,
2372 5527 2523 5589 juxta
2543 5525 2626 5573 Er.
2651 5522 2820 5589 Lugd;
2838 5521 2966 5589 Ven.
2991 5519 3130 5589 Lov_..
3140 5512 3288 5560 Mart.
3321 5511 3422 5561 Per
3439 5507 3580 5558 viam

1898 5575 2280 5647 comestae:
2293 5575 2444 5651 juxta
2473 5588 2670 5638 Somm.
2703 5575 2760 5634 ei
2788 5581 2953 5631 Rond.
3084 5575 3150 5623 Μ.
3600 5589 3606 5595 -
