4058 6358
438 346 538 398 727

439 470 569 523 ante
598 465 848 522 tribunal
879 462 1283 520 deambulabat
1311 465 1464 519 solus
1493 478 1622 518 cum
1651 464 1861 520 tabulis
1893 481 1958 520 ac
1986 464 2135 533 stilo,

439 573 568 611 cum
603 571 730 611 ecce
775 554 1101 609 adolescens
1131 553 1364 624 quidam
1394 569 1463 608 ex
1491 568 1729 608 numero
1776 554 2136 609 scholastico-

440 661 567 699 rum
597 645 688 699 fur
712 659 896 710 verus,
955 641 1200 697 securim
1226 641 1484 697 clanculo
1516 647 1846 713 apportans,
1879 643 1978 697 illo
2022 658 2138 696 non

437 733 716 789 sentiente
771 731 1059 802 ingressus
1106 734 1191 785 est
1246 731 1315 786 ad
1367 731 1644 785 cancellos
1692 730 1992 802 plumbeos
2037 728 2137 802 qui

439 821 560 876 vico
609 819 931 892 argentario
986 820 1230 891 desuper
1285 819 1652 890 praeminent,
1708 823 1765 874 et
1831 819 2138 891 praecidere

441 910 741 980 plumbum
780 907 965 978 coepit.
999 908 1149 963 Sono
1177 912 1372 962 autem
1401 907 1611 962 securis
1639 907 1836 962 audito
1871 908 2139 962 submur-

444 1001 813 1052 muraverunt
855 996 1164 1068 argentarii
1211 996 1312 1067 qui
1339 997 1533 1050 subter
1560 1000 1742 1063 erant,
1775 999 1832 1050 et
1861 996 2142 1050 miserunt

445 1085 542 1156 qui
564 1085 1058 1156 apprehenderent
1087 1101 1256 1155 quem
1297 1083 1442 1139 forte
1479 1083 1848 1138 invenissent.
1885 1084 2139 1148 Quorum

443 1173 672 1228 vocibus
699 1172 924 1240 auditis,
977 1173 1173 1227 relicto
1211 1172 1592 1226 instrumento
1631 1171 1727 1225 ille
1757 1171 2030 1238 discessit,
2077 1171 2143 1226 ti-

449 1278 608 1316 mens
655 1277 728 1316 ne
758 1277 886 1316 cum
933 1276 999 1315 eo
1043 1264 1350 1314 teneretur.
1395 1259 1630 1330 Alypius
1659 1263 1853 1314 autem
1893 1259 1993 1330 qui
2025 1275 2140 1314 non

445 1350 664 1404 viderat
691 1349 1020 1415 intrantem,
1054 1351 1354 1402 exeuntem
1385 1347 1581 1413 sensit,
1630 1351 1687 1402 et
1717 1347 1976 1402 celeriter
2006 1347 2146 1402 vidit

450 1438 755 1493 abeuntem
781 1452 794 1491 :
831 1440 884 1491 et
913 1452 1141 1490 causam
1170 1435 1311 1490 scire
1359 1435 1594 1506 cupiens
1623 1434 1912 1506 ingressus
1941 1439 2026 1490 est
2049 1435 2141 1489 lo-

450 1541 601 1591 cum,
631 1528 686 1578 et
709 1523 999 1578 inventam
1029 1523 1272 1577 securim
1303 1526 1458 1576 stans
1487 1527 1660 1593 atque
1691 1522 1980 1577 admirans
2009 1538 2141 1577 con-

451 1612 754 1667 siderabat.
791 1612 932 1666 Cum
961 1626 1087 1665 ecce
1116 1610 1200 1664 illi
1230 1609 1330 1681 qui
1372 1609 1530 1664 missi
1571 1610 1817 1677 fuerant,
1849 1609 2147 1681 reperiunt

451 1716 582 1755 eum
613 1699 796 1754 solum
817 1701 1094 1753 ferentem
1123 1698 1336 1752 ferrum
1367 1697 1526 1768 cujus
1556 1697 1750 1752 sonitu
1788 1697 1955 1753 exciti
1983 1713 2148 1752 vene.

453 1791 617 1842 rant:
658 1790 872 1854 tenent,
905 1787 1235 1852 attrahunt;
1278 1786 1636 1856 congregatis
1683 1785 1982 1857 inquilinis
2011 1785 2144 1854 fori,

451 1879 724 1946 tanquam
749 1874 935 1929 furem
977 1873 1344 1929 manifestum
1386 1891 1446 1928 se
1485 1873 1985 1944 comprehendisse
2022 1875 2146 1945 glo-

450 1962 694 2030 riantur,
726 1966 780 2016 et
805 1961 939 2016 inde
967 1961 1293 2016 efferendus
1316 1961 1499 2032 judici
1521 1961 1854 2018 ducebatur.

527 2052 617 2104 t5.
665 2048 773 2104 Sed
814 2048 1085 2103 hactenus
1117 2047 1407 2103 docendus
1437 2048 1562 2104 fuit.
1595 2048 1794 2104 Statim
1829 2048 2004 2116 enim,
2037 2050 2146 2104 Do-

452 2135 628 2202 mine,
660 2135 973 2191 subvenisti
1002 2135 1344 2190 innocentiae
1371 2135 1532 2206 cujus
1558 2134 1716 2190 testis
1737 2151 1861 2189 eras
1881 2139 1945 2190 tu
1971 2136 2143 2191 solus.

453 2226 594 2280 Cum
621 2223 778 2278 enim
811 2223 1114 2278 duceretur
1139 2223 1225 2278 vel
1256 2223 1327 2277 ad
1365 2223 1706 2292 custodiam,
1725 2223 1813 2278 vel
1839 2223 1912 2278 ad
1938 2224 2150 2295 suppli-

453 2311 628 2382 cium,
658 2312 722 2366 tit
749 2310 829 2366 eis
854 2310 1080 2365 obviam
1104 2309 1337 2382 quidam
1358 2310 1698 2365 architectus
1720 2312 1884 2382 cujus
1901 2312 2149 2366 maxima

457 2398 1099 2471 eratcurapublicarum
1127 2398 1494 2453 fabricarum.
1519 2398 1777 2454 Gaudent
1792 2399 1876 2454 illi
1897 2415 2027 2454 eum
2050 2416 2150 2470 po-

457 2487 743 2543 tissimum
781 2485 1109 2554 occurrisse,
1137 2485 1229 2540 cui
1267 2485 1521 2540 solebant
1550 2485 1613 2540 in
1645 2486 2028 2557 suspicionem
2054 2503 2148 2543 ve-

459 2575 581 2630 nire
613 2575 930 2630 ablatarum
954 2589 1148 2628 rerum
1177 2590 1306 2645 qua:
1331 2576 1613 2644 perissent
1627 2575 1696 2630 de
1725 2575 1872 2645 foro,
1893 2579 1958 2630 ut
1987 2574 2150 2647 quasi

457 2663 687 2718 tandem
716 2662 811 2718 ille
833 2666 1199 2733 cognosceret
1226 2678 1260 2716 a
1285 2661 1494 2734 quibus
1520 2662 1644 2717 hrec
1671 2663 1900 2720 fierent.
1937 2665 2147 2719 Verum

457 2754 648 2805 autem
677 2750 895 2805 viderat
911 2749 1086 2804 homo
1109 2765 1260 2820 saepe
1286 2749 1555 2820 Alypium
1572 2749 1634 2804 in
1653 2751 1822 2806 domo
1853 2751 2149 2822 cujusdam

458 2837 734 2894 senatoris
763 2837 836 2892 ad
865 2853 1036 2909 quem
1067 2837 1431 2892 salutandum
1459 2836 1809 2892 ventitabat:
1841 2837 2151 2910 statimque

457 2925 751 2997 cognitum
788 2941 964 2980 manu
995 2925 1353 2996 apprehensa
1381 2923 1622 2978 semovit
1647 2941 1680 2979 a
1705 2925 1907 2994 turbis,
1929 2929 1984 2980 et
2008 2924 2146 2980 tanti

457 3015 592 3070 mali
608 3031 836 3070 causam
861 3030 1146 3086 quaerens,
1177 3012 1315 3085 quid
1333 3015 1558 3084 gestum
1589 3017 1734 3068 esset
1763 3013 2150 3068 audivitzom-

456 3118 670 3174 nasque
689 3103 1104 3158 tumultuantes
1127 3100 1226 3172 qui
1246 3101 1482 3155 aderant
1510 3103 1566 3154 et
1583 3100 1882 3155 minaciter
1909 3101 2152 3155 fremen-

456 3193 541 3244 tes
569 3189 734 3260 jussit
760 3187 955 3244 venire
985 3203 1197 3242 secum.
1224 3187 1290 3241 Et
1316 3192 1598 3241 venerunt
1637 3187 1708 3241 ad
1738 3187 1974 3242 domum
1999 3187 2153 3241 illius

458 3276 830 3331 adolescentis
861 3275 962 3347 qui
988 3291 1111 3329 rem
1139 3273 1518 3328 commiserat.
1552 3276 1700 3329 Puer
1729 3291 1861 3329 vero
1880 3279 2002 3330 erat
2020 3280 2151 3330 ante

460 3364 691 3430 ostium,
717 3368 773 3418 et
785 3368 904 3417 tam
925 3379 1132 3433 parvus
1153 3366 1274 3416 erat
1297 3365 1363 3415 ut
1386 3360 1529 3415 nihil
1559 3361 1764 3416 exinde
1786 3362 2018 3417 domino
2051 3379 2151 3418 suo

459 3455 740 3517 metuens,
774 3450 938 3504 facile
958 3453 1144 3520 posset
1163 3453 1346 3503 totum
1369 3447 1621 3503 indicare
1645 3465 1659 3503 :
1679 3465 1809 3503 cum
1839 3466 1907 3504 eo
1938 3449 2151 3522 quippe

457 3539 518 3593 in
549 3539 672 3594 foro
702 3537 809 3592 fuit
836 3537 1229 3609 pedissequus.
1263 3537 1444 3601 Quem
1489 3541 1863 3608 posteaquam
1909 3539 2154 3594 recoluit

457 3626 716 3698 Alypius,
746 3625 1050 3680 architecto
1081 3623 1385 3679 intimavit.
1425 3624 1615 3679 Atille
1641 3625 1881 3680 securim
1921 3627 2154 3682 demon-

457 3714 655 3769 stravit
690 3730 888 3786 puero,
921 3729 1185 3785 quaerens
1215 3713 1285 3768 ab
1316 3729 1382 3768 eo
1411 3713 1572 3786 cujus
1616 3719 1782 3770 esset.
1817 3715 1926 3780 Qui
1956 3716 2150 3770 confe-

457 3803 607 3870 stim,
641 3804 862 3869 Nostra,
889 3801 1078 3872 inquit
1107 3817 1119 3856 :
1152 3801 1357 3857 deinde
1386 3800 1771 3878 interrogatus
1803 3804 2029 3878 aperuit
2049 3821 2152 3860 cre-

458 3895 598 3945 tera.
627 3891 714 3945 Sic
735 3889 797 3944 in
821 3889 977 3944 illam
1007 3890 1242 3944 domum
1272 3889 1547 3944 translata
1566 3905 1754 3956 causa,
1786 3891 2150 3964 confusisque

457 3980 637 4036 turbis
657 3996 785 4052 qua:
815 3980 883 4035 de
912 3978 1012 4033 illo
1053 3978 1408 4049 triumphare
1433 3979 1555 4050 jam
1585 3984 1892 4052 coeperant,
1922 3981 2151 4036 futurus

456 4070 810 4140 dispensator
848 4067 1008 4122 verbi
1052 4066 1156 4134 tui,
1213 4071 1268 4120 et
1318 4067 1629 4122 multarum
1667 4067 1729 4121 in
1765 4068 2007 4123 Ecclesia
2055 4074 2153 4124 tua

455 4171 756 4212 causarum
773 4153 1140 4220 examinator,
1167 4153 1549 4224 experientior
1573 4153 2015 4228 instructiorque
2037 4156 2150 4213 dis-

459 4243 644 4300 cessit.

1151 4327 1373 4382 CAPUT
1403 4329 1466 4383 .

666 4423 740 4475 De
770 4419 1081 4485 integritate
1108 4417 1305 4486 Alypii
1324 4421 1375 4473 et
1403 4418 1638 4474 adventu
1660 4419 1936 4477 Nebridii.

536 4511 616 4561 16.
647 4507 805 4560 Hunc
834 4521 968 4575 ergo
1019 4507 1217 4560 Romae
1249 4502 1600 4572 inveneram,
1641 4510 1699 4560 et
1729 4506 1971 4562 adhaesit
2004 4509 2150 4564 mihi

454 4593 763 4650 fortissimo
790 4593 1034 4658 vinculo,
1067 4608 1406 4664 mecumque
1447 4593 1826 4650 Mediolanum
1866 4597 2151 4666 profectus

458 4684 564 4748 est,
591 4684 786 4734 utnec
815 4694 908 4734 me
960 4677 1260 4745 desereret,
1295 4682 1352 4732 et
1382 4678 1451 4733 de
1497 4678 1627 4749 jure
1678 4680 1832 4752 quod
1875 4680 2152 4738 didicerat

459 4767 673 4839 aliquid
693 4771 905 4838 ageret,
921 4766 1232 4821 secundum
1243 4769 1438 4821 votum
1450 4767 1631 4838 magis
1651 4772 1956 4840 parentum
1977 4787 2150 4842 quam

458 4867 646 4906 suum.
678 4852 742 4905 Et
771 4852 883 4905 ter
904 4852 1026 4922 jam
1057 4851 1340 4907 assederat
1368 4851 1618 4907 mirabili
1646 4854 1999 4910 continentia
2037 4873 2147 4912 cie-

457 4939 614 5008 teris,
644 4955 775 4993 cum
811 4939 907 4994 ille
936 4939 1116 5011 magis
1144 4939 1451 4995 miraretur
1489 4956 1585 4996 eos
1622 4941 1723 5013 qui
1742 4958 1948 4998 aurum
1977 4943 2148 4998 inno-

458 5026 658 5081 centiae
689 5033 1111 5098 praeponerent.
1139 5029 1373 5083 Tentata
1400 5033 1484 5084 est
1505 5045 1736 5101 quoque
1761 5031 1882 5101 ejus
1903 5030 2145 5100 indoles,

458 5130 578 5168 non
607 5115 793 5170 solum
823 5115 1087 5170 illecebra
1115 5117 1458 5187 cupiditatis,
1489 5116 1587 5172 sed
1619 5117 1792 5173 etiam
1822 5119 2053 5175 stimulo
2083 5119 2151 5175 ti-

569 5247 692 5295 Bad.
722 5247 839 5296 Am.
859 5247 944 5296 Er.
965 5251 1017 5296 et
1039 5247 1251 5304 Blas.,et
1271 5248 1495 5297 ibi.Lov.
1519 5247 1738 5303 Somm..
1761 5247 2151 5307 etinterhacmt

458 5308 578 5375 Mss.
580 5309 1114 5375 plurespotioresque
1125 5324 1247 5375 cum
1267 5310 1391 5358 Arn.
1407 5309 1630 5375 habent:
1652 5313 1716 5358 Et
1732 5315 1813 5360 ter
1815 5310 1939 5375 jam
1956 5314 2152 5364 asside-

457 5373 564 5418 rat.
580 5370 929 5434 Praetulimus;
944 5370 1064 5420 nam
1081 5372 1298 5434 Alypius
1310 5372 1520 5420 tertium
1543 5375 1730 5434 unctus
1746 5370 2022 5422 assessoris
2037 5389 2148 5423 mu-

457 5432 792 5500 nere-dicitur
810 5433 963 5500 etiam
977 5432 1159 5500 postea
1177 5432 1264 5482 lib.
1298 5435 1458 5500 8,c.
1501 5446 1514 5481 :
1544 5433 1737 5500 Mecum
1757 5436 2146 5500 eratAlypius,

458 5492 628 5554 inquit
638 5495 852 5556 August.
862 5492 1147 5554 ,otio'susab
1159 5507 1316 5558 apere
1322 5493 1889 5558 jurisperitorumpost
1902 5492 2148 5548 as'essioL

457 5564 586 5603 nem
607 5558 838 5615 tertiam,
861 5559 1167 5620 exspectans
1188 5556 1383 5617 quibus
1417 5557 1611 5607 iterum
1637 5557 1860 5607 consilia
1882 5559 2143 5610 venderet.

1628 343 2172 401 (.UNFESSIONUM
2227 345 2282 400 S.
2324 343 2732 403 AUGUSTINI.

3855 345 3980 398 728

2245 465 2440 524 moris.
2472 468 2671 521 Romae
2693 462 3181 520 assidebatcomiti
3212 462 3584 536 largitionum
3616 461 3968 518 ltaliciana-

2246 553 2432 610 rum.
2463 556 2592 610 Erat
2611 569 2678 609 co
2697 556 2958 625 tempore
2981 552 3215 624 quidam
3237 551 3673 624 potentissimus
3695 555 3971 617 senator,

2249 643 2410 715 cujus
2438 647 2494 698 et
2525 643 2812 698 beneficiis
2861 640 3116 696 obstricti
3167 640 3331 695 multi
3371 645 3429 696 et
3483 640 3696 695 terrori
3737 639 3972 695 subditi

2249 735 2428 786 erant.
2478 730 2666 786 Voluit
2703 729 2810 785 sibi
2860 729 3031 784 licere
3061 728 3260 784 nescio
3280 728 3416 800 quid
3447 745 3514 783 ex
3542 744 3708 784 more
3748 733 3975 800 poten-

2248 821 2342 874 tiae
2371 837 2508 886 suae,
2539 819 2692 892 quod
2721 823 2870 873 esset
2896 834 2999 890 per
3028 818 3180 890 leges
3209 817 3472 872 illicitum
3499 834 3513 884 ;
3580 817 3804 872 restitit
3844 819 3964 890 Aly

2249 907 2378 980 pius
2403 924 2416 974 ;
2444 907 2788 978 promissum
2826 910 2910 961 est
2939 905 3239 978 praemium
3269 921 3284 971 ;
3316 905 3494 960 irrisit
3523 905 3722 960 animo
3749 919 3762 960 :
3809 922 3973 976 prte-

2250 1000 2422 1050 tentaa
2435 995 2634 1061 minae;
2667 994 2925 1049 calcavit:
2956 993 3298 1048 mirantibus
3325 993 3594 1048 omnibus
3619 994 3969 1048 inusitatam

2253 1083 2522 1150 animam,
2555 1098 2685 1153 quae
2726 1081 3022 1136 hominem
3064 1085 3307 1151 tantum,
3339 1085 3394 1136 et
3431 1081 3969 1137 innumerabilibus

2251 1170 2560 1243 praestandi
2587 1170 2948 1242 nocendique
2969 1169 3154 1226 modis
3177 1169 3399 1242 ingenti
3429 1171 3583 1224 fama
3599 1171 3964 1225 celebratum

2252 1262 2337 1316 vel
2352 1261 2596 1315 amicum
2622 1276 2742 1315 non
2772 1263 3016 1328 optaret,
3040 1259 3127 1314 vel
3151 1275 3266 1313 non
3278 1259 3612 1314 formidaret
3625 1259 3960 1324 inimicum,

2255 1351 2378 1421 Ipse
2407 1353 2598 1404 autem
2637 1349 2836 1419 judex,
2893 1346 2986 1402 cui
3024 1346 3374 1402 consiliarius
3418 1352 3561 1415 erat,
3609 1348 3881 1419 quamvis
3908 1353 3966 1402 et

2254 1437 2375 1508 ipse
2405 1436 2530 1492 fieri
2559 1437 2754 1504 nollet,
2787 1451 2900 1490 non
2931 1439 3124 1490 tamen
3161 1438 3357 1506 aperte
3387 1436 3727 1490 recusabat:
3765 1435 3871 1489 sed
3902 1434 3961 1488 in

2255 1526 2428 1581 istum
2457 1541 2684 1580 causam
2714 1524 3082 1592 transferens,
3112 1524 3183 1577 ab
3214 1539 3280 1578 eo
3314 1539 3372 1578 se
3418 1539 3536 1578 non
3577 1523 3847 1594 permitti
3880 1539 3966 1578 as-

2255 1615 2516 1682 serebat;
2549 1613 2684 1686 quia
2709 1617 2764 1668 et
2817 1629 3016 1668 revera
3059 1613 3102 1666 si
3133 1612 3252 1684 ipse
3284 1613 3512 1680 faceret,
3552 1613 3661 1668 iste
3707 1613 3967 1668 discede-

2257 1708 2360 1759 ret.
2389 1705 2505 1758 Hoc
2543 1703 2662 1758 solo
2691 1707 2882 1757 autem
2914 1717 3060 1774 pene
3081 1701 3203 1772 jam
3229 1701 3450 1756 illectus
3495 1705 3617 1756 erat
3645 1701 3841 1756 studio
3871 1701 3966 1755 lit-

2256 1791 2490 1860 terario,
2519 1795 2583 1846 ut
2629 1791 2826 1862 pretiis
2856 1788 3213 1862 praetorianis
3256 1789 3479 1844 codices
3508 1789 3616 1843 sibi
3646 1789 3962 1844 concien-

2257 1880 2359 1935 dos
2383 1884 2604 1934 curaret
2636 1896 2648 1934 :
2681 1878 2777 1933 sed
2823 1879 3082 1933 consulta
3119 1877 3339 1949 justitia
3381 1877 3865 1932 deliberationem
3899 1877 3960 1932 in

2261 1968 2463 2022 melius
2491 1967 2655 2022 vertit
2679 1983 2693 2035 ;
2732 1966 3018 2021 utiliorem
3045 1966 3304 2038 judicans
3325 1966 3654 2038 aequitatem
3681 1983 3800 2040 qua
3827 1983 3969 2038 pro-

2259 2056 2578 2122 hibebatur,
2611 2071 2785 2127 quam
2814 2059 3152 2126 potestatem
3181 2071 3295 2126 qua
3342 2055 3660 2110 sinebatur.
3709 2057 3969 2110 Parvum

2259 2149 2345 2198 est
2371 2144 2478 2198 hoc
2504 2161 2517 2211 ;
2536 2145 2631 2198 sed
2653 2142 2752 2215 qui
2769 2143 2829 2197 in
2849 2159 3020 2214 parvo
3039 2142 3222 2197 delis
3251 2145 3349 2207 est,
3369 2147 3425 2198 et
3449 2142 3510 2197 in
3532 2159 3749 2215 magno
3776 2143 3971 2198 delis

2259 2236 2367 2288 est.
2403 2233 2513 2287 Nec
2540 2231 2656 2286 ullo
2673 2231 2845 2286 modo
2860 2230 2968 2285 erit
2986 2230 3176 2298 inane,
3200 2231 3352 2302 quod
3365 2231 3434 2286 de
3448 2235 3560 2286 tuae
3573 2231 3846 2286 Veritatis
3865 2247 3969 2286 ore

2257 2318 2566 2391 processit:
2597 2321 2663 2374 Si
2697 2320 2755 2374 in
2784 2319 2989 2389 injusto
3035 2333 3341 2372 mammona
3367 2318 3546 2388 deles
3576 2333 3684 2373 non
3731 2320 3968 2386 fuistis;

2261 2409 2405 2478 quod
2431 2424 2615 2463 verum
2639 2411 2736 2475 est,
2769 2410 2889 2478 quis
2910 2407 3086 2462 credet
3113 2407 3261 2461 vobis
3279 2407 3307 2462 ?
3325 2409 3397 2462 Et
3416 2409 3467 2461 si
3493 2409 3551 2461 in
3578 2407 3752 2461 alieno
3780 2407 3970 2476 deles

2259 2512 2364 2552 non
2388 2495 2578 2564 fuistis
2599 2511 2613 2563 ;
2634 2496 2778 2566 quod
2795 2500 3001 2550 vestum
3019 2499 3116 2560 est,
3140 2497 3261 2564 quis
3287 2494 3600 2550 dabitvobis
3619 2497 3648 2550 ?
3675 2494 3834 2564 (Luc.
3849 2511 3966 2562 xvi,

2265 2586 2470 2654 10-12.)
2502 2584 2650 2640 Talis
2677 2583 2772 2638 ille
2793 2589 2930 2638 tunc
2951 2583 3267 2638 inhwrebat
3295 2583 3461 2654 mihi,
3491 2600 3839 2656 mecumque
3861 2601 3966 2639 nu-

2259 2673 2415 2728 tabat
2435 2673 2492 2726 in
2509 2672 2768 2740 consilio,
2799 2671 3063 2744 quisnam
3089 2676 3238 2726 esset
3264 2672 3545 2727 tenendus
3573 2672 3705 2727 vitae
3728 2674 3963 2728 modus.

2335 2765 2420 2816 t7.
2456 2759 2760 2816 Nebridius
2797 2759 2971 2815 etiam
3019 2759 3120 2832 qui
3160 2759 3359 2815 relicta
3401 2759 3586 2831 patria
3619 2760 3807 2815 vicina
3840 2762 3966 2817 Car.

2262 2847 2507 2919 thagini,
2539 2852 2712 2919 atque
2753 2847 2876 2919 ipsa
2923 2845 3262 2918 Carthagine
3311 2847 3414 2903 ubi
3459 2847 3966 2920 frequentissimus

2262 2941 2401 3004 erat,
2433 2936 2630 2992 relicto
2656 2951 2789 2992 rure
2813 2939 3050 3007 paterno
3080 2935 3320 3007 optimo,
3343 2935 3539 2990 relicta
3563 2937 3737 2991 domo
3758 2940 3818 2991 et
3848 2953 3969 2992 non

2263 3029 2526 3079 secutura
2552 3028 2754 3091 matre,
2772 3023 2991 3078 nullam
3018 3024 3090 3078 ob
3116 3023 3285 3078 aliam
3309 3040 3538 3078 causam
3568 3024 3962 3080 Mediolanum

2261 3117 2510 3178 venerat,
2544 3111 2654 3167 nisi
2682 3116 2745 3167 ut
2768 3128 2994 3166 mecum
3021 3111 3235 3166 viveret
3275 3111 3337 3166 in
3366 3113 3814 3184 flagrantissimo
3847 3118 3963 3169 stu-

2262 3201 2356 3255 dio
2386 3199 2637 3256 veritatis
2667 3203 2836 3271 atque
2865 3198 3194 3270 sapientiae:
3228 3199 3445 3270 pariter
3471 3200 3818 3272 suspirabat,
3857 3219 3964 3273 pa-

2262 3289 2514 3360 riterque
2555 3288 2886 3354 uctuabat,
2925 3288 3103 3342 beatae
3135 3287 3267 3342 vita:
3311 3288 3614 3360 inquisitor
3644 3290 3879 3358 ardens,
3911 3297 3970 3347 et

2263 3376 2646 3448 quaestionum
2675 3375 3144 3431 diflicillimarum
3174 3380 3455 3431 scrutator
3493 3377 3835 3433 acerrimus.
3897 3381 3969 3434 Et

2263 3471 2426 3523 erant
2452 3483 2551 3522 ora
2577 3467 2753 3523 trium
2784 3467 3094 3539 egentium,
3125 3471 3181 3522 et
3226 3468 3482 3540 inopiam
3513 3485 3677 3524 suam
3724 3470 3966 3527 sibimet

2259 3555 2501 3611 invicem
2532 3555 2944 3620 anhelantium,
2966 3560 3022 3611 et
3043 3573 3076 3611 a
3103 3561 3158 3611 te
3187 3557 3662 3628 exspectantium,
3693 3563 3762 3613 ut
3792 3559 3964 3614 dares

2261 3645 2344 3700 eis
2374 3661 2558 3700 escam
2589 3644 2649 3699 in
2680 3649 2941 3716 tempore
2978 3649 3320 3716 opportuno.
3355 3646 3420 3700 Et
3455 3645 3518 3700 in
3555 3646 3716 3701 omni
3751 3647 3969 3702 amari-

2261 3733 2459 3787 tudine
2481 3749 2608 3804 quae
2628 3737 2853 3787 nostros
2871 3733 3166 3788 saeculares
3180 3737 3338 3788 actus
3359 3733 3429 3788 de
3449 3733 3850 3790 misericordia.
3867 3740 3971 3791 tua

2262 3820 2624 3890 sequebatur,
2652 3817 3005 3873 intuentibus
3023 3817 3189 3873 nobis
3210 3819 3384 3874 finem
3401 3835 3503 3874 cur
3525 3836 3592 3874 ea
3604 3825 3965 3890 pateremur,

2263 3908 2635 3962 occurrebant
2660 3907 2949 3974 tenebrae;
2980 3910 3038 3960 et
3065 3908 3468 3962 aversabamur
3547 3913 3869 3979 gementes,
3911 3916 3969 3965 et

2261 3995 2622 4050 dicebamus:
2653 3993 2940 4060 Quamdiu
2963 3994 3122 4050 haec?
3149 3996 3214 4050 Et
3241 3995 3347 4050 hoc
3370 3997 3569 4051 crebro
3597 3997 3962 4060 dicebamus;

2262 4087 2317 4137 et
2345 4083 2594 4138 dicentes
2621 4098 2738 4138 non
2766 4082 3236 4155 relinquebamus
3267 4100 3368 4152 ea;
3403 4085 3538 4156 quia
3569 4101 3689 4140 non
3711 4087 3970 4142 elucebat

2263 4174 2482 4225 certum
2512 4169 2730 4242 aliquid
2767 4171 2924 4243 quod
2960 4171 3074 4226 illis
3115 4170 3330 4226 relictis
3379 4173 3965 4244 apprehenderemus.

2933 4259 3158 4314 CAPUT
3193 4260 3279 4315 .

2578 4347 2920 4415 Augustinus
2947 4347 3013 4403 de
3039 4347 3376 4404 instituenda
3433 4349 3548 4403 vita
3601 4348 3893 4406 deliberat.

2336 4437 2420 4490 t8.
2454 4435 2520 4489 Et
2556 4451 2660 4504 ego
2689 4436 2936 4490 maxime
2978 4435 3245 4503 mirabar,
3290 4441 3552 4508 satagens
3583 4441 3639 4492 et
3684 4440 3964 4507 recolens,

2261 4539 2434 4593 quam
2463 4523 2938 4595 longumtempus
2960 4525 3186 4580 essetab
3201 4524 3628 4596 undevigesimo
3648 4542 3805 4581 anno
3830 4532 3959 4582 aeta-

2260 4609 2332 4666 tis
2357 4627 2520 4681 meae,
2549 4627 2662 4682 quo
2689 4611 2905 4668 fervere
2935 4629 3218 4684 cmperam
3248 4613 3440 4668 studio
3470 4613 3773 4685 sapientiae
3799 4632 3814 4682 ;
3848 4616 3961 4671 dis-

2260 4715 2500 4770 ponens,
2532 4716 2599 4755 ea
2626 4699 2877 4768 inventa,
2901 4701 3225 4772 relinquere
3255 4717 3455 4756 omnes
3486 4717 3766 4758 vanarum
3805 4705 3964 4776 cupi-

2259 4786 2502 4843 ditatum
2544 4805 2672 4859 spes
2712 4788 2911 4844 inanes
2941 4792 2996 4843 et
3022 4788 3274 4843 insanias
3322 4790 3668 4845 mendaces:
3722 4796 3783 4847 et
3843 4810 3964 4848 ecce

2254 4875 2376 4946 jam
2404 4876 2767 4931 tricenariam
2797 4882 3026 4932 aetatem
3050 4878 3341 4948 gerebam,
3374 4877 3435 4932 in
3465 4879 3670 4934 eodem
3702 4881 3826 4936 luto
3855 4883 3964 4937 hs:-

2261 4963 2434 5018 sitans
2469 4964 2732 5020 aviditate
2776 4965 3004 5020 fruendi
3061 4965 3461 5037 praesentibus,
3507 4966 3870 5039 fugientibus
3913 4975 3965 5024 et

2260 5051 2662 5123 dissipantibus
2713 5068 2826 5121 me,
2882 5053 3020 5108 dum
3063 5055 3224 5109 dico:
3281 5055 3414 5110 Cras
3443 5053 3776 5124 inveniam;
3837 5075 3961 5114 ecce

2263 5141 2626 5194 manifestum
2655 5141 2971 5211 apparebit,
2997 5146 3050 5197 et
3082 5143 3319 5198 tenebo:
3353 5159 3478 5198 ecce
3511 5144 3755 5198 Faustus
3774 5146 3963 5200 veniet

2262 5232 2318 5282 et
2355 5232 2602 5299 exponet
2647 5228 2862 5283 omnia.
2975 5229 3172 5301 magni
3198 5230 3304 5284 viri
3336 5231 3688 5286 Academici!
3723 5233 3874 5288 nihil
3897 5236 3964 5290 ad

2353 5315 2502 5378 Apud
2519 5316 3120 5375 Lov..I(alicarum;atin
3139 5318 3359 5367 vetustis
3381 5317 3965 5373 Cdetalicianarum.

2261 5376 2336 5450 uti
2348 5376 2594 5450 scribitur
2613 5377 2768 5450 etiam
2788 5378 3377 5450 inNotitiadignitatum
3396 5381 3626 5450 Imperii,
3644 5385 3700 5430 et
3715 5383 3786 5432 ab
3807 5385 3871 5434 iis
3885 5387 3967 5449 qui

2261 5438 2542 5505 de_C_on_iite
2571 5439 2938 5505 largitionibus
2958 5441 3013 5505 in
3041 5438 3294 5505 faciendis
3327 5457 3435 5505 pra:
3461 5438 3598 5505 lecto
3617 5438 3816 5505 agunt.

2323 5502 2342 5534 2
2369 5500 2961 5565 lu_B._atuersabiamur.
2983 5503 3142 5565 Juxta
3165 5502 3250 5550 Er.
3273 5500 3440 5565 Lugd.
3460 5504 3591 5552 Ven.
3620 5500 3752 5555 Lov.
3769 5507 3968 5559 Somm.

2261 5560 2384 5612 Arn.
2412 5562 2545 5612 Dub.
2578 5563 2727 5612 Mart.
2763 5563 2872 5613 Flo.
2903 5567 2956 5614 et
2989 5564 3179 5624 Roud.,
3211 5560 3664 5617 adversabantur.
3771 5569 3838 5620 .
