4058 6344
206 334 309 384 729

206 457 488 532 agendam
512 454 687 510 vitam
702 453 844 510 certi
870 450 1279 524 comprehendi
1298 453 1499 522 potest.
1532 451 1652 506 lmo
1679 465 1904 521 quaera-

210 563 339 603 mus
377 543 730 616 diligentius,
779 547 841 597 et
887 557 1003 596 non
1045 541 1429 612 desperemus.
1479 540 1618 593 Ecce
1642 539 1762 609 jam
1792 553 1911 592 non

210 640 345 692 sunt
371 634 614 690 absurda
630 632 692 687 in
712 631 895 688 Libris
925 629 1311 686 ecclesiasticis
1331 646 1460 702 qua
1484 629 1727 684 absurda
1748 629 1912 684 vide-

212 725 443 792 bantur,
476 725 533 777 et
564 723 805 792 possunt
849 718 1015 774 aliter
1041 722 1212 788 atque
1241 717 1480 772 honeste
1509 717 1773 788 intelligi.
1823 716 1910 770 Fi-

213 829 346 885 gam
388 811 560 883 pedes
602 810 663 864 in
711 825 778 864 eo
817 808 998 879 gradu
1047 806 1107 860 in
1154 823 1268 877 quo
1311 822 1455 878 puer
1500 822 1534 860 a
1581 805 1913 876 parentibus

214 900 434 973 positus
477 914 652 964 eram,
701 897 880 952 donec
943 895 1270 950 inveniatur
1317 894 1616 966 perspicua
1683 894 1908 949 veritas.

215 989 323 1044 Sed
356 985 452 1042 ubi
480 986 808 1058 quaeretur?
833 983 1063 1054 quando
1102 985 1427 1054 quaeretur?
1445 982 1569 1036 Non
1600 985 1758 1036 vacat
1783 983 1916 1036 Am-

214 1076 430 1142 brosio,
454 1089 573 1128 non
589 1075 749 1126 vacat
767 1071 956 1142 legere
971 1110 984 1124 .
1016 1069 1122 1125 Ubi
1146 1069 1299 1140 ipsos
1319 1068 1542 1124 codices
1563 1069 1912 1140 quarimus?

216 1165 390 1230 unde,
423 1165 522 1217 aut
557 1160 790 1233 quando
828 1160 1268 1229 comparamus?
1300 1174 1332 1212 a
1361 1157 1569 1229 quibus
1595 1156 1916 1212 sumimus?

221 1253 574 1324 Deputentur
624 1253 906 1320 tempora,
954 1246 1366 1301 distribuantur
1405 1245 1561 1300 hora
1597 1260 1702 1316 pro
1734 1246 1915 1300 salute

215 1340 442 1396 anima.
474 1340 676 1410 Magna
705 1353 831 1408 spes
881 1334 1082 1389 oborta
1111 1338 1222 1389 est:
1276 1349 1392 1388 non
1437 1333 1600 1388 docet
1641 1333 1917 1388 catholica

215 1429 357 1484 ﬁdes
413 1426 566 1499 quod
613 1425 976 1496 putabamus,
1008 1427 1066 1478 et
1101 1421 1233 1476 vani
1263 1421 1699 1488 accusabamus;
1759 1421 1915 1476 nefas

214 1517 431 1572 habent
451 1513 602 1569 docti
631 1513 753 1584 ejus
778 1511 1005 1566 credere
1036 1512 1218 1565 Deum
1242 1509 1428 1579 figura
1453 1509 1693 1564 humani
1713 1524 1915 1579 corpo-

213 1603 295 1659 ris
324 1601 724 1656 terminatum:
757 1602 813 1653 et
841 1597 1168 1653 dubitamus
1196 1595 1423 1667 pulsare
1449 1611 1564 1666 quo
1585 1594 1917 1666 aperiantur

216 1694 460 1747 caetera?
505 1686 987 1744 Antemeridianis
1040 1684 1232 1740 horis‘
1287 1683 1553 1755 discipuli
1601 1688 1912 1755 occupant:

219 1778 438 1835 cateris
465 1776 604 1850 quid
633 1775 910 1831 facimus?
928 1789 1029 1828 cur
1051 1789 1167 1828 non
1196 1773 1252 1827 id
1273 1772 1536 1844 agimus?
1556 1771 1664 1826 Sed
1689 1772 1916 1843 quando

218 1869 532 1922 salutamus
573 1864 787 1919 amicos
835 1862 1099 1933 majores,
1148 1876 1398 1932 quorum
1448 1859 1734 1930 suffragiis
1773 1876 1916 1930 opus

218 1953 533 2012 habemus?
564 1951 795 2024 quando
815 1964 1209 2021 praparamus
1233 1948 1385 2020 quod
1411 1950 1604 2002 emant
1629 1946 1920 2001 scholasti-

218 2041 317 2098 ei?
359 2041 590 2115 quando
627 2055 960 2112 reparamus
991 2054 1094 2093 nos
1123 2037 1300 2109 ipsos,
1334 2035 1591 2091 animum
1613 2035 1919 2090 relaxando

222 2133 292 2187 ab
320 2131 639 2187 intentione
670 2127 978 2184 curarum?

301 2224 379 2277 l9.
417 2221 658 2274 Pereant
688 2216 899 2283 omnia,
923 2219 980 2270 et
1008 2213 1364 2269 dimittamus
1391 2213 1514 2268 hac
1534 2227 1677 2267 vana
1709 2215 1768 2267 et
1794 2210 1919 2266 ina-

218 2309 344 2364 nia:
377 2308 735 2362 conferamus
775 2320 881 2358 nos
914 2303 987 2357 ad
1015 2302 1198 2363 solam
1235 2300 1666 2372 inquisitionem
1705 2299 1919 2354 verita-

216 2397 309 2452 tis.
352 2395 614 2450 Vitaliac
632 2392 841 2447 misera
885 2395 998 2456 est;
1040 2405 1192 2443 mors
1230 2389 1464 2443 incerta.
1489 2388 1547 2443 Si
1572 2387 1760 2442 subito
1811 2387 1921 2441 ob-

219 2488 402 2556 repat,
429 2481 717 2555 quomodo
747 2480 882 2536 hinc
909 2478 1224 2534 exibimus?
1253 2481 1310 2532 et
1328 2477 1430 2533 ubi
1458 2476 1624 2532 nobis
1649 2475 1920 2531 discenda

216 2578 356 2628 sunt
383 2588 512 2644 qua
539 2570 632 2626 hic
662 2567 1057 2641 negleximus?
1076 2568 1164 2620 An
1191 2582 1309 2620 non
1327 2565 1519 2637 potius
1540 2565 1712 2635 hujus
1741 2562 1925 2634 negli-

218 2662 430 2735 gentia
459 2658 738 2731 supplicia
762 2657 973 2714 luenda
998 2655 1166 2710 sunt?
1199 2653 1365 2721 Quid,
1399 2654 1445 2708 si
1469 2669 1621 2708 mors
1651 2652 1775 2723 ipsa
1801 2666 1922 2706 om-

222 2767 356 2807 nem
389 2765 587 2805 curam
615 2763 745 2802 cum
793 2761 964 2801 sensu
995 2743 1318 2815 amputabit
1351 2747 1408 2798 et
1432 2742 1632 2797 finiet?
1669 2743 1815 2812 Ergo
1868 2745 1925 2796 et

223 2840 333 2894 hoc
360 2835 756 2909 quaerendum.
788 2833 897 2889 Sed
918 2831 1068 2887 absit
1096 2837 1162 2886 ut
1192 2832 1274 2886 ita
1301 2830 1399 2887 sit.
1439 2832 1563 2886 Non
1593 2834 1772 2896 vacat,
1805 2845 1924 2884 non

223 2931 310 2982 est
335 2926 504 2980 inane
534 2923 691 2995 quod
720 2927 838 2978 tam
868 2920 1128 2976 eminens
1157 2919 1384 2974 culmen
1405 2917 1758 2973 auctoritatis
1779 2917 1924 2973 chri’

223 3014 426 3069 stiana
455 3011 590 3066 ﬁdei
614 3015 734 3065 toto
764 3010 901 3064 orbe
933 3006 1290 3063 diffunditur.
1332 3008 1637 3078 Nunquam
1679 3010 1838 3060 tanta
1866 3008 1924 3060 et

225 3102 362 3157 talia
387 3115 492 3172 pro
531 3098 695 3155 nobis
724 3097 997 3153 divinitus
1018 3101 1344 3167 agerentur,
1384 3095 1432 3149 si
1462 3097 1642 3150 morte
1669 3093 1922 3164 corporis

226 3190 399 3245 etiam
426 3189 542 3243 vita
567 3187 775 3243 anima
803 3189 1254 3241 consumeretur.
1275 3184 1419 3250 Quid
1448 3187 1782 3238 cunctamur
1808 3181 1921 3253 igi-

227 3282 323 3332 tur
349 3276 547 3333 relicta
574 3292 674 3346 spe
706 3274 920 3340 saculi,
961 3273 1219 3328 conferre
1251 3290 1353 3328 nos
1383 3277 1532 3327 totos
1559 3271 1633 3326 ad
1658 3286 1923 3343 quaren-

225 3365 364 3420 dum
399 3366 575 3419 Deum
605 3368 664 3419 et
699 3363 877 3418 vitam
901 3359 1169 3416 beatam?
1200 3361 1306 3416 Sed
1347 3365 1640 3430 exspecta:
1667 3359 1923 3430 jucunda

227 3457 359 3508 sunt
373 3453 543 3508 etiam
559 3452 698 3520 ista;
720 3451 934 3506 habent
952 3466 1070 3505 non
1091 3465 1327 3522 parvam
1348 3447 1706 3504 dulcedinem
1728 3462 1918 3502 suam:

225 3558 344 3597 non
372 3541 535 3598 facile
563 3541 635 3596 ab
665 3539 748 3596 eis
776 3539 1134 3612 pracidenda
1172 3542 1258 3592 est
1285 3537 1556 3607 intentio,
1590 3536 1727 3608 quia
1755 3540 1922 3607 turpe

226 3634 311 3685 est
339 3631 410 3686 ad
445 3646 514 3685 ea
548 3645 780 3684 rursum
808 3627 1016 3683 redire.
1062 3628 1198 3681 Ecce
1239 3626 1362 3697 jam
1393 3630 1678 3697 quantum
1713 3629 1820 3690 est,
1861 3628 1925 3679 ut

224 3718 563 3790 impetretur
587 3717 794 3788 aliquis
823 3716 1045 3771 honor?
1077 3719 1132 3769 et
1159 3714 1295 3786 quid
1329 3713 1577 3784 amplius
1605 3713 1666 3768 in
1695 3713 1786 3768 his
1823 3713 1921 3768 de-

225 3806 634 3863 siderandum?
671 3805 937 3876 Suppetit
961 3803 1277 3859 amicorum
1303 3803 1589 3873 majorum
1611 3802 1798 3874 copia:
1850 3805 1916 3858 ut

226 3895 372 3950 nihil
397 3895 569 3962 aliud,
604 3898 660 3948 et
679 3894 924 3948 multum
945 3891 1300 3959 festinemus,
1331 3891 1416 3945 vel
1439 3889 1771 3962 prasidatus
1801 3889 1924 3946 dari

227 3986 441 4054 potest;
471 3986 528 4036 et
557 3981 814 4037 ducenda
844 3996 984 4035 uxor
1012 3995 1143 4034 cum
1168 3978 1358 4050 aliqua
1379 3978 1643 4048 pecunia,
1671 3994 1740 4032 ne
1771 3993 1924 4034 sun:-

228 4075 391 4143 ptum
419 4074 676 4125 nostrum
701 4073 927 4139 gravet;
960 4072 1018 4123 et
1043 4067 1140 4122 ille
1177 4067 1286 4126 erit
1323 4065 1530 4120 modus
1568 4065 1920 4136 cupiditatis.

229 4159 388 4215 Multi
425 4157 620 4230 magni
649 4157 756 4212 viri
795 4165 852 4212 et
882 4155 1202 4211 imitatione
1239 4153 1584 4227 dignissimi,
1629 4154 1923 4225 sapientia

229 4246 418 4302 studio
447 4262 580 4302 cum
606 4244 942 4318 conjugibus
971 4242 1150 4300 dediti
1171 4242 1424 4298 fuerunt.

298 4337 386 4390 20.
421 4335 561 4390 Cum
602 4335 726 4390 hac
752 4333 1030 4401 dicebam,
1059 4337 1118 4387 et
1158 4331 1516 4386 alternabant
1567 4330 1628 4386 hi
1670 4330 1822 4386 venti
1868 4334 1925 4385 et

229 4425 600 4497 impellebant
612 4425 724 4479 huc
742 4428 913 4496 atque
940 4423 1075 4477 illnc
1103 4437 1201 4477 cor
1225 4421 1765 4490 meum,transibant
1785 4425 1924 4475 tem-

228 4530 390 4585 pora,
439 4517 496 4569 et
522 4511 814 4568 tardabam
843 4510 1096 4566 converti
1124 4510 1197 4565 ad
1240 4510 1569 4579 Dominum,
1609 4515 1666 4565 et
1695 4509 1920 4567 differe-

223 4603 355 4658 bam
387 4601 456 4656 de
489 4601 580 4656 die
619 4599 682 4654 in
711 4600 864 4654 diem
901 4599 1089 4654 vivere
1131 4597 1191 4653 in
1227 4603 1304 4666 te,
1337 4604 1541 4654 etnon
1582 4598 1918 4653 differebam

226 4688 482 4759 quotidie
519 4687 581 4742 in
619 4685 956 4758 memetipso
987 4685 1153 4742 mori.
1203 4688 1416 4741 Amans
1455 4687 1675 4742 beatam
1721 4685 1919 4753 vitam,

225 4778 504 4833 timebam
532 4776 690 4830 illam
718 4775 780 4830 in
807 4775 940 4831 sede
975 4791 1108 4843 sua;
1144 4778 1202 4830 et
1227 4774 1296 4828 ab
1323 4791 1390 4829 ea
1418 4775 1665 4846 fugiens,
1698 4791 1920 4846 quare-

224 4867 359 4922 bam
391 4881 536 4921 eam.
579 4863 851 4920 Putabam
881 4862 1035 4918 enim
1073 4879 1165 4917 me
1193 4862 1467 4917 miserum
1498 4863 1620 4918 fore
1650 4861 1840 4930 nimis,
1874 4863 1921 4918 si

222 4953 455 5011 femina
477 4952 732 5025 privarer
751 4951 1129 5024 amplexibus,
1155 4956 1212 5006 et
1231 4951 1578 5006 medicinam
1599 4951 1921 5007 misericor-

224 5043 338 5098 dia
371 5046 484 5096 tua
512 5041 583 5096 ad
609 5039 1278 5095 eamdeminﬁrmitatem
1299 5040 1609 5095 sanandam
1636 5056 1750 5094 non
1766 5040 1919 5111 cogi-

223 5132 438 5198 tabam,
472 5129 608 5201 quia
630 5133 895 5200 expertus
911 5145 1026 5184 non
1049 5144 1235 5195 eram;
1258 5132 1314 5184 et
1332 5128 1694 5200 propriarum
1716 5129 1917 5184 virium

222 5220 524 5275 credebam
553 5233 674 5273 esse
698 5217 1128 5284 continentiam,
1165 5233 1411 5288 quarum
1440 5217 1586 5272 mihi
1614 5234 1732 5273 non
1762 5233 1918 5272 eram

223 5308 504 5375 conscius,
537 5323 669 5362 cum
717 5311 833 5363 tam
865 5307 1070 5362 stultus
1109 5323 1292 5362 essem
1340 5311 1402 5362 ut
1429 5306 1730 5374 nescirem,
1778 5306 1922 5361 sicut

225 5398 503 5470 scriptum
533 5401 636 5466 est,
668 5396 960 5451 neminem
989 5412 1157 5467 posse
1201 5411 1321 5450 esse
1353 5396 1762 5463 continentem,
1807 5393 1920 5450 nisi

226 5492 286 5542 tu
323 5485 548 5542 dederis
570 5487 725 5556 (Sap.
751 5502 867 5552 vm,
895 5488 956 5540 2t
990 5485 1030 5555 ).
1063 5483 1270 5556 Utique
1301 5483 1485 5554 dares,
1513 5483 1561 5538 si
1590 5484 1809 5556 gemitu
1837 5483 1920 5538 in-

295 5579 306 5611 ¹
331 5574 663 5638 Horis,iuxta
689 5575 772 5624 Er.
801 5574 964 5638 Lugd.
984 5574 1110 5624 Ven.
1128 5573 1250 5624 Lov.
1278 5573 1417 5625 Som.
1448 5572 1582 5624 Flor.
1596 5575 1648 5623 ct
1665 5570 1912 5625 RondJl.

1694 325 1907 382 LIBER
1961 324 2255 382 SEXTUS.

3609 326 3712 379 730

2019 453 2186 503 terno
2205 447 2491 519 pulsarem
2522 463 2687 504 aures
2713 453 2863 519 tuas,
2906 451 2964 503 et
2991 447 3103 502 fide
3134 445 3315 502 solida
3358 446 3417 501 in
3447 451 3501 502 te
3532 446 3711 518 jacta-

2022 553 2143 592 rem
2175 552 2373 592 curam
2394 553 2604 594 meam.

2681 609 2905 663 CAPUT
2935 608 3049 662 XII.

2024 680 2304 734 Contentio
2341 680 2482 733 inter
2518 679 2778 803 Alypiuzn
2803 683 2859 803 οἳ
2872 678 3258 801 .thégustinum
3289 675 3353 731 dc
3375 677 3715 733 matrimonio

2693 766 2719 802 e
2767 766 2836 802 car:
2863 767 2880 802 ι
2919 766 2950 802 a
2980 764 3032 802 ιι.

2092 838 2180 890 21.
2215 836 2557 890 Prohibebat
2585 851 2676 890 me
2707 852 2840 890 sane
2869 835 3104 907 Alypius
3138 835 3206 888 ab
3241 850 3410 890 uxore
3439 835 3712 897 ducenda,

2023 940 2258 979 causans
2295 927 2313 962 ί
2357 925 2514 978 nullo
2545 924 2713 978 modo
2746 940 2846 977 nos
2877 940 3041 994 posse
3076 940 3271 978 securo
3304 923 3417 978 otio
3448 923 3617 977 simul
3655 922 3716 977 in

2024 1029 2218 1067 amore
2240 1012 2533 1084 sapientia
2555 1011 2764 1081 vivere,
2787 1011 2932 1065 sicut
2945 1011 3065 1081 jam
3082 1011 3181 1065 diu
3202 1011 3652 1066 desideraremus
3672 1014 3715 1077 ³,

2024 1101 2068 1156 si
2101 1101 2158 1156 id
2180 1101 2460 1156 fecissem.
2495 1102 2625 1155 Erat
2652 1099 2806 1154 enim
2832 1099 2952 1170 ipse
2983 1099 3042 1152 in
3072 1115 3137 1152 ea
3166 1115 3225 1152 re
3256 1099 3427 1153 etiam
3456 1103 3592 1153 tunc
3619 1115 3713 1153 ca-

2025 1189 2324 1252 stissimus,
2356 1188 2434 1242 ita
2466 1191 2528 1241 ut
2561 1187 2774 1242 mirum
2813 1189 2987 1253 esset;
3021 1186 3155 1258 quia
3191 1186 3278 1239 vel
3308 1186 3717 1257 experientiam

2024 1277 2360 1332 concubitus
2389 1280 2618 1346 ceperat
2654 1275 2714 1329 in
2741 1275 3000 1346 ingressu
3033 1274 3423 1329 adolescentia
3453 1291 3591 1345 sua,
3621 1274 3719 1328 sed

2027 1382 2141 1420 non
2165 1367 2437 1431 haeserat;
2466 1364 2759 1434 magisque
2775 1364 3033 1418 doluerat
3045 1367 3100 1417 et
3117 1367 3422 1436 spreverat,
3439 1367 3495 1417 et
3515 1362 3720 1417 deinde

2019 1455 2140 1526 jam
2178 1452 2664 1508 continentissime
2707 1451 2953 1507 vivebat.
2990 1453 3104 1522 Ego
3149 1455 3341 1506 autem
3384 1450 3718 1505 resistebam

2026 1542 2130 1610 illi,
2163 1542 2436 1614 exemplis
2466 1557 2666 1595 eorum
2695 1540 2794 1612 qui
2839 1539 3127 1610 conjugati
3156 1539 3460 1593 coluissent
3495 1537 3720 1608 sapien-

2024 1632 2183 1698 tiam,
2217 1635 2272 1686 et
2300 1629 2750 1702 promeruissent
2788 1630 2990 1694 Deum,
3024 1631 3080 1682 et
3105 1627 3436 1682 habuissent
3475 1626 3720 1681 fideliter

2027 1737 2091 1775 ac
2117 1719 2444 1776 dilexissent
2473 1718 2702 1773 amicos.
2735 1719 2782 1771 Α
2810 1733 3055 1788 quorum
3091 1732 3196 1787 ego
3227 1715 3462 1784 quidem
3485 1714 3721 1785 grandi-

2025 1813 2140 1864 tate
2169 1808 2350 1863 animi
2379 1809 2547 1878 longe
2576 1806 2838 1860 aberam:
2861 1809 2915 1859 et
2942 1804 3224 1875 deligatus
3254 1809 3274 1840 ³
3302 1803 3504 1857 morbo
3535 1803 3721 1857 carnis

2027 1897 2322 1952 mortifera
2369 1896 2662 1959 suavitate,
2714 1893 3011 1948 trahebam
3042 1896 3302 1946 catenam
3332 1905 3542 1958 meam,
3575 1889 3718 1944 solvi

2029 1986 2260 2052 timens,
2321 1989 2377 2039 et
2415 1982 2576 2055 quasi
2625 1997 2894 2036 concusso
2941 1981 3175 2040 vulnere
3221 1979 3502 2050 repellens
3551 1978 3724 2032 verba

2029 2074 2175 2129 bene
2222 2071 2533 2141 suadentis,
2579 2075 2820 2140 tanqum
2865 2083 3100 2123 manum
3150 2065 3441 2121 solventis.
3486 2067 3724 2137 Insuper

2030 2163 2201 2218 etiam
2223 2178 2328 2232 per
2356 2177 2446 2216 me
2475 2159 2584 2230 ipsi
2609 2174 2836 2230 quoque
2867 2156 3069 2228 Alypio
3098 2155 3440 2228 loquebatur
3467 2170 3721 2226 serpens,

2031 2255 2088 2306 et
2106 2249 2432 2305 innectebat
2454 2252 2623 2320 atque
2647 2245 2951 2317 spargebat
2968 2260 3069 2316 per
3095 2244 3354 2314 linguam
3382 2257 3570 2297 meam
3601 2242 3724 2296 dul-

2031 2356 2122 2394 ces
2151 2339 2386 2410 laqueos
2415 2336 2476 2390 in
2499 2335 2589 2390 via
2617 2335 2758 2406 ejus,
2792 2333 2999 2406 quibus
3028 2332 3111 2387 illi
3138 2329 3364 2387 honesti
3390 2335 3445 2386 et
3473 2330 3723 2404 expediti

2031 2427 2205 2500 pedes
2234 2426 2684 2496 implicarentur.

2102 2519 2193 2572 22.
2221 2517 2362 2572 Cum
2384 2513 2536 2568 enim
2569 2527 2660 2566 me
2679 2511 2777 2566 ille
2805 2510 3134 2577 miraretur,
3170 2524 3345 2582 quem
3375 2525 3493 2564 non
3535 2509 3724 2581 parvi-

2033 2604 2326 2676 penderet,
2356 2602 2436 2656 ita
2463 2602 2682 2656 ltarere
2708 2600 2859 2653 visco
2881 2598 3035 2653 illius
3063 2597 3395 2669 voluptatis,
3425 2601 3490 2652 ut
3518 2613 3609 2652 me
3650 2598 3728 2652 af-

2035 2694 2346 2759 tirmarcm,
2370 2689 2838 2763 quotiescumque
2868 2688 2998 2742 inde
3016 2687 3166 2741 inter
3187 2702 3292 2740 nos
3314 2701 3727 2757 quareremus,

2033 2780 2289 2835 caelibem
2335 2778 2511 2832 vitam
2555 2777 2714 2831 nullo
2754 2775 2926 2830 modo
2957 2790 3121 2845 posse
3165 2775 3402 2845 degere;
3450 2776 3619 2844 atque
3649 2772 3730 2827 ita

2031 2885 2124 2924 me
2171 2867 2554 2934 defenderem,
2600 2880 2731 2919 eum
2771 2863 2938 2918 illum
2981 2862 3288 2917 mirantem
3337 2860 3616 2926 viderem,
3663 2865 3729 2916 ut

2032 2955 2280 3011 dicerem
2296 2953 2542 3008 multum
2565 2950 2837 3006 interesse
2857 2949 3006 3003 inter
3026 2948 3169 3004 illud
3192 2947 3348 3019 quod
3372 2947 3493 3018 ipse
3517 2946 3728 3017 raptim

2032 3047 2090 3099 et
2125 3043 2324 3098 furtim
2356 3043 2618 3113 expertus
2642 3042 2808 3104 esset,
2842 3037 2995 3108 quod
3025 3053 3173 3108 pene
3197 3035 3320 3108 jam
3344 3051 3415 3089 ne
3439 3033 3730 3089 meminis-

2034 3135 2118 3187 set
2147 3131 2402 3203 quidem,
2436 3134 2605 3199 atque
2651 3127 2778 3182 ideo
2824 3126 2983 3180 nulla
3021 3125 3284 3179 molestia
3339 3123 3502 3178 facile
3533 3126 3726 3178 conte-

2034 3223 2274 3282 mneret,
2299 3222 2355 3273 et
2376 3214 2776 3272 delectationes
2797 3211 3225 3268 consuetudinis
3247 3228 3410 3278 mea,
3433 3211 3502 3266 ad
3519 3228 3660 3283 quas
3682 3211 3729 3267 si

2033 3307 2355 3364 accessisset
2398 3307 2706 3361 honestum
2751 3318 2961 3357 nomen
3009 3299 3381 3367 matrimonii,
3426 3315 3548 3354 non
3595 3314 3729 3353 eum

2034 3394 2231 3451 mirari
2259 3399 2542 3466 oportere,
2579 3408 2680 3447 cur
2707 3407 2813 3464 ego
2837 3391 2993 3444 illam
3031 3389 3205 3444 vitam
3239 3387 3540 3459 nequirem
3569 3403 3728 3458 sper-

2033 3500 2199 3540 nere:
2233 3485 2479 3554 coeperat
2510 3484 2565 3535 et
2602 3480 2723 3552 ipse
2762 3478 3085 3534 desiderare
3121 3477 3475 3548 conjugium,
3507 3491 3726 3547 nequa-

2033 3589 2207 3645 quam
2235 3571 2416 3626 victus
2445 3568 2681 3625 libidine
2720 3567 2848 3622 talis
2883 3565 3210 3637 voluptatis,
3245 3565 3344 3619 sed
3365 3563 3724 3619 curiositatis.

2034 3663 2264 3718 Dicebat
2306 3659 2462 3715 enim
2505 3657 2647 3712 scire
2692 3672 2750 3711 se
2794 3671 3000 3726 cupere
3048 3654 3326 3724 quidnam
3369 3657 3515 3707 esset
3563 3651 3726 3719 illud,

2032 3751 2153 3804 sine
2185 3765 2296 3820 quo
2327 3747 2441 3802 vita
2472 3761 2598 3800 mea
2627 3761 2755 3816 qua
2775 3743 2858 3797 illi
2889 3742 2966 3796 sic
2985 3743 3260 3812 placebat,
3281 3757 3397 3794 non
3419 3740 3563 3794 mihi
3590 3741 3725 3806 vita,

2033 3839 2131 3894 sed
2159 3853 2329 3909 pana
2363 3835 2665 3890 videretur.
2700 3832 2980 3902 Stupebat
3007 3829 3161 3883 enim
3191 3829 3336 3883 liber
3373 3830 3443 3882 ab
3475 3829 3571 3882 illo
3599 3828 3724 3882 vin-

2031 3928 2159 3983 culo
2185 3926 2412 3980 animus
2440 3922 2766 3977 servitutem
2794 3935 3004 3988 meam,
3029 3922 3086 3972 et
3106 3917 3384 3989 stupende
3399 3917 3518 3971 ibat
3540 3917 3601 3971 in
3631 3934 3726 3972 ex-

2031 4013 2291 4088 periendi
2315 4011 2666 4084 cupidinem,
2693 4013 2963 4064 venturus
2993 4007 3052 4062 in
3082 4007 3266 4078 ipsam
3293 4005 3724 4077 experientiam,

2032 4108 2203 4175 atque
2234 4102 2367 4157 inde
2414 4101 2650 4154 fortasse
2708 4099 2972 4169 lapsurus
3003 4095 3060 4150 in
3100 4111 3223 4149 eam
3253 4110 3427 4165 quam
3465 4093 3730 4164 stupebat

2032 4192 2392 4258 servitutem;
2427 4188 2700 4261 quoniam
2731 4185 3098 4258 sponsionem
3123 4185 3348 4238 volebat
3377 4183 3558 4237 facere
3596 4199 3727 4237 cum

2031 4284 2247 4347 morte;
2281 4283 2338 4333 et
2365 4277 2465 4350 qui
2489 4281 2644 4332 amat
2673 4275 3016 4347 periculum,
3044 4272 3257 4328 incidet
3286 4273 3348 4326 in
3380 4271 3545 4326 illud.
3584 4273 3731 4326 Neu-

2031 4374 2186 4424 trum
2232 4367 2386 4423 enim
2420 4369 2702 4432 nostrum,
2735 4364 2783 4418 si
2826 4363 2979 4435 quod
3021 4366 3106 4415 est
3141 4360 3436 4432 conjugale
3467 4360 3637 4414 decus
3665 4358 3727 4414 in

2031 4456 2216 4512 officio
2245 4454 2485 4526 regendi
2514 4451 2866 4508 matrimonii
2893 4455 2949 4505 et
2981 4447 3479 4520 suscipiendorum
3514 4447 3727 4501 libero-

2031 4561 2181 4612 rum,
2211 4545 2468 4608 ducebat,
2498 4541 2609 4597 nisi
2629 4541 2894 4596 tenuiter.
2924 4539 3125 4608 Magna
3155 4541 3344 4592 autem
3368 4551 3436 4590 ex
3460 4539 3623 4606 parte
3650 4538 3729 4590 at-

2031 4650 2142 4706 que
2162 4632 2526 4687 vehementer
2553 4627 2905 4684 consuetudo
2934 4625 3204 4680 satianda
3225 4622 3562 4678 insatiabilis
3591 4638 3726 4677 con-

2030 4719 2393 4792 cupiscentia
2450 4735 2542 4774 me
2588 4722 2818 4789 captum
2883 4712 3273 4780 excruciabat;
3321 4712 3485 4767 illum
3531 4715 3726 4766 autem

2032 4808 2329 4866 admiratio
2366 4807 2708 4879 capiendum
2737 4804 3016 4860 trahebat.
3043 4803 3131 4858 Sic
3153 4817 3401 4870 eramus,
3433 4801 3615 4856 donec
3630 4804 3721 4867 tu,

2029 4896 2337 4966 Altissime,
2367 4912 2485 4950 non
2519 4895 2782 4949 deserens
2816 4893 3060 4948 humum
3098 4895 3374 4960 nostram,
3421 4890 3723 4946 miseratus

2030 4987 2290 5055 miseros,
2314 4984 2640 5040 subvenires
2668 4981 2828 5038 miris
2859 4985 2914 5037 et
2945 4980 3177 5036 occultis
3209 4979 3413 5036 modis.

2665 5072 2890 5127 CAPUT
2932 5071 3081 5125 XIII.

2492 5147 2637 5200 Uxor
2652 5144 2914 5212 quaeritur
2933 5143 3260 5209 Augustino.

2101 5238 2195 5292 23.
2232 5236 2298 5290 Et
2322 5231 2902 5303 instabaturimpigre
2932 5234 2994 5284 ut
3023 5230 3287 5285 ducerem
3320 5239 3572 5279 uxorem.
3594 5223 3720 5279 Iam

2005 5361 2021 5374 .
2095 5327 2107 5360 ι
2139 5327 2396 5386 Cantnns,
2415 5322 2568 5386 juxta
2587 5321 2712 5386 Arn.
2743 5319 2878 5386 Flor_.
2900 5322 2952 5368 et
2975 5319 3124 5386 Mart.
3152 5317 3272 5386 ex_6
3294 5314 3422 5386 Mss:
3443 5311 3509 5386 M:

2091 5387 2112 5421 ²
2133 5375 2642 5444 Desiderab'eramus,
2665 5385 2818 5448 juxta
2848 5381 3045 5431 Somm.
3087 5377 3260 5428 Rond.
3300 5379 3351 5424 et
3379 5375 3531 5422 Mart.
3581 5387 3644 5422 ex
3692 5379 3720 5424 3

2030 5449 2440 5566 Mishovlfihlas,
2473 5523 2594 5558 cum
2623 5507 2822 5570 aliquot
2842 5505 2930 5570 M._,
2959 5498 3399 5570 delicatus._$om.
3433 5497 3558 5570 Arn.
3580 5496 3718 5570 ᾳςιε-
3773 5495 3776 5497 ’

2027 5558 2222 5626 etatis.
2255 5572 2408 5626 Stant
2425 5558 2561 5621 ’νει-ο
2580 5583 2672 5634 pro
2703 5558 2881 5618 nostra
2910 5558 3131 5615 lectione
3158 5560 3388 5612 melioris
3418 5563 3556 5619 nota
3589 5558 3712 5610 Mss.
