4058 6372
294 354 392 408 731

302 469 586 543 petebam,
630 467 754 538 jam
803 462 1260 537 promittebatur,
1304 461 1553 518 maxime
1604 466 1788 517 matre
1830 461 1998 517 dante

302 573 556 630 operam,
581 572 694 627 quo
729 570 820 608 me
843 553 963 623 jam
985 552 1355 623 conjugatum
1388 551 1708 622 Baptismus
1731 550 1997 606 salutaris

300 649 576 708 ablueret,
607 661 719 716 quo
757 659 844 698 me
867 643 925 696 in
959 641 1078 696 dies
1107 643 1396 712 gaudebat
1419 641 1626 712 aptari,
1649 644 1705 695 et
1735 645 1861 694 vota
1893 657 1997 695 sua

303 751 366 791 ac
393 733 673 807 promissa
698 737 795 787 tua
815 731 874 786 in
895 747 1022 786 mea
1050 730 1162 785 ﬁde
1185 729 1457 800 compleri
1485 729 1995 783 animadvertebat.

305 824 447 879 Cum
468 837 602 875 sane
621 825 677 876 et
700 823 900 890 rogatu
931 835 1056 873 meo
1077 822 1132 872 et
1154 817 1433 872 desiderio
1458 833 1580 883 suo,
1603 816 1735 871 forti
1757 817 2000 872 clamore

304 910 490 968 cordis
521 909 619 964 abs
661 911 717 963 te
767 908 1169 978 deprecaretur
1201 904 1476 976 quotidie,
1509 909 1572 958 ut
1597 905 1650 959 ei
1679 922 1781 976 per
1817 905 1999 960 visum

302 999 627 1056 ostenderes
656 996 873 1069 aliquid
902 996 972 1050 de
1000 995 1193 1048 futuro
1240 993 1604 1048 matrimonio
1651 1010 1808 1060 meo;
1843 1010 1992 1048 nun-

303 1103 476 1162 quam
506 1085 752 1142 voluisti.
791 1086 851 1139 Et
894 1083 1120 1138 videbat
1151 1081 1414 1152 quaedam
1460 1097 1606 1135 vana
1662 1086 1719 1137 et
1756 1082 1999 1152 phanta-

305 1177 465 1244 stica,
481 1192 593 1248 quo
616 1173 856 1245 cogebat
872 1171 1119 1242 impetus
1142 1172 1209 1224 de
1232 1169 1336 1225 hac
1357 1186 1417 1225 re
1431 1170 1740 1241 satagentis
1760 1169 2001 1224 humani

305 1263 559 1335 spiritus,
590 1266 647 1317 et
672 1260 941 1316 narrabat
967 1258 1134 1328 mihi,
1167 1275 1286 1313 non
1305 1274 1435 1313 cum
1467 1259 1675 1313 ﬂducia
1707 1275 1820 1330 qua
1854 1258 1999 1312 sole-

307 1351 424 1419 bat,
442 1366 572 1404 cum
594 1352 656 1403 tu
679 1348 1095 1403 demonstrares
1116 1346 1188 1414 ei,
1215 1347 1312 1401 sed
1333 1353 1702 1403 contemnens
1726 1362 1810 1401 ea.
1840 1346 1999 1400 Dice-

306 1437 404 1493 bat
433 1436 586 1491 enim
608 1435 927 1491 discernere
949 1450 1008 1489 se
1028 1433 1216 1488 nescio
1236 1449 1349 1504 quo
1371 1450 1593 1504 sapore,
1621 1450 1794 1504 quem
1816 1433 2002 1487 verbis

308 1525 588 1598 explicare
609 1539 724 1579 non
744 1526 988 1594 poterat,
1009 1522 1146 1594 quid
1167 1521 1460 1576 interesset
1483 1521 1632 1576 inter
1651 1522 2001 1576 revelantem

306 1618 380 1677 te,
423 1616 479 1667 et
507 1611 760 1666 animam
789 1626 951 1664 suam
992 1609 1394 1664 somniantem.
1429 1609 1754 1664 Instabatur
1784 1613 1998 1676 tamen,

308 1706 364 1756 et
390 1700 582 1773 puella
610 1698 930 1771 petebatur,
963 1698 1123 1770 cujus
1155 1701 1292 1752 aetas
1331 1696 1512 1751 ferme
1542 1696 1775 1752 biennio
1809 1697 2000 1751 minus

309 1805 482 1862 quam
511 1787 722 1844 nubilis
744 1789 897 1856 erat,
926 1790 982 1842 et
1007 1787 1143 1858 quia
1163 1801 1228 1840 ea
1249 1785 1525 1857 placebat,
1549 1785 1998 1857 exspectabatur.

953 1876 1177 1932 CAPUT
1210 1876 1341 1930 XIV.

439 1969 514 2022 D3
539 1967 653 2020 vita
676 1966 945 2020 communi
973 1951 1184 2033 agenda
1211 1980 1328 2019 cum
1367 1965 1556 2019 amicis
1581 1962 1863 2017 deliberat.

376 2055 464 2109 2i.
510 2055 574 2108 Et
610 2053 778 2108 multi
808 2052 975 2108 amici
1021 2053 1436 2124 agitaveramus
1476 2052 1692 2119 animo,
1740 2055 1796 2107 et
1827 2051 1998 2106 collo-

307 2147 548 2216 quentes
577 2159 641 2199 ac
671 2143 1013 2198 detestantes
1042 2143 1399 2198 turbulentas
1426 2142 1694 2196 humanae
1723 2141 1852 2196 vitm
1884 2158 2002 2195 mo-

306 2232 516 2300 lestias,
549 2248 695 2303 pene
715 2231 836 2302 jam
861 2230 1293 2286 ﬁrmaveramus
1320 2229 1528 2286 remoti
1560 2247 1591 2285 a
1612 2229 1792 2284 turbis
1821 2228 2000 2284 otiose

307 2321 525 2377 vivere:
557 2321 614 2376 id
637 2320 820 2375 otium
851 2320 928 2374 sic
957 2318 1165 2386 moliti,
1196 2324 1263 2374 ut
1291 2319 1338 2373 si
1379 2319 1513 2390 quid
1556 2319 1766 2373 habere
1797 2333 1999 2388 posse-

305 2426 452 2478 mus,
487 2409 870 2464 conferremus
899 2409 961 2462 in
990 2408 1266 2474 medium,
1295 2423 1590 2479 unamque
1613 2423 1734 2461 rem
1764 2405 2000 2461 familia-

305 2515 430 2554 rem
459 2497 836 2553 eonflaremus
867 2512 935 2551 ex
964 2496 1261 2564 omnibus;
1292 2501 1353 2551 ut
1381 2511 1483 2567 per
1513 2494 1777 2549 amicitiae
1817 2494 2000 2548 since-

306 2587 536 2642 ritatem
577 2601 694 2640 non
745 2588 891 2639 esset
931 2584 1084 2639 aliud
1133 2585 1306 2655 hujus
1353 2588 1409 2638 et
1456 2583 1612 2638 aliud
1661 2582 1846 2650 illius;
1902 2582 1999 2636 sed

307 2673 456 2746 quod
477 2690 545 2728 ex
571 2672 787 2728 cunctis
807 2672 970 2727 ticret
989 2688 1192 2741 unum,
1216 2675 1271 2726 et
1293 2671 1619 2725 universum
1643 2670 2000 2742 singulorum

307 2768 472 2832 esset,
507 2768 564 2818 et
606 2763 800 2817 omnia
829 2764 1120 2817 omnium:
1158 2779 1287 2816 cum
1325 2761 1651 2815 videremur
1681 2760 1845 2815 nobis
1881 2777 2000 2814 esse

304 2869 472 2924 posse
504 2852 700 2907 decem
728 2851 906 2906 ferme
933 2850 1198 2905 homines
1224 2850 1285 2904 in
1333 2849 1532 2904 eadem
1581 2848 1866 2913 societate,
1913 2865 2003 2901 es-

307 2945 547 3012 sentque
585 2939 736 2994 inter
784 2955 890 2993 nos
922 2938 1262 3010 prmdivites,
1311 2935 1702 2992 Romanianus
1753 2935 2000 2990 maxime

307 3025 735 3098 communiceps
762 3030 973 3092 noster,
1020 3041 1192 3096 quem
1222 3032 1357 3079 tunc
1395 3040 1592 3095 graves
1623 3027 1793 3077 aestus
1825 3039 2001 3094 nego-

306 3115 518 3170 tiorum
542 3130 776 3168 suorum
800 3113 871 3168 ad
898 3113 1230 3168 comitatum
1261 3117 1628 3179 attraxerant,
1662 3112 1731 3166 ab
1763 3112 2001 3166 ineunte

307 3207 474 3258 aetate
496 3201 641 3256 mihi
670 3201 1171 3267 familiarissimus;
1197 3201 1294 3272 qui
1329 3200 1571 3254 maxime
1607 3199 1850 3254 instabat
1869 3199 2003 3253 huic

307 3290 410 3356 rei,
465 3293 523 3344 et
565 3306 833 3360 magnam
875 3289 935 3343 in
967 3289 1254 3343 suadendo
1301 3287 1548 3342 habebat
1576 3287 1998 3353 auctoritatem,

307 3378 458 3448 quod
494 3378 685 3447 ampla
714 3393 804 3430 res
835 3378 958 3446 ejus
985 3377 1231 3431 multum
1250 3375 1469 3430 caeteris
1491 3375 1772 3429 anteibat:
1807 3379 1860 3429 et
1886 3375 2004 3445 pla-

308 3469 501 3520 cuerat
527 3465 689 3519 nobis
715 3468 774 3518 ut
801 3465 922 3519 bini
941 3465 1118 3519 annui
1132 3468 1404 3535 tanquam
1425 3464 1786 3534 magistratus
1809 3462 2003 3517 omnia

307 3554 626 3610 necessaria
659 3557 937 3616 curarent,
973 3552 1190 3607 caeteris
1220 3551 1448 3623 quietis.
1482 3551 1591 3606 Sed
1623 3555 2002 3622 posteaquam

309 3643 479 3714 cmpit
519 3641 759 3713 cogitari
795 3645 988 3696 utrum
1018 3641 1126 3696 hoc
1157 3640 1510 3696 mulierculae
1557 3639 1829 3707 sinerent,
1863 3656 2003 3711 quas

309 3735 363 3786 et
392 3730 489 3784 alii
528 3735 787 3785 nostrum
813 3730 932 3802 jam
963 3730 1264 3796 habebant,
1298 3732 1354 3783 et
1381 3745 1482 3783 nos
1521 3729 1730 3783 habere
1776 3728 2003 3783 voleba-

308 3835 458 3886 mus,
488 3823 672 3874 totum
713 3819 852 3874 illud
879 3818 1153 3890 placitum
1193 3816 1345 3889 quod
1376 3817 1519 3871 bene
1549 3817 1933 3871 formabamus
1961 3815 2002 3883 ¹,

309 3907 559 3962 dissiluit
603 3907 664 3961 in
710 3907 997 3974 manibus,
1046 3911 1217 3978 atque
1247 3905 1599 3959 confractum
1634 3909 1690 3960 et
1727 3905 2004 3975 abjectum

310 3999 410 4050 est.
459 3995 595 4050 Inde
627 3996 696 4050 ad
729 3996 972 4067 suspiria
1011 3999 1067 4050 et
1102 3994 1348 4066 gemitus
1376 3993 1419 4061 ³,
1457 3998 1514 4048 et
1541 4009 1768 4064 gressus
1803 3994 1872 4048 ad
1917 4009 2004 4047 se-

235 4107 238 4112 ·
311 4085 570 4155 quendas
616 4085 758 4138 latas
794 4088 850 4138 et
887 4083 1046 4137 tritas
1089 4083 1207 4137 vias
1255 4082 1466 4150 saeculi,
1499 4082 1772 4152 quoniam
1810 4082 2006 4136 multm

311 4172 682 4243 cogitationes
715 4175 875 4226 erant
919 4171 980 4224 in
1012 4171 1180 4226 corde
1209 4176 1438 4236 nostro;
1475 4170 1776 4225 consilium
1817 4175 2006 4224 autem

310 4265 478 4314 tuum
501 4264 694 4313 manet
720 4259 778 4314 in
811 4264 1092 4313 teternum
1116 4257 1281 4328 (Psal.
1304 4275 1474 4323 xxxn,
1507 4260 1588 4327 2).
1625 4259 1704 4311 Ex
1734 4274 1847 4328 quo
1869 4274 2004 4312 con-

313 4347 438 4401 silio
487 4347 785 4402 deridebas
827 4349 1035 4410 nostra,
1081 4350 1135 4400 et
1167 4349 1264 4399 tua
1293 4345 1673 4416 praeparabas,
1705 4345 1872 4399 nobis
1904 4345 2002 4400 da-

311 4440 474 4490 turus
490 4451 675 4488 escam
689 4435 751 4488 in
765 4433 1211 4506 opportunitate,
1227 4439 1283 4487 et
1295 4449 1363 4503 ap
1372 4437 1595 4487 erturus
1608 4437 2007 4487 manumtuam

310 4528 477 4594 atque
507 4523 850 4594 impleturus
881 4522 1101 4578 animas
1146 4526 1368 4577 nostras
1396 4520 1794 4577 benedictione
1826 4522 1998 4592 (Psal.

313 4629 488 4681 cxmv,
517 4616 600 4680 lii,
634 4615 694 4668 16
716 4614 756 4683 ).

988 4701 1211 4756 CAPUT
1229 4700 1334 4756 XV.

471 4792 535 4845 In
566 4790 736 4846 locum
767 4789 1089 4846 discedentis
1123 4789 1426 4844 concubinae
1454 4788 1568 4842 alia
1595 4786 1849 4844 succedit.

384 4881 474 4934 25.
509 4880 736 4934 Interea
764 4883 994 4951 peccata
1023 4894 1150 4932 mea
1177 4877 1719 4949 multiplicabantur,
1744 4880 1801 4931 et
1816 4875 2009 4931 avulsa

378 5001 735 5066 1Firmamus
786 5002 934 5066 juxta
981 5002 1362 5066 vetustissimas
1412 5001 1668 5066 editiones
1714 5003 1767 5050 et
1811 5000 2011 5064 aliquot

315 5065 439 5115 Mss.
476 5069 616 5116 Pene
633 5064 1070 5128 ﬁrmdvemmus,
1097 5064 1415 5128 juxtan‘lor.
1440 5065 1511 5128 Μ.

377 5129 398 5162 2
427 5123 754 5187 ϐοᾶθκᾋὶὺ.
783 5131 835 5175 et
856 5123 1176 5189 antiquiores
1197 5126 1346 5176 Edd.:
1365 5125 1500 5176 Inde
1517 5123 1587 5176 ad
1603 5125 1839 5188 suspiria
1860 5129 1913 5178 et
1929 5139 2011 5189 ge-

315 5193 481 5239 milus
506 5190 958 5250 convertebannn',
997 5192 1048 5238 et
1075 5199 1303 5252 gressus.

1519 335 2058 401 CONFESSIONUM
2107 343 2164 401 S.
2208 342 2616 402 AUGUSTINI.

3692 354 3808 407 732

2106 478 2139 516 a
2156 462 2329 516 latere
2359 477 2487 516 meo
2508 465 2784 532 tanquam
2809 461 3220 534 impedimento
3240 466 3363 537 conj
3374 465 3512 537 ugii,
3537 483 3666 522 cum
3689 485 3812 541 qua

2107 550 2316 605 cubare
2349 549 2548 604 solitus
2579 565 2756 613 eram,
2790 567 2888 605 cor
2917 551 3014 606 ubi
3046 553 3374 609 adhaerebat
3421 557 3703 611 concisum
3747 562 3811 613 et

2103 641 2460 694 vulneratum
2493 639 2637 693 mihi
2663 643 2802 701 erat,
2838 644 2893 694 et
2922 641 3181 695 trahebat
3207 642 3564 713 sanguinem.
3612 645 3676 699 Et
3703 644 3810 699 illa.

2109 727 2167 782 in
2199 727 2442 782 Africam
2475 728 2734 795 redierat,
2762 745 2972 783 vovcns
3002 729 3296 783 tibialium
3327 747 3385 784 se
3406 731 3591 785 virum
3622 731 3806 785 nesci-

2106 820 2316 879 turam,
2341 816 2535 871 relicto
2582 817 2731 888 apud
2762 833 2850 870 me
2893 818 3142 872 naturali
3171 835 3239 872 ex
3270 819 3367 872 illa
3397 820 3512 872 tilio
3544 835 3690 874 meo.
3721 822 3796 874 At:

2108 921 2214 975 ego
2244 905 2435 959 infelix
2454 921 2559 960 nec
2586 905 2813 960 femina:
2842 905 3114 975 imitator,
3155 907 3440 962 dilationis
3471 908 3800 979 impatiens,

2106 998 2378 1065 tanquam
2417 1000 2550 1066 post
2592 995 2883 1050 biennium
2929 1001 3260 1067 accepturus
3304 1013 3428 1051 eam
3472 1013 3644 1068 quam
3701 1014 3805 1068 pe-

2105 1083 2315 1150 tebam,
2346 1083 2481 1154 quia
2510 1099 2627 1136 non
2653 1087 2874 1138 amator
2894 1084 3147 1154 conjugii
3197 1085 3295 1139 sed
3324 1084 3578 1140 libidinis
3603 1102 3800 1140 servus

2109 1187 2296 1238 eram;
2331 1172 2629 1242 procuravi
2658 1171 2848 1241 aliam,
2897 1189 3012 1226 non
3059 1172 3257 1244 utique
3308 1174 3650 1244 conjugem;
3686 1189 3803 1245 quo

2107 1263 2380 1330 tanquam
2411 1264 2824 1315 sustentaretur
2852 1264 2904 1314 et
2926 1261 3334 1332 perduceretur
3360 1261 3446 1316 vel
3468 1261 3690 1332 integer
3712 1263 3804 1316 vel

2108 1349 2325 1402 auctior
2379 1349 2612 1403 morbus
2663 1349 2870 1404 animae
2915 1365 3080 1412 meae,
3131 1350 3395 1404 satellitio
3439 1350 3804 1421 perdurantis

2107 1435 2559 1504 consuetudinis,
2604 1436 2663 1490 in
2713 1452 2954 1507 regnum
2999 1437 3279 1493 uxorium.
3337 1440 3447 1492 Nec
3495 1440 3805 1493 sanabatur

2107 1525 2310 1578 vulnus
2357 1525 2499 1579 illud
2546 1541 2738 1580 meum
2771 1525 2924 1596 quod
2965 1526 3171 1597 prioris
3215 1526 3552 1597 praecisione
3591 1527 3803 1580 factum

2106 1613 2314 1682 fuerat,
2344 1614 2440 1668 sed
2471 1620 2600 1684 post
2632 1615 2910 1668 fervorem
2931 1614 3301 1685 doloremque
3333 1615 3673 1669 acerrimum
3701 1630 3804 1684 pu-

2108 1703 2403 1770 trescebat,
2436 1707 2492 1759 et
2520 1703 2682 1775 quasi
2710 1702 2990 1774 frigidius,
3025 1703 3120 1758 sed
3150 1704 3505 1775 desperatius
3554 1704 3797 1759 dolebat.

2759 1872 2984 1928 CAPUT
3021 1873 3154 1929 XVI.

2282 2015 2471 2071 Mortis
2502 2018 2551 2070 ct
2574 2015 2780 2086 judicii
2815 1993 3012 2072 metum
3039 2031 3318 2085 nunquam
3359 2015 3621 2087 deposuit.

2177 2139 2266 2193 26.
2305 2137 2428 2192 Tibi
2471 2138 2613 2206 laus,
2668 2139 2774 2194 tibi
2830 2139 3032 2209 gloria,
3082 2139 3205 2195 fons
3255 2139 3800 2195 misericordiarum.

2109 2227 2222 2296 Ego
2252 2226 2459 2280 ﬁebam
2489 2227 2770 2294 miserior,
2807 2232 2864 2282 et
2891 2232 2952 2282 tu
2972 2227 3372 2299 propinquior.
3406 2228 3619 2283 Aderat
3649 2229 3801 2298 jam-

2099 2316 2338 2388 jamque
2368 2317 2596 2372 dextera
2623 2322 2722 2372 tua
2741 2321 2974 2388 raptura
2998 2333 3090 2372 me
3121 2317 3190 2372 de
3224 2333 3405 2384 emno,
3455 2321 3511 2371 et
3540 2317 3804 2372 ablutura

2107 2421 2228 2474 me;
2279 2410 2336 2460 et
2371 2406 2729 2477 ignorabam,
2777 2407 2884 2459 Nec
2909 2422 3000 2459 me
3044 2407 3342 2460 revocabat
3371 2404 3802 2476 a'profundiore

2107 2495 2463 2564 voluptatum
2512 2494 2826 2548 carnalium
2858 2494 3120 2565 'gurgite,
3159 2494 3267 2548 nisi
3297 2497 3480 2548 metus
3519 2492 3716 2547 mortis
3747 2496 3805 2547 et

2110 2581 2290 2636 futuri
2337 2581 2540 2652 judicii
2568 2583 2676 2652 tui,
2709 2583 2808 2653 qui
2838 2599 2941 2652 per
2980 2583 3162 2636 varias
3200 2583 3432 2654 quidem
3480 2581 3800 2652 opiniones,

2111 2686 2409 2740 nunquam
2467 2675 2657 2724 tamen
2685 2671 2914 2725 recessit
2942 2671 3010 2725 de
3037 2675 3265 2741 pectore
3292 2686 3438 2724 meo.
3472 2671 3537 2724 Et
3553 2669 3804 2740 disputa-

2107 2759 2236 2813 bam
2266 2775 2394 2813 cum
2447 2759 2644 2813 amicis
2674 2759 2818 2813 meis
2845 2758 3048 2829 Alypio
3080 2764 3136 2813 et
3177 2758 3443 2813 Nebridio
3474 2757 3542 2812 de
3593 2757 3804 2811 ﬁnibus

2107 2848 2477 2902 bonorumet
2525 2848 2825 2911 malorum,
2883 2847 3185 2918 Epicurum
3216 2851 3582 2917 accepturum
3628 2845 3802 2900 fuisse

2107 2938 2360 3008 palmam
2399 2938 2461 2992 in
2521 2937 2711 2992 animo
2758 2952 2910 3003 meo,
2955 2936 3066 2990 nisi
3110 2952 3215 3007 ego
3270 2935 3632 2990 credidissem
3674 2938 3804 3005 post

2109 3031 2350 3081 mortem
2379 3029 2594 3080 restare
2626 3025 2832 3080 animm
2872 3024 3068 3089 vitam,
3103 3029 3158 3079 et
3187 3029 3398 3079 tractus
3441 3023 3802 3090 meritorum,

2109 3115 2264 3187 quod
2297 3115 2567 3186 Epicurus
2597 3115 2826 3169 credere
2856 3114 3056 3168 noluit.
3091 3115 3156 3167 Et
3181 3113 3528 3184 quaerebam,
3561 3111 3609 3165 si
3653 3127 3803 3166 esse-

2109 3220 2236 3258 mus
2259 3203 2614 3258 immortales
2645 3207 2700 3257 et
2727 3202 2786 3256 in
2801 3206 3078 3273 perpetua
3098 3201 3352 3272 corporis
3369 3201 3658 3270 voluptate
3680 3199 3804 3254 sine

2109 3293 2228 3346 ullo
2254 3291 2576 3346 amissionis
2615 3295 2831 3345 terrore
2873 3289 3208 3354 viveremus,
3254 3305 3355 3342 cur
3396 3305 3509 3342 non
3550 3305 3803 3342 essemus

2109 3380 2280 3448 beati,
2309 3383 2407 3433 aut
2436 3379 2574 3450 quid
2595 3379 2751 3433 aliud
2773 3380 3198 3450 quaereremus?
3229 3377 3492 3431 Nesciens
3540 3375 3800 3447 idipsum

2109 3468 2180 3523 ad
2209 3469 2496 3538 :magnam
2529 3466 2816 3520 miseriam
2859 3466 3167 3536 pertinere,
3203 3464 3357 3536 quod
3385 3464 3464 3517 ita
3511 3464 3804 3518 demersus

2112 3561 2167 3611 et
2199 3573 2379 3610 czecus
2441 3555 2690 3625 cogitare
2728 3571 2845 3610 non
2893 3571 3116 3626 possem
3157 3555 3353 3608 lumen
3392 3551 3706 3607 honestatis
3748 3555 3806 3605 et

2111 3644 2285 3716 gratis
2320 3645 2728 3714 amplectenda:
2776 3642 3238 3715 pulchritudinis,
3281 3657 3453 3712 quam
3489 3656 3604 3694 non
3650 3639 3805 3695 videt

2111 3733 2307 3788 oculus
2336 3733 2542 3796 carnis,
2573 3738 2630 3787 et
2657 3732 2884 3788 videtur
2909 3730 3216 3786 exintimo.
3245 3731 3356 3785 Nec
3369 3728 3802 3783 considerabam

2113 3823 2304 3891 miser,
2365 3838 2431 3876 ex
2464 3837 2577 3892 qua
2632 3836 2775 3876 vena
2812 3821 2956 3875 mihi
2999 3822 3278 3886 manaret,
3312 3817 3464 3889 quod
3513 3815 3620 3870 ista
3657 3816 3800 3885 ipsa,

2113 3911 2258 3966 fceda
2322 3914 2516 3965 tamen
2567 3926 2696 3964 cum
2739 3909 2936 3964 amicis
2981 3907 3223 3963 dulciter
3261 3906 3650 3970 conferebam;
3700 3917 3805 3956 nec

2115 4015 2236 4053 esse
2285 3999 2405 4053 sine
2445 3998 2642 4053 amicis
2689 4002 2948 4069 poteram
3007 3997 3228 4063 beatus,
3277 3995 3452 4049 etiam
3491 3992 3804 4047 secundum

2114 4103 2345 4141 sensum
2375 4103 2542 4158 quem
2574 4091 2707 4141 tunc
2737 4087 3014 4140 habebam
3041 4085 3099 4139 in
3131 4083 3484 4156 quantalibet
3513 4079 3806 4134 afﬂuentia

2114 4176 2428 4230 carnalium
2456 4176 2830 4246 voluptatum.
2863 4175 3013 4238 Quos
3052 4173 3248 4242 utique
3270 4171 3481 4224 amicos
3510 4169 3684 4239 gratis
3714 4167 3806 4220 di-

2115 4262 2772 4333 ligebam,'vicissimque
2791 4262 2861 4316 ab
2883 4262 2964 4316 eis
2980 4277 3071 4314 me
3093 4260 3255 4328 diligi
3277 4258 3451 4329 gratis
3468 4255 3802 4310 sentiebam.

2116 4351 2158 4406 Ο
2187 4355 2472 4405 tortuosas
2498 4351 2642 4406 vias!
2678 4352 2770 4404 Vae
2801 4349 3008 4403 animae
3037 4347 3235 4401 audaci
3264 4361 3392 4415 quae
3419 4342 3682 4414 speravit,
3706 4342 3806 4395 sia

2115 4442 2168 4493 te
2194 4438 2533 4506 recessisset,
2572 4455 2631 4493 se
2663 4436 2878 4507 aliquid
2907 4435 3110 4489 melius
3157 4429 3518 4487 habituram!
3553 4431 3722 4483 Versa
3750 4431 3807 4483 et

2116 4543 2339 4581 reversa
2361 4526 2422 4580 in
2447 4530 2695 4597 tergum,
2726 4529 2780 4579 et
2801 4524 2859 4578 in
2891 4523 3086 4583 latera,
3115 4526 3171 4576 et
3200 4521 3261 4575 in
3281 4522 3558 4584 ventrem,
3585 4521 3638 4571 et
3664 4517 3807 4570 dura

2115 4620 2247 4668 sunt
2272 4614 2498 4668 omnia:
2531 4619 2587 4669 et
2615 4620 2676 4667 tu
2707 4614 2860 4667 solus
2891 4611 3139 4684 requies.
3165 4611 3229 4664 Et
3286 4623 3412 4662 ecce
3446 4607 3601 4673 ades,
3635 4611 3692 4660 et
3738 4606 3805 4659 li-

2117 4705 2283 4759 beras
2337 4720 2368 4758 a
2391 4702 2814 4758 miserabilibus
2853 4700 3160 4766 erroribus,
3193 4702 3250 4752 et
3271 4694 3572 4752 constituis
3597 4711 3703 4748 nos
3746 4693 3807 4748 in

2114 4793 2204 4848 via
2233 4800 2352 4860 tua,
2405 4797 2460 4847 et
2488 4791 2817 4857 consolaris,
2851 4795 2907 4845 et
2935 4789 3099 4845 dicis:
3151 4786 3398 4842 Currite:
3459 4800 3565 4854 ego
3605 4784 3803 4849 feram,

2117 4886 2172 4937 et
2201 4898 2304 4952 ego
2336 4883 2661 4952 perducam,
2695 4884 2750 4934 ct
2779 4879 2859 4934 ibi
2889 4894 2994 4949 ego
3025 4877 3202 4931 feram
3231 4873 3275 4931 ί.

2191 5008 2202 5040 ¹
2236 5006 2295 5055 In
2321 5006 2538 5070 Lyrensi
2571 5003 2718 5064 Cdd.,
2743 5007 2792 5053 σι
2821 5017 2909 5064 ego
2927 5001 2993 5052 ibi
3013 5000 3264 5052 liberabo.
