4058 6348
1604 329 1810 385 LIBER
1862 307 2226 387 enemies.

1170 553 1682 680 LIBER
1782 556 2643 684 SEPTIMUS.

216 735 502 785 Evordium
528 750 636 786 suae
663 736 975 801 juventutis,
988 738 1041 789 id
1058 742 1136 788 est
1153 753 1353 788 annum
1373 740 1542 788 mtatis
1564 741 1893 804 trigesimum
1917 743 2167 805 primum,
2187 744 2254 792 ob
2279 745 2470 792 mentis
2491 744 2672 794 oculos
2696 745 2914 795 reducit.
2943 747 3128 795 Narrat
3151 759 3205 796 se
3228 745 3316 795 illa
3342 748 3494 796 tutata
3519 745 3648 795 den-

154 804 386 885 sioribus
407 807 578 856 adhuc
601 808 914 885 ignorantim
933 809 1168 885 tenebris
1199 811 1686 885 involutum.atque
1711 804 1977 861 errantem
2003 813 2142 861 circa
2179 814 2270 862 Dei
2292 819 2556 871 naturam.
2588 828 2796 864 necnon
2819 817 2955 865 circa
2980 817 3236 879 originem
3259 816 3471 876 mali,in
3493 817 3646 881 cujus

153 879 492 953 inquisitione
517 891 572 953 se
604 879 795 928 mirum
824 879 877 928 in
902 879 1119 930 modum
1144 881 1387 944 angebat,
1413 882 1713 946 pervenisse
1745 882 1959 931 tandem
1985 883 2051 932 ad
2079 883 2438 946 cognitionem
2459 884 2552 934 Dei
2573 885 2862 946 sinceram;
2882 887 3120 952 quamvis
3140 886 3378 938 nondum
3400 879 3570 953 digne
3584 888 3648 940 de

153 947 379 999 Domino
415 949 618 1002 Christo
651 955 888 1002 sentiret.

720 1180 944 1236 CAPUT
976 1178 1276 1234 PRIMUM.

150 1271 318 1324 Deum
360 1269 561 1339 cogitat
606 1272 866 1338 tanquam
904 1267 1120 1336 aliquid
1149 1281 1458 1337 corporeum
1479 1281 1578 1338 per
1623 1269 1843 1338 inﬁnita

751 1358 932 1426 spatia
959 1355 1243 1424 diffusum.

226 1447 275 1500 l.
313 1445 436 1500 Jam
466 1447 693 1499 mortua
737 1449 857 1499 erat
885 1443 1264 1499 adolescentia
1291 1458 1420 1498 mea
1457 1443 1608 1498 mala
1645 1447 1700 1498 et
1742 1460 1842 1498 ne-

147 1531 339 1600 fanda,
387 1537 442 1588 et
477 1533 630 1588 ibam
660 1533 720 1588 in
758 1534 1142 1602 juventutem,
1190 1535 1404 1604 quanto
1437 1536 1601 1586 aetate
1632 1533 1840 1602 major,

147 1623 307 1676 tanto
336 1621 579 1676 vanitate
610 1622 851 1692 turpior.
875 1621 983 1686 Qui
1002 1621 1254 1692 cogitare
1271 1620 1485 1692 aliquid
1508 1621 1840 1675 substantia:

147 1708 259 1762 nisi
287 1710 399 1764 tale
447 1725 558 1764 non
614 1713 892 1780 poteram,
927 1709 1092 1780 quale
1125 1724 1228 1778 per
1257 1708 1359 1762 hos
1415 1709 1610 1763 oculos
1657 1709 1841 1764 videri

147 1797 322 1864 solet;
369 1813 486 1852 non
538 1802 590 1852 te
633 1797 1024 1868 cogitabam‘,
1063 1798 1208 1850 Deus
1245 1797 1302 1850 in
1352 1796 1535 1867 ﬁgura
1587 1796 1841 1868 corporis

144 1883 402 1952 humani,
451 1900 515 1939 ex
555 1900 668 1956 quo
715 1884 912 1939 audire
958 1884 1174 1956 aliquid
1218 1885 1286 1938 de
1334 1883 1615 1954 sapientia
1660 1885 1838 1955 ccepi;

146 1987 370 2047 semper
406 1972 515 2026 hoc
559 1972 709 2042 fugi:
769 1976 824 2026 et
853 1971 1174 2043 gaudebam
1205 1987 1297 2026 me
1332 1973 1442 2026 hoc
1472 1972 1748 2042 reperisse
1779 1973 1839 2026 in

144 2060 257 2114 ﬁde
277 2059 584 2131 spiritualis
614 2059 810 2114 matris
848 2065 1051 2114 nostra:
1076 2059 1368 2114 Catholica
1396 2065 1528 2114 tum.
1561 2060 1671 2115 Sed
1700 2061 1840 2131 quid

142 2152 200 2202 te
231 2147 382 2202 aliud
413 2149 720 2219 cogitarem
746 2164 862 2202 non
894 2148 1258 2214 occurrebat;
1319 2151 1376 2201 et
1412 2148 1660 2202 conabar
1690 2149 1838 2220 cogi-

142 2241 264 2291 tare
303 2241 357 2292 te
379 2238 572 2303 homo,
600 2242 657 2291 et
684 2237 811 2292 talis
834 2237 1021 2298 homo,
1055 2252 1344 2291 summum
1369 2240 1423 2291 et
1452 2238 1636 2292 solum
1659 2241 1716 2292 et
1747 2254 1834 2292 ve-

140 2341 272 2380 rum
307 2327 512 2380 Deum:
543 2331 673 2381 etlte
702 2325 1220 2396 incorruptibilcm,
1252 2329 1308 2378 et
1338 2325 1749 2395 inviolabilem,
1783 2331 1840 2381 et

140 2413 689 2476 incommutabilem,
739 2413 870 2468 totis
903 2413 1163 2467 medullis
1206 2413 1540 2480 credebam;
1571 2430 1704 2485 qua,
1736 2430 1836 2468 ne-

140 2503 326 2557 sciens
371 2504 520 2558 unde
567 2507 624 2557 et
677 2503 988 2574 quomodo,
1039 2503 1209 2573 plane
1252 2507 1440 2556 tamen
1479 2503 1740 2557 videbam
1784 2507 1840 2558 et

140 2598 328 2647 certus
357 2609 536 2662 eram,
576 2591 633 2646 id
663 2591 817 2663 quod
859 2591 1149 2662 corrumpi
1187 2595 1389 2662 potest,
1420 2590 1669 2646 deterius
1719 2607 1836 2646 esse

140 2697 316 2753 quam
347 2681 399 2736 id
431 2681 586 2753 quod
615 2696 733 2735 non
754 2683 970 2751 potest;
997 2686 1054 2734 et
1078 2679 1231 2750 quod
1255 2678 1453 2734 violari
1480 2695 1598 2732 non
1626 2683 1835 2750 potest,

136 2767 536 2823 incunctanter
570 2766 978 2840 prmponebam
1015 2766 1296 2833 violabili;
1329 2770 1387 2820 et
1423 2766 1574 2837 quod
1618 2766 1836 2820 nullam

137 2857 360 2927 patitur
395 2855 795 2922 mutationem,
823 2855 1028 2910 melius
1077 2871 1197 2908 esse
1227 2869 1401 2925 quam
1427 2853 1483 2908 id
1508 2854 1658 2925 quod
1700 2870 1833 2908 mu-

136 2944 250 2999 tari
288 2948 496 3015 potest.
536 2943 831 2999 Clamabat
872 2942 1168 3009 violenter,
1209 2957 1308 2997 cor
1330 2958 1526 2997 meum
1571 2942 1836 2997 adversus

136 3032 334 3087 omnia
362 3032 762 3103 phantasmata
780 3046 926 3098 mea,
952 3034 1008 3084 et
1034 3031 1142 3085 hoc
1168 3045 1285 3084 uno
1309 3029 1423 3084 ictu
1454 3031 1700 3084 conabar
1718 3030 1834 3084 abi-

133 3136 272 3191 gere
327 3119 832 3174 circumvolantem
878 3117 1107 3172 turbam
1162 3117 1546 3172 immunditiae
1599 3118 1669 3172 ab
1715 3119 1832 3174 acie

134 3207 351 3264 mentis
400 3223 571 3275 mete;
615 3212 673 3262 et
701 3207 793 3262 vix
831 3206 1050 3262 dimota
1079 3206 1139 3261 in
1167 3205 1285 3260 ictu
1325 3205 1492 3273 oculi,
1524 3221 1649 3260 ecce
1695 3223 1829 3261 con-

134 3297 367 3367 globata
393 3313 590 3352 rursus
614 3297 830 3363 aderat,
849 3300 906 3351 et
932 3295 1185 3350 irruebat
1211 3295 1270 3350 in
1291 3299 1582 3365 aspectum
1616 3311 1830 3365 meum,

133 3391 193 3442 et
225 3386 596 3442 obnubilabat
628 3402 794 3441 eum:
828 3389 891 3440 ut
919 3383 1179 3456 quamvis
1221 3400 1338 3438 non
1366 3384 1552 3438 forma
1593 3384 1833 3439 humani

132 3476 410 3548 corporis,
469 3491 807 3547 corporeum
864 3478 1061 3529 tamen
1114 3473 1330 3546 aliquid
1372 3474 1624 3545 cogitare
1663 3490 1829 3544 coge-

132 3579 228 3618 rer
261 3580 367 3635 per
407 3563 585 3636 spatia
631 3563 907 3629 locorum,
954 3562 1070 3617 sive
1117 3561 1372 3617 infusum
1421 3562 1658 3629 mundo,
1712 3561 1828 3617 sive

133 3651 308 3707 etiam
354 3657 509 3707 extra
556 3652 837 3706 mundum
889 3666 992 3721 per
1037 3649 1264 3704 inﬁnita
1315 3649 1608 3716 ditl‘usum,
1656 3649 1827 3706 etiam

133 3742 325 3812 ipsum
356 3739 784 3811 incorruptibile
811 3744 868 3794 et
897 3739 1222 3794 inviolabile
1255 3741 1311 3793 et
1338 3738 1826 3806 incommutabile,

133 3829 294 3902 quod
321 3829 675 3900 corruptibili
709 3834 765 3882 et
805 3827 1060 3882 violabili
1092 3832 1148 3882 et
1176 3826 1572 3882 commutabili
1596 3843 1826 3898 praepo-

129 3918 367 3982 nebam;
401 3916 675 3988 quoniam
705 3914 982 3987 quidquid
1025 3915 1320 3986 privaham
1351 3914 1545 3984 spatiis
1594 3914 1824 3982 talibus,

129 4006 277 4060 nihil
307 4005 448 4059 mihi
477 4021 595 4059 esse
625 4003 951 4058 videbatur:
985 4003 1083 4058 sed
1104 4019 1335 4072 prorsus
1358 4002 1523 4070 nihil,
1554 4019 1624 4057 ne
1653 4003 1826 4057 inane

126 4093 361 4166 quidem
386 4110 399 4160 ;
420 4099 694 4164 tanquam
722 4093 769 4147 si
790 4109 994 4162 corpus
1020 4091 1314 4145 auferatur
1342 4091 1488 4158 loco,
1520 4095 1576 4146 et
1595 4096 1824 4146 maneat

128 4185 286 4238 locus
315 4181 470 4236 omni
497 4197 732 4252 corpore
761 4185 1048 4245 vacuatus,
1084 4185 1141 4234 et
1168 4184 1396 4234 terreno
1423 4184 1479 4234 et
1507 4179 1747 4234 humido
1771 4183 1828 4234 et

129 4287 297 4326 aereo
329 4274 386 4325 et
421 4268 654 4336 caelesti,
685 4269 781 4325 sed
809 4275 1005 4324 tamen
1032 4268 1104 4323 sit
1131 4269 1290 4323 locus
1321 4267 1508 4323 inanis
1549 4273 1824 4341 tanquam

128 4359 455 4430 spatiosum
494 4358 659 4412 nihil.

204 4452 254 4503 t.
288 4449 402 4519 Ego
433 4447 627 4516 itaque
663 4446 1002 4501 incrassatus
1055 4445 1244 4514 corde,
1298 4461 1402 4500 nec
1449 4444 1823 4517 mihimetipsi

125 4536 212 4591 vel
241 4535 362 4608 ipse
377 4535 736 4607 conspicuus,
767 4533 1040 4606 quidquid
1065 4551 1177 4588 non
1195 4550 1299 4605 per
1325 4533 1617 4604 aliquanta
1644 4535 1826 4606 spatia

125 4624 478 4690 tenderetur,
507 4624 595 4678 vel
634 4621 1071 4689 dilfunderetur,
1100 4622 1186 4676 vel
1233 4622 1692 4692 conglobaretur,
1735 4623 1822 4678 vel

126 4716 395 4779 tumeret,
425 4711 513 4766 vel
551 4709 662 4766 tale
698 4709 915 4782 aliquid
956 4713 1202 4781 caperet,
1235 4714 1332 4764 aut
1357 4726 1559 4781 capere
1605 4715 1820 4782 posset,

123 4800 273 4856 nihil
302 4816 530 4872 prorsus
553 4815 671 4854 esse
701 4797 1037 4854 arbitrabar.
1071 4800 1178 4854 Per
1205 4799 1400 4870 quales
1430 4799 1584 4854 enim
1606 4800 1822 4854 formas

119 4890 207 4944 ire
237 4889 417 4943 solent
439 4887 589 4942 oculi
608 4888 740 4955 mei,
763 4903 866 4959 per
883 4888 1023 4956 tales
1039 4887 1316 4958 imagines
1338 4887 1456 4942 ibat
1475 4905 1572 4942 cor
1593 4904 1782 4943 meum
1804 4905 1817 4943 :

124 4993 234 5033 nec
277 4975 538 5032 videbam
584 4976 730 5030 hanc
781 4975 1039 5031 eamdem
1085 4975 1481 5042 intentionem,
1541 4993 1652 5049 qua
1694 4976 1819 5030 illas

120 5066 276 5137 ipsas
303 5064 584 5135 imagines
612 5065 948 5132 formabam,
971 5080 1090 5119 non
1118 5080 1238 5119 esse
1264 5065 1376 5118 tale
1407 5063 1652 5134 aliquid;
1689 5082 1819 5137 quae

121 5160 319 5208 tamen
347 5152 497 5224 ipsas
517 5168 636 5207 non
663 5152 955 5220 formarat,
973 5151 1083 5206 nisi
1106 5155 1255 5206 esset
1271 5167 1548 5223 magnum
1579 5152 1814 5224 aliquid.

127 5244 210 5296 lta
240 5241 410 5296 etiam
442 5240 642 5309 te,vita
664 5240 790 5295 vitm
821 5240 1274 5311 mem,grandem
1303 5257 1406 5311 per
1434 5240 1660 5295 infinita
1687 5258 1820 5312 spa-

123 5332 202 5385 tia
219 5329 471 5402 undique
492 5329 811 5401 cogitabam
833 5332 1132 5398 penetrare
1155 5333 1330 5383 totam
1352 5329 1553 5383 mundi
1584 5331 1814 5398 molem,

125 5422 183 5474 et
225 5423 383 5474 extra
431 5435 557 5474 eam
587 5433 1042 5491 quaquaversum
1080 5433 1183 5488 per
1211 5416 1491 5473 immensa
1542 5417 1664 5476 sine
1703 5424 1815 5476 ter-

195 5580 207 5614 ι
242 5577 365 5627 Ba-l.
397 5577 510 5628 Am.
544 5581 592 5627 et
622 5578 732 5629 Er.:
762 5580 876 5630 Non
907 5579 1087 5627 tamen
1110 5579 1158 5628 te
1181 5576 1492 5640 cogitabam.

1951 1179 2139 1246 mino;
2175 1183 2238 1234 ut
2265 1179 2500 1235 haberet
2543 1183 2597 1234 te
2625 1184 2797 1246 terra,
2841 1180 3077 1235 haberet
3105 1181 3328 1250 coelum,
3369 1182 3646 1238 haberent

1952 1267 2164 1335 omnia,
2192 1267 2357 1322 etilla
2384 1268 2685 1324 ﬁnirentur
2703 1268 2764 1322 in
2796 1272 2866 1335 te,
2887 1273 2950 1323 tu
2967 1272 3156 1323 autem
3187 1285 3488 1341 nusquam.
3516 1269 3633 1324 Sic-

1953 1360 2014 1409 ut
2051 1361 2241 1410 autcm
2271 1355 2382 1409 luci
2427 1355 2560 1410 solis
2609 1371 2724 1410 non
2753 1355 3051 1410 obsisteret
3065 1372 3269 1426 corpus
3302 1355 3445 1410 aeris
3474 1357 3647 1427 hujus

1951 1445 2050 1516 qui
2080 1461 2251 1516 supra
2280 1449 2493 1500 terram
2516 1448 2618 1508 est,
2638 1444 2960 1516 jquominus
2989 1461 3090 1516 per
3119 1461 3250 1499 eum
3285 1445 3640 1516 trajiceretur

1948 1538 2252 1604 penetrans
2282 1549 2434 1599 eum,
2469 1549 2582 1587 non
2611 1532 2990 1604 dirumpendo
3022 1537 3120 1586 aut
3147 1533 3517 1596 concidendo,
3539 1533 3639 1588 sed

1948 1621 2236 1692 implendo
2265 1637 2397 1676 eum
2427 1625 2641 1676 totum:
2691 1621 2769 1675 sic
2810 1621 2915 1676 tibi
2963 1621 3239 1692 putabam
3285 1638 3405 1676 non
3452 1622 3640 1677 solum

1949 1710 2075 1765 coeli
2101 1714 2158 1766 et
2185 1710 2331 1766 aeris
2379 1715 2435 1765 et
2465 1711 2655 1777 maris,
2698 1710 2795 1764 sed
2843 1710 3015 1764 etiam
3047 1714 3215 1764 terras
3242 1725 3447 1780 corpus
3502 1726 3636 1780 per-

1949 1798 2124 1865 vium,
2175 1804 2231 1853 et
2271 1816 2335 1852 ex
2367 1799 2633 1853 omnibus
2662 1798 2928 1853 maximis
2959 1797 3327 1868 minimisque
3375 1799 3638 1869 partibus

1949 1887 2300 1957 penetrabile
2332 1887 2403 1940 ad
2431 1887 2768 1956 capiendam
2813 1886 3176 1957 praesentiam
3210 1892 3390 1954 tuam,
3423 1888 3644 1941 occulta

1949 1975 2324 2047 inspiratione
2353 1975 2693 2030 intrinsecus
2733 1981 2788 2030 et
2813 1975 3165 2030 extrinsecus
3212 1975 3644 2031 administrante

1947 2065 2138 2120 omnia
2168 2080 2297 2136 quae
2327 2065 2544 2119 creasti.
2570 2066 2650 2118 Ita
2679 2064 3024 2135 suspicabar,
3049 2065 3183 2136 quia
3211 2064 3460 2135 cogitare
3478 2064 3637 2120 aliud

1948 2171 2060 2208 non
2084 2159 2372 2224 poteram;
2409 2170 2542 2208 nam
2564 2153 2769 2208 falsum
2794 2157 2936 2209 erat.
2968 2154 3068 2208 Illo
3091 2153 3244 2208 enim
3268 2155 3439 2209 modo
3460 2154 3646 2225 major

1947 2259 2078 2313 pars
2103 2248 2269 2298 terrm
2299 2244 2577 2313 majorem
2609 2242 2692 2297 tui
2722 2247 2943 2312 partem
2969 2242 3223 2309 haberet,
3258 2248 3312 2296 et
3355 2242 3641 2298 minorem

1947 2333 2172 2387 minor:
2208 2337 2379 2404 atque
2407 2331 2486 2386 ita
2513 2335 2570 2386 te
2617 2333 2789 2402 plena
2823 2335 3010 2385 essent
3037 2331 3254 2398 omnia,
3289 2336 3351 2386 ut
3395 2332 3643 2402 amplius

1946 2421 2029 2476 tui
2049 2426 2273 2492 caperet
2301 2420 2588 2491 elephanti
2617 2435 2821 2491 corpus
2845 2435 3018 2491 quam
3041 2419 3308 2491 pasceris,
3353 2435 3465 2486 quo
3493 2424 3647 2475 esset

1945 2511 2052 2565 isto
2073 2508 2370 2581 grandius,
2391 2509 2870 2580 grandioremque
2895 2511 3198 2579 occuparet
3223 2509 3443 2575 locum;
3473 2512 3643 2579 atque

1943 2597 2023 2652 ita
2050 2597 2339 2652 frustatim
2369 2597 2626 2668 partibus
2655 2597 2872 2663 mundi,
2906 2597 3129 2667 magnis
3165 2612 3418 2667 magnas,
3452 2596 3645 2652 brevi—

1943 2685 2049 2740 bus
2081 2687 2277 2741 breves
2306 2690 2495 2756 partes
2525 2689 2650 2740 tuas
2688 2688 2996 2756 praesentes
3027 2685 3258 2740 faceres.
3298 2686 3422 2739 Non
3451 2701 3510 2739 es
3540 2701 3643 2740 au-

1942 2778 2058 2830 tem
2087 2773 2184 2829 ita.
2231 2774 2336 2829 Sed
2380 2773 2634 2828 nondum
2665 2773 3102 2842 :illuminaveras
3134 2773 3396 2828 tenebras
3445 2789 3631 2829 meas.

2661 2881 2840 2934 APUT
2881 2881 2952 2934 ll.

2661 2881 2746 2933 AP
2881 2881 2952 2934 ll.

2047 2970 2350 3024 Manentsz
2385 2983 2486 3037 quo
2519 2881 3152 3035 Nclﬁ'idiEsTan/‘utarat
3182 2969 3530 3023 Manichzos.

2013 3079 2065 3131 3.
2094 3075 2189 3130 Sat
2217 3078 2334 3130 erat
2381 3073 2545 3141 mihi,
2597 3072 2856 3140 Domine,
2906 3073 3174 3127 adversus
3219 3073 3482 3144 deceptos
3514 3073 3642 3130 illos

1941 3167 1999 3218 et
2027 3164 2371 3234 deceptores,
2406 3167 2461 3217 et
2491 3163 2760 3234 loquaces
2798 3165 2990 3215 mutos
3027 3157 3068 3228 ‘,
3101 3161 3373 3232 quoniam
3415 3179 3529 3216 non
3573 3179 3642 3218 ex

1940 3253 2022 3306 eis
2054 3254 2290 3307 sonabat
2332 3252 2566 3306 verbum
2613 3255 2811 3305 tuum:
2854 3255 2940 3304 sat
2986 3255 3108 3304 erat
3150 3266 3286 3320 ergo
3313 3251 3455 3305 illud
3485 3251 3642 3323 quod

1935 3341 2153 3412 jamdiu
2181 3341 2251 3395 ab
2287 3356 2466 3412 usque
2507 3339 2844 3409 Carthagine
2885 3355 2917 3391 a
2962 3338 3228 3393 Nebridio
3251 3340 3498 3410 proponi
3545 3357 3640 3394 so-

1941 3431 2106 3493 lebat,
2143 3433 2198 3484 et
2226 3445 2422 3484 omnes
2450 3429 2549 3500 qui
2577 3427 2939 3483 audieramus
2970 3425 3229 3480 concussi
3249 3415 3463 3483 sumus.
3492 3428 3640 3493 Quid

1939 3523 2063 3573 erat
2091 3518 2194 3572 tibi
2229 3518 2448 3572 factura
2475 3516 2664 3571 nescio
2697 3532 2824 3587 quae
2867 3532 3005 3586 gens
3043 3515 3430 3584 tenebrarum,
3465 3533 3640 3588 quam

1940 3623 2005 3662 ex
2032 3607 2264 3662 adversa
2302 3607 2451 3660 mole
2491 3605 2678 3659 solent
2723 3619 3033 3675 opponere,
3077 3605 3125 3657 si
3169 3609 3232 3658 tu
3262 3619 3390 3658 cum
3421 3621 3487 3658 ea
3531 3621 3638 3676 pu-

1939 3711 2115 3768 gnare
2155 3694 2432 3749 noluisses
2489 3692 2548 3749 ²Ϋ
2605 3693 2662 3748 Si
2705 3693 2859 3746 enim
2906 3692 3366 3762 responderetur,
3419 3692 3638 3764 aliquid

1930 3785 2108 3846 fuisse
2131 3783 2484 3848 nocituram,
2508 3780 2790 3836 violabilis
2817 3785 2876 3834 tu
2899 3785 2954 3834 et
2973 3779 3360 3849 corruptibilis
3385 3780 3554 3836 fores.
3579 3780 3638 3836 Si

1937 3878 2129 3928 autem
2168 3871 2312 3926 nihil
2337 3887 2404 3924 ea
2438 3885 2640 3924 nocere
2671 3869 2923 3940 potuisse
2954 3869 3258 3935 diceretur,
3291 3869 3452 3922 nulla
3473 3869 3636 3924 affer-

1937 3967 2095 4016 retur
2141 3976 2309 4015 causa
2346 3958 2664 4030 pugnandi,
2696 3962 2752 4012 et
2797 3958 2873 4011 ita
2904 3956 3218 4028 pugnandi,
3260 3960 3327 4010 ut
3370 3957 3635 4028 qumdam

1935 4050 2119 4121 portio
2150 4053 2249 4103 tua
2277 4053 2332 4103 et
2352 4047 2675 4102 membrum
2701 4050 2886 4113 tuum,
2920 4047 3006 4100 vel
3038 4047 3224 4116 proles
3250 4047 3320 4101 de
3350 4045 3472 4116 ipsa
3499 4047 3634 4101 sub-

1934 4138 2138 4192 stantia
2184 4141 2300 4203 ωδ,
2350 4135 2686 4189 misceretur
2725 4133 2972 4188 adversis
3006 4134 3381 4204 potestatibus
3413 4139 3470 4187 et
3514 4151 3634 4190 non

1934 4244 1966 4281 a
1997 4231 2049 4282 te
2096 4225 2298 4281 creatis
2331 4223 2566 4290 naturis,
2600 4228 2769 4293 atque
2802 4222 2859 4276 in
2898 4225 3122 4276 tantum
3155 4223 3223 4276 ab
3257 4223 3338 4276 eis
3370 4238 3633 4278 corrum-

1931 4319 2167 4386 peretur
2191 4319 2247 4369 et
2275 4315 2728 4368 commutaretur
2747 4311 2806 4364 in
2829 4310 3100 4376 deterius,
3125 4315 3190 4365 ut
3220 4328 3251 4364 a
3282 4311 3632 4366 beatitudine

1930 4404 1990 4458 in
2028 4403 2316 4459 miseriam
2338 4407 2671 4468 verteretur,
2705 4407 2762 4455 et
2794 4401 3079 4472 indigeret
3105 4400 3319 4455 auxilio
3357 4417 3471 4472 quo
3505 4401 3633 4456 erui

1932 4493 2280 4566 purgarique
2327 4495 2547 4563 posset:
2601 4495 2658 4545 et
2703 4491 2849 4544 hanc
2871 4505 2991 4545 esse
3035 4489 3312 4556 animam,
3360 4489 3451 4544 cui
3499 4494 3631 4546 tuus

1931 4598 2137 4650 sermo,
2184 4580 2448 4636 servienti
2479 4581 2639 4646 liber,
2667 4583 2722 4634 et
2761 4577 3161 4632 contaminata:
3190 4594 3390 4649 purus,
3423 4581 3479 4632 et
3507 4594 3630 4634 cor-

1931 4675 2114 4742 rupta:
2143 4669 2368 4740 integer
2415 4667 2774 4734 subveniret;
2804 4667 2899 4722 sed
2948 4671 3003 4721 et
3048 4665 3172 4737 ipse
3221 4666 3632 4738 corruptibilis,

1931 4759 2067 4831 quia
2093 4775 2158 4814 ex
2187 4775 2304 4812 una
2323 4757 2640 4828 eademque
2670 4754 3006 4810 substantia.
3039 4756 3256 4826 Itaque,
3282 4755 3327 4808 si
3353 4759 3429 4822 te,
3463 4756 3642 4827 quids

1931 4847 2066 4919 quid
2095 4864 2172 4913 es,
2200 4845 2259 4900 id
2289 4849 2394 4912 est,
2426 4843 2804 4900 substantiam
2839 4847 2995 4898 tuam
3026 4859 3141 4915 qua
3177 4859 3256 4911 es,
3285 4843 3631 4915 incorrupti-

1929 4936 2103 4991 bilem
2142 4934 2434 5002 dicerent;
2465 4933 2604 4988 falsa
2633 4949 2754 4987 esse
2775 4932 2872 4987 illa
2901 4931 3094 4986 omnia
3122 4935 3179 4987 et
3228 4932 3627 4987 exsecrabilia:

1929 5024 1976 5078 si
2007 5027 2198 5079 autem
2227 5022 2654 5094 corruptibilem
2675 5039 2688 5088 ;
2712 5021 2959 5092 idipsum
2980 5021 3102 5093 jam
3124 5021 3330 5076 falsum
3357 5026 3412 5076 et
3437 5021 3630 5092 prima

1929 5129 2063 5168 voce
2093 5111 2564 5167 abominandum.
2604 5111 2700 5166 Sat
2729 5127 2865 5182 ergo
2898 5113 3020 5165 erat
3052 5110 3201 5164 istud
3233 5111 3500 5165 adversus
3525 5125 3626 5164 eos

1929 5201 2258 5256 omnimodo
2283 5199 2625 5254 evomeudos
2653 5216 2687 5253 a
2710 5214 2974 5268 pressura
3011 5197 3290 5268 pectoris;
3325 5197 3458 5267 quia
3509 5213 3626 5250 non

1928 5289 2215 5344 habebant
2243 5305 2356 5360 qua
2412 5287 2628 5343 exirent
2657 5287 2776 5342 sine
2809 5286 3071 5342 horribili
3111 5284 3404 5355 sacrilegio
3435 5283 3625 5338 cordis

1927 5382 1982 5432 et
2010 5377 2243 5450 lingunt,
2266 5377 2562 5432 sentiendo
2596 5377 2665 5432 de
2695 5381 2748 5432 te
2779 5375 2889 5432 ista
2919 5380 2976 5430 et
3004 5373 3311 5446 loquendo.

1991 5521 2005 5554 ί
2037 5518 2150 5583 Am.
2184 5519 2297 5568 Er.:
2323 5521 2582 5583 Loquaces
2607 5516 2980 5583 mutos,_et_ob
3004 5513 3100 5583 {ioc
3126 5515 3614 5583 mutos,_q_uoniam.

1987 5583 2008 5617 ι’
2038 5582 2252 5645 Legitur
2278 5576 2530 5637 voluisses
2561 5581 2699 5644 apud
2731 5578 2854 5634 Bad,
2887 5579 2968 5632 Er.
3007 5579 3202 5627 Somm.
3242 5579 3292 5625 et
3326 5576 3460 5632 Blas.
