4058 6364
370 330 476 383 ’735

1042 447 1266 501 CAPUT
1297 448 1390 500 Ill.

728 535 974 589 Liberum
1004 536 1290 589 arbitrium
1317 549 1481 589 causa
1497 537 1724 604 peccati.

432 625 484 679 4.
518 623 622 679 Sed
653 626 708 678 et
737 639 842 694 ego
873 623 1076 688 adhuc,
1111 623 1370 694 quamvis
1402 623 1978 678 incontaminabilem
2010 627 2065 678 et

365 710 849 766 inconvertibilem
876 715 931 766 et
954 712 1109 765 nulla
1139 727 1205 766 ex
1231 716 1388 782 parte
1417 711 1750 766 mutabilem
1784 712 2060 778 dicerem,

364 799 641 870 ﬁrmeque
671 799 938 853 sentirem
973 799 1277 853 Dominum
1308 803 1565 853 nostrum
1622 801 1798 853 Deum
1831 815 2056 864 verum,

365 886 466 958 qui
493 885 672 941 fecisti
710 902 825 940 non
854 887 1038 940 solum
1063 886 1280 940 animas
1313 891 1553 953 nostras,
1585 887 1682 940 sed
1716 886 1891 940 etiam
1937 902 2062 940 cor—

366 991 526 1045 pora,
556 989 659 1028 nec
682 977 904 1028 tantum
931 974 1150 1028 animas
1183 979 1402 1028 nostras
1433 979 1489 1029 et
1510 991 1772 1044 corpora,
1804 975 1899 1028 sed
1932 991 2061 1028 om-

367 1078 466 1116 nes
496 1066 551 1117 et
587 1061 812 1127 omnia;
844 1078 960 1116 non
985 1062 1249 1116 tenebam
1285 1062 1610 1132 explicitam
1671 1068 1726 1115 et
1756 1063 2062 1116 enodatam

367 1166 593 1205 causam
631 1150 800 1204 mali:
835 1165 1211 1221 quaecumque
1237 1155 1430 1204 tamen
1456 1155 1622 1216 esset,
1647 1150 1726 1204 sic
1757 1166 1885 1203 eam
1907 1167 2065 1220 quae-

367 1239 602 1293 rendam
626 1238 908 1304 videbam,
934 1241 996 1291 ut
1012 1253 1125 1291 non
1151 1237 1422 1308 perillam
1445 1236 1864 1306 constringerer
1882 1239 2062 1292 Deum

364 1325 891 1380 incommutabilem
937 1325 1267 1380 mutabilem
1322 1325 1571 1390 credere,
1614 1341 1684 1379 ne
1715 1324 1836 1396 ipse
1864 1326 2062 1381 ﬁerem

368 1414 523 1485 quod
556 1413 905 1486 quzerebam.
957 1416 1150 1485 Itaque
1181 1429 1410 1468 securus
1441 1429 1566 1468 eam
1621 1414 1972 1485 qurerebam,
2008 1418 2065 1470 et

364 1505 551 1556 certus
580 1517 694 1556 non
724 1517 844 1556 esse
882 1517 1080 1556 verum
1127 1501 1279 1573 quod
1318 1501 1400 1555 illi
1432 1501 1707 1571 dicerent,
1757 1519 1898 1573 quos
1941 1508 2061 1558 toto

363 1588 554 1642 animo
574 1589 897 1659 fugiebam;
932 1588 1068 1658 quia
1095 1587 1377 1654 videbam,
1410 1589 1718 1660 quaerendo
1753 1589 1907 1644 unde
1934 1607 2056 1644 ma-

366 1677 506 1743 lum,
545 1678 791 1747 repletos
834 1675 1072 1741 malitia,
1121 1691 1234 1747 qua
1265 1676 1639 1746 Opinarentur
1668 1680 1822 1730 tuam
1872 1677 2061 1746 potius

365 1764 739 1819 substantiam
770 1765 916 1818 male
944 1763 1086 1835 pati,
1121 1780 1294 1836 quam
1339 1781 1504 1820 suam
1535 1765 1681 1819 male
1707 1765 1917 1820 facere.

434 1856 486 1907 5.
512 1854 574 1906 Et
602 1853 964 1907 intendebam
1005 1857 1068 1907 ut
1097 1869 1393 1908 cernerem
1436 1855 1588 1925 quod
1621 1854 1949 1922 audiebam,
1983 1852 2058 1907 li-

363 1941 563 1997 berum
581 1941 888 1996 voluntatis
917 1941 1219 1998 arbitrium
1250 1959 1478 1998 causam
1497 1959 1615 1996 esse
1642 1946 1701 1996 ut
1729 1943 1876 1996 male
1903 1943 2054 1997 face-

368 2047 581 2096 remus,
610 2034 664 2084 et
711 2035 928 2085 rectum
966 2031 1248 2102 judicium
1291 2036 1454 2086 tuum
1505 2035 1565 2085 ut
1595 2035 1956 2104 pateremur;
2009 2035 2063 2086 et

367 2135 494 2174 eam
523 2119 802 2191 liquidam
835 2122 851 2156 ί
885 2136 1116 2174 cernere
1164 2136 1280 2174 non
1311 2121 1587 2174 valebam.
1637 2122 1836 2191 Itaque
1880 2119 2056 2174 aciem

367 2207 574 2262 mentis
605 2207 674 2261 de
712 2206 1000 2278 profundo
1049 2207 1288 2262 educere
1319 2213 1574 2274 conatus,
1607 2209 1908 2278 mergebar
1956 2207 2059 2262 ite-

364 2311 490 2350 rum
517 2311 529 2361 ;
554 2298 608 2348 et
637 2310 788 2364 saspe
805 2298 1062 2360 conatus,
1085 2295 1384 2364 mergebar
1403 2294 1610 2348 iterum
1635 2299 1802 2366 atque
1827 2295 2057 2349 iterum.

366 2384 705 2440 Sublevabat
733 2383 887 2437 enim
904 2399 995 2436 me
1016 2382 1075 2436 in
1098 2382 1282 2436 lucem
1305 2386 1462 2436 tuam
1489 2383 1643 2453 quod
1666 2387 1782 2436 tam
1807 2399 1898 2436 me
1919 2382 2060 2436 scie-

367 2473 495 2526 bam
520 2471 730 2525 habere
759 2471 1132 2537 voluntatem,
1158 2487 1332 2542 quam
1357 2487 1446 2524 me
1472 2471 1673 2524 vivere.
1711 2473 1906 2542 Itaque
1927 2487 2057 2526 cum

363 2559 580 2631 aliquid
609 2558 811 2612 vellem
845 2561 942 2612 aut
968 2559 1204 2620 nollem,
1236 2575 1348 2612 non
1380 2558 1558 2612 alium
1587 2574 1758 2629 quam
1792 2575 1880 2612 me
1917 2560 2060 2614 velle

364 2665 428 2703 ac
458 2648 607 2702 nolle
637 2646 980 2700 certissimus
1011 2661 1188 2712 eram,
1222 2652 1277 2701 et
1313 2646 1392 2700 ibi
1442 2662 1562 2701 esse
1595 2663 1820 2701 causam
1845 2648 2060 2718 peccati

364 2736 611 2807 meijam
633 2735 868 2806 jamque
889 2734 1424 2793 animadvertebam.
1448 2735 1606 2798 Quod
1631 2739 1823 2789 autem
1850 2735 2060 2790 invitus

363 2827 626 2890 facerem,
663 2823 779 2894 pati
813 2838 904 2876 me
936 2822 1129 2893 potius
1158 2838 1330 2894 quam
1360 2821 1542 2876 facere
1568 2821 1860 2890 videbam;
1910 2828 1967 2878 et
1998 2824 2055 2878 id

367 2930 486 2968 non
507 2913 754 2985 culpam,
779 2912 876 2967 sed
906 2927 1130 2982 poenam
1156 2927 1275 2965 esse
1300 2910 1645 2980 judicabam,
1679 2928 1791 2982 qua
1822 2928 1913 2966 me
1944 2928 2063 2966 non

370 3002 581 3073 injuste
613 3000 804 3072 plecti,
842 3005 898 3054 te
939 2999 1160 3070 justum
1204 3000 1478 3068 cogitans,
1521 3000 1631 3054 cito
1682 3000 1916 3054 fatebar.
1953 3001 2058 3055 Sed

367 3107 563 3144 rursus
610 3089 902 3144 dicebam:
936 3087 1070 3153 Quis
1107 3086 1239 3141 fecit
1271 3087 1412 3142 me?
1446 3091 1644 3142 Nonne
1695 3090 1840 3142 Deus
1878 3105 2060 3155 meus,

366 3195 484 3234 non
514 3181 734 3232 tantum
781 3178 984 3242 bonus,
1035 3175 1135 3230 sed
1178 3175 1368 3246 ipsum
1405 3176 1667 3230 bonum?
1699 3176 1855 3231 Unde
1885 3175 2064 3248 igitur

369 3265 512 3322 mihi
543 3267 689 3320 male
709 3266 851 3320 velle
882 3270 940 3319 et
966 3265 1112 3318 bene
1140 3264 1310 3333 nolle,
1332 3269 1396 3318 ut
1419 3265 1846 3335 essetcurjuste
1869 3281 2064 3335 poanas

369 3355 584 3409 luerem
603 3354 629 3408 ἓν
650 3351 785 3417 Quis
812 3352 870 3405 in
894 3369 984 3407 me
1013 3352 1118 3406 hoc
1138 3353 1347 3422 posuit,
1380 3357 1435 3407 et
1456 3353 1659 3407 insevit
1685 3354 1824 3408 mihi
1848 3354 2064 3424 planta-

370 3441 519 3496 rium
552 3440 970 3506 amaritudinis,
999 3457 1127 3493 cum
1149 3444 1300 3495 totus
1326 3442 1520 3495 liorem
1544 3458 1576 3494 a
1595 3442 1922 3496 dulcissimo
1951 3444 2062 3496 Deo

368 3530 540 3585 meo?
568 3529 621 3584 Si
653 3527 914 3583 diabolus
956 3533 1167 3594 auctor,
1205 3530 1356 3584 unde
1387 3529 1508 3600 ipse
1551 3530 1850 3586 diabolus?
1902 3531 2065 3595 Quod

368 3619 415 3673 si
447 3623 504 3673 et
534 3618 653 3689 ipse
684 3633 949 3688 perversa
988 3619 1276 3672 voluntate
1305 3635 1368 3672 ex
1404 3620 1555 3673 bono
1580 3620 1780 3690 angelo
1807 3619 2068 3674 diabolus

369 3705 549 3760 factus
579 3709 690 3771 est;
714 3705 867 3760 unde
898 3709 952 3760 et
982 3705 1042 3759 in
1082 3705 1202 3777 ipso
1233 3707 1493 3762 voluntas
1524 3709 1674 3762 mala
1716 3725 1828 3779 qua
1872 3708 2065 3764 diabo-

371 3794 459 3848 lus
505 3795 686 3860 ﬁeret,
730 3794 959 3865 quando
999 3798 1149 3848 totus
1179 3797 1416 3865 angelus
1443 3813 1476 3850 a
1522 3796 1812 3852 conditore
1847 3797 2066 3867 optimo

373 3880 551 3936 factus
600 3884 745 3936 esset
772 3881 955 3936 bonus
987 3882 1052 3936 ’?
1080 3881 1174 3937 His
1222 3883 1662 3954 cogitationibus
1709 3884 2066 3956 deprimebat

372 3969 578 4023 iterum
627 3973 683 4023 et
707 3970 1050 4025 suﬁ‘ocabar:
1083 3971 1180 4026 sed
1211 3969 1344 4026 non.
1371 3989 1553 4043 usque
1583 3973 1654 4027 ad
1687 3973 1851 4027 illum
1883 3973 2066 4027 infer-

372 4073 511 4113 num
562 4058 918 4113 subducebar
975 4061 1206 4130 erroris,
1239 4061 1337 4115 ubi
1393 4079 1561 4116 nemo
1610 4063 1911 4116 conﬁtetur
1939 4063 2065 4128 tibi,

374 4147 513 4203 dum
545 4151 603 4202 tu
635 4148 825 4218 potius
843 4149 992 4202 mala
1018 4149 1159 4220 pati,
1187 4166 1358 4220 quam
1386 4151 1556 4204 homo
1599 4151 1782 4206 facere
1805 4155 2066 4221 putatur.

1039 4255 1264 4309 CAPUT
1304 4257 1396 4310 IV.

689 4344 853 4396 Deum
891 4343 1352 4412 incorruptibitcm
1380 4359 1490 4399 esse
1526 4348 1749 4413 oportet.

445 4432 496 4484 6.
528 4429 617 4484 Sic
657 4429 811 4483 enim
854 4429 1074 4484 nitebar
1118 4437 1321 4485 castera
1353 4432 1630 4499 invenire,
1673 4433 1868 4502 utjam
1918 4432 2072 4487 inve-

373 4533 572 4572 neram
605 4517 808 4571 melius
841 4535 959 4571 esse
989 4519 1439 4591 incorruptibilc,
1468 4537 1641 4592 quam
1670 4520 2068 4592 corruptibile;

375 4608 431 4658 et
467 4604 594 4659 ideo
627 4611 702 4674 te,
733 4607 1009 4678 quidquid
1043 4625 1210 4675 esses,
1244 4625 1363 4663 esse
1393 4609 1886 4680 incorruptibilem
1933 4625 2069 4663 con-

369 4693 590 4748 ﬁtebar.
628 4695 820 4765 Neque
839 4695 992 4749 enim
1011 4697 1126 4750 ulla
1157 4696 1350 4750 anima
1380 4714 1634 4768 unquam
1666 4697 1867 4768 potuit,
1896 4701 2064 4768 pote-

375 4780 518 4836 ritve
549 4783 796 4853 cogitare
818 4784 1031 4855 aliquid
1056 4787 1208 4856 quod
1227 4785 1300 4839 sit
1325 4791 1377 4840 te
1405 4785 1629 4851 melius,
1655 4786 1752 4857 qui
1776 4803 2064 4840 summum

375 4873 433 4924 et
463 4871 748 4941 optimum
776 4872 994 4926 bonum
1026 4891 1110 4928 es.
1151 4875 1293 4928 Cum
1322 4878 1510 4928 autem
1544 4873 1833 4928 verissime
1893 4880 2067 4945 atque

375 4957 687 5014 certissime
713 4959 1142 5031 incorruptibile
1173 4961 1526 5032 corruptibili
1549 4968 1940 5033 prazponatur,
1968 4963 2074 5017 sic-

376 5050 441 5100 ut
462 5046 584 5118 jam
632 5064 738 5118 ego
785 5050 1211 5119 praeponebam,
1247 5055 1506 5121 poteram
1549 5052 1668 5121 jam
1723 5052 2067 5121 cogitatione

375 5135 592 5206 aliquid
623 5137 903 5207 attingere
940 5139 1096 5209 quod
1129 5144 1276 5194 esset
1321 5139 1527 5194 melius
1562 5141 1672 5194 Deo
1707 5156 1854 5206 meo,
1880 5140 1990 5195 nisi
2014 5143 2078 5194 tu

441 5243 458 5277 ι
485 5241 702 5316 SieMss.
725 5243 877 5305 Angl.
901 5248 952 5292 et
971 5245 1318 5316 nostriprope
1336 5260 1520 5294 omnes
1542 5247 1662 5294 Mss.
1681 5245 1743 5294 Et
1763 5247 1918 5316 paulo
1940 5250 2075 5308 post,

377 5305 666 5369 mortalium
682 5319 841 5368 quam
858 5320 951 5354 me.
971 5310 976 5366 ί
997 5310 1068 5355 Ea
1078 5321 1128 5355 ιη
1143 5305 1337 5369 liquide
1351 5321 1605 5358 cernere.
1621 5345 1632 5356 .
1647 5323 1745 5356 non
1763 5305 1914 5357 btiud
1927 5305 2080 5369 quam

377 5367 710 5426 mel—Arn;
726 5369 875 5417 Mart.
893 5370 1027 5418 Flor.
1061 5374 1109 5417 et
1143 5367 1308 5418 liend.
1336 5385 1457 5420 cum
1497 5371 1768 5419 nonnullis
1790 5367 1947 5419 Mss-.5
1966 5373 2078 5419 Αὀιι

378 5427 555 5498 attulit
576 5442 740 5498 quem
763 5443 844 5498 me
975 5493 984 5498 _
1051 5432 1120 5498 ξε.

380 5489 759 5600 alfisOmittitur
781 5493 946 5544 bonus
974 5493 1026 5544 iu
1059 5493 1177 5543 Mss.
1205 5495 1422 5558 licuigu.
1446 5494 1767 5545 'I‘lieoderiea
1791 5499 1841 5545 et
1872 5494 2080 5557 aliquot

1566 325 2104 383 (JONFESSIONUM
2146 325 2200 381 S.
2241 322 2648 382 AUGUSTINI.

3761 327 3872 377 736

2173 463 2324 502 esses
2363 441 2832 515 incorruptibilis.
2881 443 2981 498 [ibi
3011 442 3186 515 igitur
3224 443 3481 498 videbam
3525 445 3878 516 incorrupti-

2171 534 2284 588 bile
2315 531 2674 603 corruptibili
2699 548 2818 586 esse
2836 531 3279 603 praeferendum,
3311 531 3390 586 ibi
3407 537 3460 586 te
3489 549 3744 604 quaerere
3767 535 3874 588 de-

2173 622 2397 686 bebam,
2441 627 2610 692 atque
2664 620 2797 674 inde
2849 621 3138 675 advertere
3184 621 3336 674 unde
3369 619 3485 675 ‘sit
3526 621 3760 685 malum,
3814 623 3878 676 id

2171 715 2276 778 est,
2302 710 2451 764 unde
2477 710 2548 764 sit
2583 709 2707 778 ipsa
2729 709 3039 778 corruptio,
3059 726 3171 780 qua
3196 708 3396 763 violari
3428 710 3741 764 substantia
3771 715 3880 764 tua

2171 799 2328 852 nullo
2361 799 2530 852 modo
2561 801 2775 868 potest.
2830 798 2995 852 Nullo
3030 797 3183 850 enim
3212 814 3443 867 prorsus
3475 799 3646 852 modo
3696 799 3880 853 violat

2170 887 2458 957 corruptio
2509 887 2688 940 Deum
2729 889 3025 952 nostrum;
3067 887 3224 939 nulla
3248 887 3554 954 voluntate,
3579 887 3736 940 nulla
3767 903 3874 940 ne-

2171 976 2448 1042 cessitate,
2501 976 2660 1029 nullo
2718 974 3024 1045 improviso
3073 990 3234 1038 casu;
3289 974 3558 1044 quoniam
3590 974 3731 1045 'ipse
3785 980 3880 1028 est

2173 1065 2338 1130 Deus,
2374 1068 2430 1118 et
2460 1064 2614 1135 quod
2661 1063 2768 1116 sibi
2799 1063 2915 1116 vult
2944 1063 3157 1115 bonum
3193 1066 3294 1127 est,
3339 1068 3395 1115 et
3424 1062 3543 1132 ipse
3590 1068 3676 1117 est
3713 1063 3870 1117 idem

2168 1151 2411 1206 bonum:
2458 1151 2744 1217 corrumpi
2767 1155 2956 1204 autem
3000 1167 3110 1202 non
3133 1152 3462 1205 estbonum.
3490 1154 3600 1206 Nec
3648 1154 3878 1222 cogeris

2169 1240 2384 1294 invitus
2428 1240 2497 1294 ad
2545 1239 2782 1309 aliquid,
2814 1238 2947 1309 quia
2974 1237 3234 1292 voluntas
3277 1243 3374 1292 tua
3407 1255 3522 1293 non
3566 1245 3650 1294 est
3686 1242 3879 1310 major

2171 1345 2344 1400 quam
2388 1327 2645 1399 potentia
2675 1331 2791 1380 tua.
2835 1327 2991 1380 Esset
3019 1330 3209 1379 autem
3245 1327 3446 1395 major,
3497 1327 3541 1380 si
3576 1331 3627 1380 te
3657 1328 3778 1398 ipso
3805 1333 3876 1381 tu

2170 1416 2293 1487 ipse
2327 1415 2510 1486 major
2545 1429 2720 1468 esses:
2754 1413 3012 1467 voluntas
3034 1413 3189 1466 enim
3219 1417 3274 1467 et
3293 1413 3544 1484 potentia
3565 1415 3684 1482 Dei,
3721 1417 3874 1468 Deus

2169 1505 2290 1576 ipse
2318 1507 2418 1558 est.
2457 1504 2519 1556 Et
2549 1502 2685 1573 quid
2719 1501 3089 1572 improvisum
3118 1500 3221 1555 tibi
3252 1501 3350 1572 qui
3379 1501 3532 1556 nosti
3570 1502 3786 1568 omnia,
3811 1507 3877 1557 et

2168 1593 2324 1647 nulla
2350 1595 2553 1644 natura
2575 1594 2679 1654 est,
2700 1589 2810 1643 nisi
2841 1589 2976 1660 quia
2999 1588 3142 1642 nosti
3167 1605 3293 1642 eam
3310 1587 3337 1640 ?
3361 1591 3424 1643 Et
3445 1589 3650 1660 utquid
3686 1591 3874 1643 multa

2169 1679 2429 1745 dicimus,
2463 1694 2564 1731 cur
2581 1693 2696 1731 non
2727 1677 2798 1731 sit
2815 1676 3549 1746 corruptibilissubstantia
3572 1693 3698 1750 quae
3724 1679 3879 1732 Deus

2169 1769 2272 1833 est,
2305 1765 2534 1836 quando
2566 1764 2613 1818 si
2635 1765 2740 1819 hoc
2765 1769 2910 1818 esset
2941 1763 3126 1818 Dens?

2846 1852 3071 1905 CAPUT
3117 1852 3185 1906 V.

2306 1941 2506 2008 Quaerit
2536 1942 2730 1994 iterum
2759 1940 2899 1994 unde
2929 1941 3154 2006 malum,
3188 1943 3237 1994 ct
3267 1955 3383 2008 qua:
3409 1939 3577 1994 radix
3599 1939 3736 2008 ejus.

2236 2034 2296 2086 '7.
2339 2031 2404 2084 Et
2433 2029 2757 2100 quaerebam
2786 2029 2936 2083 unde
2969 2029 3201 2096 malum,
3237 2031 3292 2082 et
3320 2029 3468 2082 male
3499 2028 3865 2099 qumrebam;

2170 2121 2225 2172 et
2254 2118 2313 2172 in
2346 2117 2468 2188 ipsa
2496 2117 2866 2188 inquisitione
2907 2133 3033 2171 mea
3079 2133 3196 2171 non
3231 2117 3484 2170 videbam
3516 2117 3751 2170 malum.
3806 2117 3881 2170 Et

2171 2205 2587 2260 constituebam
2645 2204 2710 2258 in
2765 2209 3072 2275 conspectu
3121 2205 3356 2275 spiritus
3388 2203 3502 2258 mei
3541 2205 3871 2258 universam

2170 2299 2512 2360 creaturam,
2548 2293 2830 2364 quidquid
2867 2293 2926 2346 in
2953 2309 3019 2347 ea
3047 2309 3278 2346 cernere
3308 2309 3646 2363 possumus;
3696 2292 3868 2346 sicuti

2169 2386 2254 2436 est
2292 2386 2462 2447 terra,
2497 2386 2552 2436 et
2581 2398 2756 2446 mare,
2791 2385 2846 2436 et
2877 2397 2994 2450 aer,
3029 2381 3233 2448 sidera,
3267 2386 3322 2435 et
3351 2381 3604 2446 arbores,
3649 2384 3704 2434 et
3751 2380 3876 2434 ani-

2170 2471 2342 2526 malia
2375 2470 2663 2524 mortalia:
2694 2475 2750 2524 et
2780 2469 3062 2540 quidquid
3093 2469 3155 2523 in
3183 2486 3250 2523 ea
3279 2485 3394 2523 non
3424 2468 3700 2536 videmus,
3724 2468 3878 2524 sicut

2169 2561 2595 2615 ﬁrmamentum
2625 2559 2773 2626 cceli,
2794 2558 3026 2628 insuper
3064 2563 3120 2612 et
3145 2573 3342 2611 omnes
3370 2558 3615 2626 Angelos
3647 2560 3702 2611 et
3729 2573 3878 2610 cun-

2173 2654 2260 2704 cta
2303 2649 2622 2718 spiritualia
2678 2647 2832 2717 ejus;
2890 2648 2988 2701 sed
3033 2647 3203 2700 etiam
3235 2646 3377 2716 ipsa,
3429 2645 3587 2715 quasi
3635 2663 3882 2716 corpora

2176 2741 2382 2806 essent,
2415 2737 2548 2791 locis
2581 2741 2636 2790 et
2666 2735 2804 2790 locis
2827 2735 3110 2789 ordinavit
3135 2734 3469 2805 imaginatio
3493 2750 3656 2799 mea;
3686 2738 3744 2787 et
3765 2733 3881 2787 feci

2178 2841 2353 2879 unam
2383 2841 2626 2879 massam
2670 2824 2942 2895 grandem
2975 2822 3296 2878 distinctam
3343 2822 3645 2892 generibus
3674 2838 3881 2891 corpo-

2173 2929 2303 2969 rum
2331 2918 2651 2968 creaturam
2682 2917 2840 2966 tuam
2861 2914 2910 2978 ²;
2944 2911 3058 2964 sive
3088 2928 3216 2982 quas
3245 2927 3377 2964 vera
3406 2927 3645 2980 corpora
3687 2915 3876 2975 erant,

2171 3003 2288 3057 sive
2317 3018 2445 3072 quae
2489 3001 2611 3071 ipse
2666 3017 2770 3071 pro
2825 2999 3116 3071 spiritibus
3159 2999 3464 3053 ﬁnxeram:
3499 3003 3554 3052 et
3593 3015 3716 3052 eam
3766 2999 3881 3053 feci

2172 3091 2467 3161 grandem,
2495 3105 2611 3144 non
2637 3093 2916 3159 quantum
2937 3092 3077 3154 erat,
3097 3088 3252 3158 quod
3277 3087 3418 3140 scire
3443 3103 3554 3140 non
3579 3091 3838 3156 poteram
3863 3105 3878 3154 ;

2174 3181 2271 3234 sed
2303 3183 2582 3251 quantum
2610 3177 2794 3245 libuit,
2818 3177 3301 3247 undiqueversum
3339 3192 3473 3229 sane
3504 3175 3746 3231 ﬁnitam.
3797 3177 3882 3230 Te

2175 3273 2386 3335 autem,
2439 3267 2694 3329 Domine,
2739 3282 2806 3320 ex
2855 3265 3011 3319 omni
3058 3269 3218 3335 parte
3263 3263 3608 3318 ambientem
3653 3281 3778 3317 eam
3820 3270 3885 3320 et

2179 3361 2598 3428 penetrantem,
2619 3355 2715 3408 sed
2745 3369 3156 3425 usquequaque
3178 3352 3499 3407 inﬁnitum:
3530 3357 3801 3423 tanquam
3827 3355 3882 3409 si

2176 3461 2333 3498 mare
2365 3448 2515 3498 esset
2545 3443 2781 3514 ubique,
2811 3446 2867 3496 et
2888 3441 3262 3513 undique‘per
3281 3441 3561 3494 immensa
3591 3442 3772 3512 spatia
3791 3442 3884 3496 in-

2175 3533 2404 3588 ﬁnitum
2455 3533 2638 3587 solum
2679 3547 2857 3597 mare,
2905 3535 2962 3584 et
3003 3530 3238 3584 haberet
3287 3529 3440 3582 intra
3472 3546 3529 3584 se
3571 3530 3881 3600 spongiam

2176 3621 2493 3692 quamlibet
2535 3635 2823 3690 magnam,
2873 3618 2966 3672 sed
2998 3617 3217 3672 ﬁnitam
3270 3621 3493 3684 tamen;
3526 3619 3696 3688 plena
3729 3624 3885 3674 esset.

2175 3710 2377 3780 utique
2405 3708 2642 3780 spongia
2669 3707 2765 3761 illa
2796 3723 2859 3760 ex
2884 3705 3040 3760 omni
3061 3723 3161 3760 sua
3183 3710 3341 3777 parte
3365 3723 3427 3759 ex
3458 3705 3738 3760 immenso
3761 3723 3883 3761 ma-

2177 3797 2253 3853 ri:
2311 3797 2390 3850 sic
2456 3800 2777 3850 creaturam
2829 3794 3051 3863 ﬁnitam
3108 3797 3162 3848 te
3219 3793 3444 3848 inﬁnito
3502 3795 3727 3865 plenam
3766 3811 3881 3865 pu-

2177 3887 2390 3952 tabam,
2419 3891 2473 3939 et
2505 3883 2796 3938 dicebam:
2845 3884 2978 3937 Ecce
3013 3884 3181 3949 Deus,
3214 3887 3268 3937 et
3320 3899 3445 3936 ecce
3497 3899 3626 3953 qua:
3670 3883 3885 3937 creavit

2180 3976 2345 4040 Deus,
2381 3977 2435 4027 et
2484 3973 2666 4027 bonus
2711 3975 2794 4025 est
2835 3973 3001 4033 Deus,
3047 3974 3218 4041 atque
3262 3969 3349 4024 bis
3379 3969 3721 4024 validissime
3751 3969 3879 4023 lou-

2178 4061 2526 4133 gissimeque
2565 4059 2957 4130 praestantior;
2995 4059 3092 4112 sed
3120 4063 3310 4112 tamen
3341 4059 3524 4112 bonus
3556 4058 3705 4111 bona
3725 4074 3880 4111 crea-

2177 4150 2276 4215 vit,
2302 4155 2359 4203 et
2387 4165 2512 4202 ecce
2539 4147 2828 4218 quomodo
2854 4146 3042 4200 ambit
3065 4151 3237 4217 atque
3267 4146 3469 4216 implet
3497 4162 3579 4199 ea.
3611 4147 3712 4200 Ubi
3742 4162 3882 4215 ergo

2181 4239 2417 4300 malum,
2475 4241 2531 4291 et
2563 4235 2734 4301 unde,
2783 4251 2896 4306 qua
2925 4235 3037 4289 huc
3065 4234 3322 4304 irrepsit!
3359 4235 3492 4297 Qua:
3540 4233 3699 4285 radix
3731 4233 3878 4302 ejus,

2183 4331 2240 4380 et
2268 4325 2423 4396 quod
2457 4340 2650 4377 semen
2684 4323 2806 4393 ejus
2822 4324 2849 4376 Υ
2881 4324 2967 4375 An
2997 4321 3230 4375 omnino
3260 4336 3373 4374 non
3412 4322 3535 4374 est?
3583 4321 3695 4373 Cur
3743 4337 3881 4391 ergo

2179 4413 2446 4468 timemus
2481 4417 2542 4466 et
2579 4426 2841 4465 cavemus
2871 4410 3024 4480 quod
3072 4424 3188 4462 non
3218 4410 3339 4461 est?
3372 4411 3486 4460 Aut
3533 4407 3578 4460 si
3633 4407 3884 4462 inaniter

2178 4502 2464 4566 timemus,
2499 4505 2649 4554 certe
2687 4499 2772 4552 vel
2803 4497 2972 4552 timor
3006 4497 3125 4567 ipse
3156 4499 3371 4548 malum
3421 4499 3522 4561 est,
3556 4511 3668 4565 quo
3702 4495 3883 4550 incas-

2181 4606 2306 4644 sum
2337 4590 2664 4643 stimulatur
2699 4589 2755 4640 et
2785 4585 3138 4640 excruciatur
3175 4599 3296 4636 cor:
3347 4585 3404 4637 et
3448 4586 3604 4636 tanto
3651 4583 3884 4652 gravius

2183 4680 2417 4743 malum,
2437 4682 2650 4749 quanto
2668 4691 2781 4730 non
2806 4679 2892 4729 est
2913 4674 3066 4746 quod
3081 4673 3402 4736 timeamus,
3417 4675 3472 4725 et
3487 4671 3777 4726 timemus.
3793 4675 3880 4728 Id-

2181 4767 2328 4822 circo
2355 4771 2454 4820 aut
2474 4771 2558 4820 est
2576 4767 2791 4819 malum
2810 4762 2964 4834 quod
2987 4762 3274 4828 timemus,
3298 4764 3396 4813 aut
3427 4760 3534 4813 hoc
3557 4761 3773 4814 malum
3791 4767 3875 4816 est

2184 4856 2317 4927 quia
2346 4855 2632 4910 timemus.
2677 4853 2834 4908 Unde
2865 4854 2948 4905 est
2998 4847 3198 4918 igitur,
3230 4847 3504 4918 quoniam
3553 4849 3700 4903 Deus
3752 4850 3885 4905 fecit

2185 4946 2304 5000 luec
2335 4943 2548 5005 omnia,
2582 4943 2766 4996 bonus
2799 4937 2986 4993 bona?
3028 4937 3202 5007 Majas
3228 4937 3462 5007 quidem
3498 4943 3554 4991 et
3591 4954 3881 4992 summum

2183 5033 2397 5087 bonum
2417 5031 2640 5084 minora
2665 5027 2796 5081 fecit
2825 5027 2992 5091 bona,
3025 5025 3122 5079 sed
3143 5029 3333 5079 tamen
3356 5030 3412 5080 et
3429 5042 3625 5080 crcans
3653 5031 3708 5080 et
3735 5041 3885 5080 crea-

2185 5126 2241 5175 ta
2272 5122 2418 5174 bona
2448 5122 2582 5172 sunt
2605 5115 2817 5171 omnia.
2851 5115 3008 5168 Unde
3034 5118 3116 5167 est
3149 5114 3404 5167 malum?
3445 5116 3531 5167 An
3562 5115 3712 5167 unde
3743 5113 3886 5167 fecit

2187 5226 2253 5263 ea
2299 5213 2340 5274 ³,
2383 5205 2646 5260 materies
2692 5203 2881 5273 aliqua
2930 5203 3078 5256 mala
3111 5207 3252 5268 erat,
3303 5207 3358 5255 et
3396 5201 3660 5255 formavit
3712 5205 3883 5271 atque

2252 5309 2263 5339 ¹
2299 5306 2357 5352 ιιι
2385 5305 2461 5358 Β.,
2486 5302 2594 5351 ubi.
2627 5301 2864 5362 Plerique
2893 5299 3021 5347 Edd.
3051 5299 3192 5348 unde
3398 5298 3465 5345 M.

2249 5370 2268 5401 ει
2299 5367 2534 5423 Quatuor
2557 5364 2675 5411 Mss.
2723 5366 3103 5411 creaturarum
3134 5364 3366 5410 tuarum.

2250 5433 2269 5461 ³
2305 5418 2378 5476 [ιιι
2392 5428 2510 5475 Mss.
2528 5425 2784 5474 cumBad.
2800 5427 2851 5472 et
2874 5425 3029 5476 Arn.:
3053 5423 3488 5474 atAm.Er.Lov.,
3511 5418 3884 5467 mutatuinter-

2190 5490 2492 5552 puuctione,
2522 5489 2740 5538 habent:
2767 5489 2824 5536 ut
2850 5484 2982 5535 unde
3003 5485 3123 5537 fecit
3151 5487 3250 5534 cu?
3281 5482 3523 5532 materies
3545 5480 3724 5542 aliqua
3742 5483 3886 5530 muta

2199 5555 2333 5603 erat.
