4058 6344
161 274 254 323 T37
1575 267 1784 324 LIBER
1833 268 2198 326 SEPTIMUS.

153 393 424 448 ordinavit
454 407 604 458 eam,
637 391 738 446 sed
762 390 993 462 reliquit
1008 389 1222 461 aliquid
1257 390 1316 444 in
1346 389 1462 454 illa,
1487 391 1634 462 quod
1667 391 1725 444 in
1748 391 1847 445 bo-
1880 450 1887 457 _

154 499 286 536 num
317 498 432 535 non
463 480 861 534 converteret?
895 481 1007 533 Cur
1036 483 1090 532 et
1121 480 1262 532 hoc?
1289 481 1377 533 An
1406 479 1692 549 impotens
1721 484 1842 532 erat

155 578 323 626 totam
359 575 575 624 vertere
607 574 665 623 et
684 573 1061 636 commutare,
1086 572 1148 621 ut
1178 567 1317 621 nihil
1342 567 1476 621 mali
1499 572 1842 633 remaneret,

154 676 275 713 cum
307 659 380 713 sit
401 657 596 712 omnia
617 661 867 728 potens?
900 659 1210 723 Postremo,
1241 673 1340 710 cur
1371 656 1502 710 inde
1536 655 1752 726 aliquid
1772 656 1847 710 fa-

154 764 272 802 cere
315 745 517 812 voluit,
568 762 632 798 ac
668 761 784 798 non
815 745 1002 814 potius
1034 745 1230 798 eadem
1273 743 1688 815 omnipotentia
1716 743 1847 798 fecit

155 841 213 890 ut
237 835 396 889 nulla
416 839 562 888 esset
587 834 866 888 omnino?
891 835 1005 888 Aut
1032 849 1164 886 vero
1188 832 1430 886 existere
1460 837 1684 904 poterat
1713 849 1844 887 con-

157 928 235 976 tra
264 923 389 990 eius
420 922 815 975 voluntatem?
838 922 950 974 Aut
984 919 1030 973 si
1057 926 1273 974 aeterna
1304 925 1444 983 erat,
1477 937 1576 974 cur
1602 925 1716 974 tam
1748 920 1845 974 diu

151 1027 245 1081 per
273 1010 500 1064 inﬁnita
527 1016 677 1064 retro
707 1009 886 1080 spatia
919 1014 1265 1080 temporum,
1299 1009 1377 1062 sic
1393 1025 1521 1063 eam
1544 1009 1674 1063 sivit
1701 1025 1843 1070 esse,

150 1115 207 1152 ac
235 1103 393 1153 tanto
427 1103 551 1169 post
575 1099 791 1168 placuit
817 1098 1035 1168 aliquid
1064 1115 1131 1152 ex
1163 1115 1229 1152 ea
1256 1098 1484 1152 facere?
1513 1099 1767 1168 Autjam
1798 1097 1845 1150 si

154 1187 363 1257 aliquid
389 1187 579 1241 subito
607 1186 786 1240 voluit
805 1203 991 1257 agere,
1023 1187 1128 1240 hoc
1159 1186 1351 1256 potius
1373 1191 1562 1256 ageret
1585 1187 1846 1256 omnipo-

154 1278 289 1340 tens,
324 1279 387 1328 ut
425 1275 526 1328 illa
554 1290 672 1328 non
701 1280 869 1336 esset,
903 1279 1073 1346 atque
1128 1275 1250 1345 ipse
1284 1277 1435 1329 solus
1466 1279 1612 1329 esset
1641 1279 1844 1342 totum,

156 1379 344 1417 verum
379 1367 436 1417 et
465 1379 756 1417 summum
801 1366 856 1416 et
889 1363 1181 1417 intinitum
1229 1364 1465 1418 bonum.
1510 1365 1621 1418 Aut
1651 1363 1698 1417 si
1729 1379 1846 1416 non

157 1456 271 1504 erat
299 1451 448 1506 bene
479 1457 542 1506 ut
565 1468 683 1506 non
705 1451 922 1523 aliquid
954 1451 1091 1505 boni
1123 1451 1294 1505 etiam
1327 1451 1693 1505 fabricaretur
1722 1449 1764 1515 ‘,
1792 1455 1848 1504 et

160 1540 426 1594 conderet
463 1540 566 1611 qui
604 1541 790 1595 bonus
821 1545 973 1609 erat;
1010 1541 1106 1594 illa
1136 1539 1356 1594 sublata
1402 1545 1456 1594 et
1486 1540 1554 1594 ad
1603 1539 1847 1593 nihilum

158 1629 378 1683 redacta
410 1631 647 1683 materia
676 1647 802 1700 quae
827 1631 976 1684 mala
1007 1633 1146 1698 erat,
1179 1629 1389 1683 bonam
1427 1628 1546 1698 ipse
1579 1627 1846 1681 institue-

159 1721 239 1771 ret
266 1718 419 1772 unde
451 1717 649 1771 omnia
671 1722 910 1771 crearet.
952 1719 1077 1771 Non
1111 1717 1263 1770 enim
1285 1723 1431 1771 esset
1459 1716 1844 1786 omnipotens,

158 1806 200 1859 si
228 1807 470 1860 condere
495 1822 610 1859 non
637 1810 829 1876 posset
855 1805 1071 1876 aliquid
1101 1805 1257 1869 boni,
1281 1804 1391 1859 nisi
1422 1822 1506 1871 ea,
1535 1821 1707 1876 quam
1728 1804 1846 1874 ipse

161 1910 264 1948 non
293 1894 652 1959 condiderat,
687 1895 1050 1963 adjuvaretur
1081 1894 1336 1948 materia.
1369 1895 1525 1947 Talia
1554 1893 1848 1948 volvebam

161 1988 378 2053 pectore
431 1983 666 2051 misero,
702 1982 1054 2052 ingravidato
1103 1983 1253 2036 curis
1296 1981 1735 2036 mordacissimis
1779 1983 1847 2036 de

161 2073 353 2125 timore
383 2071 613 2136 mortis,
655 2075 710 2124 et
740 2086 853 2124 non
888 2071 1118 2125 inventa
1148 2070 1379 2125 veritate
1408 2087 1420 2124 :
1455 2070 1728 2124 stabiliter
1757 2074 1846 2123 ta-

165 2177 283 2214 men
310 2161 574 2214 hazrcbat
595 2160 654 2214 in
685 2160 848 2214 corde
874 2176 1023 2222 meo,
1057 2159 1118 2212 in
1146 2158 1422 2213 catholica
1443 2158 1686 2212 Ecclesia
1708 2158 1850 2212 lides

162 2249 357 2302 Christi
389 2249 476 2302 tui
506 2249 736 2303 Domini
767 2253 821 2302 et
841 2248 1146 2302 Salvatoris
1175 2247 1384 2314 nostri;
1414 2247 1472 2300 in
1500 2247 1693 2301 multis
1723 2247 1848 2318 qui-

163 2338 282 2391 dem
307 2339 498 2392 adhuc
519 2337 800 2405 informis,
828 2343 885 2392 et
914 2342 1123 2408 prmter
1153 2337 1421 2391 doctrinas
1440 2352 1699 2390 normam
1719 2334 1847 2388 flui-

167 2430 278 2478 tans
306 2425 348 2492 ²,
380 2426 486 2480 sed
525 2431 718 2480 tamen
751 2443 876 2480 eam
907 2443 1024 2480 non
1047 2425 1422 2497 relinquebat,
1453 2425 1700 2493 animus,
1732 2424 1848 2478 imo

168 2513 218 2567 in
247 2514 361 2568 dies
388 2513 577 2585 magis
607 2514 904 2586 magisque
933 2514 1264 2569 imbibebat.

818 2620 1043 2674 CAPUT
1084 2619 1178 2674 VI.

433 2709 939 2763 Mathematico-rum
972 2707 1332 2760 divinationes
1362 2707 1560 2775 rejicit.

226 2797 274 2850 8.
321 2797 446 2850 Jam
485 2795 659 2851 etiam
707 2795 1241 2850 mathematicorum
1291 2795 1514 2848 fallaces
1543 2792 1848 2849 divinatio-

167 2899 277 2951 nes,
326 2889 381 2938 et
430 2885 615 2954 impia
663 2884 1035 2938 deliramenta
1081 2884 1409 2953 rejeceram.
1461 2882 1852 2936 Contiteantur

167 2972 322 3026 etiam
347 2973 486 3026 hinc
517 2972 622 3026 tibi
652 2973 720 3027 de
753 2972 970 3026 intimis
1000 2971 1305 3026 visceribus
1335 2970 1542 3025 animas
1572 2987 1713 3025 mea:
1744 2970 1850 3024 mi-

168 3060 464 3115 serationes
514 3065 648 3127 tuae,
699 3062 850 3115 Dens
899 3061 1173 3115 meus.'l‘u
1221 3059 1396 3127 enim,
1441 3064 1503 3114 tu
1560 3059 1846 3114 omnino:

165 3164 282 3202 nam
312 3149 438 3220 quis
492 3148 637 3202 alius
667 3165 701 3203 a
728 3154 912 3204 morte
963 3148 1151 3204 omnis
1189 3148 1396 3202 erroris
1453 3153 1678 3202 revocat
1724 3164 1848 3216 nos,

167 3236 264 3290 nisi
299 3237 410 3291 vita
442 3253 579 3308 qua:
632 3237 781 3291 mori
825 3237 1022 3303 nescit,
1055 3241 1110 3291 et
1139 3235 1420 3308 sapientia
1449 3240 1669 3290 mentes
1698 3233 1848 3290 indi-

167 3329 347 3394 gentes
373 3325 734 3391 illuminans,
785 3326 943 3380 nullo
978 3325 1238 3396 indigens
1271 3325 1505 3391 lumine,
1541 3341 1654 3394 qua
1677 3340 1850 3378 mun-

170 3413 264 3466 dus
299 3414 732 3468 administratur
761 3429 943 3484 usque
989 3413 1057 3468 ad
1089 3414 1358 3467 arborum
1407 3413 1639 3466 volatica
1667 3412 1849 3466 folia?

169 3504 224 3554 tu
264 3501 581 3572 procurasti
631 3502 962 3572 pervicacius
993 3518 1155 3568 mem,
1209 3518 1322 3572 qua
1356 3501 1674 3555 obluctatus
1724 3517 1848 3554 sum

171 3589 484 3644 Vindiciano
509 3595 676 3644 acuto
707 3589 845 3656 seni,
874 3595 929 3644 et
954 3589 1224 3644 Nebridio
1249 3588 1593 3655 adolescenti
1624 3587 1850 3641 mirabi-

170 3677 230 3730 lis
256 3679 455 3732 animm
492 3695 506 3732 :
530 3678 1007 3747 illivehementer
1022 3677 1351 3743 aftirmanti,
1377 3677 1508 3731 huic
1528 3693 1658 3730 cum
1685 3675 1849 3731 dubi-

169 3765 364 3820 tatione
398 3766 641 3837 quidem
666 3765 877 3836 aliqua,
904 3767 1000 3820 sed
1028 3770 1216 3820 tamen
1238 3767 1437 3820 crebro
1469 3764 1700 3831 dicenti,
1733 3781 1848 3818 non

171 3869 276 3908 esse
321 3856 498 3910 ullam
533 3852 558 3887 ³
594 3859 775 3908 artem
813 3855 1005 3910 futura
1049 3855 1405 3925 prmvidendi
1446 3871 1459 3921 ;
1497 3853 1849 3924 conjecturas

171 3950 343 3998 autem
372 3944 680 3999 hominum
701 3944 909 3998 habere
939 3961 1088 4015 sazpe
1121 3943 1237 3998 vim
1268 3943 1456 4010 sortis,
1492 3948 1548 3996 et
1567 3943 1746 3996 multa
1764 3942 1849 3996 di-

169 4033 329 4086 cendo
361 4033 470 4088 dici
511 4033 788 4104 pleraque
818 4038 1076 4102 ventura,
1104 4032 1487 4087 nescientibus
1527 4031 1604 4084 eis
1631 4031 1729 4102 qui
1762 4030 1847 4084 di-

165 4126 359 4188 cerent,
395 4123 495 4176 sed
527 4122 590 4176 in
620 4138 687 4175 ea
723 4137 841 4175 non
874 4121 1112 4175 tacendo
1144 4119 1565 4174 incurrentibus
1599 4135 1611 4172 :
1642 4134 1848 4189 procu-

167 4209 288 4268 rasti
309 4227 441 4280 ergo
471 4215 534 4264 tu
578 4209 873 4263 hominem
898 4209 1166 4277 amicum,
1198 4224 1314 4262 non
1345 4207 1579 4279 quidem
1609 4223 1846 4277 segnem

167 4299 538 4353 consultorern
585 4297 1138 4366 mathematicorum,
1184 4315 1288 4352 nec
1318 4313 1410 4351 eas
1461 4297 1673 4350 litteras
1703 4297 1848 4350 bene

168 4385 477 4441 callentem:
513 4387 633 4453 sed,
668 4391 730 4440 ut
755 4386 889 4457 dixi,
920 4387 1307 4441 consultorem
1333 4385 1644 4451 curiosum,
1677 4389 1733 4438 et
1759 4389 1851 4438 ta-

169 4489 286 4526 men
315 4476 593 4530 scientem
619 4476 838 4544 aliquid
865 4477 1021 4546 quod
1048 4492 1080 4529 a
1105 4478 1263 4546 patre
1290 4490 1391 4528 suo
1421 4490 1479 4528 se
1509 4474 1731 4528 audisse
1764 4473 1851 4527 di-

169 4563 333 4632 cebat,
363 4565 519 4636 quod
554 4569 574 4600 ⁴
604 4571 883 4635 quantum
923 4565 1136 4619 valeret
1159 4564 1230 4617 ad
1270 4563 1424 4617 illius
1455 4563 1592 4616 artis
1622 4561 1850 4632 opinio—

170 4665 286 4704 nem
335 4653 703 4707 evertendam
757 4653 1075 4724 ignorabat.
1157 4653 1208 4706 Is
1261 4668 1397 4722 ergo
1469 4651 1555 4705 vir
1613 4649 1848 4704 nomine

173 4737 460 4808 Firminus,
505 4740 815 4796 liberaliter
869 4742 1166 4796 institutus
1198 4744 1254 4794 et
1301 4741 1555 4793 excultus
1594 4739 1846 4810 eloquio,

168 4841 284 4881 cum
320 4847 410 4883 me
442 4835 719 4902 tanquam
765 4830 1180 4897 charissimam,
1230 4830 1298 4883 de
1342 4827 1682 4898 quibusdam
1733 4827 1850 4880 suis

166 4915 339 4984 rebus,
368 4919 429 4973 in
475 4935 618 4990 quas
649 4919 934 4972 saecularis
982 4935 1109 4988 spes
1140 4919 1262 4989 ejus
1294 4917 1663 4981 intumuerat,
1707 4932 1850 4969 con-

168 5003 362 5059 suleret
387 5007 528 5077 quid
551 5007 693 5060 mihi
713 5007 1025 5060 secundum
1054 5022 1205 5073 suas,
1230 5022 1371 5076 quas
1392 5004 1850 5059 constellationes

167 5095 460 5161 appellant,
480 5095 790 5161 videretur;
813 5111 920 5165 ego
945 5099 1157 5156 autem,
1190 5095 1289 5165 qui
1316 5095 1438 5165 jam
1470 5093 1538 5147 de
1570 5094 1673 5146 hac
1700 5109 1758 5146 re
1790 5093 1849 5146 in

169 5179 406 5237 Nebridii
440 5183 786 5238 sententiam
818 5184 969 5238 ﬂecti
998 5199 1304 5254 coeperam,
1332 5198 1447 5236 non
1481 5181 1716 5253 quidem
1748 5181 1848 5234 ab-

221 5324 580 5388 {fabricarea
607 5325 760 5388 juxta
787 5325 894 5388 Er._
912 5325 1074 5386 Lugd.
1100 5325 1228 5374 Ven.
1260 5324 1458 5374 Somm.
1495 5328 1546 5373 et
1579 5322 1747 5372 Rond.
1781 5323 1848 5372 M.

224 5383 240 5447 ἴ
274 5386 391 5434 Bad.
419 5389 536 5435 Am.
570 5383 650 5436 Er.
683 5388 826 5442 Lov.,
851 5383 1151 5447 ﬂu-cfuans.

223 5446 241 5477 ³
266 5447 320 5494 In
351 5449 472 5497 Mss.
507 5461 618 5498 non
649 5461 754 5498 esse
775 5446 925 5498 illam
947 5453 1137 5498 artem.

221 5507 239 5538 ⁴
274 5509 353 5559 Sic
378 5523 442 5560 ex
471 5511 597 5564 Mss.
621 5511 775 5573 Angl.
811 5511 1051 5571 [Dicebat
1084 5512 1349 5572 quantum
1372 5508 1595 5563 valeret.
1614 5509 1629 5570 J

3545 276 3650 329 738

1953 406 2189 444 nnerem
2220 390 2498 461 conjicere
2527 407 2589 445 ac
2621 391 2806 445 dicere
2845 392 2998 462 quod
3031 392 3252 446 nutanti
3280 394 3646 462 occurrebat;

1957 481 2056 534 sed
2083 486 2271 534 tamen
2295 481 2648 550 subjicerem,
2680 481 2986 552 prapejam
3006 498 3125 534 esse
3148 481 3290 534 mihi
3311 499 3646 552 persuasum

1955 569 2196 623 ridicula
2226 585 2346 623 esse
2395 569 2490 622 illa
2522 574 2578 623 et
2622 569 2815 623 inania
2849 587 2860 624 :
2905 575 3040 624 tunc
3085 570 3180 623 ille
3217 570 3359 623 mihi
3401 573 3651 626 narravit

1955 660 2176 727 patrem
2203 672 2368 710 suum
2409 655 2579 709 fuisse
2622 658 2900 711 librorum
2932 656 3133 711 talium
3159 657 3646 726 curiosissimum,

1955 750 2008 800 et
2058 745 2323 800 habuisse
2362 745 2607 798 amicum
2637 740 2798 816 asque
2848 746 2942 799 illa
2973 745 3258 816 simulque
3298 751 3644 813 sectantem;

1955 833 2056 904 qui
2084 834 2209 904 pari
2253 833 2438 887 studio
2487 837 2542 886 et
2587 833 2884 887 collatione
2938 834 3210 889 llatabant
3260 833 3319 888 in
3347 850 3441 888 eas
3469 851 3647 905 nugas

1955 921 2147 992 ignem
2193 923 2374 975 cordis
2424 921 2510 974 sui
2547 919 2584 986 ⁸,
2619 920 2781 975 itaut
2821 926 3108 976 mutorum
3155 938 3386 992 quoque
3418 922 3641 977 anima-

1954 1010 2118 1076 lium,
2170 1011 2216 1064 si
2263 1026 2391 1080 quas
2429 1009 2582 1063 domi
2627 1014 2912 1078 parerent,
2957 1010 3320 1065 observarent
3357 1015 3648 1064 momenta

1956 1098 2332 1165 nascentium,
2371 1102 2540 1168 atque
2592 1098 2661 1151 ad
2691 1113 2758 1151 ea
2805 1097 3144 1168 positionem
3189 1098 3313 1153 coeli
3361 1103 3646 1169 notarent,

1955 1187 2103 1240 unde
2135 1186 2285 1240 illius
2307 1186 2470 1256 quasi
2501 1185 2636 1239 artis
2657 1185 3047 1255 experimenta
3069 1187 3421 1256 colligerent.
3450 1189 3646 1258 Itaque

1955 1274 2178 1329 dicebat
2211 1274 2436 1328 audisse
2484 1290 2542 1328 se
2574 1290 2607 1327 a
2648 1278 2805 1344 patre
2836 1290 2960 1341 suo,
3002 1275 3156 1345 quod
3201 1290 3332 1328 cum
3379 1275 3646 1329 eumdem

1962 1362 2276 1417 Firminum
2308 1361 2331 1394 ³
2351 1378 2654 1432 praegnans
2685 1366 2868 1416 mater
2896 1367 3060 1428 esset,
3091 1363 3263 1417 etiam
3287 1362 3437 1417 illius
3456 1367 3645 1434 pater-

1959 1453 2018 1506 ni
2048 1452 2214 1506 amici
2243 1452 2455 1510 famula
2484 1452 2748 1522 quaedam
2779 1451 2991 1522 pariter
3015 1456 3178 1506 utero
3205 1452 3642 1522 grandescebat;

1956 1541 2111 1612 quod
2158 1543 2331 1595 latere
2380 1557 2496 1594 non
2528 1540 2715 1610 potuit
2747 1541 3068 1606 dominum,
3113 1541 3211 1611 qui
3240 1541 3411 1595 etiam
3441 1557 3646 1594 canum

1954 1647 2189 1684 suarum
2220 1635 2413 1700 partus
2451 1629 2933 1684 examinatissima
2963 1629 3258 1699 diligentia
3291 1645 3452 1683 nosse
3484 1645 3647 1683 cura-

1957 1719 2056 1774 bat
2087 1735 2101 1772 :
2135 1723 2305 1788 atque
2336 1718 2415 1772 ita
2443 1718 2653 1772 factum
2685 1734 2804 1771 esse
2850 1722 2912 1771 ut
2940 1733 3071 1771 cum
3100 1717 3204 1771 iste
3235 1717 3516 1788 conjugis,
3548 1717 3647 1772 ille

1956 1811 2152 1861 autem
2177 1806 2392 1860 ancilla:
2427 1805 2546 1860 dies
2575 1810 2629 1858 et
2657 1805 2846 1871 horas,
2881 1804 3335 1875 minutioresque
3372 1806 3645 1859 horarum

1956 1895 2221 1949 articulos
2253 1893 2580 1948 cautissima
2617 1893 3008 1947 observatione
3046 1897 3434 1960 numerarent,
3469 1893 3647 1948 enixm

1957 1987 2144 2036 essent
2171 1983 2354 2036 amba:
2386 1981 2585 2044 simul;
2619 1981 2698 2035 ita
2727 1986 2790 2035 ut
2819 1981 3044 2036 easdem
3069 1982 3527 2036 constellationes
3556 1998 3648 2036 us-

1959 2087 2066 2142 que
2089 2070 2159 2124 ad
2190 2071 2415 2124 easdem
2445 2069 2718 2123 minutias
2740 2069 2971 2139 utrique
3000 2069 3253 2123 nascenti
3283 2070 3465 2124 facere
3491 2086 3650 2140 coge-

1956 2165 2175 2226 rentur,
2207 2159 2309 2213 iste
2333 2159 2468 2226 tilio,
2501 2158 2596 2212 ille
2625 2159 2865 2212 servulo.
2903 2159 3044 2211 Nam
3075 2175 3205 2211 cum
3227 2159 3497 2212 mulieres
3519 2175 3651 2228 par-

1958 2249 2137 2302 turire
2177 2247 2491 2316 coepissent,
2541 2245 2932 2300 indicaverunt
2961 2245 3068 2298 sibi
3098 2245 3265 2299 ambo
3295 2245 3431 2316 quid
3459 2246 3518 2299 in
3548 2261 3651 2300 sua

1959 2337 2236 2406 cujusque
2286 2335 2455 2388 domo
2505 2340 2790 2404 ageretur,
2827 2338 2882 2387 et
2920 2339 3260 2404 paraverunt
3307 2350 3448 2404 quos
3472 2334 3543 2388 ad
3591 2351 3651 2388 se

1958 2425 2201 2478 invicem
2241 2423 2554 2488 mitterent,
2586 2421 2756 2475 simul
2791 2426 2855 2476 ut
2884 2425 3084 2476 natum
3116 2421 3269 2492 quod
3293 2422 3651 2492 parturieba-

1959 2516 2052 2568 tur
2081 2516 2227 2566 esset
2259 2511 2465 2582 cuique
2496 2510 2854 2576 nuntiatum;
2888 2510 3041 2582 quod
3070 2515 3261 2564 tamen
3291 2515 3354 2564 ut
3381 2510 3651 2565 continuo

1959 2600 2340 2666 nuntiaretur,
2385 2605 2658 2669 tanquam
2683 2599 2743 2652 in
2772 2615 2949 2669 regno
2979 2615 3082 2653 suo
3127 2599 3290 2653 facile
3329 2599 3650 2654 effecerant.

1957 2691 2142 2759 Atque
2161 2687 2260 2755 ita,
2288 2686 2388 2757 qui
2417 2687 2488 2740 ab
2509 2688 2783 2741 alterutro
2814 2687 2973 2740 missi
3005 2691 3158 2753 sunt,
3191 2691 3307 2740 tam
3327 2704 3394 2741 ex
3420 2687 3652 2758 paribus

1959 2778 2265 2832 domorum
2311 2775 2620 2828 intervallis
2663 2775 2770 2829 sibi
2800 2775 3024 2830 obviam
3050 2775 3226 2829 factos
3257 2791 3378 2830 esse
3409 2776 3653 2845 dicebat,

1959 2871 2025 2921 ut
2044 2864 2214 2918 aliam
2246 2863 2590 2934 positionem
2615 2863 2884 2929 siderum,
2917 2863 3170 2934 aliasque
3190 2863 3497 2933 particulas
3526 2880 3652 2917 mo-

1962 2957 2308 3017 mentorum,
2337 2955 2560 3017 neuter,
2581 2966 2780 3004 eorum
2803 2955 3000 3004 notare
3023 2950 3307 3004 sineretur
3331 2966 3343 3004 :
3377 2955 3433 3004 et
3463 2955 3652 3004 tamen

1963 3039 2245 3094 Firminus
2285 3039 2476 3108 amplo
2523 3037 2673 3108 apud
2704 3054 2833 3092 suos
2881 3039 3003 3092 loco
3047 3043 3233 3105 natus,
3277 3037 3653 3092 dealbatiores

1960 3127 2079 3181 vias
2108 3126 2301 3181 saeculi
2333 3126 2660 3194 cursitabat,
2693 3127 3010 3198 augebatur
3039 3124 3269 3192 divitiis,
3299 3125 3653 3180 sublimaba-

1959 3219 2052 3270 tur
2096 3214 2441 3282 honoribus;
2494 3230 2686 3269 servus
2724 3219 2919 3268 autem
2971 3214 3088 3283 ille,
3136 3213 3476 3268 conditionis
3511 3215 3652 3284 jugo

1964 3305 2291 3359 nullatenus
2321 3303 2592 3371 relaxato,
2618 3303 2868 3358 dominis
2893 3302 3192 3364 serviebat,
3225 3302 3349 3373 ipso
3374 3302 3657 3358 indicante

1961 3390 2061 3460 qui
2092 3395 2328 3445 noverat
2358 3407 2510 3446 eum.

2033 3483 2083 3533 9.
2110 3479 2205 3532 llis
2235 3479 2426 3551 itaque
2453 3479 2660 3534 auditis
2695 3484 2752 3534 et
2777 3479 3022 3548 creditis,
3049 3479 3178 3535 talis
3207 3480 3421 3552 quippe
3453 3496 3657 3536 narra-

1961 3571 2138 3636 verat,
2181 3569 2368 3622 omnis
2412 3569 2508 3622 illa
2549 3569 2847 3623 reluctatio
2898 3586 3025 3624 mea
3066 3570 3317 3622 resoluta
3363 3569 3652 3624 concidit:

1961 3661 2014 3711 et
2044 3657 2234 3728 primo
2258 3658 2572 3712 Firminum
2595 3658 2786 3728 ipsum
2808 3662 3046 3712 conatus
3069 3673 3194 3711 sum
3217 3657 3286 3711 ab
3309 3657 3405 3711 illa
3425 3657 3654 3712 curiosi-

1962 3748 2074 3798 tate
2117 3761 2398 3812 revocare,
2459 3762 2588 3800 cum
2637 3745 2904 3811 dicerem,
2961 3744 3487 3799 constellationihus
3534 3747 3655 3816 ejus

1959 3833 2248 3902 inspectis,
2273 3838 2338 3888 ut
2359 3850 2486 3887 vera
2517 3831 2955 3903 pronuntiarem
2989 3836 3025 3897 ³,
3061 3832 3323 3886 debuisse
3344 3848 3436 3887 me
3460 3833 3655 3903 utique

1959 3920 2150 3974 videre
2189 3920 2270 3974 ibi
2302 3924 2564 3990 parentes
2606 3920 2754 3973 inter
2792 3937 2922 3974 suos
2969 3936 3086 3974 esse
3134 3919 3458 3989 primarios,
3490 3920 3653 3974 nobi-

1959 4009 2071 4063 lem
2102 4009 2378 4062 familiam
2409 4008 2656 4080 propriaa
2683 4007 2947 4074 civitatis,
2980 4009 3196 4062 natales
3223 4008 3527 4078 ingenuos,
3552 4009 3653 4064 ho-

1957 4103 2175 4152 nestam
2221 4098 2638 4164 educationem,
2692 4097 3072 4168 liberalesque
3119 4097 3424 4152 doctrinas.
3482 4101 3554 4152 At
3608 4097 3655 4151 si

1962 4203 2052 4240 me
2081 4187 2176 4240 ille
2227 4203 2420 4240 servus
2451 4203 2517 4240 ex
2563 4186 2778 4240 eisdem
2811 4184 3362 4254 constellationibus,
3419 4185 3553 4256 quia
3602 4190 3658 4240 et

1960 4275 2113 4328 illius
2143 4275 2282 4346 ipsae
2304 4279 2510 4341 essent,
2547 4273 2943 4341 consuluisset,
2974 4278 3039 4328 ut
3064 4273 3251 4328 eidem
3275 4289 3503 4345 quoque
3525 4290 3658 4329 vera

1958 4364 2292 4434 proferrem,
2325 4363 2586 4418 debuisse
2618 4379 2709 4417 me
2741 4379 2969 4417 rursum
3001 4361 3082 4416 ibi
3118 4362 3310 4416 videre
3341 4363 3657 4433 abjectissi-

1943 4468 2114 4506 .mam
2149 4452 2446 4518 familiam,
2481 4452 2865 4506 conditionem
2895 4451 3182 4519 servilem,
3215 4456 3272 4506 et
3295 4456 3500 4506 caetera
3529 4453 3656 4508 lon-

1959 4556 2028 4610 ge
2050 4558 2082 4594 a
2109 4540 2393 4611 prioribus
2426 4541 2631 4606 aliena,
2666 4541 2948 4611 longeque
2971 4539 3257 4594 distantia.
3285 4540 3442 4594 Unde
3465 4545 3656 4596 autem

1960 4629 2122 4682 ﬁeret
2149 4632 2211 4681 ut
2257 4629 2458 4682 eadem
2503 4627 2811 4697 inspiciens
2859 4628 3080 4682 diversa
3127 4626 3401 4698 dicerem,
3444 4628 3490 4682 si
3523 4645 3657 4684 vera

1958 4715 2234 4781 dicerem;
2269 4715 2315 4768 si
2359 4720 2552 4769 autem
2595 4715 2796 4770 eadem
2845 4715 3116 4784 dicerem,
3161 4715 3305 4770 falsa
3353 4717 3603 4772 dicerem
3639 4733 3653 4771 :

1935 4803 2092 4858 “inde
2135 4803 2442 4856 certissime
2499 4803 2686 4874 colligi
2732 4809 2771 4873 ι,
2806 4820 2871 4858 ea
2910 4820 3038 4875 qua:
3088 4820 3239 4873 vera,
3285 4805 3654 4860 consideratis

2025 4894 2038 4924 ί
2073 4891 2131 4938 In
2153 4890 2323 4962 editis
2371 4890 2675 4963 plerisque:
2704 4895 2765 4963 ξι
2795 4891 3074 4963 σοζζαρἰηε
3096 4894 3436 4963 ἠρῃνᾳριιηι
3459 4893 3514 4941 in
3563 4905 3652 4943 eas

1959 4965 2125 5012 nugas
2145 4954 2263 5013 igne
2290 4952 2462 5000 cordis
2481 4952 2582 5001 sui.
2615 4953 2898 5015 Castigavit
2921 4957 3046 5002 Arn.
3082 4952 3291 5016 ﬂabant
3322 4961 3496 5017 ignem
3522 4970 3533 5013 ;
3558 4969 3654 5002 nos

1959 5027 2022 5078 ex
2047 5014 2168 5078 Mss.
2201 5014 2542 5078 restituimus,
2568 5012 2828 5078 [latebant
2856 5029 2882 5078 νεῖ
2907 5029 3011 5078 quo
3035 5015 3086 5064 in
3121 5017 3303 5072 verbo,
3326 5017 3449 5078 quia
3477 5017 3654 5078 minus

1958 5075 2213 5124 familiare
2238 5079 2366 5132 erat,
2391 5075 2520 5140 lapsi
2546 5081 2670 5140 sunt
2691 5077 2887 5140 librarii
2917 5075 2968 5125 et
2998 5077 3172 5125 locum
3203 5075 3567 5140 corruperunt.
3597 5075 3653 5124 ld

1958 5151 2114 5200 porro
2152 5142 2369 5200 usurpat
2395 5138 2702 5200 _Arnobius,
2730 5138 3003 5200 adversus
3035 5143 3225 5187 Gentes
3274 5138 3410 5200 libro
3441 5141 3488 5196 2,
3515 5139 3654 5200 circa

1958 5197 2192 5262 inedillm
2221 5214 2232 5246 ε
2272 5197 2405 5254 Quid
2431 5199 2696 5262 mimulos,
2719 5199 3028 5261 histriones,
3053 5204 3308 5255 cantores,
3332 5199 3472 5257 tuba,
3501 5199 3650 5258 tibia,

1959 5261 2268 5323 calamoque
2271 5261 2524 5322 ﬂatantes
2542 5266 2568 5310 Ρ

1959 5323 2148 5433 R2136
2165 5321 2360 5433 1aedem
2403 5325 2649 5382 Firmino,
2671 5323 2825 5387 juxta
2853 5325 2937 5381 Er,
2971 5323 3135 5387 Lugd.
3186 5323 3316 5382 Ven.
3363 5321 3560 5378 Somm.
3599 5324 3652 5370 et

2007 5398 2036 5432 ο
2121 5419 2132 5431 .
2221 5421 2232 5432 .

2007 5397 2132 5432 onu.
2165 5397 2232 5432 Μ.

2021 5450 2041 5480 ³
2065 5445 2522 5508 Ifrwnuntiarem,
2544 5445 2698 5508 juxta
2728 5448 2874 5496 Mart.
2906 5447 3033 5495 Arn.

2025 5509 2044 5574 (ι
2075 5507 2158 5556 Sic
2183 5507 2462 5574 legendum
2488 5505 2641 5571 ju'xta
2675 5509 2796 5574 Mss.
2821 5509 2974 5570 Angl.
3009 5505 3447 5567 [Diceremilnde
3476 5508 3652 5558 certis-

1983 5567 2114 5619 sime
2141 5567 2316 5630 colligi
2339 5582 2400 5620 ea
2426 5567 2540 5634 quin
2564 5571 2722 5628 vera].
