4058 6408
188 277 270 330 741
1590 274 1802 331 LIBER
1879 276 2244 334 SEPTIMUS.

186 395 456 450 voluntate
501 393 708 464 carnis,
754 393 852 449 sed
898 410 967 449 ex
1021 395 1136 449 Deo
1192 397 1359 449 natus
1411 398 1513 450 est.
1571 395 1680 452 Sed
1725 397 1861 469 quia

185 484 411 540 Verbum
483 499 614 538 caro
688 483 900 538 factum
965 486 1068 545 est,
1130 486 1186 538 et
1247 483 1524 540 habitavit
1578 485 1640 539 in
1697 486 1861 540 nobis

190 575 346 643 (Joan.
380 589 418 638 Ι,
453 573 646 638 1-14);
684 589 800 626 non
843 571 925 625 ibi
954 571 1086 644 legi.
1122 573 1392 645 Indagavi
1421 573 1633 645 quippe
1663 574 1724 628 in
1753 575 1863 630 illis

187 661 370 717 litteris
402 659 552 714 varie
603 660 842 728 dictum,
890 665 946 714 et
991 660 1186 715 multis
1217 662 1422 730 modis,
1455 664 1610 734 quod
1654 663 1728 718 sit
1775 664 1863 719 Fi-

190 751 286 805 lius
328 749 386 803 in
437 749 623 804 forma
669 749 871 817 Patris,
922 766 1039 805 non
1080 750 1341 821 rapinam
1389 751 1697 806 arbitratus
1746 769 1864 808 esse

189 837 400 910 aequalis
434 839 571 901 Deo,
615 838 751 909 quia
782 839 1120 894 naturaliter
1159 839 1410 910 idipsum
1452 845 1554 896 est.
1588 842 1690 897 Sed
1732 841 1868 913 quia

188 925 546 997 semetipsum
573 926 890 980 exinanivit
918 927 1163 982 formam
1196 928 1343 982 servi
1373 929 1674 1001 accipiens,
1699 930 1760 984 in
1790 929 1866 984 si-

189 1014 556 1069 militudinem
597 1014 900 1069 hominum
943 1015 1144 1082 factus,
1190 1021 1247 1071 et
1276 1016 1473 1071 habitu
1512 1019 1776 1074 inventus
1806 1023 1868 1073 ut

188 1103 371 1168 homo;
393 1102 718 1157 liumiliavit
739 1120 797 1159 se
817 1104 992 1158 factus
1015 1105 1283 1160 obediens
1304 1123 1484 1177 usque
1507 1108 1577 1162 ad
1598 1112 1866 1176 mortem,

189 1196 415 1247 mortem
445 1196 639 1246 autem
672 1192 888 1247 crucis:
923 1198 1159 1265 propter
1190 1195 1344 1265 quod
1375 1197 1523 1250 Deus
1553 1213 1685 1251 eum
1717 1198 1866 1252 exal-

191 1281 316 1335 tavit
357 1297 390 1334 a
428 1280 691 1349 mortuis,
725 1287 782 1336 et
813 1281 1043 1336 donavit
1071 1281 1124 1336 ei
1154 1299 1365 1338 nomen
1394 1284 1548 1355 quod
1581 1291 1666 1340 est
1695 1301 1869 1356 super

190 1385 343 1424 omne
363 1385 597 1436 nomen,
625 1370 766 1424 utin
783 1370 1016 1424 nomine
1046 1371 1173 1424 Jesu
1205 1387 1373 1425 omne
1403 1389 1556 1442 genu
1584 1373 1864 1438 ﬂectatur,

189 1458 502 1523 caelestium,
535 1458 894 1512 terrestrium
923 1463 980 1512 et
1019 1458 1372 1514 infernorum
1401 1477 1414 1525 ;
1448 1465 1503 1514 et
1531 1460 1718 1515 omnis
1756 1462 1866 1516 lin-

190 1563 290 1618 gua
307 1547 644 1601 conﬁteatur
671 1547 805 1618 quia
835 1547 1106 1601 Dominus
1133 1549 1159 1602 ,Ι
1166 1564 1292 1602 esus
1325 1548 1582 1603 Christus
1605 1549 1665 1604 in
1689 1550 1870 1621 gloria

188 1640 261 1690 est
301 1634 395 1689 Dei
442 1633 626 1689 Patris
683 1636 942 1704 (Philipp.
1001 1652 1062 1702 ιι,
1123 1636 1306 1706 6-11);
1359 1653 1475 1690 non
1517 1637 1731 1692 habent
1783 1638 1869 1692 illi

189 1721 325 1776 libri.
367 1722 532 1787 Quod
570 1721 726 1776 enim
759 1727 888 1776 ante
922 1723 1111 1777 omnia
1143 1727 1422 1796 tempora,
1455 1730 1513 1780 et
1541 1742 1713 1796 supra
1743 1743 1865 1780 om-

190 1807 273 1861 nia
292 1812 544 1879 tempora
560 1809 1111 1866 incommutabiliter
1130 1817 1324 1867 manet
1345 1813 1673 1883 unigenitus
1694 1814 1870 1869 Filius

189 1898 307 1950 tuus
334 1901 652 1952 coaeternus
680 1898 804 1963 tibi,
839 1903 896 1954 et
920 1898 1056 1970 quia
1087 1899 1154 1954 de
1183 1900 1546 1970 plenitudine
1578 1902 1700 1972 ejus
1730 1901 1870 1955 acci-

188 1983 339 2054 piunt
374 1984 583 2040 animae
613 1989 676 2040 ut
705 1986 884 2041 beatae
915 1988 1027 2041 sint
1066 1988 1240 2060 (Joan.
1280 2007 1318 2059 ι,
1355 1991 1456 2060 16),
1490 1995 1546 2045 et
1575 1991 1711 2062 quia
1739 2007 1868 2062 par-

188 2072 504 2143 ticipatione
554 2075 834 2129 manentis
881 2076 940 2130 in
989 2092 1048 2130 se
1092 2077 1387 2146 sapientiae
1428 2083 1776 2134 renovantur
1812 2083 1873 2134 ut

190 2161 456 2230 sapientes
487 2161 638 2227 sint;
673 2167 757 2218 est
802 2163 900 2218 ibi.
948 2163 1109 2228 Quod
1152 2170 1344 2221 autem
1381 2168 1694 2222 secundum
1724 2172 1870 2222 tem-

191 2265 286 2319 pus
330 2266 430 2320 pro
475 2250 672 2320 impiis
713 2255 973 2306 mortuus
1021 2258 1106 2307 est
1156 2253 1327 2324 (Rom.
1374 2271 1429 2325 v,
1471 2255 1584 2326 6.);
1637 2260 1693 2310 et
1731 2256 1870 2310 Filio

194 2337 344 2392 unico
377 2343 476 2393 tuo
505 2355 623 2392 non
655 2340 974 2421 pepercisti,
1004 2341 1102 2396 sed
1130 2358 1234 2412 pro
1261 2343 1428 2398 nobis
1459 2344 1725 2398 omnibus
1756 2349 1870 2398 tra-

193 2425 368 2480 didisti
417 2443 554 2481 eum
603 2427 703 2499 (Id.
755 2445 875 2498 vm,
925 2431 1050 2499 32);
1088 2446 1204 2485 non
1255 2434 1336 2484 est
1378 2431 1476 2486 ibi.
1518 2431 1873 2487 Abscondisti

193 2511 331 2568 enim
377 2513 503 2568 hanc
557 2531 592 2568 a
638 2515 1008 2586 sapientibus,
1054 2522 1112 2572 et
1163 2518 1428 2572 revelasti
1474 2535 1539 2573 ea
1581 2519 1873 2590 parvulis;

193 2605 248 2656 ut
273 2602 528 2656 venirent
559 2603 629 2657 ad
660 2620 790 2658 eum
821 2604 1143 2660 laborantes
1173 2609 1228 2659 et
1259 2606 1501 2674 onerati,
1535 2612 1590 2662 et
1621 2607 1876 2662 reﬁceret

192 2705 311 2744 eos:
341 2689 619 2762 quoniam
667 2691 938 2762 mitisﬁest
976 2697 1032 2748 et
1075 2693 1308 2748 humilis
1355 2695 1542 2758 corde,
1587 2699 1642 2750 et
1678 2695 1875 2766 dirigit

193 2779 342 2832 mites
370 2780 428 2833 in
451 2780 698 2850 judicio,
726 2785 781 2834 et
807 2781 970 2836 docet
996 2787 1326 2838 mansuetos
1354 2783 1472 2838 vias
1497 2801 1647 2852 suas,
1677 2784 1874 2838 videns

195 2864 564 2922 humilitatem
610 2873 885 2938 nostram,
921 2874 975 2924 et
1002 2871 1260 2926 laborem
1289 2876 1570 2942 nostrum,
1597 2876 1653 2927 et
1681 2872 1873 2928 dimit-

193 2958 303 3009 tens
347 2957 543 3011 omnia
596 2961 825 3027 peccata
877 2963 1074 3014 nostra
1123 2959 1292 3029 (Psat.
1335 2977 1484 3027 xxxv,
1530 2963 1581 3024 9,
1619 2961 1726 3032 18).
1770 2961 1877 3026 Qui

194 3047 369 3099 autem
398 3045 682 3100 cothurno
723 3051 1001 3118 tanquam
1056 3048 1330 3104 doctrinae
1361 3048 1713 3104 sublimioris
1743 3051 1876 3105 elati

195 3147 297 3186 non
325 3133 574 3188 audiunt
608 3133 914 3202 dicentem,
946 3138 1146 3191 Discite
1176 3153 1211 3191 α
1239 3153 1319 3192 me
1347 3140 1480 3207 quia
1508 3139 1657 3192 mitis
1683 3153 1800 3193 sum
1827 3142 1878 3193 et

194 3218 400 3275 humilis
441 3220 603 3276 corde
649 3226 700 3276 et
745 3224 1028 3278 invenietis
1071 3227 1309 3294 requiem
1358 3224 1645 3281 animabus
1683 3227 1876 3280 vestris

195 3307 396 3377 (Matth.
439 3327 518 3372 x1,
561 3313 653 3373 25,
698 3313 788 3376 28,
821 3314 947 3382 29):
997 3312 1102 3366 etsi
1140 3316 1490 3384 cognoscunt
1519 3315 1722 3383 Deum,
1762 3329 1878 3368 non

193 3396 327 3451 sicut
355 3399 538 3452 Deum
574 3398 898 3469 gloriﬁcent
927 3404 1025 3455 aut
1053 3401 1262 3472 gratias
1293 3408 1508 3472 agunt;
1543 3391 1643 3456 sed
1678 3418 1879 3456 evane-

191 3489 343 3540 scunt
389 3485 449 3540 in
488 3486 932 3557 cogitationibus
975 3489 1114 3556 suis,
1147 3493 1204 3544 et
1239 3490 1572 3545 obscuratur
1599 3489 1878 3560 insipiens

193 3589 280 3627 cor
305 3589 500 3628 eorum
530 3594 547 3641 ;
589 3575 838 3630 dicentes
866 3592 923 3630 se
956 3592 1074 3631 esse
1105 3577 1410 3648 sapientes,
1442 3578 1598 3633 stulti
1628 3579 1793 3634 ﬁunt.

259 3666 338 3718 15.
387 3665 450 3717 Et
478 3663 613 3717 ideo
645 3663 902 3734 legebam
932 3664 1011 3719 ibi
1041 3665 1213 3720 etiam
1245 3665 1606 3721 immutatam
1635 3667 1878 3738 gloriam

192 3748 628 3822 incorruptionis
656 3756 770 3806 tuae
808 3751 869 3806 in
905 3752 1060 3808 idola
1091 3758 1147 3808 et
1174 3754 1326 3808 varia
1354 3755 1677 3825 simulacra,
1706 3755 1767 3810 in
1805 3755 1880 3809 si-

197 3839 573 3895 militudinem
603 3840 869 3911 imaginis
898 3842 1286 3913 corruptibilis
1321 3843 1593 3909 hominis,
1631 3847 1687 3898 et
1720 3844 1883 3898 volu-

193 3941 360 3997 crum,
404 3932 461 3982 et
507 3927 970 3999 quadrupedum,
1021 3934 1077 3983 et
1105 3934 1434 4000 serpentum
1484 3932 1651 4001 (Rom.
1704 3947 1742 3996 ι,
1789 3933 1880 3998 21,

194 4015 306 4084 23);
354 4015 626 4071 videlicet
654 4017 981 4088 XEgyptium
1025 4017 1216 4073 cibum
1258 4018 1338 4090 (a)
1369 4035 1482 4090 quo
1524 4020 1663 4073 Esau
1697 4018 1884 4090 perdi-

191 4102 267 4156 dit
293 4103 688 4176 primogenita
721 4121 824 4160 sua
859 4105 1013 4175 (Gen.
1043 4123 1172 4173 xxv,
1206 4109 1294 4175 33,
1336 4108 1426 4176 34)
1451 4122 1464 4162 :
1494 4105 1769 4178 quoniam
1799 4123 1885 4161 ca-

191 4197 288 4263 put
314 4193 706 4265 quadrupedis
725 4211 830 4265 pro
860 4199 914 4250 te
933 4197 1232 4251 honoravit
1253 4197 1498 4268 populus
1528 4195 1882 4267 primogeni-

190 4287 290 4351 tus,
333 4300 646 4339 conversus
675 4285 839 4339 corde
881 4285 943 4340 in
990 4287 1317 4357 Egyptum,
1362 4289 1419 4340 et
1463 4301 1703 4340 curvans
1741 4284 1887 4339 ima-

193 4371 377 4441 ginem
415 4376 602 4438 tuam,
653 4372 904 4428 animam
948 4391 1110 4428 suam
1166 4379 1296 4428 ante
1353 4373 1670 4442 imaginem
1721 4373 1885 4430 vituli

189 4461 586 4514 manducantis
633 4460 828 4516 fenum
874 4461 1069 4526 (Emod.
1122 4478 1288 4530 xxxu,
1341 4464 1467 4528 1-6;
1507 4467 1555 4516 et
1598 4464 1740 4517 Psal.
1788 4479 1873 4528 cv,

193 4546 273 4612 19,
315 4543 427 4613 20),
476 4544 680 4596 Inveni
708 4545 830 4599 haec
871 4547 970 4615 ibi,
1020 4553 1078 4602 et
1113 4565 1227 4602 non
1265 4549 1622 4604 manducavi.
1668 4549 1888 4604 Placuit

191 4633 335 4688 enim
364 4632 493 4702 tibi,
530 4633 795 4701 Domine,
829 4635 1052 4692 auferre
1083 4637 1455 4708 opprobrium
1486 4638 1884 4694 diminutionis

191 4722 255 4775 ab
299 4723 494 4790 Jacob,
553 4726 617 4776 ut
660 4725 846 4793 major
889 4725 1125 4780 serviret
1161 4726 1372 4780 minori
1419 4726 1589 4797 (Rom.
1633 4743 1708 4792 Ix,
1760 4727 1883 4798 13);

190 4815 241 4866 et
266 4812 482 4868 vocasti
527 4813 736 4867 Gentes
774 4812 837 4867 in
865 4814 1257 4869 haereditatem
1287 4819 1463 4869 tuam.
1500 4816 1566 4869 Et
1595 4831 1701 4885 ego
1730 4815 1802 4869 ad
1831 4819 1886 4870 te

191 4916 455 4958 veneram
493 4917 567 4956 ex
595 4901 888 4970 Gentibus,
934 4907 991 4958 et
1027 4903 1248 4959 intendi
1290 4904 1352 4958 in
1397 4919 1601 4958 aurum
1629 4903 1781 4974 quod
1819 4903 1888 4958 ab

249 5023 322 5086 (a)
342 5025 508 5088 Juvat
531 5023 737 5088 huncce
759 5022 936 5088 locum
958 5037 1022 5074 ex
1045 5025 1148 5074 alio
1179 5025 1460 5075 illustrare.
1490 5025 1684 5088 Nempe
1704 5024 1888 5072 Enarr.

192 5085 397 5149 in'Psal.
420 5089 502 5144 46,
523 5100 582 5134 n.
595 5089 645 5149 6,
658 5087 731 5133 sic
743 5085 952 5135 disserit
971 5087 1296 5149 Augustinus
1311 5102 1323 5135 :
1338 5103 1366 5133 ςι
1377 5085 1702 5136 Lenticulam
1715 5091 1890 5144 autem

192 5163 217 5192 α
241 5148 548 5213 invenimus
581 5147 755 5213 cibum
786 5161 897 5213 esse
927 5147 1309 5213 Egyptiorum,
1337 5163 1460 5213 nam
1483 5149 1813 5213 ibigabundat
1837 5149 1890 5213 in

193 5227 216 5253 α
232 5211 455 5274 Egypto
475 5229 488 5270 ;
506 5210 650 5258 unde
664 5210 996 5271 magniﬁcatu
1005 5210 1289 5274 rleuticulu
1299 5210 1672 5274 Alexandrina,
1688 5211 1894 5274 etvenit

191 5287 216 5314 α
240 5272 426 5344 usque
426 5274 495 5322 ad
516 5276 931 5344 terras‘nostras,
947 5273 1096 5344 quasi
1118 5273 1202 5344 h'i‘e
1226 5285 1333 5344 non
1357 5276 1603 5344 nascatur
1618 5272 1891 5344 lenticula,

193 5349 218 5378 α
240 5333 371 5396 Ergo
389 5336 534 5383 Esau
559 5333 906 5397 desiderando
927 5333 1102 5382 cibum
1119 5334 1678 5397 :Egyptiummerdidit
1707 5335 1895 5395 prima—

190 5412 215 5441 α
237 5395 361 5445 tum.
380 5398 469 5446 Sic
482 5400 540 5445 et
551 5395 1096 5458 populusJudanorum
1116 5395 1306 5458 dequo
1327 5395 1524 5445 dictum
1537 5401 1631 5454 est,
1651 5397 1894 5458 Conversi

191 5476 214 5500 α
235 5458 537 5510 suntcorde
557 5457 617 5505 in
631 5457 942 5520 )Iz‘ggpmm,
957 5457 1261 5507 lenticulam
1278 5459 1668 5520 quodammodo
1690 5457 1892 5508 deside-

194 5537 217 5562 α
239 5529 511 5582 raverunt,
540 5522 597 5569 et
618 5520 903 5582 primatum
928 5520 1288 5584 perdiderunt.
1312 5538 1338 5565 ι)

3567 285 3674 339 742

1969 401 2207 470 zEgypto
2244 399 2472 455 voluisti
2511 403 2578 454 ut
2617 399 2867 455 auferret
2894 400 3141 471 populus
3179 404 3312 456 tuus
3345 403 3540 474 (Exod.
3582 421 3665 472 ιιι,

1969 491 2037 541 22
2062 505 2075 555 ;
2104 493 2160 543 et
2202 505 2278 556 xr,
2312 488 2386 558 2),
2417 488 2690 560 quoniam
2737 492 2901 544 tuum
2948 493 3087 556 erat,
3134 490 3481 562 ubicumque
3520 497 3657 548 erat.

1971 579 2039 632 Et
2076 577 2266 632 dixisti
2301 577 2740 633 Atheniensibus
2785 593 2891 649 per
2918 578 3259 649 Apostolum
3287 581 3471 647 tuum,
3509 581 3661 650 quod

1972 664 2036 719 in
2063 669 2119 719 te
2146 664 2387 719 vivimus
2412 671 2468 720 et
2493 682 2786 721 movemur
2812 669 2869 720 et
2899 682 3096 720 sumus
3119 681 3133 733 ;
3166 665 3311 720 sicut
3341 671 3397 721 et
3434 667 3668 737 quidam

1975 754 2288 809 secundum
2336 754 2736 809 eosdixerunt
2781 756 2926 824 (Act.
2981 771 3115 820 xvu,
3171 757 3301 825 28):
3361 759 3419 810 et
3475 755 3672 826 utique

1973 841 2106 896 inde
2145 846 2305 896 erant
2351 841 2436 895 illi
2487 841 2637 897 libri.
2685 844 2751 897 Et
2794 859 2910 897 non
2953 841 3174 898 attendi
3218 843 3281 897 in
3314 841 3466 897 idola
3504 845 3672 914 Λεωσ-

1973 929 2226 1002 ptiorum
2299 930 2506 1002 quibus
2577 930 2646 984 de
2707 946 2843 985 auro
2909 935 3009 985 tuo
3075 930 3497 998 ministrabant,
3576 931 3676 1002 qui

1975 1021 2500 1073 transmutaverunt
2558 1016 2856 1072 veritatem
2902 1017 3003 1072 Dei
3057 1017 3117 1072 in
3175 1018 3566 1086 mendacium,
3621 1021 3677 1072 et

1975 1105 2294 1174 coluerunt,
2328 1109 2386 1161 et
2414 1105 2731 1162 servierunt
2763 1111 3037 1162 creaturae
3080 1107 3273 1178 potius
3302 1123 3476 1179 quam
3505 1107 3674 1161 Crea-

1976 1193 2087 1249 tori
2115 1195 2284 1266 (Rom.
2315 1212 2351 1263 ι,
2384 1195 2494 1266 25).

2663 1284 2887 1339 CAPUT
2916 1285 2983 1340 X.

2181 1372 2394 1426 Clarius
2414 1373 2748 1426 innotescunt
2768 1373 2892 1442 jam
2919 1373 3229 1441 Augustino
3255 1370 3464 1426 divina.

2053 1461 2137 1513 16.
2176 1459 2239 1514 Et
2269 1459 2403 1514 inde
2449 1459 2774 1515 admonitus
2808 1461 2996 1516 redire
3021 1461 3092 1515 ad
3123 1460 3548 1530 memetipsum,
3589 1459 3673 1515 in-

1979 1546 2120 1601 travi
2144 1545 2205 1601 in
2234 1547 2438 1602 intima
2455 1565 2599 1615 mea,
2633 1549 2775 1604 duce
2805 1553 2895 1616 te;
2918 1554 2974 1604 et
2993 1548 3177 1620 potui,
3200 1548 3474 1620 quoniam
3493 1548 3675 1603 factus

1977 1651 2037 1689 es
2068 1635 2294 1705 adjutor
2320 1653 2500 1692 meus.
2544 1637 2774 1706 Intravi,
2823 1642 2880 1691 et
2905 1637 3021 1692 vidi
3060 1637 3466 1708 qualicumque
3506 1637 3673 1693 oculo

1979 1722 2185 1778 animae
2215 1740 2380 1793 meae,
2411 1741 2586 1795 supra
2613 1726 2878 1780 eumdem
2909 1726 3139 1780 oculum
3168 1725 3377 1779 anima:
3407 1740 3552 1780 mea:
3583 1740 3676 1779 su-

1977 1828 2080 1883 pra
2110 1817 2361 1866 mentem
2408 1829 2617 1880 meam,
2670 1814 2900 1868 lucem1
2939 1812 3502 1879 incommutabilem;
3555 1829 3672 1868 non

1977 1901 2125 1955 hanc
2153 1901 2446 1971 vulgarem
2484 1905 2539 1955 et
2567 1901 2931 1972 conspicuam
2959 1901 3117 1955 omni
3151 1901 3308 1955 carni
3334 1915 3346 1954 :
3380 1915 3485 1953 nec
3510 1896 3676 1968 quasi

1979 2005 2044 2042 ex
2074 1989 2271 2043 eodem
2301 2005 2506 2060 genere
2529 1989 2801 2060 grandior
2829 1994 2968 2056 erat,
2989 1993 3262 2060 tanquam
3303 1988 3349 2042 si
3367 1987 3474 2041 ista
3495 1987 3675 2040 multo

1979 2076 2275 2147 multoque
2332 2077 2540 2131 clarius
2598 2077 2945 2144 claresceret,
3014 2080 3311 2146 totumque
3374 2077 3678 2144 occuparet

1980 2164 2392 2235 magnitudine.
2427 2165 2552 2219 Non
2571 2165 2677 2219 hoc
2701 2165 2798 2219 illa
2819 2169 2940 2219 erat
2964 2184 2978 2232 ;
3003 2165 3102 2219 sed
3121 2163 3297 2231 aliud,
3325 2162 3482 2217 aliud
3508 2161 3672 2216 valde

1979 2254 2050 2307 ab
2080 2252 2203 2306 istis
2241 2253 2527 2307 omnibus.
2581 2254 2693 2308 Nec
2722 2253 2802 2308 ita
2845 2257 2968 2309 erat
2995 2269 3168 2323 supra
3197 2255 3448 2306 mentem
3477 2265 3671 2306 meam

1981 2341 2123 2396 sicut
2150 2342 2341 2396 oleum
2371 2357 2542 2414 super
2569 2358 2800 2414 aquam,
2831 2358 2936 2397 nec
2963 2341 3108 2396 sicut
3138 2342 3344 2394 coetum
3369 2354 3540 2410 super
3567 2343 3678 2392 ter-

1982 2444 2104 2483 ram
2130 2446 2144 2497 ;
2177 2429 2272 2483 sed
2304 2429 2583 2500 superior,
2613 2430 2746 2500 quia
2777 2429 2900 2500 ipsa
2921 2428 3056 2483 fecit
3075 2444 3186 2495 me,
3211 2433 3268 2482 et
3289 2443 3393 2498 ego
3416 2424 3674 2491 inferior,

1982 2517 2118 2588 quia
2154 2517 2331 2572 factus
2375 2533 2501 2572 sum
2539 2517 2609 2571 ab
2659 2534 2745 2572 ea.
2797 2518 2906 2582 Qui
2950 2517 3108 2571 novit
3150 2517 3469 2580 veritatem,
3517 2512 3677 2568 novit

1983 2619 2151 2667 eam;
2183 2608 2238 2659 et
2277 2604 2377 2676 qui
2407 2604 2564 2658 novit
2602 2621 2753 2675 eam,
2791 2604 2950 2659 novit
2989 2604 3387 2658 aeternitatem.
3421 2600 3675 2656 Charitas

1983 2692 2142 2746 novit
2169 2707 2317 2748 eam.
2346 2693 2388 2747 Ο
2410 2697 2622 2747 aeterna
2649 2692 2873 2756 veritas,
2907 2696 2964 2746 et
2988 2708 3120 2746 vera
3144 2692 3407 2754 cbaritas,
3435 2690 3679 2744 etchara

1983 2779 2305 2834 aeternitas!
2339 2783 2398 2834 tu
2421 2797 2480 2834 es
2514 2782 2659 2834 Deus
2690 2797 2851 2835 meus
2878 2798 2891 2848 ;
2916 2780 3020 2835 tibi
3049 2780 3274 2850 suspiro
3307 2779 3398 2833 die
3425 2795 3488 2832 ac
3519 2781 3672 2831 note.

1985 2868 2050 2921 Et
2075 2883 2205 2921 cum
2231 2872 2286 2922 te
2315 2868 2568 2937 primum
2598 2869 2859 2939 cognovi,
2884 2873 2949 2923 tu
2977 2867 3336 2939 assumpsisti
3364 2883 3476 2934 me,
3505 2870 3570 2920 ut
3598 2864 3675 2918 vi-

1984 2955 2177 3010 derem
2207 2971 2327 3010 esse
2353 2956 2506 3026 quod
2536 2955 2807 3022 viderem,
2843 2962 2897 3010 et
2919 2957 3178 3010 nondum
3209 2972 3299 3010 me
3329 2971 3450 3010 esse
3475 2952 3576 3026 qui
3602 2951 3679 3007 vi-

1983 3044 2196 3098 derem.
2250 3045 2316 3098 Et
2361 3044 2734 3099 reverberasti
2783 3044 3179 3099 inﬁrmitatem
3227 3047 3485 3114 aspectus
3541 3039 3680 3110 mei,

1984 3131 2213 3186 radians
2255 3132 2316 3186 in
2362 3149 2453 3188 me
2491 3133 2876 3198 vehementer,
2928 3138 2984 3187 et
3027 3131 3348 3187 contremui
3390 3145 3584 3185 amore
3625 3131 3682 3183 et

1985 3221 2258 3289 horrore;
2294 3225 2350 3275 et
2378 3221 2575 3275 inveni
2602 3223 2774 3292 longe
2803 3238 2890 3276 me
2921 3237 3041 3276 esse
3068 3238 3102 3274 a
3129 3225 3184 3275 te
3210 3221 3270 3274 in
3299 3218 3534 3290 regione
3565 3217 3680 3272 dis-

1987 3308 2398 3376 similitudinis,
2432 3313 2705 3376 tanquam
2727 3309 2984 3365 audirem
3005 3325 3203 3364 vocem
3225 3314 3384 3364 tuam
3412 3308 3480 3362 de
3504 3307 3684 3362 excel-

1987 3414 2048 3453 so
2073 3414 2086 3452 :
2121 3398 2289 3452 Cibus
2318 3415 2445 3452 sum
2475 3398 2775 3469 grandium
2803 3415 2817 3465 ;
2849 3415 3056 3467 cresce,
3084 3403 3141 3452 et
3171 3397 3542 3452 manducabis
3567 3412 3681 3450 me.

1988 3488 2099 3542 Nec
2129 3491 2186 3541 tu
2219 3503 2312 3542 me
2343 3487 2403 3540 in
2435 3491 2485 3540 te
2514 3487 2782 3550 mutabis,
2815 3487 2960 3540 sicut
2987 3485 3178 3540 cibum
3199 3486 3382 3540 carnis
3414 3489 3557 3552 tum;
3588 3484 3688 3538 sed

1987 3579 2046 3630 tu
2078 3574 2391 3630 mutaberis
2428 3574 2490 3628 in
2521 3591 2631 3629 me.
2664 3576 2730 3629 Et
2761 3574 2995 3646 cognovi
3023 3574 3294 3646 quoniam
3325 3590 3431 3645 pro
3463 3571 3684 3644 iniqui-

1987 3667 2101 3719 tate
2139 3662 2376 3718 erudisti
2402 3663 2718 3730 hominem,
2759 3668 2816 3718 et
2844 3663 3147 3729 tabescere,
3175 3661 3359 3717 fecisti
3388 3661 3535 3717 sicut
3559 3678 3686 3716 ara-

1987 3769 2157 3808 neam
2206 3752 2458 3806 animam
2519 3768 2709 3806 meam
2765 3753 2926 3820 (Psal.
2976 3769 3204 3818 xxxvm,
3258 3751 3379 3820 12);
3427 3754 3484 3804 et
3529 3748 3684 3804 dixi:

1990 3841 2280 3912 Numquid
2307 3839 2452 3894 nihil
2481 3845 2566 3894 est
2594 3839 2820 3909 veritas,
2849 3840 3123 3910 quoniam
3149 3855 3335 3910 neque
3362 3854 3467 3908 per
3498 3838 3684 3906 ﬁnita,

1989 3945 2176 4001 neque
2206 3944 2308 4000 per
2333 3928 2833 3982 inlinitalocorum
2863 3929 3049 3998 spatia
3079 3927 3284 3982 ditiusa
3314 3928 3447 3980 est?
3478 3928 3544 3980 Et
3573 3927 3688 3980 cla-

1991 4018 2159 4074 masti
2182 4016 2608 4088 delonginquo:
2628 4017 2750 4070 Imo
2776 4033 2932 4083 vero,
2957 4020 3070 4083 Ego
3097 4032 3216 4071 sum
3238 4018 3334 4085 qui
3352 4031 3470 4070 sum
3485 4014 3682 4086 (Exod.

1989 4124 2066 4170 ιιι,
2104 4109 2207 4172 14.)
2254 4108 2317 4161 Et
2355 4107 2545 4160 audivi
2578 4105 2723 4160 sicut
2752 4105 2981 4160 auditur
3009 4105 3070 4160 in
3100 4105 3292 4172 corde,
3325 4108 3383 4158 et
3421 4119 3539 4157 non
3569 4105 3692 4156 erat

1990 4213 2226 4268 prorsus
2246 4196 2399 4250 unde
2421 4195 2775 4260 dubitarem;
2798 4194 3134 4266 faciliusque
3162 4193 3484 4248 dubitarem
3503 4192 3689 4247 vivere

1991 4303 2104 4354 me,
2137 4301 2311 4356 quam
2343 4301 2460 4339 non
2491 4301 2611 4339 esse
2643 4283 2961 4350 veritatem,
2996 4299 3125 4354 quae
3162 4298 3266 4352 per
3291 4297 3358 4336 ea
3389 4297 3519 4353 quae
3546 4279 3694 4335 facta

1991 4379 2142 4444 sunt,
2167 4375 2456 4429 intellecta
2483 4373 2828 4444 conspicitur
2856 4371 2880 4404 ²
2911 4371 3089 4444 (Rom.
3118 4389 3160 4439 1,
3187 4370 3303 4443 20).

2666 4462 2891 4517 CAPUT
2931 4463 3018 4516 ΧΙ.

2297 4551 2565 4624 Quomodo
2595 4555 2854 4606 creaturae
2877 4554 3005 4605 sunt
3033 4553 3081 4604 et
3108 4564 3214 4604 non
3241 4551 3390 4604 sunt.

2068 4645 2152 4696 17.
2195 4642 2261 4696 Et
2302 4641 2526 4712 inspexi
2555 4645 2758 4695 caetera
2800 4639 2950 4693 infra
2978 4643 3054 4706 te,
3092 4641 3147 4692 et
3175 4637 3290 4692 vidi
3319 4653 3424 4692 nec
3454 4634 3691 4692 omnino

1995 4746 2134 4798 esse,
2179 4745 2284 4785 nec
2327 4729 2561 4784 omnino
2603 4745 2720 4783 non
2769 4743 2926 4782 esse:
2973 4743 3093 4780 esse
3129 4725 3384 4797 quidem,
3416 4725 3692 4798 quoniam

1995 4819 2093 4874 abs
2121 4822 2177 4874 te
2207 4825 2376 4886 sunt;
2410 4833 2530 4872 non
2556 4834 2676 4873 esse
2699 4820 2913 4884 autem,
2942 4815 3214 4886 quoniam
3233 4814 3293 4869 id
3315 4815 3469 4887 quod
3491 4832 3550 4869 es
3575 4830 3694 4870 non

1996 4910 2150 4962 sunt.
2179 4907 2241 4961 ld
2263 4905 2416 4961 enim
2437 4922 2565 4961 vere
2587 4909 2690 4973 est,
2724 4904 2880 4976 quod
2905 4904 3456 4959 incommutabiliter
3478 4907 3692 4958 manet.

1998 4994 2132 5050 ltiihi
2151 4999 2345 5049 autem
2383 4994 2667 5049 inhaerere
2691 4996 2804 5050 Deo
2833 4993 3058 5049 bonum
3088 4998 3174 5048 est
3196 4994 3357 5064 (Psal.
3390 5009 3555 5060 Lxxn,
3578 4990 3691 5062 20),

1998 5082 2134 5155 quia
2163 5083 2211 5138 si
2238 5099 2358 5138 non
2379 5083 2622 5138 manebo
2654 5083 2715 5137 in
2744 5083 2867 5150 illo,
2890 5098 2996 5138 nec
3025 5082 3087 5136 in
3107 5098 3198 5136 me
3229 5085 3450 5153 potero.
3479 5080 3578 5135 Ille
3601 5095 3697 5133 au-

1997 5177 2116 5227 tem
2145 5172 2205 5226 in
2251 5189 2308 5226 se
2359 5188 2598 5227 manens
2643 5172 2878 5228 innovat
2908 5172 3102 5227 omnia
3139 5173 3296 5243 (Sap.
3339 5186 3436 5238 vn,
3485 5167 3594 5236 27).
3631 5167 3699 5219 Et

2001 5261 2278 5316 Dominus
2313 5263 2460 5316 Deus
2498 5278 2659 5316 meus
2699 5278 2777 5326 es,
2811 5261 3086 5335 quoniam
3113 5260 3399 5324 bonorum
3433 5269 3696 5311 meorum

2000 5366 2115 5406 non
2146 5366 2278 5421 eges
2310 5349 2480 5421 (Psat.
2511 5367 2602 5416 xv,
2635 5350 2710 5422 2).

2067 5459 2080 5491 ¹
2119 5457 2211 5506 Hic
2239 5457 2296 5505 in
2322 5457 2450 5505 Edd.
2484 5456 2712 5516 additur,
2749 5455 2981 5514 Domini,
3012 5467 3116 5517 qua
3143 5463 3270 5517 voce
3300 5451 3481 5517 carent
3507 5447 3634 5498 Mss.

2066 5519 2088 5552 9
2116 5519 2239 5568 Mss.
2270 5532 2463 5582 magno
2488 5514 2752 5568 consensu
2780 5518 2975 5578 ferunt,
3004 5514 3420 5577 cbnspiciuntur.
