4058 6398
376 281 478 335 Ἳ43

1062 393 1285 448 CAPUT
1314 393 1425 449 XII.

785 492 980 548 Omnia
1001 489 1158 558 bona,
1181 505 1526 560 quacumque
1554 496 1697 546 sunt.

465 595 552 646 i8.
603 592 671 645 Et
707 588 1131 645 manifestatum
1172 597 1257 641 est
1286 587 1430 641 mihi
1472 588 1739 658 quoniam
1780 586 1928 640 bona
1955 590 2086 640 sunt

391 693 520 748 quas
539 679 1007 746 corrumpuntur,
1035 690 1162 744 quae
1186 690 1371 745 neque
1391 675 1436 728 si
1461 689 1684 727 summa
1703 673 1852 726 bona
1875 676 2080 739 essent,

387 780 576 834 neque
629 764 742 818 nisi
791 765 940 818 bona
985 767 1192 828 essent,
1243 761 1530 831 corrumpi
1574 764 1834 831 possent:
1868 760 2002 831 quia
2033 761 2083 814 si

390 866 618 904 summa
645 851 800 905 bona
829 853 1036 917 essent,
1069 849 1521 920 incorruptibilia
1551 852 1769 914 essent;
1804 848 1849 902 si
1890 853 2080 903 autem

389 939 549 992 nulla
576 938 730 992 bona
758 943 960 1004 essent,
996 938 1150 1008 quod
1181 937 1239 990 in
1271 937 1350 991 eis
1371 939 1833 1006 corrumperetur
1858 953 1972 990 non
1993 953 2079 991 es-

389 1027 492 1077 set.
529 1025 704 1079 Nocet
733 1025 886 1080 enim
935 1023 1244 1095 corruptio,
1293 1026 1348 1076 et
1382 1022 1488 1076 nisi
1525 1023 1742 1077 bonum
1773 1022 2077 1093 minueret,

387 1129 505 1168 non
543 1121 791 1170 noceret.
841 1118 955 1168 Aut
990 1114 1168 1184 igitur
1199 1113 1344 1167 nihil
1381 1117 1547 1167 nocet
1585 1113 1894 1182 corruptio,
1927 1114 2076 1185 quod

389 1201 515 1256 ﬁeri
544 1219 661 1256 non
706 1207 930 1273 potest:
963 1207 1082 1266 aut,
1134 1201 1289 1272 quod
1333 1201 1710 1255 certissimum
1741 1205 1846 1271 cst,
1887 1201 2080 1256 omnia

387 1303 514 1358 quae
545 1292 1013 1358 corrumpuntur,
1045 1288 1342 1358 privantur
1379 1287 1550 1342 bono.
1600 1288 1655 1341 Si
1686 1291 1876 1342 autem
1921 1288 2079 1342 omni

379 1375 531 1430 bono
561 1375 960 1445 privabuntur,
995 1375 1229 1429 omnino
1261 1391 1377 1429 non
1407 1381 1592 1430 erunt.
1616 1375 1674 1430 Si
1703 1375 1856 1430 enim
1888 1381 2077 1446 erunt,

381 1467 437 1516 et
467 1463 760 1533 corrumpi
800 1463 920 1532 jam
961 1479 1078 1517 non
1124 1467 1409 1534 poterunt,
1455 1463 1691 1517 meliora
1720 1468 1910 1533 erunt,
1943 1464 2078 1534 quia

378 1549 893 1620 incorruptibiliter
924 1549 1361 1620 permanebunt.
1397 1550 1461 1602 Et
1484 1549 1625 1619 quid
1655 1550 2076 1604 monstruosius

383 1652 557 1707 quam
579 1653 646 1692 ea
665 1636 852 1692 dicere
874 1637 1030 1691 omni
1049 1637 1199 1690 bono
1222 1636 1428 1690 amisso
1455 1637 1596 1691 facta
1620 1637 1860 1691 meliora
1879 1638 1906 1691 ?
1929 1638 2073 1708 Ergo

381 1727 429 1780 si
460 1727 618 1782 omni
647 1727 799 1780 bono
831 1726 1222 1798 privabuntur,
1257 1725 1492 1779 omnino
1522 1727 1681 1780 nulla
1705 1731 1873 1781 erunt
1903 1743 2074 1796 :ergo

383 1816 661 1887 quamdiu
690 1820 840 1880 sunt,
871 1815 1018 1870 bona
1047 1819 1206 1868 sunt:
1240 1829 1376 1883 ergo
1407 1830 1784 1885 quaecumque
1811 1819 1944 1868 sunt
1971 1815 2073 1869 bo-

378 1921 453 1959 na
478 1909 631 1960 sunt.
665 1905 987 1976 Malumque
1014 1903 1150 1956 illud
1177 1903 1332 1972 quod
1364 1902 1693 1972 quaerebam
1723 1902 1876 1956 unde
1902 1906 2068 1968 esset,

380 2009 495 2047 non
526 1998 611 2048 est
651 1992 1001 2057 substantia;
1035 1989 1170 2061 quia
1217 1989 1263 2043 si
1306 1990 1620 2044 substantia
1657 1995 1823 2058 esset,
1855 1991 2071 2045 bonum

381 2087 543 2137 esset.
589 2084 700 2136 Aut
742 2081 891 2135 enim
927 2083 1072 2134 esset
1099 2078 1551 2149 incorruptibilis
1580 2079 1916 2145 substantia,
1949 2095 2070 2134 ma-

377 2185 558 2239 gnum
585 2169 782 2239 utique
812 2168 1064 2221 bonum:
1099 2169 1199 2220 aut
1228 2165 1544 2220 substantia
1575 2166 1964 2237 corruptibilis
1989 2183 2072 2221 es-

379 2263 482 2324 set,
515 2273 644 2328 quaz
674 2255 780 2309 nisi
810 2257 960 2310 bona
991 2259 1158 2319 esset,
1184 2253 1474 2324 corrumpi
1496 2270 1610 2307 non
1637 2258 1840 2324 posset.
1872 2256 2071 2325 Itaque

376 2345 490 2399 vidi
520 2350 576 2399 et
604 2343 1024 2398 manifestatum
1057 2346 1139 2396 est
1168 2341 1309 2396 mihi
1339 2341 1472 2412 quia
1501 2341 1692 2396 omnia
1719 2341 1871 2396 bona
1893 2347 1956 2396 tu
1986 2344 2068 2396 fe-

375 2433 521 2501 cisti,
564 2437 619 2487 et
647 2448 880 2502 prorsus
927 2431 1102 2507 nulla:
1151 2430 1478 2485 substantias
1510 2435 1642 2485 sunt
1670 2446 1812 2502 quas
1859 2434 1920 2484 tu
1950 2447 2066 2485 non

375 2520 575 2576 fecisti.
611 2521 677 2574 Et
714 2519 990 2591 quoniam
1033 2535 1148 2572 non
1198 2519 1440 2589 aequalia
1473 2518 1667 2572 omnia
1704 2518 1907 2587 fecisti,
1936 2519 2066 2574 ideo

375 2611 510 2662 sunt
539 2607 766 2675 omnia;
801 2607 932 2679 quia
966 2606 1190 2678 singula
1219 2607 1371 2662 bona
1408 2610 1560 2673 sunt,
1591 2610 1647 2660 et
1671 2606 1843 2660 simul
1872 2607 2066 2661 omnia

375 2696 536 2750 valde
565 2696 746 2750 bona:
793 2695 1064 2766 quoniam
1110 2696 1241 2750 fecit
1276 2697 1422 2749 Deus
1463 2699 1656 2750 noster
1685 2695 1879 2750 omnia
1920 2696 2070 2750 bona

375 2783 540 2838 valde
575 2783 721 2854 (Gen.
757 2799 808 2851 1;
844 2788 894 2838 et
925 2785 1090 2839 Eccli.
1118 2801 1299 2851 xxxxx,
1331 2783 1443 2855 21).

1021 2891 1248 2945 CAPUT
1283 2890 1426 2944 XIII.

773 2977 966 3034 Omnia
994 2979 1212 3032 condita
1245 2978 1473 3033 laudant
1502 2981 1685 3032 Deum.

450 3069 532 3122 l9.
573 3068 636 3121 Et
665 3067 772 3122 tibi
805 3067 1040 3120 omnino
1072 3083 1186 3121 non
1217 3072 1301 3121 est
1327 3069 1696 3133 malum,non
1726 3066 1912 3121 solum
1941 3065 2062 3132 tibi,

375 3155 477 3210 sed
504 3171 604 3209 nec
636 3154 917 3209 universae
947 3158 1221 3209 creaturae
1252 3159 1363 3208 tua!
1389 3175 1404 3221 ;
1435 3154 1567 3224 quia
1598 3159 1755 3209 extra
1785 3154 1802 3189 ί
1834 3170 1947 3208 non
1983 3159 2067 3209 est

375 3243 593 3314 aliquid
637 3243 789 3313 quod
817 3243 1118 3312 irrumpat,
1161 3247 1216 3295 et
1245 3245 1573 3312 corrumpat
1603 3241 1864 3295 ordinem
1895 3258 2066 3312 quem

372 3331 614 3402 posuisti
655 3331 725 3385 ei.
758 3333 823 3384 In
859 3330 1117 3402 partibus
1147 3333 1337 3383 autem
1369 3330 1490 3400 ejus
1521 3329 1810 3399 quaedam,
1839 3329 2064 3400 quibus-

373 3422 503 3475 dam
543 3419 678 3490 quia
707 3435 824 3474 non
865 3418 1226 3485 conveniunt,
1258 3419 1410 3471 mala
1441 3421 1752 3488 putantur:
1781 3421 1837 3471 et
1865 3419 2064 3472 eadem

369 3507 492 3578 ipsa
522 3507 870 3561 conveniunt
915 3505 1058 3574 aliis,
1105 3510 1162 3559 et
1190 3506 1339 3559 bona
1374 3507 1526 3570 sunt,
1560 3508 1618 3558 et
1647 3504 1708 3558 in
1739 3505 2061 3576 semetipsis

369 3595 521 3649 bona
552 3599 703 3649 sunt.
757 3595 823 3648 Et
853 3593 1047 3648 omnia
1088 3594 1209 3647 haec
1238 3610 1368 3664 quas
1404 3593 1634 3647 sibimet
1662 3591 1906 3647 invicem
1946 3609 2064 3647 non

370 3682 738 3747 conveniunt,
786 3681 1134 3736 conveniunt
1175 3680 1431 3734 inferiori
1460 3679 1606 3751 parti
1640 3696 1857 3747 rerum,
1891 3696 2064 3750 quam

368 3776 580 3826 terram
624 3769 884 3836 dicimus,
917 3769 1224 3823 habentem
1269 3768 1474 3822 omium
1521 3784 1689 3822 suum
1733 3767 2060 3822 nubilosum

374 3864 546 3930 atque
579 3861 878 3912 ventosum
907 3872 1227 3926 congruum
1258 3855 1382 3910 sibi.
1433 3857 1496 3910 Et
1515 3855 1662 3909 absit
1683 3855 1803 3926 jam
1828 3859 1893 3909 ut
1918 3855 2065 3909 dice-

369 3965 493 4004 rem
518 3965 531 4003 :
567 3949 690 4002 Non
732 3951 920 4001 essent
945 3948 1054 4001 ista
1076 3951 1127 4000 2:
1165 3946 1300 4018 quia
1330 3945 1434 4000 etsi
1466 3946 1588 3999 sola
1616 3946 1723 3999 ista
1747 3961 2063 4014 cernerem,

372 4037 754 4092 desiderarem
788 4035 1021 4106 quidem
1052 4035 1314 4104 meliora,
1345 4035 1439 4088 sed
1468 4035 1588 4104 jam
1628 4034 1801 4088 etiam
1833 4035 1900 4088 de
1930 4035 2064 4088 solis

371 4125 494 4180 istis
539 4125 772 4179 laudare
824 4129 879 4178 te
936 4123 1237 4178 deberem:
1295 4122 1570 4194 quoniam
1617 4122 2062 4192 landandumgte

373 4213 682 4269 ostendunt
726 4213 795 4267 de
841 4216 993 4266 terra
1021 4212 1290 4265 dracones
1336 4215 1393 4265 et
1430 4227 1626 4264 omnes
1656 4210 1857 4282 abyssi,
1890 4209 2059 4280 ignis,

373 4301 612 4372 grando,
639 4300 754 4367 nix,
778 4299 1010 4371 glacies,
1055 4299 1287 4371 spiritus
1308 4298 1678 4369 tempestatis,
1707 4315 1835 4370 quae
1853 4298 2066 4353 faciunt

373 4389 612 4443 verbum
643 4393 806 4442 tuum
833 4405 845 4442 :
888 4391 1107 4442 montes
1141 4392 1196 4441 et
1226 4403 1424 4441 omnes
1449 4388 1636 4453 colles,
1670 4386 1828 4457 ligna
1865 4386 2063 4440 fructi-

370 4477 492 4532 fera
522 4481 579 4530 et
607 4492 804 4530 omnes
831 4475 1016 4542 cedri;
1051 4474 1245 4529 bestiae
1276 4479 1331 4529 et
1361 4474 1555 4528 omnia
1579 4490 1805 4544 pecora,
1839 4473 2066 4544 reptilia

374 4570 432 4619 et
473 4565 723 4619 volatilia
763 4569 1050 4635 pennata;
1099 4580 1262 4634 reges
1304 4567 1470 4618 terrae
1519 4567 1576 4617 et
1615 4579 1814 4617 omnes
1843 4563 2062 4634 populi,

375 4652 664 4724 principes
693 4657 748 4707 et
775 4668 972 4706 omnes
995 4651 1218 4722 judices
1236 4655 1404 4705 terrae
1427 4668 1439 4718 ;
1459 4651 1696 4721 juvenes
1717 4655 1773 4705 et
1794 4651 2061 4722 virgines.

373 4738 626 4795 seniores
657 4757 786 4795 cum
809 4739 1158 4811 junioribus,
1201 4740 1437 4795 laudant
1464 4755 1678 4794 nomen
1706 4744 1890 4795 tuum.
1925 4741 2065 4795 Cum

366 4843 502 4881 vero
533 4827 706 4883 etiam
753 4827 820 4880 de
851 4827 1004 4880 ccelis
1032 4831 1086 4881 te
1118 4827 1368 4895 laudent,
1401 4827 1638 4880 laudent
1661 4831 1738 4894 te,
1780 4829 1928 4881 Deus
1958 4843 2064 4881 no-

366 4917 503 4983 ater,
528 4915 588 4970 in
613 4914 846 4969 excelsis
867 4931 1066 4969 omnes
1093 4915 1295 4986 Angeli
1317 4915 1424 4983 tui,
1447 4931 1646 4969 omnes
1666 4915 1903 4969 virtutes
1927 4919 2062 4982 tuae,

365 5001 448 5056 sol
491 5007 547 5058 et
589 5003 747 5072 luna,
777 5019 974 5057 omnes
1005 5004 1180 5058 stella:
1207 5008 1264 5058 et
1291 5004 1506 5071 lumen,
1548 5003 1676 5058 caeli
1706 5004 1980 5058 caelorum
2010 5008 2066 5058 et

428 5141 752 5205 ‘Legebatur
764 5141 818 5205 in
831 5139 1009 5205 I_.ov.e_t
1021 5141 1406 5205 antiquioribus
1419 5139 1890 5202 editionibus,quia
1903 5141 2066 5205 ezptra

363 5203 414 5251 te
429 5201 625 5254 nonI—est
646 5201 872 5265 aliquid.
894 5203 956 5251 At
971 5203 1096 5251 Arn.
1113 5201 1371 5265 eipunxit
1392 5206 1460 5265 te,
1475 5215 1593 5264 qua:
1610 5215 1711 5249 vox
1729 5201 1875 5265 abest
1890 5217 1919 5249 a
1939 5203 2062 5251 Mss.

358 5267 411 5312 et
429 5268 615 5318 abesse
642 5263 816 5321 debet,
844 5279 961 5313 cum
990 5263 1282 5321 sensus‘sit,
1307 5264 1440 5312 nihil
1460 5263 1572 5312 esse
1594 5268 1740 5310 extra
1763 5263 2061 5312 universam

354 5333 672 5433 greaturam,
692 5326 833 5433 qpod
857 5327 922 5374 ad
948 5327 1365 5389 perturbandum
1386 5325 1626 5374 ordinem
1640 5338 1668 5372 a
1685 5326 1790 5374 Deo
1813 5326 2065 5374 constitu-

379 5400 465 5433 um
487 5394 726 5433 irrnmna
756 5425 768 5433 .

379 5400 466 5440 um
486 5393 768 5443 irrumpat.

411 5406 834 5508 ξηεέῗὲἶξείῗῗάω
853 5449 978 5499 Arn.
1000 5452 1085 5500 ubi
1101 5452 1298 5501 Somm.
1319 5447 1494 5506 habet,
1509 5452 1574 5496 ut
1591 5446 1814 5496 dicerem
1828 5460 1941 5498 non
1962 5460 2064 5499 esse

343 5513 450 5566 nisi
472 5522 607 5572 ista:
639 5513 816 5566 ceteri
843 5527 998 5574 porro
1026 5515 1180 5572 Edd.,
1207 5516 1270 5564 ut
1290 5511 1523 5563 dicerem
1547 5521 1656 5560 non
1684 5522 1790 5560 esse
1820 5513 1939 5562 ista.

1573 270 2107 329 CONFESSIONUM
2156 271 2209 328 S.
2270 271 2674 330 AUGUSTINI.

3784 281 3888 337 744

2200 413 2363 468 aqua;
2395 413 2522 469 quae
2567 413 2739 468 super
2777 398 2945 453 co:los
2990 405 3141 469 sunt,
3190 400 3423 457 laudent
3466 417 3676 458 nomen
3727 406 3883 459 tuum

2196 487 2362 555 (Psal.
2396 503 2576 554 CXLVI,
2629 488 2814 556 t-l2):
2859 505 2978 544 non
3013 489 3136 560 jam
3183 490 3574 546 desiderabam
3628 492 3885 564 meliora,

2197 574 2332 646 quia
2363 575 2556 629 omnia
2585 577 2941 647 cogitabam;
2975 581 3030 632 et
3059 578 3299 634 meliora
3331 579 3565 652 quidem
3595 581 3886 651 superiora

2198 679 2371 734 quam
2397 663 2685 732 inferiora,
2711 665 2805 719 sed
2828 665 3068 720 meliora
3086 669 3281 722 omnia
3306 684 3479 740 quam
3499 668 3617 724 sola
3635 668 3888 740 superio-

2193 769 2274 820 ra,
2301 752 2518 823 judicio
2545 753 2769 809 saniore
2798 755 3141 826 pendebam.
3315 762 3318 767 ‘

2843 843 3064 898 CAPUT
3092 845 3228 900 XIV.

2190 931 2349 986 Sana:
2386 933 2578 986 mentis
2604 931 2834 988 hominis
2857 933 2999 987 nihil
3023 933 3271 1002 displicet
3299 935 3441 988 inter
3459 933 3742 990 creaturas
3763 937 3879 990 Dei.

2261 1021 2345 1074 20.
2405 1021 2531 1074 Non
2585 1025 2671 1076 est
2719 1021 2930 1076 sanitas
2986 1020 3067 1076 eis
3109 1021 3316 1092 quibus
3357 1022 3620 1092 displicet
3664 1022 3875 1094 aliquid

2189 1113 2464 1163 creatura»
2490 1113 2640 1177 tuae;
2687 1109 2830 1165 sicut
2858 1110 2996 1164 mihi
3029 1126 3144 1164 non
3175 1115 3314 1173 erat,
3350 1127 3480 1165 cum
3515 1110 3880 1182 displicerent

2191 1198 2373 1252 multa
2404 1214 2532 1269 qua:
2561 1198 2759 1254 fecisti.
2795 1200 2858 1253 Et
2877 1199 3012 1270 quia
3032 1214 3147 1253 non
3167 1199 3410 1254 audebat
3437 1199 3632 1255 anima
3660 1217 3786 1254 mea
3819 1203 3880 1255 ut

2189 1285 2241 1340 ei
2269 1285 2592 1356 displiceret
2616 1288 2762 1341 Deus
2787 1303 2965 1352 meus,
3000 1287 3228 1342 nolebat
3254 1304 3373 1342 esse
3404 1292 3567 1343 tuum
3597 1287 3878 1360 quidquid

2187 1374 2240 1428 ei
2289 1374 2641 1445 displicebat.
2691 1377 2755 1429 Et
2799 1375 2931 1430 inde
2975 1376 3118 1431 ierat
3163 1375 3223 1430 in
3254 1375 3585 1448 opinionem
3632 1377 3876 1431 duarum

2187 1462 2656 1533 substantiamm,
2693 1469 2748 1519 et
2787 1481 2901 1520 non
2932 1464 3339 1537 requiescebat,
3381 1470 3438 1520 et
3465 1465 3650 1520 aliena
3677 1466 3875 1536 loque-

2185 1551 2374 1606 batur.
2410 1553 2475 1606 Et
2503 1551 2634 1607 inde
2678 1553 2906 1607 rediens
2934 1553 3142 1608 fecerat
3171 1553 3280 1608 sibi
3314 1555 3492 1609 Deum
3521 1570 3626 1624 per
3653 1552 3880 1608 inﬁnita

2187 1638 2370 1709 spatia
2411 1639 2668 1694 locorum
2717 1641 2996 1708 omnium,
3045 1645 3102 1696 et
3140 1657 3271 1696 eum
3302 1644 3600 1712 putaverat
3630 1657 3750 1696 esse
3780 1645 3875 1709 te;

2188 1731 2243 1782 et
2273 1743 2406 1782 eum
2436 1727 2804 1782 collocaverat
2833 1729 2893 1782 in
2922 1729 3090 1783 corde
3119 1746 3244 1792 suo,
3277 1734 3333 1784 et
3360 1730 3506 1784 facta
3532 1733 3653 1784 erat
3679 1745 3878 1783 rursus

2181 1817 2467 1886 templum
2489 1815 2630 1871 idoli
2649 1817 2735 1871 sui
2760 1817 3209 1872 abominandum
3226 1818 3347 1873 tibi.
3378 1818 3486 1873 Sed
3505 1822 3879 1889 posteaquam

2183 1903 2371 1960 fovisti
2399 1909 2569 1975 caput
2597 1905 2919 1972 nescientis,
2943 1910 3000 1961 et
3027 1905 3273 1960 clausisti
3302 1907 3493 1960 oculos
3517 1922 3673 1960 meos
3695 1921 3766 1959 ne
3796 1904 3880 1959 vi-

2182 1991 2385 2046 derent
2420 1992 2749 2059 vanitatem,
2775 1993 2983 2047 cessavi
3016 1993 3084 2048 de
3115 2009 3206 2047 me
3233 1994 3558 2064 paululum,
3589 1997 3646 2046 et
3683 2009 3877 2047 conso-

2181 2079 2299 2150 pita
2328 2084 2412 2134 est
2441 2080 2665 2134 insania
2693 2096 2820 2134 mea
2845 2097 2858 2136 :
2891 2085 2948 2136 et
2989 2081 3252 2151 evigilavi
3283 2080 3340 2135 in
3369 2086 3446 2148 te,
3477 2084 3532 2135 et
3560 2080 3673 2134 vidi
3701 2085 3754 2134 te
3784 2079 3873 2134 in-

2181 2165 2408 2222 ﬁnitum
2429 2166 2594 2222 aliter
2618 2186 2634 2235 ;
2664 2172 2720 2221 et
2748 2167 2898 2221 visus
2927 2167 3029 2221 iste
3055 2182 3168 2221 non
3198 2183 3230 2221 a
3250 2183 3417 2221 carne
3447 2165 3795 2222 trahebatur.

2846 2256 3072 2310 CAPUT
3110 2256 3214 2310 XV.

2395 2343 2668 2410 Quomodo
2710 2347 2913 2399 veritas
2951 2349 3000 2398 et
3028 2343 3250 2411 falsitas
3278 2345 3337 2397 in
3374 2344 3654 2398 creaturis.

2238 2429 2326 2486 21.
2378 2432 2444 2486 Et
2485 2431 2708 2504 respexi
2744 2431 2874 2499 alia,
2921 2435 2978 2487 et
3013 2431 3131 2486 vidi
3168 2430 3274 2486 tibi
3303 2430 3510 2486 debere
3544 2429 3680 2502 quia
3714 2433 3874 2498 sunt,

2179 2523 2236 2572 et
2266 2519 2324 2572 in
2353 2523 2408 2574 te
2437 2524 2641 2574 cuncta
2671 2519 2832 2574 ﬁnita
2863 2537 2874 2575 :
2926 2520 3025 2575 sed
3063 2519 3248 2589 aliter,
3281 2535 3395 2573 non
3441 2518 3603 2590 quasi
3631 2518 3693 2572 in
3721 2517 3874 2584 loco,

2178 2607 2273 2662 sed
2308 2608 2441 2678 quia
2472 2612 2534 2662 tu
2584 2625 2644 2663 es
2689 2608 3053 2663 omnitenens
3081 2624 3257 2662 manu
3285 2607 3519 2661 veritate
3547 2623 3561 2674 ;
3597 2610 3654 2661 et
3681 2606 3884 2660 omnia

2177 2711 2310 2749 vera
2334 2700 2486 2757 sunt,
2511 2696 2568 2750 in
2597 2701 2877 2768 quantum
2900 2701 3031 2751 sunt
3054 2713 3068 2751 :
3092 2713 3195 2751 nec
3219 2696 3530 2768 quidquam
3554 2699 3639 2749 est
3659 2694 3880 2749 falsitas

2176 2781 2289 2835 nisi
2311 2798 2443 2836 cum
2473 2787 2708 2854 putatur
2735 2800 2855 2840 esse
2898 2784 3052 2856 quod
3081 2799 3198 2839 non
3219 2788 3322 2838 est.
3354 2785 3421 2838 Et
3445 2782 3562 2838 vidi
3590 2782 3727 2854 quia
3755 2799 3880 2836 non

2177 2870 2364 2924 solum
2413 2871 2551 2925 locis
2597 2888 2701 2926 sua
2730 2888 2973 2944 quaeque
3021 2872 3138 2926 suis
3165 2871 3526 2938 conveniunt,
3573 2871 3670 2925 sed
3699 2870 3879 2925 etiam

2176 2955 2569 3026 temporibus:
2617 2961 2672 3011 et
2701 2957 2837 3029 quia
2881 2962 2965 3025 tu,
3016 2958 3116 3029 qui
3160 2958 3312 3012 solus
3342 2961 3590 3011 aeternus
3635 2973 3714 3024 es,
3756 2973 3879 3012 non

2177 3049 2306 3116 post
2335 3043 2783 3100 innumerabilia
2803 3046 2985 3116 spatia
3008 3050 3334 3117 temporum
3360 3044 3578 3115 coepisti
3600 3044 3833 3115 operari
3859 3061 3875 3111 ;

2178 3131 2310 3202 quia
2342 3132 2537 3187 omnia
2565 3134 2748 3204 spatia
2769 3137 3114 3204 temporum,
3147 3137 3203 3187 et
3231 3149 3360 3204 quae
3387 3131 3796 3203 praeterierunt
3826 3137 3885 3184 et

2176 3236 2308 3291 quae
2351 3221 2752 3291 praeteribunt,
2801 3237 2908 3276 nec
2953 3221 3177 3276 abirent
3223 3237 3325 3276 nec
3355 3219 3636 3288 venirent,
3678 3219 3791 3274 nisi
3828 3226 3882 3273 te

2177 3312 2452 3380 Operante
2478 3312 2534 3364 et
2564 3313 2854 3364 manente.

2617 3465 2624 3471 _
2829 3397 3056 3452 CAPUT
3094 3397 3227 3452 xvr.

2424 3485 2616 3541 Omnia
2647 3485 2800 3554 bona,
2835 3487 2956 3540 licet
2984 3485 3309 3554 quibusdam
3337 3500 3444 3540 non
3468 3488 3621 3555 apta.

2244 3574 2332 3627 22.
2382 3574 2448 3628 Et
2481 3572 2651 3640 sensi,
2701 3576 2757 3628 et
2805 3578 3071 3644 expertus
3117 3589 3245 3628 sum
3290 3590 3406 3628 non
3463 3589 3583 3627 esse
3633 3571 3878 3638 mirum,

2175 3661 2328 3732 quod
2356 3662 2549 3732 palato
2569 3675 2685 3716 non
2705 3677 2841 3716 sano
2871 3678 3040 3732 poena
3069 3666 3152 3716 est
3177 3661 3363 3732 panis,
3389 3660 3488 3732 qui
3519 3676 3656 3714 sano
3683 3661 3880 3714 suavis

2174 3753 2291 3815 est;
2325 3755 2381 3804 et
2427 3749 2604 3804 oculis
2634 3749 2800 3821 aegris
2844 3749 3041 3805 odiosa
3074 3751 3188 3816 lux,
3224 3766 3354 3821 quae
3393 3749 3554 3820 puris
3585 3749 3873 3804 amabilis.

2175 3839 2242 3893 Et
2265 3838 2488 3908 justitia
2514 3843 2612 3893 tua
2633 3839 2894 3910 di5plicet
2920 3838 3168 3910 iniquis;
3202 3839 3415 3894 nedum
3439 3837 3637 3908 vipera
3664 3840 3718 3891 et
3749 3853 3880 3892 ver-

2174 3926 2438 3993 miculus,
2463 3943 2591 3997 quae
2621 3927 2769 3982 bona
2792 3926 3016 3996 creasti,
3044 3930 3176 3997 apta
3203 3925 3565 3982 inferioribus
3595 3927 3880 3980 creaturae

2175 4019 2290 4069 tua:
2321 4015 2612 4086 partibus;
2649 4015 2858 4086 quibus
2879 4020 2936 4070 et
2964 4015 3073 4087 ipsi
3099 4015 3284 4087 iniqui
3315 4013 3433 4086 apti
3465 4017 3620 4080 sunt,
3652 4018 3879 4084 quanto

2175 4102 2565 4157 dissimiliores
2634 4108 2766 4158 sunt
2819 4103 2961 4158 tibi:
3025 4103 3144 4174 apti
3199 4107 3390 4158 autem
3455 4100 3879 4174 superioribus,

2175 4195 2389 4261 quanto
2437 4190 2737 4246 similiores
2783 4191 2931 4246 ﬁunt
2975 4191 3098 4247 tibi.
3152 4193 3218 4246 Et
3263 4189 3498 4262 quaesivi
3545 4188 3684 4260 quid
3727 4193 3884 4244 esset

2175 4278 2467 4349 iniquitas,
2520 4283 2576 4334 et
2621 4296 2741 4334 non
2780 4279 2972 4335 inveni
3010 4280 3419 4334 substantiam:
3453 4277 3553 4331 sed
3583 4293 3616 4330 a
3645 4292 3882 4333 summa

2175 4367 2511 4435 substantia,
2538 4371 2593 4422 te
2624 4370 2760 4435 Deo,
2793 4368 3030 4422 detortas
3055 4368 3114 4422 in
3143 4367 3340 4421 intima
3360 4363 3380 4398 ί
3412 4364 3718 4418 voluntatis
3747 4381 3884 4435 per-

2172 4455 2518 4522 versitatem,
2564 4456 2916 4528 projicientis
2957 4455 3161 4510 intima
3199 4471 3302 4509 sua
3345 4453 3538 4522 (Eccti.
3579 4467 3634 4518 Χ,
3673 4453 3776 4520 10),
3820 4458 3883 4508 et

2175 4543 2542 4599 tumescentis
2569 4545 2741 4599 foras.

2816 4632 3041 4687 CAPUT
3071 4629 3232 4685 XVII.

2435 4720 2561 4786 Qua:
2579 4719 2858 4775 retardent
2885 4736 2919 4773 a
2948 4719 3245 4787 cognitione
3267 4712 3597 4770 divinorum.

2244 4811 2333 4863 23.
2367 4811 2435 4864 Et
2480 4808 2730 4863 mirabar
2773 4807 2929 4878 quod
2967 4807 3089 4876 jam
3124 4809 3180 4859 te
3209 4803 3494 4870 amabam,
3529 4819 3648 4857 non
3675 4819 3784 4873 pro
3818 4807 3878 4860 te

2175 4897 2532 4967 phantasma.
2570 4899 2634 4951 Et
2662 4913 2776 4950 non
2805 4895 3024 4949 stabam
3045 4897 3066 4929 ²
3094 4892 3207 4947 frui
3239 4893 3350 4946 Deo
3381 4908 3531 4960 meo,
3565 4891 3661 4946 sed
3684 4892 3878 4962 rapie-

2175 4984 2277 5039 bar
2309 4985 2379 5039 ad
2405 4990 2460 5039 te
2490 4985 2691 5038 decore
2717 4988 2816 5037 tuo
2841 5000 2855 5049 ;
2889 4997 3136 5052 moxque
3163 4980 3486 5051 deripiebar
3513 4979 3613 5033 abs
3656 4984 3710 5033 te
3736 4995 3882 5049 pon-

2175 5072 2310 5126 dere
2341 5088 2492 5138 meo,
2525 5075 2579 5125 et
2607 5071 2844 5125 rueham
2885 5068 2941 5123 in
2975 5069 3082 5123 ista
3109 5083 3238 5122 cum
3279 5067 3530 5138 gemitu:
3561 5071 3617 5120 et
3644 5067 3882 5136 pondus

2175 5159 2301 5226 hoc,
2335 5156 2681 5212 consuetudo
2710 5154 2971 5211 carnalis.
3023 5155 3132 5210 Sed
3170 5170 3395 5210 mecum
3426 5157 3546 5207 erat
3581 5152 3878 5207 memoria

2239 5265 2252 5297 1
2273 5262 2356 5310 Sic
2374 5261 2497 5309 Bad.
2516 5261 2631 5314 Am.
2649 5264 2702 5308 et
2716 5261 2800 5308 Er.
2819 5260 2995 5322 sicque
3025 5261 3146 5308 Mss.
3172 5258 3325 5322 Angl.
3357 5261 3408 5307 et
3423 5256 3598 5322 plures
3613 5269 3640 5304 e
3655 5257 3880 5322 nostris

2175 5326 2296 5375 Mss.
2333 5325 2399 5372 At
2432 5324 2558 5371 Arn.
2585 5327 2636 5371 et
2663 5323 2784 5369 Mss.
2807 5316 3026 5383 aliquot,
3047 5316 3342 5383 detortaz'in
3366 5316 3879 5383 inﬁmam._Supple,

2175 5385 2540 5449 substantiam.
2557 5385 2678 5433 Lov.
2697 5375 2958 5449 datariam
2973 5375 3031 5434 in
3042 5381 3133 5446 ξιιΙῖ
3140 5396 3282 5434 mam
3300 5375 3536 5445 [detortas
3551 5375 3881 5441 inin/iniam

2175 5446 2994 5512 voluntati:perversitatem].7
3123 5507 3136 5512 _
3194 5508 3205 5512 _
3304 5509 3311 5512 _
3404 5507 3413 5512 _
3579 5501 3590 5512 ,

2241 5511 2262 5546 9
2281 5509 2398 5562 Am.
2424 5499 2574 5561 etEr.
2597 5521 2718 5558 cum
2731 5509 2854 5559 Mss.
2877 5499 3102 5571 q‘uatuor
3123 5507 3338 5567 habent,
3365 5507 3416 5557 et
3439 5515 3550 5556 non
3568 5499 3879 5557 instabam.
