4058 6346
99 294 190 346 ῖ4¹5
1542 289 1752 346 LIBER

101 412 194 480 tui,
226 425 421 483 neque
455 409 576 464 ullo
604 408 774 464 modo
805 408 1141 465 dubitabam
1168 425 1289 466 esse
1318 410 1408 466 cui
1437 411 1802 480 cohaererem,

99 500 186 554 sed
218 500 483 554 nondum
514 515 634 553 esse
666 515 757 552 me
786 498 886 569 qui
929 499 1312 556 cohmrerem:
1363 502 1636 572 quoniam
1676 519 1806 556 cor-

99 605 192 659 pus
216 588 375 659 quod
417 587 832 658 corrumpitur,
880 593 1151 658 aggravet
1191 589 1478 658 animam;
1515 596 1572 646 et
1613 591 1806 662 depri-

99 679 193 731 mit
238 682 471 731 terrena
525 675 870 730 inliabitatio
922 692 1155 731 sensum
1213 680 1396 733 multa
1454 680 1807 749 cogitantem

107 767 242 835 (Sap.
288 781 366 833 ιι,
420 766 528 833 15).
579 766 861 834 Eramque
897 765 1246 821 certissimus
1292 769 1448 838 quod
1502 767 1807 822 invisibilia

104 861 208 918 tua,
234 871 267 907 a
291 853 708 908 constitutione
731 853 953 919 mundi,
986 871 1089 924 per
1117 871 1182 909 ea
1212 872 1341 927 quae
1370 857 1517 911 facta
1545 861 1696 922 sunt,
1723 856 1807 910 in-

109 945 319 997 tellecta
362 941 832 1013 conspiciuntur;
881 942 1228 1012 sempiterna
1277 959 1508 1014 quoque
1551 942 1726 996 virtus
1751 943 1807 994 et

108 1031 361 1086 divinitas
399 1036 498 1085 tua
543 1033 713 1101 (Rom.
746 1048 786 1096 ι,
816 1033 930 1102 20).
985 1032 1258 1094 Quaerens
1303 1032 1456 1085 enim
1503 1030 1657 1085 unde
1699 1047 1805 1100 ap-

109 1120 403 1190 probarem
437 1118 922 1190 pulchritudinem
962 1134 1291 1190 corporum,
1322 1120 1435 1174 sive
1465 1119 1802 1184 caelestium,

111 1210 212 1263 sive
252 1207 647 1274 terrestrium;
682 1211 740 1262 et
769 1206 909 1278 quid
953 1206 1093 1261 mihi
1138 1212 1346 1278 praesto
1395 1212 1541 1262 esset
1579 1208 1804 1278 integre

112 1297 173 1352 de
201 1296 576 1350 mutabilibus
610 1296 893 1366 judicanti
931 1300 990 1350 et
1035 1296 1272 1351 dicenti:
1309 1299 1421 1351 Hoc
1450 1298 1529 1351 ita
1559 1312 1678 1351 esse
1707 1296 1806 1350 de-

113 1387 214 1453 bet,
245 1385 386 1440 illud
411 1401 531 1440 non
552 1384 665 1439 ita:
699 1385 805 1439 hoc
831 1400 966 1456 ergo
996 1401 1260 1455 quaerens
1287 1385 1441 1439 unde
1469 1385 1804 1456 judicarem,

107 1491 224 1528 cum
251 1474 329 1528 ita
350 1473 697 1544 judicarem,
719 1472 1049 1527 inveneram
1074 1472 1603 1527 incommutabilem
1633 1477 1691 1527 et
1713 1488 1804 1526 ve-

112 1580 220 1618 ram
251 1562 507 1617 veritatis
532 1563 934 1627 aeternitatem,
963 1577 1136 1632 supra
1157 1567 1408 1616 mentem
1437 1577 1625 1616 meam
1651 1577 1804 1615 com-

111 1659 455 1714 mutabilem.
499 1662 686 1729 Atque
724 1657 803 1712 ita
845 1657 1126 1728 gradatim
1155 1675 1187 1711 a
1212 1658 1548 1728 corporibus
1574 1658 1647 1712 ad
1671 1674 1800 1712 sen.

113 1751 335 1803 tientem
397 1763 509 1818 per
563 1763 772 1818 corpus
827 1746 1110 1813 animam;
1156 1750 1328 1817 atque
1375 1746 1507 1802 inde
1552 1747 1621 1801 ad
1682 1746 1805 1816 ejus

114 1838 434 1892 interiorem
454 1836 590 1900 vim,
614 1836 705 1890 cui
724 1851 922 1890 sensus
941 1835 1194 1906 corporis
1216 1835 1491 1889 exteriora
1508 1835 1808 1890 annuntia-

117 1932 221 1994 ret;
251 1931 306 1980 et
336 1941 643 1997 quousque
686 1928 928 1994 possunt
971 1923 1204 1978 bestiae:
1240 1928 1411 1994 atque
1445 1922 1579 1977 inde
1609 1938 1806 1976 rursus

118 2017 176 2070 ad
204 2014 636 2069 ratiocinantem
660 2012 978 2076 potentiam
1002 2012 1070 2066 ad
1094 2029 1268 2083 quam
1290 2013 1537 2066 refertur
1550 2011 1806 2082 judican-

122 2103 240 2156 dum
265 2102 416 2174 quod
435 2101 686 2157 sumitur
707 2119 736 2155 a
758 2100 1018 2154 sensibus
1041 2100 1310 2172 corporis.
1335 2101 1472 2165 Quae
1493 2117 1551 2154 se
1576 2116 1805 2170 quoque

123 2191 171 2244 in
215 2207 301 2245 me
346 2189 709 2259 comperiens
758 2189 1111 2254 mutabilem,
1173 2189 1351 2244 erexit
1407 2205 1465 2243 se
1523 2189 1593 2243 ad
1632 2188 1804 2242 intel-

124 2279 392 2350 ligentiam
422 2295 620 2344 suam;
651 2283 708 2333 et
733 2278 970 2332 abduxit
997 2278 1401 2348 cogitationem
1432 2295 1464 2331 a
1492 2280 1806 2331 consuetu-

126 2369 254 2433 dine,
291 2368 634 2422 subtrahens
672 2383 730 2420 se
772 2366 1294 2421 contradicentibus
1341 2365 1522 2420 turbis
1563 2366 1805 2436 phanta-

125 2461 366 2523 smatum,
392 2459 457 2510 ut
493 2455 777 2510 inveniret
819 2471 932 2526 quo
977 2454 1194 2508 lumine
1225 2457 1644 2524 aspergeretur,
1675 2468 1806 2507 cum

129 2546 231 2600 sine
253 2547 366 2600 ulla
393 2543 758 2600 dubitatione
793 2543 1064 2598 clamaret
1092 2541 1557 2596 incommutabile
1598 2541 1805 2611 praefe-

127 2633 335 2687 rendum
364 2649 492 2687 esse
523 2631 816 2697 mutabili;
857 2630 1009 2686 unde
1038 2634 1228 2685 nosset
1256 2631 1446 2701 ipsum
1483 2629 1806 2684 incommu-

131 2721 296 2789 tabile,
330 2722 488 2793 quod
516 2719 625 2774 nisi
653 2720 844 2791 aliquo
884 2719 1056 2774 modo
1097 2724 1306 2788 nosset,
1348 2719 1507 2773 nullo
1536 2719 1703 2773 modo
1731 2717 1800 2771 i1-

131 2809 211 2863 lud
253 2810 512 2865 mutabili
553 2815 708 2864 certo
751 2813 1143 2880 praeponeret.
1203 2809 1268 2862 Et
1308 2806 1607 2878 pervenit‘
1647 2806 1721 2860 ad
1749 2805 1807 2859 id

136 2898 264 2968 quod
291 2903 391 2968 est,
422 2898 484 2953 in
513 2897 634 2952 ictu
654 2896 991 2968 trepidantis
1011 2900 1287 2968 aspectus.
1314 2897 1472 2950 Tunc
1498 2910 1633 2949 vero
1661 2893 1810 2948 invi-

134 2985 290 3040 sibilia
318 2991 431 3054 tua,
466 3001 574 3056 per
600 3001 668 3039 ea
692 3000 820 3056 quae
840 2984 987 3038 facta
1017 2989 1170 3050 sunt,
1194 2982 1478 3036 intellecta
1506 2980 1805 3052 conspexi;

138 3074 218 3128 sed
243 3074 413 3130 aciem
445 3075 627 3145 ﬁgere
669 3089 785 3127 non
817 3071 1078 3126 evalui':
1112 3075 1168 3125 et
1197 3085 1524 3142 repercussa
1565 3069 1809 3123 inﬁrmi-

137 3165 230 3216 tate
250 3162 494 3217 redditus
524 3160 732 3227 solitis,
765 3176 880 3215 non
921 3175 1145 3215 mecum
1184 3159 1436 3213 ferebam
1468 3157 1580 3212 nisi
1608 3173 1809 3212 aman-

138 3252 233 3304 tem
266 3251 622 3317 memoriam,
668 3254 727 3305 et
755 3248 917 3321 quasi
964 3248 1166 3304 Olfacta
1211 3246 1634 3303 desiderantem
1680 3262 1808 3318 quae

143 3339 403 3394 comedere
425 3339 688 3395 nondum
713 3353 958 3409 possem.

738 3443 961 3500 CAPUT
999 3443 1184 3496 XVIII.

489 3534 649 3590 Solus
684 3533 929 3589 Christus
958 3534 1050 3585 via
1079 3531 1152 3585 ad
1183 3530 1429 3585 salutem.

199 3622 275 3675 24.
324 3623 386 3677 Et
415 3622 746 3693 quaerebam
784 3620 934 3674 viam
971 3619 1341 3690 comparandi
1388 3614 1608 3672 roboris
1658 3615 1811 3687 quod

145 3714 265 3764 esset
289 3710 554 3765 idoneum
587 3711 659 3764 ad
687 3709 995 3764 fruendum
1026 3712 1116 3775 te;
1150 3724 1254 3762 nec
1288 3705 1668 3770 inveniebam,
1703 3705 1810 3759 do-

145 3810 230 3849 nec
249 3800 616 3869 amplecterer
654 3798 1030 3852 mediatorem
1063 3797 1161 3850 Dei
1193 3801 1249 3850 et
1273 3795 1596 3863 hominum,
1627 3793 1812 3847 homi-

148 3898 256 3940 nem
299 3887 584 3942 Christum
629 3887 818 3941 Iesum
851 3886 894 3956 (I
949 3887 1084 3940 Tim.
1134 3902 1190 3950 ιι,
1244 3887 1314 3952 5),
1365 3883 1464 3954 qui
1515 3886 1598 3936 est
1643 3897 1814 3952 super

150 3972 313 4027 omnia
343 3977 485 4030 Deus
506 3975 842 4030 benedictus
871 3975 932 4028 in
961 3974 1167 4027 saecula
1197 3975 1365 4041 (Rom.
1400 3988 1472 4038 1x,
1509 3973 1585 4039 5),
1615 3985 1814 4024 vocan-

151 4068 244 4114 tem
271 4069 323 4117 et
362 4064 684 4118 dicentem:
715 4066 829 4130 Ego
865 4078 983 4117 sum
1004 4065 1116 4129 via,
1157 4063 1382 4125 veritas,
1415 4064 1464 4113 et
1490 4061 1604 4112 vita
1639 4059 1810 4127 (Joan.

149 4161 237 4212 xlv,
269 4153 342 4217 6);
373 4156 429 4206 et
465 4153 684 4221 cibum,
728 4151 818 4205 cui
848 4150 1122 4221 capiendo
1160 4147 1443 4203 invalidus
1483 4161 1659 4213 eram,
1706 4145 1813 4198 mi-

149 4242 362 4294 scentem
391 4240 586 4306 carni;
622 4239 892 4310 quoniam
929 4238 1176 4292 Verbum
1205 4251 1334 4290 caro
1363 4234 1576 4288 factum
1616 4235 1718 4296 est,
1752 4235 1816 4285 ut

149 4322 366 4381 infantiae
399 4333 614 4382 nostrae
657 4327 984 4381 lactesceret
1024 4322 1306 4395 sapientia
1346 4326 1464 4388 tua,
1505 4336 1608 4392 per
1641 4334 1814 4390 quam

149 4415 321 4469 creasti
365 4416 580 4471 omnia.
630 4416 756 4470 Non
785 4415 939 4468 enim
985 4413 1251 4468 tenebam
1284 4410 1592 4466 Dominum
1622 4425 1814 4463 meum

150 4500 330 4570 lesum,
360 4504 594 4559 humilis
623 4503 942 4569 humilem;
974 4518 1076 4556 nec
1105 4501 1267 4571 cujus
1303 4499 1388 4554 rei
1422 4498 1695 4568 magistra
1729 4513 1818 4551 es-

154 4593 222 4641 set
244 4591 354 4660 ejus
380 4592 684 4647 inﬁrmitas
703 4606 992 4646 noveram.
1019 4589 1266 4644 Verbum
1286 4587 1440 4643 enim
1462 4590 1628 4640 tuum
1657 4588 1816 4639 aeter—

156 4689 214 4728 na
235 4679 440 4746 veritas,
475 4679 868 4751 superioribus
892 4681 1165 4733 creaturae
1196 4681 1310 4732 tuae
1330 4676 1589 4747 partibus
1617 4689 1816 4744 super-

155 4764 394 4834 eminens,
427 4769 685 4823 subditos
726 4767 894 4838 erigit
921 4770 1010 4822 ad'
1033 4765 1313 4836 seipsam:
1349 4763 1410 4817 in
1447 4761 1818 4817 inferioribus

153 4857 314 4909 autem
341 4857 637 4912 aediﬁcavit
657 4856 764 4911 sibi
786 4855 1063 4911 humilem
1082 4855 1320 4908 domum
1347 4853 1416 4906 de
1433 4851 1571 4904 limo
1602 4853 1813 4916 nostro,

155 4953 238 5007 Per
273 4960 435 5014 quam
481 4944 808 5000 subdendos
847 4943 1192 5014 deprimeret
1235 4959 1268 4995 a
1315 4939 1536 5010 seipsis,
1579 4942 1636 4992 et
1663 4937 1730 4992 ad
1759 4953 1817 4990 se

157 5030 421 5100 trajiceret,
463 5050 674 5088 sanans
709 5038 1020 5102 tumorem,
1049 5036 1106 5086 et
1133 5029 1392 5086 nutriens
1432 5043 1715 5093 amorem;
1746 5043 1818 5080 ne

159 5114 332 5174 ﬁducia
365 5121 450 5176 sui
493 5121 980 5192 progrederentur
1020 5119 1265 5191 longius,
1310 5117 1407 5172 sed
1438 5116 1627 5188 potius
1656 5114 1818 5168 inﬁr-

161 5212 415 5263 marentur
460 5209 718 5264 videntes
765 5214 895 5264 ante
944 5208 1118 5280 pedes
1163 5223 1294 5260 suos
1341 5206 1630 5260 inﬁrmam
1671 5203 1820 5257 divi-

159 5290 361 5349 nitatem
403 5313 467 5350 ex
502 5296 936 5368 participatione
985 5294 1193 5350 tunicae
1218 5293 1472 5366 pelliceae
1505 5296 1733 5358 nostrae,
1767 5293 1821 5344 et

211 5416 230 5482 ‘_
250 5415 512 5482 Egregium
543 5420 747 5470 huncce
767 5420 943 5469 locum
964 5421 1209 5482 reparant
1237 5416 1442 5482 codices
1467 5416 1587 5464 Mss.
1613 5415 1740 5462 Nam
1767 5412 1818 5460 in

162 5475 1040 5566 "‘t‘it§l§.}°.¥i‘!:‘%le39%?“alii
1055 5478 1370 5566 Ρξὶιίῗπξῖξίς

255 5541 409 5601 Velut,
431 5537 587 5606 juxia
616 5537 898 5606 ErfLugd.
933 5537 1068 5593 Ven.‘
1092 5543 1214 5592 Lov.
1245 5541 1396 5590 Mart.
1423 5539 1558 5589 Flor.
1589 5537 1657 5590 Μ.

439 5623 713 5688 ΡΑτιῑοῐι.
766 5622 1009 5686 XXXII.

1812 289 2176 348 SEPTIMUS.

3514 295 3617 348 746

1913 415 2047 469 lassi
2074 418 2574 486 prosternerentur
2604 415 2662 470 in
2691 423 2841 482 eam,
2889 416 2987 470 illa
3012 419 3204 470 autem
3247 431 3484 487 surgens
3537 419 3616 472 le-

1915 509 2074 558 varet
2104 521 2219 558 eos.

2566 576 2790 630 CAPUT
2826 575 2956 629 XIX.

2197 662 2338 728 Quid
2362 666 2585 717 sensw'it
2606 664 2669 717 de
2700 664 2908 720 Christi
2935 663 3330 718 incarnatione.

1985 753 2071 804 25.
2108 751 2219 821 Ego
2247 768 2377 805 vero
2408 752 2563 805 aliud
2590 752 2880 821 putabam,
2923 757 3263 822 tantumque
3297 750 3617 806 sentiebam

1912 838 1980 893 de
2012 839 2250 893 Domino
2283 839 2501 893 Christo
2534 857 2681 905 meo,
2729 844 3007 910 quantum
3053 841 3122 895 de
3169 839 3496 895 excellentis
3528 857 3616 894 sa-

1911 927 2143 998 pientiae
2166 929 2306 994 viro,
2331 929 2422 982 cui
2439 929 2630 982 nullus
2653 934 2844 998 posset
2863 929 3110 999 aequari;
3135 928 3454 998 praesertim
3479 929 3615 1000 quia

1913 1016 2251 1070 mirabiliter
2299 1020 2463 1070 natus
2508 1033 2576 1070 ex
2625 1017 2865 1087 virgine,
2914 1017 2981 1070 ad
3041 1018 3367 1087 exemplum
3415 1022 3611 1072 conte-

1910 1105 2295 1159 mnendorum
2324 1104 2727 1174 temporalium
2757 1122 2860 1176 pro
2885 1104 3248 1175 adipiscenda
3265 1105 3616 1160 immortali-

1911 1196 2047 1259 tate,
2076 1193 2264 1246 divina
2293 1209 2395 1262 pro
2429 1193 2590 1247 nobis
2630 1210 2766 1247 cura
2808 1198 3025 1247 tantam
3057 1194 3457 1249 auctoritatem
3490 1211 3611 1248 ma-

1914 1281 2131 1352 gisterii
2173 1282 2444 1336 meruisse
2497 1282 2815 1336 videbatur.
2857 1282 3004 1346 Quid
3041 1286 3235 1336 autem
3273 1282 3611 1336 sacramenti

1914 1370 2152 1426 haberet
2188 1372 2419 1427 Verbum
2448 1387 2571 1426 caro
2604 1373 2813 1438 factum
2836 1372 3014 1441 (Joan.
3040 1387 3077 1437 ι,
3115 1373 3220 1439 lli),
3249 1386 3322 1424 ne
3343 1369 3620 1440 suspicari

1915 1457 2154 1529 quidem
2183 1462 2466 1528 poteram.
2503 1459 2747 1512 Tantum
2786 1474 3158 1528 cognoveram
3193 1473 3259 1512 ex
3291 1457 3358 1511 iis
3390 1473 3519 1528 quae
3549 1458 3619 1512 de

1913 1546 2010 1600 illo
2041 1547 2251 1616 scripta
2271 1547 2653 1614 traderentur,
2677 1547 2812 1617 quia
2837 1545 3196 1601 manducavit
3224 1549 3281 1599 et
3303 1545 3464 1612 bibit,
3493 1547 3620 1600 dor-

1913 1633 2107 1699 mivit,
2148 1634 2485 1702 ambulavit,
2533 1635 2878 1689 exhilaratus
2925 1640 3037 1701 est,
3088 1633 3454 1688 contristatus
3513 1639 3616 1700 est,

1915 1722 2334 1777 sermocinatus
2381 1727 2490 1788 est;
2542 1739 2659 1777 non
2704 1723 2932 1777 haesisse
2978 1739 3206 1776 carnem
3245 1722 3402 1776 illam
3437 1723 3616 1776 Verbo

1914 1817 2039 1878 tuo,
2090 1811 2201 1865 nisi
2250 1827 2380 1866 cum
2428 1811 2620 1866 anima
2648 1815 2704 1865 et
2744 1815 2934 1865 mente
2975 1811 3249 1865 humana.
3307 1810 3473 1864 Novit
3511 1811 3617 1865 hoc

1913 1899 2099 1954 omnis
2132 1900 2232 1970 qui
2261 1898 2421 1954 novit
2444 1898 3079 1954 incommutabilitatem
3107 1897 3275 1953 Verbi
3305 1897 3409 1964 tui,
3442 1914 3616 1968 quam

1913 2003 2017 2058 ego
2040 1988 2161 2058 jam
2212 2004 2498 2056 noveram,
2546 1991 2827 2058 quantum
2873 1992 3175 2058 poteram;
3223 2003 3327 2040 nec
3377 1986 3616 2041 omnino

1920 2075 2236 2146 quidquam
2294 2075 2429 2130 inde
2486 2076 2842 2130 dubitabam.
2909 2075 3128 2130 Etenim
3181 2091 3337 2129 nunc
3390 2090 3615 2128 movere

1915 2165 2173 2218 membra
2201 2164 2452 2235 corporis
2481 2179 2585 2234 per
2622 2166 2993 2226 voluntatem,
3023 2179 3175 2217 nunc
3200 2179 3318 2216 non
3345 2178 3573 2216 movere
3598 2179 3610 2217 :

1921 2268 2073 2306 nunc
2105 2251 2294 2324 aliquo
2323 2253 2530 2307 affectu
2567 2251 2735 2319 afﬁci,
2765 2267 2919 2305 nunc
2945 2267 3061 2305 non
3087 2249 3267 2317 afﬁci;
3299 2267 3452 2304 nunc
3480 2267 3618 2321 pro-

1918 2340 2065 2394 ferre
2095 2356 2199 2411 per
2225 2341 2392 2411 signa
2431 2340 2712 2412 sapientes
2753 2341 3082 2407 sententias,
3123 2354 3273 2393 nunc
3302 2356 3421 2393 esse
3451 2339 3508 2394 in
3539 2339 3614 2392 si-

1916 2429 2125 2482 lentio:
2167 2429 2404 2499 propria
2439 2434 2573 2484 sunt
2611 2428 3006 2483 mutabilitatis
3043 2427 3250 2482 animae
3294 2431 3350 2481 et
3387 2427 3612 2482 mentis.

1916 2517 2054 2581 Quae
2084 2516 2131 2570 si
2159 2516 2300 2570 falsa
2331 2517 2400 2570 de
2433 2516 2531 2570 illo
2562 2516 2771 2587 scripta
2797 2520 3003 2583 essent,
3036 2517 3212 2571 etiam
3241 2515 3434 2570 omnia
3463 2515 3616 2586 peri-

1916 2605 2249 2659 clitarentur
2275 2605 2596 2672 mendacio,
2628 2622 2813 2677 neque
2841 2605 2901 2660 in
2943 2605 3053 2659 illis
3091 2605 3316 2659 Litteris
3344 2605 3460 2658 ulla
3487 2603 3621 2658 ﬁdei

1917 2694 2067 2747 salus
2112 2693 2310 2764 generi
2353 2695 2604 2748 humano
2663 2697 3004 2748 remaneret.
3057 2693 3200 2757 Quia
3244 2693 3438 2763 itaque
3487 2709 3620 2746 vera

1917 2781 2126 2852 scripta
2152 2787 2304 2847 sunt,
2335 2786 2518 2836 totum
2551 2782 2846 2836 hominem
2876 2783 2936 2836 in
2961 2782 3182 2837 Christo
3207 2781 3616 2852 agnoscebam;

1915 2887 2034 2925 non
2082 2886 2289 2941 corpus
2329 2874 2552 2924 tantum
2595 2870 2864 2935 hominis,
2905 2875 3004 2925 aut
3049 2885 3180 2924 cum
3229 2885 3466 2940 corpore
3495 2869 3617 2923 sine

1919 2962 2110 3013 mente
2149 2957 2407 3012 animum
2439 2960 2456 2995 ¹
2494 2958 2589 3012 sed
2633 2958 2824 3028 ipsum
2862 2957 3192 3012 hominem:
3219 2973 3336 3010 non
3370 2973 3618 3026 persona

1916 3047 2196 3112 Veritatis,
2229 3046 2328 3101 sed
2361 3062 2570 3116 magna
2599 3046 2848 3117 quadam
2885 3049 3105 3100 naturae
3136 3045 3404 3099 humanae
3427 3046 3617 3100 excel—

1912 3135 2107 3201 lentia,
2126 3140 2182 3189 et
2201 3135 2537 3206 perfectiore
2559 3134 2993 3206 participatione
3015 3133 3308 3204 sapientiae
3336 3133 3614 3204 praeferre

1918 3222 2137 3278 caeteris
2167 3222 2514 3278 arbitrabar.
2554 3223 2790 3293 Alypius
2821 3227 3014 3277 autem
3045 3224 3226 3276 Deum
3249 3237 3418 3276 carne
3446 3221 3616 3276 indu-

1917 3317 2045 3366 tum
2072 3311 2152 3366 ita
2196 3311 2433 3382 putabat
2469 3310 2623 3365 credi
2650 3327 2684 3364 a
2722 3311 3044 3379 Catholicis,
3077 3315 3139 3366 ut
3183 3315 3390 3382 praeter
3439 3312 3618 3365 Deum

1920 3403 1976 3455 et
1997 3416 2247 3468 carnem,
2290 3416 2407 3454 non
2450 3404 2599 3453 esset
2626 3398 2685 3452 in
2711 3398 2934 3454 Christo
2980 3399 3200 3466 anima;
3249 3404 3618 3470 mentemque

1918 3488 2168 3544 hominis
2190 3504 2304 3542 non
2326 3487 2691 3542 existimabat
2719 3487 2782 3541 in
2810 3504 2876 3542 eo
2905 3487 3222 3558 praedicari.
3258 3489 3321 3542 Et
3342 3489 3618 3560 quoniam

1918 3575 2064 3631 bene
2110 3592 2447 3648 persuasum
2493 3576 2740 3642 tenebat,
2786 3592 2854 3630 ea
2898 3592 3026 3646 quae
3075 3576 3145 3630 de
3183 3576 3282 3630 illo
3322 3576 3616 3631 memoriae

1919 3665 2186 3719 mandata
2205 3668 2352 3732 sunt,
2379 3664 2498 3717 sine
2513 3663 2672 3722 vitali
2694 3669 2750 3717 et
2769 3663 3030 3718 rationali
3053 3667 3312 3718 creatura
3328 3679 3446 3718 non
3469 3663 3620 3724 ﬁeri.

1920 3751 1989 3806 ad
2018 3751 2202 3823 ipsam
2231 3751 2599 3806 christianam
2646 3751 2820 3805 ﬁdem
2862 3751 3083 3821 pigrius
3116 3751 3464 3805 movebatur.
3509 3753 3620 3806 Sed

1919 3844 2117 3911 postea
2158 3839 2554 3893 haereticorum
2597 3838 3134 3908 Apollinaristarum
3178 3839 3331 3892 hunc
3361 3853 3615 3892 errorem

1921 3945 2040 3983 esse
2086 3943 2452 3998 cognoscens,
2499 3926 2788 3981 catholicae
2837 3926 2970 3981 ﬁdei
3011 3927 3324 3980 collaetatus
3371 3930 3428 3980 et
3481 3941 3614 3980 con-

1918 4021 2268 4088 temperatus
2297 4020 2397 4070 est.
2432 4017 2542 4086 Ego
2571 4019 2762 4070 autem
2809 4015 3103 4086 aliquanto
3153 4013 3432 4086 posterius
3475 4014 3618 4068 didi-

1921 4106 2061 4161 cisse
2092 4121 2183 4160 me
2204 4105 2402 4170 fateor,
2454 4103 2516 4158 in
2544 4120 2610 4158 eo
2641 4103 2792 4174 quod
2825 4105 3074 4158 Verbum
3099 4119 3228 4157 caro
3271 4102 3483 4156 factum
3510 4107 3614 4167 est,

1921 4193 2207 4265 quomodo
2238 4191 2509 4247 catholica
2538 4191 2743 4246 veritas
2765 4209 2796 4246 a
2834 4191 3062 4246 Photini
3098 4191 3342 4246 falsitate
3383 4189 3618 4244 dirimao

1921 4288 2034 4337 tur.
2084 4281 2430 4352 Improbatio
2478 4280 2689 4352 quippe
2734 4279 3137 4334 haereticorum
3187 4278 3321 4333 facit
3367 4277 3622 4333 eminere

1922 4369 2060 4440 quid
2095 4368 2338 4422 Ecclesia
2376 4373 2474 4422 tua
2514 4367 2738 4433 sentiat,
2769 4371 2826 4421 et
2849 4367 2989 4438 quid
3019 4366 3227 4421 habeat
3255 4382 3392 4420 sana
3417 4365 3621 4420 doctri-

1921 4474 2014 4512 na.
2039 4457 2303 4528 Oportuit
2321 4457 2476 4511 enim
2499 4461 2552 4511 et
2573 4457 2818 4511 haereses
2841 4470 2982 4521 esse,
3007 4458 3069 4508 ut
3088 4452 3316 4525 probati
3332 4451 3620 4508 manifesti

1923 4546 2126 4600 ﬁerent
2155 4545 2303 4600 inter
2331 4545 2586 4600 inﬁrmos
2617 4545 2658 4615 (Ι
2685 4546 2802 4600 Cor.
2838 4560 2914 4610 x1,
2948 4544 3052 4614 l9).

2599 4649 2825 4704 CAPUT
2854 4649 2956 4702 ΧΧ.

1993 4742 2081 4794 Ea:
2108 4738 2399 4793 Platonicis
2437 4736 2589 4790 libris
2613 4737 2866 4805 peritior,
2891 4735 2984 4788 sed
3008 4735 3255 4802 inﬂatior
3277 4739 3547 4790 evaserat.

1992 4829 2089 4882 26.
2126 4825 2230 4881 Sed
2262 4829 2394 4879 tunc
2423 4823 2580 4877 lectis
2609 4822 3028 4877 Platonicorum
3050 4821 3161 4875 illis
3191 4822 3370 4890 libris,
3403 4827 3625 4894 postea-

1925 4930 2098 4987 quam
2122 4913 2254 4967 inde
2277 4911 2602 4965 admonitus
2618 4925 2873 4982 quarere
2889 4909 3282 4980 incorpoream
3304 4910 3620 4972 veritatem.

1925 5000 2231 5057 invisibilia
2268 5006 2384 5066 tua,
2417 5015 2519 5069 per
2544 5014 2610 5053 ea
2639 5015 2768 5069 quae
2797 4998 2946 5053 facta
2975 5003 3126 5064 sunt,
3160 4998 3451 5054 intellecta
3486 5014 3623 5052 con-

1926 5090 2114 5162 spexi;
2167 5093 2224 5143 et
2266 5087 2530 5158 repulsus
2583 5086 2736 5141 sensi
2785 5086 2922 5158 quid
2972 5103 3075 5158 per
3118 5088 3376 5142 tenebras
3416 5085 3623 5140 animae

1926 5195 2069 5233 meae
2100 5175 2475 5247 contemplari
2506 5191 2622 5229 non
2651 5175 2886 5245 sinerer,
2930 5179 3116 5229 certus
3145 5191 3263 5228 esse
3293 5178 3364 5239 te,
3402 5176 3459 5227 et
3489 5171 3624 5225 inﬁ-

1927 5266 2114 5322 nitum
2162 5281 2304 5331 esse,
2354 5279 2457 5318 nec
2499 5267 2692 5318 tamen
2739 5278 2842 5334 per
2869 5263 3021 5317 locos
3067 5262 3259 5316 ﬁnitos
3301 5259 3624 5313 inﬁnitosve

1929 5352 2202 5420 diffundi;
2237 5356 2294 5407 et
2322 5367 2452 5406 vere
2478 5356 2533 5406 te
2571 5368 2690 5406 esse
2722 5352 2821 5422 qui
2860 5347 3091 5421 semper
3121 5349 3272 5403 idem
3300 5347 3419 5417 ipse
3449 5361 3624 5417 esses,

1929 5459 1995 5499 ex
2018 5442 2174 5496 nulla
2202 5445 2364 5512 parte
2395 5441 2667 5511 nulloque
2689 5443 2846 5494 motu
2877 5439 3042 5492 aliter
3068 5439 3166 5490 aut
3193 5435 3391 5501 aliter;
3423 5436 3626 5488 caetera

1994 5535 2007 5567 ¹
2042 5530 2489 5594 Anlmam,juxta
2509 5531 2593 5580 Er.
2621 5529 2784 5593 Lugd.
2813 5529 2942 5578 Ven.
2965 5524 3133 5575 Rond.
3165 5524 3233 5572 M.

2846 5607 2868 5684 (
2887 5601 3394 5687 Vz'ngt-quatre.)
