4058 6370
416 295 519 350 747

406 431 540 471 vero
566 431 637 470 ex
661 418 719 471 te
747 429 868 470 esse
896 413 1110 482 omnia,
1144 414 1251 470 hoc
1292 415 1413 470 solo
1440 414 1765 470 ﬁrmissimo
1792 416 2099 470 documen-

402 508 484 571 to,
517 504 652 575 quia
684 508 852 559 sunt:
885 509 1071 558 certus
1095 504 1326 575 quidem
1356 504 1416 557 in
1447 503 1567 557 istis
1596 520 1772 571 eram,
1806 504 1977 558 nimis
2009 508 2097 557 ta-

410 609 544 647 men
569 592 829 648 inﬁrmus
851 594 921 648 ad
953 593 1257 648 fruendum
1288 597 1363 647 te.
1387 593 1713 648 Garriebam
1744 594 1909 664 plane
1941 591 2102 664 quasi

410 682 647 754 peritus,
680 686 736 737 et
764 682 876 737 niSi
904 682 965 735 in
987 680 1205 737 Christo
1229 682 1512 736 Salvatore
1545 686 1732 737 nostro
1762 681 1913 735 viam
1944 685 2101 734 tuam

412 786 748 841 quazrerem,
794 787 911 825 non
961 769 1199 841 peritus,
1243 770 1339 824 sed
1381 770 1671 841 periturus
1718 786 1923 825 essem.
1977 771 2102 824 Jam

412 858 566 912 enim
587 874 868 928 coeperam
892 859 1034 912 velle
1065 857 1243 912 videri
1263 858 1507 929 sapiens,
1532 859 1731 929 plenus
1753 874 1920 928 pugna
1941 872 2101 909 mea:

413 950 614 1001 etnon
641 946 868 1008 ﬂebam,
902 946 1138 1016 insuper
1167 951 1223 1000 et
1250 946 1494 1000 inflabar
1522 946 1780 1000 scientia.
1818 944 1922 999 Ubi
1953 944 2105 998 enim

412 1038 534 1088 erat
560 1034 658 1088 illa
686 1033 970 1087 mdificans
1000 1033 1241 1087 Charitas
1268 1050 1300 1087 a
1329 1034 1700 1088 fundamento
1739 1031 2101 1095 humilitatis,

411 1121 566 1194 quod
611 1125 697 1176 est
723 1121 978 1176 Christus
1018 1123 1225 1176 Jesus?
1249 1123 1360 1176 Aut
1395 1121 1624 1193 quando
1666 1121 1749 1174 illi
1775 1120 1908 1174 libri
1938 1120 2105 1174 doce-

411 1211 542 1262 rent
560 1223 651 1262 me
680 1223 806 1261 eam
824 1208 853 1261 ?
884 1209 944 1261 Iu
977 1224 1121 1278 quos
1142 1223 1232 1261 me
1257 1213 1579 1278 propterea,
1605 1206 1939 1277 priusquam
1968 1204 2109 1260 Scri-

409 1299 609 1366 pturas
639 1299 763 1349 tuas
790 1294 1230 1363 considerarem,
1262 1296 1429 1349 credo
1451 1295 1677 1350 voluisti
1707 1296 2018 1356 incurrere,
2045 1295 2107 1346 ut

410 1382 841 1456 imprimeretur
868 1383 1164 1439 memoria:
1191 1400 1334 1438 mem
1362 1384 1649 1455 quomodo
1679 1399 1745 1439 ex
1764 1382 1849 1437 eis
1879 1381 2108 1436 affectus

412 1489 596 1528 essem
620 1489 635 1528 :
667 1478 723 1527 et
749 1488 878 1527 cum
915 1476 1113 1543 postea
1141 1472 1202 1526 in
1237 1472 1397 1527 libris
1430 1473 1540 1527 tuis
1569 1472 1990 1526 mansuefactus
2019 1484 2107 1524 es-

413 1578 554 1627 sem,
587 1567 644 1617 et
665 1560 995 1617 curantibus
1016 1561 1209 1633 digitis
1229 1562 1343 1616 tuis
1372 1564 1854 1616 contrectarentur
1872 1548 2108 1612 v'ulnera

414 1667 578 1720 mea;
608 1651 990 1706 discernerem
1008 1655 1178 1722 atque
1208 1650 1614 1721 distinguerem
1641 1648 1780 1721 quid
1810 1647 2109 1701 interesset

411 1740 564 1796 inter
589 1739 1099 1811 praesumptionem
1124 1745 1181 1794 et
1208 1739 1653 1805 confessionem;
1676 1738 1827 1792 inter
1854 1735 2107 1790 videntes

413 1846 528 1902 quo
559 1829 809 1884 eundum
842 1828 915 1882 sit
942 1844 1047 1882 nec
1083 1827 1342 1883 videntes
1375 1844 1508 1899 qua,
1541 1830 1596 1882 et
1624 1826 1773 1880 viam
1806 1824 2108 1879 ducentem

412 1918 482 1972 ad
503 1916 824 1971 beatiticam
851 1916 1121 1986 patriam,
1149 1932 1268 1971 non
1294 1920 1516 1970 tantum
1539 1914 1902 1980 cernendan,
1934 1911 2030 1966 sed
2056 1913 2110 1964 et

413 2004 799 2061 habitandam.
837 2005 979 2058 Nam
1009 2004 1055 2058 si
1083 2003 1272 2074 primo
1303 2004 1508 2057 sanctis
1536 2002 1651 2057 tuis
1680 2001 1903 2056 Litteris
1931 1999 2108 2053 infor-

415 2096 602 2148 matus
639 2109 840 2161 essem,
874 2097 932 2148 et
967 2092 1028 2146 in
1067 2108 1263 2147 earum
1300 2091 1689 2146 familiaritate
1727 2088 2110 2144 obdulcuisses

415 2180 580 2248 mihi,
611 2185 668 2236 et
698 2185 896 2253 postea
924 2180 987 2235 in
1025 2180 1124 2235 illa
1152 2180 1445 2234 volumina
1475 2179 1801 2233 incidissem
1826 2194 1839 2231 :
1872 2177 2109 2232 fortasse

417 2273 517 2324 aut
546 2268 926 2340 abripuissent
953 2283 1046 2322 me
1075 2284 1109 2322 a
1136 2267 1508 2323 solidamento
1546 2266 1794 2336 pietatis,
1835 2268 1933 2320 aut
1962 2264 2009 2318 si
2048 2263 2109 2318 in

414 2359 618 2415 affectu
646 2374 817 2430 quem
846 2358 1132 2413 salubrem
1162 2356 1499 2411 imbiberam
1514 2355 1908 2425 perstitissem,
1942 2357 2109 2424 puta-

412 2464 537 2503 rem
568 2447 739 2502 etiam
760 2462 827 2503 ex
854 2447 965 2501 illis
995 2446 1153 2501 libris
1183 2461 1315 2500 eum
1346 2461 1510 2516 posse
1540 2443 1782 2516 concipi,
1813 2442 1860 2498 si
1891 2459 1987 2499 eos
2015 2457 2108 2498 so-

414 2536 503 2593 los
523 2535 827 2609 quisquam
857 2534 1161 2591 didicisset.

1065 2674 1289 2731 CAPUT
1325 2673 1459 2729 XXI.

524 2782 669 2852 Quid
694 2784 754 2838 in
778 2783 951 2838 sacris
977 2780 1158 2836 Libris
1186 2781 1472 2847 invenerit,
1503 2794 1612 2835 non
1637 2780 1919 2835 inventum
1947 2780 2008 2834 in

1109 2869 1422 2924 Platonicis.

489 2981 578 3034 27.
623 2979 819 3050 Itaque
864 2973 1182 3031 avidissime
1229 2974 1447 3046 arripui
1484 2973 1871 3030 venerabilem
1918 2973 2109 3029 stilum

418 3066 663 3139 Spiritus
709 3065 814 3132 tui,
846 3068 900 3118 et
928 3079 1047 3135 prae
1095 3064 1317 3118 caeteris
1359 3066 1679 3134 apostolum
1728 3063 2010 3131 Paulum;
2053 3067 2111 3119 et

418 3156 716 3227 perierunt
738 3153 851 3207 illm
874 3151 1218 3224 quaestiones
1236 3152 1295 3206 in
1327 3153 1531 3223 quibus
1549 3151 1692 3206 mihi
1712 3151 2021 3223 aliquando
2038 3152 2113 3206 vi-

420 3260 517 3297 sus
545 3247 628 3297 est
655 3241 941 3296 adversari
988 3241 1114 3307 sibi,
1147 3244 1202 3295 et
1247 3256 1363 3295 non
1408 3256 1722 3311 congruere
1770 3239 2113 3294 testimoniis

421 3330 583 3400 Legis
612 3334 669 3384 et
697 3329 1109 3399 Prophetarum
1142 3332 1327 3382 textus
1358 3327 1635 3381 sermonis
1668 3327 1809 3397 ejus.
1844 3328 1909 3381 Et
1936 3343 2112 3397 appa-

419 3418 539 3472 ruit
564 3416 709 3472 mihi
737 3433 853 3471 una
883 3416 1050 3471 facies
1097 3416 1461 3487 eloquiorum
1508 3420 1815 3481 castorum,
1858 3419 1915 3470 et
1956 3416 2114 3469 exul-

418 3511 539 3561 tare
563 3521 694 3560 cum
738 3510 988 3560 tremore
1034 3504 1225 3560 didici.
1276 3506 1341 3559 Et
1367 3504 1512 3576 coepi
1539 3506 1582 3573 ί,
1611 3508 1666 3559 et
1707 3504 1901 3559 inveni
1946 3504 2115 3575 quid-

421 3594 560 3665 quid
581 3594 711 3648 illac
735 3609 933 3648 verum
976 3594 1247 3663 legeram,
1299 3593 1404 3646 hac
1441 3608 1572 3646 cum
1620 3591 2111 3646 commendatione

422 3682 621 3753 gratiae
649 3686 765 3736 tum
795 3682 935 3749 dici;
964 3685 1025 3736 ut
1061 3680 1161 3752 qui
1188 3680 1362 3747 videt,
1394 3688 1511 3734 n’on
1541 3680 1619 3734 sic
1647 3680 1924 3751 glorietur
1953 3679 2118 3751 quasi

421 3787 537 3826 non
567 3770 865 3841 acceperit,
898 3786 1015 3825 non
1041 3770 1229 3824 solum
1256 3769 1313 3824 id
1345 3769 1497 3841 quod
1525 3768 1700 3835 videt,
1734 3770 1830 3824 sed
1852 3769 2022 3824 etiam
2053 3772 2118 3824 ut

422 3858 612 3914 videat
626 3859 787 3932 (quid
800 3858 953 3913 enim
964 3859 1138 3912 habet
1149 3858 1301 3929 quod
1316 3873 1431 3912 non
1445 3858 1695 3929 accepit?
1710 3856 1757 3930 [I
1773 3860 1892 3915 Cor.
1911 3875 1984 3927 Iv,
1996 3856 2076 3929 7])
2100 3875 2112 3913 :

425 3951 483 4003 et
511 3952 575 4004 ut
599 3952 675 4015 te,
708 3947 808 4020 qui
838 3964 897 4002 es
926 3962 1152 4017 semper
1183 3947 1352 4016 idem,
1383 3963 1501 4000 non
1526 3947 1709 4000 solum
1741 3946 2119 4001 admoneatur

425 4040 488 4092 ut
514 4036 719 4104 videat,
752 4036 850 4091 sed
875 4036 1049 4091 etiam
1077 4039 1310 4090 sanetur
1338 4038 1400 4089 ut
1426 4037 1654 4090 teneat:
1688 4037 1745 4090 et
1772 4033 1871 4106 qui
1901 4034 1970 4090 de
1998 4033 2120 4089 lon-

488 4209 504 4241 ¹
530 4206 678 4269 Cepi,
691 4204 848 4269 juxta
870 4202 1004 4254 Dub.
1029 4204 1182 4253 Mart.
1207 4201 1379 4252 Rond.
1404 4202 1475 4251 Μ.

1599 290 2132 349 CONFESSIONUM
2186 290 2239 349 S.
2311 290 2719 349 AUGUSTINI.

3806 291 3911 345 ’748

2209 414 2424 487 ginquo
2450 414 2640 469 videre
2678 428 2795 467 non
2823 416 3026 484 potest,
3055 410 3207 467 viam
3246 415 3442 467 tamen
3484 410 3740 466 ambulet
3790 425 3907 483 qua

2209 503 2419 564 veniat,
2461 507 2518 556 et
2557 500 2762 564 videat,
2797 505 2853 555 et
2877 504 3100 568 teneat;
3152 501 3291 572 quia
3336 500 3443 555 etsi
3490 501 3912 555 condelectetur

2210 589 2382 644 homo
2411 590 2525 660 legi
2557 590 2654 644 Dei
2685 591 2997 644 secundum
3038 589 3375 645 interiorem
3419 590 3736 658 hominem,
3764 588 3903 659 quid

2211 677 2379 732 faciet
2409 679 2477 732 de
2509 678 2620 732 alia
2648 678 2775 749 lege
2804 679 2863 732 in
2911 677 3185 733 membris
3225 679 3362 745 suis,
3392 682 3749 749 repugnante
3798 675 3914 747 legi

2214 767 2424 821 mentis
2453 783 2591 833 suae,
2626 772 2682 821 et
2710 783 2767 821 se
2797 768 3083 839 captivum
3128 768 3369 822 ducente
3412 767 3471 821 in
3502 769 3627 838 lege
3673 765 3913 837 peccati,

2214 872 2344 926 quae
2373 857 2537 910 estin
2558 856 2829 911 membris
2850 857 3009 927 ejus?
3031 856 3310 920 Quoniam
3325 857 3513 926 justus
3533 872 3613 922 es,
3644 855 3912 920 Domine;

2212 960 2318 997 nos
2347 949 2537 999 autem
2566 945 2940 1015 peccavimus,
2972 944 3169 1015 inique
3199 944 3453 1007 fecimus,
3489 944 3684 1015 inique
3726 940 3910 1014 gessi—

2217 1048 2363 1099 mus,
2388 1037 2446 1087 et
2465 1036 2695 1103 gravata
2724 1038 2802 1086 est
2831 1047 3002 1102 super
3028 1048 3132 1085 nos
3161 1047 3361 1085 manus
3392 1036 3510 1098 tua,
3543 1037 3599 1085 et
3620 1032 3771 1102 juste
3798 1034 3908 1083 tra-

2216 1120 2319 1175 diti
2348 1137 2544 1175 sumus
2575 1121 2730 1191 (Dan.
2775 1137 2852 1186 ιιι,
2883 1120 3074 1188 27-32)
3105 1119 3339 1190 antiquo
3367 1120 3649 1189 peccatori
3681 1134 3909 1190 praepo-

2216 1209 2322 1263 sito
2353 1208 2579 1276 mortis;
2612 1207 2748 1279 quia
2780 1206 3060 1278 persuasit
3087 1207 3366 1261 voluntati
3397 1212 3605 1262 nostrae
3643 1206 3915 1262 similitu-

2220 1297 2413 1352 dinem
2458 1296 2768 1351 voluntatis
2811 1311 2949 1361 suaa,
2994 1311 3107 1367 qua
3137 1294 3199 1349 in
3226 1296 3459 1350 veritate
3491 1300 3593 1350 tua
3618 1311 3739 1350 non
3762 1294 3919 1350 stetit

2219 1384 2405 1457 (Joan.
2452 1401 2569 1450 vin,
2614 1384 2723 1452 44).
2772 1383 2919 1449 Quid
2963 1383 3129 1439 faciet
3169 1384 3344 1438 miser
3372 1385 3588 1439 homo?
3620 1384 3756 1449 Quis
3784 1398 3914 1438 eum

2216 1473 2479 1528 liberabit
2506 1472 2576 1527 de
2604 1488 2844 1543 corpore
2876 1472 3075 1527 mortis
3103 1472 3297 1543 hujus,
3329 1472 3440 1527 nisi
3472 1473 3658 1544 gratia
3682 1477 3782 1527 tua
3811 1487 3918 1543 per

2216 1562 2409 1617 Iesum
2438 1560 2725 1616 Christum
2752 1560 3056 1615 Dominum
3082 1566 3345 1615 nostrum
3375 1560 3545 1632 (Rom.
3570 1578 3668 1627 vn,
3697 1560 3918 1630 23-25),

2219 1665 2393 1721 quem
2413 1648 2663 1719 genuisti
2692 1654 3065 1719 coaeternum,
3091 1654 3146 1704 et
3176 1649 3378 1705 creasti
3407 1650 3467 1704 in
3496 1649 3780 1721 principio
3801 1649 3923 1702 via-

2217 1754 2347 1793 rum
2379 1743 2606 1792 tuarum
2649 1738 2838 1807 (Prov.
2892 1754 3006 1803 VIII,
3038 1738 3155 1809 22),
3198 1737 3260 1792 in
3308 1754 3423 1809 quo
3448 1738 3715 1809 princeps
3742 1736 3923 1807 hujus

2220 1826 2422 1881 mundi
2450 1843 2565 1881 non
2591 1825 2810 1881 invenit
2850 1826 3166 1898 quidquam
3214 1830 3396 1880 morte
3444 1825 3682 1897 dignum
3729 1826 3919 1893 (Joan.

2217 1930 2326 1978 xxv,
2380 1915 2488 1984 30),
2519 1919 2574 1968 et
2601 1914 2803 1969 occidit
2844 1930 3008 1980 eum;
3038 1919 3096 1969 et
3124 1919 3456 1969 evacuatum
3507 1919 3590 1968 est
3624 1913 3921 1984 chirogra-

2218 2002 2398 2073 phum
2439 2002 2593 2073 quod
2637 2007 2758 2058 erat
2801 2002 3150 2057 contrarium
3196 2002 3361 2057 nobis
3409 2003 3643 2075 (Coloss.
3687 2019 3746 2068 ιι,
3782 2001 3917 2071 ii)?

2222 2092 2338 2146 Hoc
2358 2091 2471 2145 illa:
2499 2090 2702 2145 littera:
2732 2107 2850 2145 non
2887 2091 3117 2146 habent.
3164 2092 3287 2145 Non
3315 2090 3528 2144 habent
3548 2090 3662 2144 illae
3689 2088 3920 2161 pagina:

2218 2180 2441 2234 vultum
2474 2178 2700 2249 pietatis
2724 2180 2930 2249 hujus,
2967 2179 3244 2249 lacrymas
3278 2178 3666 2244 confessionis,
3712 2176 3927 2231 sacriﬁ-

2222 2267 2374 2321 cium
2394 2271 2579 2334 tuum,
2608 2267 2873 2338 spiritum
2901 2268 3363 2334 contribulatum,
3397 2283 3494 2321 cor
3521 2266 3833 2321 contritum
3865 2270 3924 2319 et

2222 2356 2587 2411 humiliatum
2642 2357 2803 2427 (Psal.
2846 2373 2898 2424 L,
2952 2358 3059 2427 19),
3099 2356 3304 2428 populi
3350 2357 3611 2423 salutem,
3648 2372 3921 2427 sponsam

2223 2445 2504 2500 civitatem
2556 2444 2907 2516 (Apoc.‘xxr,
2954 2446 3033 2517 2),
3083 2445 3307 2500 arrham
3356 2444 3599 2516 Spiritus
3643 2445 3821 2498 sancti
3855 2445 3927 2513 (Il

2225 2535 2343 2592 Cor.
2375 2550 2426 2601 v,
2464 2539 2536 2601 5),
2568 2535 2839 2606 poculum
2878 2535 3049 2605 pretii
3087 2535 3289 2589 nostri.
3341 2536 3519 2590 Nemo
3562 2534 3644 2589 ibi
3692 2538 3925 2589 cantat:

2222 2625 2409 2681 Nonne
2434 2626 2539 2677 Deo
2568 2623 2791 2678 subdita
2818 2625 2923 2677 erit
2950 2625 3136 2678 anima
3162 2626 3318 2678 mea?
3343 2624 3432 2679 Ab
3460 2626 3578 2693 ipso
3606 2625 3748 2677 enim
3776 2625 3931 2678 salu-

2226 2716 2342 2766 tare
2366 2727 2558 2766 meum.
2610 2713 2822 2768 Etenim
2860 2714 2978 2781 ipse
3022 2714 3160 2766 Deus
3190 2726 3335 2767 meus
3361 2718 3411 2767 et
3434 2714 3695 2767 salutaris
3741 2727 3926 2780 meus;

2223 2805 2496 2870 susceptor
2523 2815 2688 2867 meus,
2719 2815 2826 2855 non
2851 2800 3097 2855 movebar
3127 2801 3363 2869 amplius
3412 2801 3578 2870 (Psal.
3624 2817 3728 2861 Lxr,
3758 2803 3814 2867 2,
3850 2803 3927 2869 3).

2225 2889 2401 2943 Nemo
2420 2888 2503 2944 ibi
2524 2888 2687 2944 audit
2704 2893 3002 2943 vocantem
3026 2904 3040 2943 :
3068 2890 3255 2945 Venite
3273 2889 3347 2943 ad
3374 2904 3477 2955 me,
3509 2889 3606 2958 qui
3636 2888 3924 2944 laboratis.

2227 2976 2621 3047 Dedignantur
2659 2976 2729 3031 ab
2775 2993 2843 3031 eo
2873 2976 3091 3032 discere
3130 2976 3402 3049 quoniam
3442 2976 3597 3031 mitis
3625 2980 3710 3031 est
3732 2980 3790 3031 et
3810 2976 3928 3031 hu-

2226 3064 2377 3119 milis
2421 3065 2608 3120 corde.
2656 3064 3014 3120 Abscondisti
3059 3065 3213 3119 enim
3256 3064 3379 3119 haec
3414 3071 3454 3119 ‘a
3487 3063 3845 3135 sapientibus
3870 3070 3932 3120 et

2224 3153 2623 3224 prudentibus,
2675 3156 2731 3207 et
2758 3152 3019 3208 revelasti
3061 3169 3129 3207 ea
3155 3152 3406 3224 parvulis
3460 3153 3674 3222 (Matth.
3723 3169 3802 3218 χι,
3829 3156 3925 3216 28,

2223 3243 2315 3310 29,
2344 3242 2453 3309 25).
2487 3242 2554 3295 Et
2591 3240 2746 3295 aliud
2787 3245 2873 3295 est
2901 3241 2970 3296 de
3013 3240 3255 3295 silvestri
3285 3240 3577 3296 cacumine
3597 3240 3790 3295 videre
3818 3257 3928 3311 pa-

2225 3328 2395 3382 triam
2423 3327 2596 3400 pacis,
2620 3332 2676 3383 et
2698 3327 2808 3383 iter
2826 3328 2899 3383 ad
2920 3344 3047 3383 eam
3066 3345 3183 3383 non
3199 3328 3477 3396 invenire,
3510 3332 3567 3383 ct
3594 3328 3807 3383 frustra
3837 3346 3932 3384 co-

2226 3416 2351 3471 nari
2394 3433 2498 3487 per
2532 3416 2701 3480 invia,
2753 3416 2963 3472 circum
3015 3416 3408 3472 obsidentibus
3437 3420 3494 3472 et
3521 3416 3930 3472 insidiantibus

2224 3505 2476 3576 fugitivis
2504 3505 2905 3576 desertoribus,
2938 3521 3068 3559 cum
3095 3505 3352 3577 principe
3381 3522 3485 3560 suo
3517 3506 3682 3561 leone
3710 3510 3769 3560 et
3792 3505 3932 3561 dra-

2226 3609 2404 3649 cone:
2436 3598 2495 3649 et
2522 3594 2677 3649 aliud
2718 3598 2913 3650 tenere
2957 3594 3109 3649 viam
3157 3595 3294 3649 illuc
3340 3595 3664 3663 ducentem,
3715 3593 3883 3650 curia
3910 3596 3930 3632 ί

2225 3683 2465 3738 ccelestis
2495 3684 2854 3754 Imperatoris
2891 3683 3195 3751 munitam,
3225 3683 3326 3737 ubi
3351 3700 3468 3738 non
3507 3682 3932 3739 latrocinantur

2226 3772 2327 3844 qui
2353 3772 2636 3827 caelestem
2668 3771 2931 3826 militiam
2960 3772 3362 3855 deseruerunt;
3396 3772 3580 3826 vitant
3609 3771 3764 3826 enim
3791 3787 3927 3828 eam

2226 3861 2370 3916 sicut
2391 3860 2754 3932 supplicium.
2783 3863 2912 3916 Haec
2942 3860 3087 3916 mihi
3106 3861 3593 3917 inviscerabantur
3618 3860 3779 3915 miris
3803 3877 3933 3917 mo-

2228 3950 2336 4017 dis,
2368 3965 2499 4004 cum
2527 3949 2833 4004 minimum
2861 3949 3267 4021 Apostolorum
3299 3955 3533 4005 tuorum
3561 3950 3833 4020 legerem,
3869 3954 3930 4003 et

2226 4037 2712 4093 consideraveram
2743 4054 2918 4109 opera
2945 4042 3063 4106 tua,
3096 4043 3154 4093 et
3180 4054 3536 4109 expaveram.

2287 4136 2569 4202 1_ln7Edd.,
2597 4140 2837 4202 cura;at
2862 4136 2919 4187 in
2946 4137 3069 4187 Mss.
3099 4137 3319 4201 Benign.
3349 4137 3506 4202 longe
3535 4137 3746 4198 melius,
3766 4136 3931 4188 curia

2224 4198 2441 4249 ccclesiis
2460 4198 2824 4262 Imperatoris.

1493 4424 2004 4546 LIBER
2071 4421 2864 4548 OCTAVUS.

489 4618 620 4669 Vitzn
645 4613 810 4679 ipsius
834 4615 1031 4677 partem
1063 4609 1276 4671 attingit
1300 4606 1713 4666 celeberrimam,
1737 4620 1938 4655 annum
1959 4606 2127 4655 tetatis
2146 4604 2475 4677 trigesimum
2497 4603 2806 4676 secundum,
2829 4617 2930 4676 quo
2951 4615 3138 4714 nempe
3155 4614 3274 4674 cum
3303 4598 3704 4674 Simplicianum
3735 4613 3929 4652 consu-

496 4680 617 4714 ςααοι
652 4679 717 4714 nh
734 4689 901 4714 mmm
923 4674 1191 4714 didicisset
1210 4670 1463 4714 Victorini
1482 4670 1898 4714 conversionem.
1916 4682 2037 4714 cum
2056 4668 2271 4714 Antonii
2291 4667 2517 4714 zEavntii
2544 4667 2790 4714 monachi
2809 4670 2969 4714 vitam
2990 4680 3053 4714 ex
3112 4668 3355 4713 ontitiani
3376 4663 3630 4712 relatione
3643 4666 3926 4714 coanovis-

435 4666 637 4740 luisset,
652 4666 717 4726 ab
734 4666 901 4740 eoque
923 4666 1463 4740 didici‘sset‘Victorini
1482 4670 1898 4740 conversionem,
1916 4682 2037 4717 cum
2056 4666 2271 4740 Antonii
2291 4667 2521 4740 {Egyptii
2544 4666 2790 4740 monachi
2809 4666 2976 4740 vitam.
2987 4680 3053 4740 ex
3073 4666 3355 4740 Pontiliani
3376 4666 3526 4735 relati

554 4725 1270 4804 postvehenientemluctam
1292 4746 1503 4804 carnem
1524 4732 1661 4804 inter
1679 4734 1732 4802 et
1755 4731 2010 4804 animum,
2033 4730 2268 4804 codicem
2290 4725 2523 4804 A‘Ifo's'toli
2545 4729 2745 4804 caelesti
2766 4728 3070 4777 admonitus
3089 4725 3301 4775 oraculo
3322 4725 3580 4789 inspexit;
3607 4725 3837 4791 moxque
3857 4741 3925 4777 ex

428 4746 525 4800 set,

3112 4664 3355 4727 ontitiani
3376 4663 3630 4727 relatione
3643 4666 3926 4727 cognovis-

427 4790 573 4853 ιιιιίιὲ
600 4802 823 4853 lectione
852 4799 919 4850 ad
951 4797 1222 4847 meliorem
1245 4797 1450 4859 frugem
1480 4798 1588 4844 toto
1618 4793 1795 4843 animo
1824 4794 2132 4843 immutatus
2160 4792 2261 4841 fuit
2287 4790 2543 4855 pleneque
2568 4790 2632 4840 ad
2663 4791 2827 4839 Deum
2851 4801 3157 4839 conversus.

2034 4901 2327 4916 _

999 4994 1223 5050 CAPUT
1262 4991 1551 5047 PRIMUM.

497 5087 691 5144 Studia
715 5087 840 5141 vita
861 5085 1048 5140 melius
1068 5081 1411 5139 instituenda:
1439 5083 1513 5134 ad
1532 5080 1945 5150 Simplicianum
1972 5079 2053 5167 ire

1222 5171 1384 5225 atuit.

1170 5173 1384 5225 statuit.

500 5269 550 5321 1.
584 5266 731 5319 Deus
776 5277 959 5325 meus,
1003 5259 1266 5315 recorder
1292 5257 1351 5312 in
1396 5255 1711 5329 gratiarum
1742 5256 1961 5311 actione
1990 5254 2116 5321 tibi,

424 5358 485 5409 et
510 5352 786 5408 confitear
823 5347 1241 5405 misericordias
1265 5350 1390 5402 tuas
1420 5345 1593 5416 super
1619 5361 1732 5400 me.
1764 5344 2118 5398 Perfundan-

423 5446 520 5497 tur
542 5456 667 5496 ossa
689 5455 818 5495 mea
837 5436 1138 5494 dilectione
1166 5440 1266 5491 tua
1296 5433 1336 5504 ⁸,
1370 5440 1427 5490 et
1454 5435 1646 5490 dicant
1670 5450 1684 5489 :
1716 5434 1957 5499 Domine,
1992 5433 2116 5502 quis

484 5540 501 5574 ¹
526 5538 652 5589 Bad.
683 5537 797 5588 Am.
827 5536 912 5586 Er.
944 5548 1064 5586 cum
1085 5534 1262 5585 codice
1284 5533 1423 5595 Alb.,
1444 5531 1792 5585 delectatione
1812 5532 1928 5582 tua.

2224 4986 2424 5044 similis
2456 4988 2592 5044 tibi?
2618 4986 2786 5057 (Psal.
2830 5000 3014 5057 xxxrv,
3066 4984 3182 5057 10.)
3211 4984 3485 5056 Dirupisti
3512 4985 3737 5041 vincula
3765 5001 3922 5058 mea,

2223 5075 2533 5131 sacriﬁcam
2560 5076 2663 5131 tibi
2693 5073 3032 5130 sacriﬁcium
3060 5074 3242 5130 laudis
3268 5074 3434 5145 (Psal.
3467 5091 3588 5143 cxv,
3625 5075 3729 5144 17).
3762 5074 3918 5138 Quo-

2219 5165 2391 5219 modo
2419 5163 2684 5235 dirupisti
2708 5179 2795 5229 ea,
2828 5163 3103 5232 narrabo;
3134 5168 3191 5218 et
3220 5162 3410 5218 dicent
3434 5179 3633 5219 omnes
3659 5161 3758 5234 qui
3788 5163 3922 5217 ado-

2217 5256 2349 5307 rant
2365 5256 2442 5322 te,
2463 5268 2594 5307 cum
2612 5252 2850 5307 audient
2866 5252 3020 5307 haec:
3046 5251 3377 5307 Benedictus
3398 5252 3671 5307 Dominus
3695 5249 3754 5304 in
3774 5250 3921 5307 coelo

2215 5345 2271 5396 et
2298 5341 2358 5395 in
2385 5347 2567 5409 terra;
2600 5357 2874 5411 magnum
2895 5344 2954 5395 et
2976 5341 3237 5396 mirabile
3254 5357 3464 5395 nomen
3493 5340 3636 5410 ejus.
3665 5338 3915 5395 Inhzese-

2213 5432 2342 5484 rant
2368 5429 2698 5500 praecordiis
2716 5429 2858 5485 meis
2875 5429 3045 5485 verba
3064 5434 3180 5499 tua,
3208 5432 3266 5484 et
3293 5428 3547 5500 undique
3576 5427 3916 5485 circumval-

2212 5517 2371 5575 labar
2394 5518 2493 5574 abs
2515 5523 2589 5575 te.
2614 5519 2691 5575 De
2711 5518 2822 5576 vita
2844 5522 2942 5576 tua
2970 5524 3182 5575 aeterna
3205 5522 3392 5575 certus
3421 5532 3578 5572 eram
3604 5531 3617 5572 :
3651 5518 3917 5587 quamvis
