4058 6370
195 290 289 342 749
1602 293 1812 353 LIBER
1884 294 2234 352 OCTAVUS.

194 431 307 471 eam
325 415 380 469 in
404 413 689 485 aanignate
716 417 773 469 et
791 413 952 487 quasi
978 430 1079 486 per
1097 414 1389 486 speculum
1409 417 1661 474 videram
1681 418 1737 489 (Ι
1753 420 1871 474 Cor.

195 523 297 567 xm,
323 506 430 572 12);
465 503 742 558 dubitatio
760 509 949 559 tamen
984 507 1171 560 omnis
1199 507 1267 561 de
1294 506 1714 578 incorruptibili
1743 508 1876 562 sub-

197 593 406 659 stantia,
425 593 577 663 quod
595 593 666 647 ab
689 593 784 646 illa
807 598 951 647 esset
969 594 1155 648 omnis
1177 596 1512 661 substantia,
1534 597 1722 650 ablata
1736 597 1876 650 mihi

199 685 306 739 erat
334 701 346 735 :
381 697 484 735 nec
512 682 719 736 certior
748 683 816 737 de
848 686 924 749 te,
958 683 1051 737 sed
1082 684 1334 738 stabilior
1360 684 1422 738 in
1451 689 1505 739 te
1545 701 1663 740 esse
1689 685 1877 756 cupie-

199 770 334 824 bam.
366 771 440 824 De
472 787 602 825 mea
629 785 762 825 vero
794 772 1094 842 temporali
1121 773 1232 826 vita
1272 773 1551 828 nutabant
1579 774 1791 841 omnia,
1822 779 1877 829 ct

205 859 585 916 mandandum
617 863 741 914 erat
768 876 866 914 cor
912 876 943 914 a
970 861 1251 916 fermento
1287 863 1492 930 veteri;
1536 867 1591 918 et
1618 864 1878 934 placebat

198 949 278 1002 via
305 949 418 1019 ipse
447 948 718 1010 Salvator,
753 953 808 1003 et
850 948 932 1003 ire
957 965 1061 1020 per
1089 950 1211 1020 ejus
1250 952 1538 1021 angustias
1569 953 1754 1006 adhuc
1785 951 1874 1022 pi-

201 1037 371 1106 gebat.
407 1039 469 1092 Et
500 1037 794 1092 immisisti
820 1037 880 1092 in
926 1042 1178 1093 mentem
1213 1055 1424 1109 meam,
1466 1040 1762 1112 visumque
1793 1044 1878 1094 est

201 1126 399 1181 bonum
420 1125 481 1180 in
502 1130 805 1196 conspectu
825 1142 953 1182 meo
975 1144 1211 1199 pergere
1234 1129 1300 1182 ad
1326 1128 1756 1200 Simplicianum
1777 1127 1877 1199 qui

202 1214 328 1268 mihi
357 1214 542 1269 bonus
587 1215 898 1287 apparebat
936 1231 1130 1271 servus
1172 1220 1324 1284 tuus,
1358 1222 1414 1272 et
1442 1218 1664 1272 lucebat
1701 1217 1761 1272 in
1809 1233 1876 1273 eo

202 1303 368 1374 gratia
393 1307 512 1358 tua.
545 1304 852 1359 Audieram
883 1305 1056 1359 etiam
1079 1305 1234 1376 quod
1266 1323 1300 1360 a
1323 1306 1618 1377 juventute
1647 1322 1751 1362 sua
1778 1306 1876 1361 de-

201 1392 475 1446 votissime
499 1391 602 1446 tibi
621 1392 835 1448 viveret
858 1410 871 1448 :
892 1395 1014 1465 jam
1042 1411 1176 1449 vero
1196 1397 1332 1449 tunc
1361 1399 1645 1463 senuerat,
1678 1400 1733 1450 et
1751 1395 1878 1450 lon-

201 1496 264 1552 ga
290 1485 450 1536 aetate
480 1480 540 1535 in
562 1485 681 1536 tam
700 1482 854 1536 bono
884 1483 1073 1538 studio
1100 1484 1378 1538 sectandae
1396 1483 1502 1540 via:
1534 1488 1668 1552 tuae,
1697 1485 1880 1539 multa

202 1574 472 1641 expertus,
519 1571 702 1625 multa
733 1571 960 1626 edoctus
998 1571 1141 1626 mihi
1188 1571 1513 1640 videbatur;
1547 1577 1603 1627 et
1639 1589 1768 1627 vere
1799 1573 1879 1627 sic

201 1662 325 1714 erat.
357 1658 516 1714 Unde
547 1659 690 1713 mihi
720 1663 784 1714 ut
809 1660 1091 1730 proferret
1129 1660 1411 1728 volebam,
1444 1661 1761 1716 conferenti
1786 1677 1876 1716 se-

201 1764 316 1802 cum
343 1752 514 1802 aestus
543 1763 720 1814 meos,
761 1747 887 1819 quis
925 1752 1068 1803 esset
1096 1753 1262 1819 aptus
1291 1750 1494 1805 modus
1532 1751 1612 1804 sic
1654 1750 1874 1819 allecto,

199 1840 256 1891 ut
279 1852 377 1907 ego
406 1851 586 1902 eram,
622 1836 693 1890 ad
721 1837 1132 1892 ambulandum
1151 1837 1214 1892 in
1236 1838 1326 1892 via
1354 1843 1474 1893 tua.

261 1925 309 1978 2.
347 1923 611 1979 Videbam
662 1923 812 1978 enim
842 1926 1072 1995 plenam
1131 1926 1472 1996 Ecclesiam;
1525 1930 1581 1982 et
1609 1927 1752 1982 alius
1798 1926 1877 1982 sic

202 2012 326 2078 ibat,
349 2013 494 2067 alius
509 2017 702 2068 autem
723 2012 820 2067 sic.
843 2013 977 2068 Mihi
995 2019 1184 2069 autem
1209 2015 1542 2087 displicebat
1567 2016 1718 2088 quod
1744 2031 1877 2086 age-

200 2101 317 2156 bam
345 2101 402 2155 in
427 2102 655 2169 smculo,
688 2105 743 2156 et
771 2102 931 2156 oneri
961 2103 1102 2157 mihi
1144 2107 1264 2158 erat
1288 2105 1469 2171 valde,
1501 2121 1616 2159 non
1641 2105 1760 2175 jam
1788 2105 1876 2159 in—

203 2190 615 2244 ﬂammantibus
646 2190 1069 2261 cupiditatibus,
1101 2198 1165 2247 ut
1199 2194 1477 2263 solebant,
1508 2210 1607 2264 spe
1645 2194 1877 2248 honoris

201 2282 251 2333 et
274 2278 526 2350 pecunia:
555 2278 628 2333 ad
665 2279 1013 2335 tolerandam
1043 2281 1199 2335 illam
1231 2282 1561 2336 servitutem
1599 2287 1716 2337 tam
1747 2297 1877 2352 gra-

200 2383 331 2421 vem.
361 2369 487 2422 lam
515 2367 670 2422 enim
697 2384 787 2423 me
808 2369 905 2423 illa
925 2384 1043 2424 non
1060 2368 1414 2425 delectabant
1437 2386 1557 2441 pra:
1579 2370 1878 2425 dulcedine

201 2459 288 2510 tua
313 2459 365 2510 et
391 2456 598 2512 decore
628 2457 833 2512 domus
852 2461 973 2512 tua:
1013 2474 1186 2529 quam
1228 2458 1396 2513 dilexi
1429 2460 1592 2529 (Psal.
1622 2476 1752 2528 xxv,
1791 2459 1876 2530 8);

201 2545 287 2599 sed
301 2545 487 2600 adhuc
517 2545 794 2601 tenaciter
817 2545 1126 2616 colligabar
1150 2562 1217 2601 ex
1244 2547 1459 2601 femina
1487 2563 1500 2602 :
1523 2563 1627 2602 nec
1641 2563 1733 2602 me
1750 2563 1879 2618 pro-

199 2632 410 2688 hibebat
435 2635 741 2704 Apostolus
771 2633 1086 2706 conjugari,
1113 2635 1368 2705 quamvis
1387 2635 1781 2690 exhortaretur
1808 2635 1880 2690 ad

200 2722 403 2788 melius,
424 2721 675 2777 maxime
692 2722 887 2778 volens
917 2739 1114 2777 omnes
1133 2723 1392 2778 homines
1423 2723 1502 2778 sic
1531 2739 1650 2778 esse
1667 2728 1732 2779 ut
1758 2723 1879 2794 ipse

202 2816 308 2866 erat
343 2812 380 2881 (Ι
427 2813 549 2873 Cor.
592 2818 704 2873 vn).
736 2811 844 2866 Sed
876 2827 980 2883 ego
1020 2811 1303 2866 inﬁrmior
1331 2811 1612 2883 eligebam
1654 2813 1878 2867 mollio-

202 2915 310 2954 rem
338 2899 527 2955 locum
553 2916 568 2955 :
594 2904 650 2954 et
673 2903 908 2971 propter
937 2900 1047 2956 hoc
1071 2915 1253 2955 unum
1280 2900 1547 2955 volvebar
1573 2900 1634 2955 in
1662 2900 1880 2956 caeteris

201 2989 505 3059 languidus,
539 2993 597 3044 et
637 2989 930 3044 tabescens
976 2989 1128 3044 curis
1167 2989 1454 3059 marcidis,
1485 2989 1639 3060 quod
1669 2991 1688 3027 ί
1739 2993 1794 3044 et
1823 2989 1880 3044 in

202 3077 310 3133 aliis
335 3078 502 3134 rebus
525 3094 670 3150 quas
689 3078 953 3133 nolebam
975 3077 1112 3150 pati,
1144 3094 1456 3149 congruere
1485 3078 1730 3149 cogebar
1753 3077 1880 3133 vita:

201 3167 488 3239 conjugali,
522 3167 618 3222 cui
649 3166 874 3222 deditus
903 3167 1321 3238 obstringebar.
1359 3166 1662 3222 Audieram
1687 3183 1754 3222 ex
1782 3182 1880 3222 ore

202 3255 462 3324 Veritatis,
498 3272 627 3312 esse
659 3255 938 3328 spadones
967 3255 1066 3327 qui
1114 3255 1330 3327 seipsos
1361 3255 1725 3311 absciderunt
1750 3271 1882 3328 pro-

201 3349 316 3416 pter
329 3361 570 3417 regnum
597 3345 870 3400 caelorum
894 3361 908 3413 ;
942 3344 1061 3412 sed,
1084 3344 1189 3411 Qui
1200 3348 1398 3415 potest,
1430 3342 1641 3415 inquit,
1672 3357 1876 3412 capere,

202 3436 366 3504 capiat
391 3435 611 3503 (Matth.
642 3449 757 3500 xxx,
809 3435 909 3502 1‘2).
941 3433 1083 3488 Vani
1125 3437 1259 3488 sunt
1283 3435 1432 3488 certe
1462 3447 1663 3488 omnes
1690 3430 1880 3486 homi-

199 3539 289 3578 nes
307 3525 507 3596 quibus
529 3540 649 3578 non
669 3523 817 3578 inest
835 3522 940 3581 Dei
953 3521 1186 3577 scientia
1204 3537 1216 3588 ;
1233 3537 1336 3576 nec
1351 3521 1418 3576 de
1449 3521 1518 3574 iis
1536 3537 1664 3592 quas
1689 3520 1881 3575 viden-

203 3615 285 3668 tur
301 3614 463 3681 bona,
482 3617 802 3686 potuerunt
825 3611 1082 3668 invenire
1111 3627 1244 3666 eum
1264 3610 1365 3682 qui
1385 3615 1468 3665 est
1485 3611 1632 3680 (Sap.
1658 3625 1781 3677 xm,
1808 3611 1880 3680 l.)

202 3702 267 3755 At
292 3717 390 3773 ego
413 3702 536 3772 jam
568 3717 685 3755 non
706 3717 862 3755 eram
891 3700 950 3754 in
979 3700 1077 3754 illa
1099 3698 1346 3754 vanitate
1379 3715 1392 3753 :
1425 3698 1880 3752 transcenderam

201 3803 344 3856 eam;
394 3794 447 3845 et
496 3792 850 3844 contestante
877 3787 1144 3842 universa
1187 3790 1445 3842 creatura
1485 3791 1602 3850 tua,
1641 3785 1879 3840 invene-

201 3891 309 3932 ram
343 3881 396 3932 te
425 3881 744 3932 creatorem
770 3881 1052 3940 nostrum,
1080 3879 1137 3929 et
1173 3876 1419 3930 Verbum
1449 3877 1614 3929 tuum
1642 3874 1793 3945 apud
1823 3877 1879 3928 te

202 3965 706 4036 Deum,tecumque
727 3981 854 4019 cum
868 3963 1079 4034 Spiritu
1099 3966 1292 4018 sancto
1312 3963 1336 3998 ³
1354 3979 1535 4017 ιιιιιιιιι
1556 3964 1756 4031 Deum,
1777 3978 1882 4032 per

205 4054 344 4124 quod
372 4054 578 4109 creasti
595 4053 809 4108 omnia.
841 4054 936 4108 Est
956 4056 1011 4106 et
1043 4051 1197 4106 aliud
1227 4068 1406 4122 genus
1427 4051 1758 4121 impiorum,
1780 4051 1880 4120 qui

200 4149 586 4212 cognoscentes
627 4144 806 4197 Deum
845 4157 960 4196 non
1006 4140 1151 4195 sicut
1195 4142 1372 4194 Deum
1401 4139 1877 4210 gloriﬁcaverunt,

200 4235 286 4286 aut
303 4233 508 4303 gratias
537 4235 797 4302 egerunt.
830 4231 892 4285 In
912 4231 1021 4284 hoc
1051 4245 1280 4301 quoque
1299 4227 1640 4296 incideram;
1675 4226 1879 4281 etdex-

199 4322 308 4373 tera
332 4325 428 4374 tua
475 4318 728 4389 suscepit
757 4334 851 4374 me
881 4318 1045 4390 (Psal.
1077 4335 1211 4385 xvu,
1243 4319 1351 4385 36),
1380 4319 1437 4370 et
1465 4315 1597 4370 inde
1628 4315 1879 4370 ablatum

198 4408 424 4478 posuisti
453 4407 556 4464 ubi
586 4407 1060 4476 convalescerem,
1089 4405 1224 4476 quia
1249 4403 1441 4458 dixisti
1469 4403 1691 4458 homini
1715 4419 1730 4457 :
1750 4407 1882 4458 Ecce

196 4497 356 4562 pietas
371 4502 449 4552 est
475 4498 752 4566 sapientia
774 4495 906 4566 (Job.
934 4511 1125 4561 xxvm,
1153 4494 1240 4562 28)
1264 4512 1280 4559 ;
1304 4501 1378 4560 et,
1404 4494 1530 4549 Noli
1547 4493 1678 4547 uelle
1703 4492 1882 4546 videri

199 4587 399 4653 sapiens
430 4585 613 4656 (Prov.
647 4601 728 4650 ιιι,
757 4582 838 4654 7),
867 4582 1140 4655 quoniam
1170 4582 1402 4636 dicentes
1431 4596 1486 4636 se
1513 4596 1624 4636 esse
1657 4581 1882 4650 sapien—

199 4676 265 4725 tes
299 4675 452 4728 stulti
471 4675 616 4742 facti
641 4677 768 4728 sunt
792 4675 964 4740 (Rom.
992 4689 1030 4739 ι,
1061 4673 1152 4737 21,
1182 4670 1290 4727 22).
1325 4671 1389 4724 Et
1416 4670 1745 4724 inveneram
1761 4670 1881 4740 jam

199 4758 391 4817 bonam
413 4760 815 4833 margaritam;
837 4764 894 4814 et
904 4759 1146 4814 venditis
1157 4757 1421 4812 omnibus
1443 4774 1571 4829 quae
1588 4758 1879 4826 haberem,

199 4851 426 4906 emenda
455 4855 601 4921 erat,
635 4854 692 4905 et
729 4847 1061 4904 dubitabam
1097 4847 1323 4917 (Matth.
1363 4863 1480 4914 xm,
1501 4846 1614 4918 46).

864 4956 1088 5010 CAPUT
1126 4955 1198 5010 II.

428 5058 503 5111 De
538 5053 819 5113 Victorino
847 5056 1057 5110 rhetore
1081 5053 1155 5109 ad
1180 5051 1340 5123 ﬁdem
1367 5067 1632 5108 converso.

260 5163 308 5217 3.
336 5160 572 5218 Perrexi
605 5178 740 5234 ergo
787 5162 858 5217 ad
902 5161 1356 5233 Simplicianum,
1387 5163 1610 5232 patrem
1640 5158 1702 5214 in
1740 5158 1883 5214 acci-

193 5249 392 5319 pienda
409 5252 596 5323 gratia
612 5256 708 5306 tua
728 5255 863 5306 tunc
891 5249 1143 5321 episcopi
1161 5245 1467 5315 Ambrosii,
1492 5251 1547 5302 et
1568 5265 1738 5319 quem
1755 5263 1887 5303 vere

170 5343 258 5394 'ut
281 5344 505 5411 patrem
537 5339 830 5412 diligebat.
872 5338 1106 5394 Narravi
1135 5337 1187 5393 ei
1219 5337 1484 5393 circuitus
1515 5337 1722 5393 erroris
1747 5335 1886 5392 mei.

253 5484 268 5518 ¹
302 5484 423 5543 Quo,
443 5482 596 5546 juxta
620 5482 778 5546 Mart.
798 5493 918 5546 cum
947 5480 1112 5546 tribus
1135 5479 1257 5529 Mss.
1323 5479 1392 5546 Μ.

253 5546 274 5580 ²
298 5541 478 5596 Omitti
501 5547 752 5612 poterant
768 5544 950 5612 istth
969 5543 1145 5612 verba,
1171 5554 1289 5591 cum
1315 5541 1520 5612 Spiritu.
1541 5542 1742 5601 sancto,
1767 5551 1886 5604 quas

203 5605 384 5657 absunt
403 5622 434 5657 a
463 5602 710 5671 pluribus
743 5610 796 5656 et
822 5602 1116 5670 potioribus
1140 5602 1526 5668 manuscriptis.

3574 310 3679 361 750

1987 420 2090 474 Ubi
2119 423 2310 474 autem
2354 422 2797 476 commemoravi
2845 421 3047 494 legisse
3077 439 3168 478 me
3197 425 3475 496 quosdam
3493 427 3678 484 libros

1987 508 2426 576 Platonicorum,
2459 526 2600 580 quos
2632 511 2948 565 Victorinus
2978 513 3268 583 quondam
3298 515 3489 570 rhetor
3518 519 3674 571 urbis

1987 595 2205 664 Romae,
2236 612 2404 667 quem
2439 599 2808 654 christianum
2840 600 3172 656 defunctum
3202 618 3322 658 esse
3363 604 3679 673 audieram,

1985 681 2044 736 in
2075 684 2310 738 latinam
2341 685 2594 755 linguam
2627 689 3030 756 transtulisset;
3067 690 3381 760 gratulatus
3417 696 3501 746 est
3529 693 3673 748 mihi

1987 771 2140 842 quod
2156 789 2267 826 non
2289 773 2346 827 in
2360 775 2599 829 aliorum
2615 776 3088 848 philosophorum
3115 779 3320 849 scripta
3334 780 3676 848 incidissem,

1986 861 2156 930 plena
2184 861 2534 916 fallaciarum
2565 867 2620 918 et
2642 864 3037 934 deceptionum
3057 868 3370 922 secundum
3400 869 3682 924 elementa.

1986 947 2153 1019 hujus
2175 951 2373 1004 mundi
2394 952 2578 1021 (Cotos.
2604 969 2662 1018 ιι,
2683 953 2734 1022 8)
2760 969 2772 1006 :
2797 952 2856 1006 in
2885 952 3006 1007 istis
3026 959 3239 1025 autem,
3268 957 3532 1011 omnibus
3556 974 3680 1012 mo-

1987 1036 2073 1091 dis
2092 1037 2372 1092 insinuari
2401 1041 2579 1094 Deum
2607 1044 2661 1094 et
2676 1041 2798 1110 ejus
2824 1042 3092 1100 Verbum.
3122 1045 3353 1114 Deinde,
3387 1050 3450 1100 ut
3479 1063 3570 1102 me
3586 1063 3680 1102 ex-

1985 1123 2309 1180 hortaretur
2333 1127 2404 1180 ad
2427 1127 2808 1183 humilitatem
2835 1129 3062 1192 Christi,
3084 1131 3434 1202 sapientibus
3454 1134 3684 1190 abscon-

1986 1212 2165 1268 ditam
2188 1219 2244 1269 et
2264 1216 2567 1270 revelatam
2589 1217 2838 1288 parvulis
2863 1220 3075 1287 (Matth.
3098 1235 3173 1290 xi,
3194 1223 3304 1288 25),
3325 1221 3682 1278 Victorinum

1986 1300 2177 1372 ipsum
2206 1303 2533 1358 recordatus
2563 1315 2664 1370 est,
2711 1322 2905 1376 quem,
2939 1308 3136 1362 Romae
3159 1324 3290 1363 cum
3315 1313 3478 1377 esset,
3507 1311 3680 1366 fami-

1987 1390 2290 1446 liarissime
2318 1397 2556 1448 noverat
2579 1410 2592 1448 ε
2613 1394 2797 1465 deque
2826 1394 2926 1449 illo
2947 1395 3092 1450 mihi
3111 1397 3363 1452 narravit
3386 1398 3542 1469 quod
3563 1415 3682 1454 non

1988 1479 2180 1534 silebo.
2218 1481 2398 1535 Habet
2417 1480 2573 1536 enim
2601 1497 2872 1554 magnam
2896 1483 3124 1538 laudem
3151 1485 3350 1555 gratiae
3379 1490 3494 1541 tua;
3541 1503 3679 1542 con-

1986 1567 2256 1623 ﬁtendam
2277 1569 2400 1639 tibi,
2419 1571 2898 1641 quemadmodum
2915 1572 3011 1626 ille
3032 1572 3386 1628 doctissimus
3415 1591 3605 1637 senex,
3623 1581 3682 1632 et

1989 1656 2247 1712 omnium
2279 1658 2600 1714 liberalium
2631 1660 3020 1715 doctrinarum
3047 1661 3443 1733 peritissimus,
3466 1664 3680 1735 quippe

1986 1745 2460 1817 philosophorum
2481 1752 2596 1802 tam
2621 1749 2798 1802 multa
2819 1750 3055 1819 legerat,
3087 1754 3144 1804 et
3166 1750 3592 1820 dijudicaverat,
3625 1755 3683 1807 et

1986 1835 2393 1890 dilucidaverat
2427 1838 2478 1903 1;
2514 1836 2711 1891 doctor
2754 1840 2838 1891 tot
2875 1837 3156 1893 nobilium
3199 1843 3548 1906 senatorum,
3579 1840 3682 1912 qui

1988 1923 2161 1978 etiam
2183 1925 2252 1978 ob
2274 1924 2496 1995 insigne
2514 1924 2776 1996 praeclari
2796 1925 3129 1997 magisterii,
3154 1927 3304 1998 quod
3333 1927 3480 1982 cives
3507 1928 3680 1999 hujus

1987 2011 2189 2066 mundi
2217 2011 2490 2067 eximium
2520 2017 2743 2084 putant,
2775 2018 3021 2069 statuam
3043 2014 3105 2069 in
3132 2017 3389 2071 Romano
3418 2016 3542 2071 foro
3572 2033 3681 2071 me-

1987 2105 2180 2155 ruerat
2207 2105 2264 2155 et
2292 2106 2614 2172 acceperat;
2637 2118 2819 2173 usque
2849 2103 2920 2156 ad
2941 2103 3098 2158 illam
3129 2108 3352 2159 (etatem
3379 2110 3682 2160 venerator

1988 2189 2297 2258 idolorum,
2311 2206 2718 2261 sacrorumque
2738 2191 3138 2262 sacrilegorum
3154 2193 3452 2265 particeps,
3473 2194 3681 2265 quibus

1988 2283 2125 2333 tunc
2153 2282 2272 2333 tota
2300 2279 2416 2333 fere
2449 2281 2705 2334 Romana
2733 2281 3001 2335 nobilitas
3029 2280 3226 2336 inﬂata
3245 2283 3558 2354 inspirabat
3577 2300 3682 2354 po-

1988 2368 2123 2438 pulo
2147 2367 2269 2435 jam
2299 2371 2356 2421 et
2384 2367 2758 2438 omnigenum
2789 2367 2960 2423 deum
2987 2374 3240 2424 monstra
3269 2374 3311 2438 ²,
3343 2375 3399 2425 et
3422 2372 3682 2426 Anubem

1987 2455 2342 2523 latratorem,
2365 2472 2493 2526 quae
2525 2455 2830 2526 aliquando
2855 2461 3052 2512 contra
3073 2458 3402 2529 Neptunum
3433 2464 3489 2514 et
3505 2461 3684 2514 Vene-

1989 2559 2132 2610 rem,
2165 2547 2475 2615 contraque
2505 2544 2809 2599 Minervam
2839 2546 2953 2600 tela
2975 2550 3280 2602 tenuerant
3309 2547 3562 2618 (ιΕηθὶἀη
3585 2547 3684 2602 lib.

1988 2635 2042 2699 8,
2087 2634 2375 2701 678-700),
2422 2636 2479 2686 et
2518 2648 2553 2687 a
2600 2649 2658 2687 se
2701 2631 2863 2687 victis
2899 2634 3018 2704 jam
3071 2636 3254 2690 Roma
3282 2635 3682 2707 supplicabat:

1989 2737 2118 2791 quae
2142 2719 2247 2774 iste
2273 2736 2445 2774 senex
2464 2721 2784 2776 Victorinus
2800 2725 2892 2776 tot
2915 2739 3091 2778 annos
3119 2739 3218 2778 ore
3251 2724 3560 2795 terricrepo
3581 2724 3682 2779 de-

1987 2808 2349 2862 fensitaverat
2372 2825 2385 2862 :
2412 2824 2526 2862 non
2548 2809 2843 2864 erubuerit
2862 2826 2982 2864 esse
3007 2828 3150 2882 puer
3175 2811 3380 2868 Christi
3401 2813 3505 2879 tui,
3525 2819 3582 2869 et
3601 2817 3687 2874 in-

1987 2895 2113 2950 fans
2139 2895 2312 2950 fontis
2340 2895 2444 2962 tui,
2468 2896 2719 2966 subjecto
2741 2898 2886 2951 collo
2917 2899 2988 2952 ad
3008 2899 3345 2955 humilitatis
3372 2902 3592 2974 iugum,
3625 2911 3683 2962 et

1989 2983 2242 3038 edomita
2265 2983 2452 3038 fronte
2477 2983 2547 3037 ad
2577 2983 2756 3038 crucis
2783 2984 3176 3055 opprobrium.

2058 3074 2111 3127 4.
2142 3072 2185 3127 Ο
2210 3071 2466 3138 Domine,
2485 3071 2744 3138 Domine,
2760 3072 3353 3144 quiinclinasticcelos,
3369 3081 3426 3133 et
3446 3078 3684 3136 descen-

1989 3160 2138 3227 disti;
2159 3159 2394 3232 tetigisti
2405 3165 2648 3227 montes,
2666 3161 3389 3234 etfumigaverunt(Psalm.
3406 3183 3587 3236 cxun,
3605 3170 3680 3241 5):

1990 3249 2198 3322 quibus
2229 3249 2415 3304 modis
2444 3253 2501 3304 te
2531 3248 2835 3303 insinuasti
2863 3249 2947 3304 illi
2974 3251 3228 3322 pectori?
3252 3253 3516 3324 Legebat,
3539 3255 3684 3312 sicut

1989 3338 2071 3393 ait
2093 3337 2510 3410 Simplicianus,
2537 3341 2792 3393 sanctam
2812 3338 3179 3409 Scripturam,
3204 3357 3514 3414 omnesque
3534 3344 3684 3400 chri-

1989 3427 2203 3483 stianas
2233 3428 2450 3483 litteras
2488 3426 2866 3498 investigabat
2897 3428 3305 3485 studiosissime
3334 3437 3391 3486 et
3419 3449 3685 3504 perscru-

1988 3517 2252 3584 tabatur;
2287 3521 2344 3571 et
2371 3516 2594 3571 dicebat
2621 3516 2990 3588 Simpliciano
3012 3533 3126 3572 non
3145 3519 3356 3588 palam,
3387 3521 3487 3576 sed
3507 3537 3687 3578 secre-

1988 3604 2103 3660 tius
2127 3608 2184 3659 et
2204 3604 2541 3659 familiarius
2567 3623 2584 3658 :
2606 3607 2831 3662 Noveris
2856 3621 2937 3659 me
2948 3605 3069 3674 jam
3084 3621 3195 3661 esse
3217 3608 3594 3666 christianum.
3621 3612 3688 3665 Et

1989 3693 2370 3764 respondebat
2397 3692 2492 3746 ille
2527 3709 2541 3747 :
2585 3695 2703 3749 Non
2743 3694 2978 3758 credam,
3012 3709 3106 3748 nec
3134 3695 3402 3763 deputabo
3455 3702 3504 3752 te
3539 3700 3685 3754 inter

1990 3782 2347 3846 Christianos,
2378 3783 2490 3834 nisi
2506 3783 2564 3834 in
2592 3782 2811 3835 ecclesia
2829 3782 3034 3836 Christi
3064 3787 3112 3836 te
3138 3783 3341 3838 videro.
3376 3785 3473 3838 Ille
3492 3789 3684 3840 autem

1988 3868 2264 3924 irridebat
2291 3867 2481 3922 dicens
2513 3885 2525 3922 :
2550 3871 2694 3935 Ergo
2712 3871 2946 3938 parietes
2973 3871 3189 3936 faciunt
3210 3871 3588 3928 Christianos?
3619 3875 3687 3929 Et

1987 3957 2096 4012 hoc
2125 3972 2274 4027 saepe
2305 3956 2546 4025 dicebat,
2595 3956 2717 4026 jam
2746 3973 2805 4011 se
2852 3972 2972 4011 esse
3000 3957 3399 4027 christianum;
3452 3965 3508 4015 et
3535 3961 3682 4016 Sim-

1987 4047 2269 4118 plicianus
2293 4045 2434 4101 illud
2455 4063 2606 4117 saepe
2628 4047 3027 4118 respondebat,
3054 4052 3264 4120 etsaepe
3286 4049 3356 4104 ab
3375 4050 3472 4104 illo
3494 4051 3683 4122 parie-

1987 4139 2110 4190 tum
2130 4134 2315 4189 irrisio
2336 4135 2716 4206 repetebatur.
2748 4135 2972 4190 Amicos
2993 4136 3148 4191 enim
3169 4153 3300 4191 suos
3322 4139 3685 4195 reverebatur

1990 4223 2278 4278 otl‘endere
2310 4223 2583 4293 superbos
2613 4222 3034 4290 daemonicolas,
3063 4239 3308 4295 quorum
3338 4241 3407 4279 ex
3435 4227 3685 4283 culmine

1991 4311 2346 4383 Babylonica:
2363 4309 2677 4381 dignitatis,
2699 4310 2861 4382 quasi
2883 4328 2950 4366 ex
2962 4311 3144 4366 cedris
3168 4312 3361 4367 Libani
3381 4330 3522 4384 quas
3539 4332 3688 4371 non-

1989 4405 2128 4455 dum
2169 4399 2514 4454 contriverat
2560 4399 2838 4453 Dominus
2880 4399 3046 4470 (Psal.
3086 4416 3279 4467 xxvuI,
3311 4401 3397 4472 5);
3438 4403 3689 4474 graviter

1989 4489 2239 4544 ruituras
2257 4488 2320 4542 in
2335 4504 2392 4543 se
2412 4487 2742 4542 inimicitias
2758 4487 3162 4545 arbitrabatur.
3189 4489 3297 4543 Sed
3313 4494 3686 4562 posteaquam

1990 4577 2234 4648 legendo
2248 4581 2304 4632 et
2317 4575 2591 4631 inhiando
2603 4576 2795 4631 hausit
2809 4576 3474 4649 ﬁrmitatem,timuitque
3489 4581 3688 4651 negari

1993 4681 2025 4719 a
2050 4664 2270 4722 Christo
2294 4679 2487 4718 coram
2503 4662 2734 4734 Angelis
2760 4663 2988 4730 sanctis,
3016 4662 3064 4718 si
3085 4679 3218 4718 eum
3238 4664 3468 4721 timeret
3494 4682 3686 4724 coram

2057 4798 2071 4830 ι
2108 4795 2230 4843 Mss.
2262 4806 2371 4842 non
2405 4793 2609 4842 addunt
2637 4795 2691 4843 et
2717 4792 3118 4844 dilucida-verat.
3550 4837 3554 4840 .

2059 4858 2080 4891 9
2101 4857 2567 4918 Mirumquantum
2583 4855 2883 4918 hicvarient
2901 4855 3131 4918 Codices.
3149 4857 3226 4906 Ex
3245 4859 3621 4911 vetustioribus
3636 4864 3691 4912 et

1993 4917 2410 4984 castigatioribus
2438 4918 2636 4984 Fossat.
2666 4917 3058 4984 Benign._Corb.
3091 4922 3190 4969 etc.
3220 4935 3316 4983 pro
3335 4922 3533 4984 populo
3543 4925 3686 4984 jam,

1993 4978 2207 5043 habent,
2222 4978 2453 5041 spirabat
2463 4978 2830 5043 popiliosjam‘.
2845 4978 2944 5026 Alii
2957 4980 3188 5043 quinque
3204 4978 3323 5031 cum
3335 4978 3460 5033 Ball.
3473 4978 3586 5034 Am.
3601 4978 3686 5034 Erl

1994 5043 2136 5092 Som.
2151 5040 2307 5104 Blas.,
2326 5040 2566 5104 spirabat
2577 5041 2766 5104 populi
2775 5040 3687 5104 usiam.Victorinus,Germanensis.

1995 5108 2092 5154 etc.
2101 5102 2763 5214 ,spirabatpOpulilq'uejam
2773 5139 2784 5152 .
2798 5103 3492 5214 Nonnullaspirabalpopuli
3503 5102 3690 5178 etiam.

1995 5164 2541 5214 Lov..smrabatvom¢
2570 5166 3093 5214 usaueettamJlanc
3125 5171 3685 5214 ectionemseuuimur-

1995 5167 2118 5236 ζέον..
2128 5164 2738 5236 ,δρὶταὺαιρρριιιιιδρήιιᾳ
2749 5164 2933 5236 Etiam.
2950 5164 3388 5236 llanclectipném'
3396 5169 3685 5236 sequimur,

1997 5226 2346 5277 licetminime
2360 5226 2512 5275 nobis
2529 5226 2734 5275 constet
2747 5229 3056 5276 Germanam
3070 5242 3201 5277 esse.
3217 5229 3374 5276 Porro
3391 5226 3689 5280 addidimus

1997 5288 2509 5352 conjunctiouem_et
2533 5292 2653 5352 ante
2675 5290 3040 5352 omnigenum,
3061 5290 3194 5352 quia
3215 5289 3270 5337 in
3295 5290 3540 5338 omnibus
3563 5293 3691 5343 Mss.

1996 5350 2270 5417 reperitur.
2295 5375 2360 5417 --_
2375 5350 2714 5417 Adduut_PP.
2747 5350 3070 5417 Benedictini
3091 5350 3153 5398 in
3169 5351 3539 5417 retractatione
3567 5368 3693 5417 sup-

1925 5439 1934 5444 —
1997 5411 2220 5477 pletoria
2243 5426 2255 5460 :
2288 5427 2315 5457 α
2343 5412 2465 5461 Mss.
2487 5412 2658 5477 A_ngl._
2673 5419 2793 5477 tres.
2819 5411 3014 5477 inﬂata
3043 5411 3332 5477 inspirabat
3353 5413 3546 5477 populo
3569 5411 3693 5477 ja'm

1997 5473 2349 5541 bmnigenum,
2367 5477 2472 5541 etc.
2498 5473 2620 5541 Haec
2645 5473 2797 5541 lectio
2799 5473 3018 5541 faueris
3039 5486 3133 5521 suo
3153 5473 3267 5541 loco
3294 5473 3541 5541 exhibitis
3560 5473 3694 5541 prm-

2000 5533 2228 5586 stant'ior
2255 5539 2308 5585 et
2336 5535 2718 5598 amplectenda.
2750 5552 2777 5580 »
2799 5535 2935 5598 Ergo
2963 5547 3076 5582 eam
3107 5533 3334 5598 amplexi
3355 5550 3538 5588 sumus
3558 5533 3612 5591 et
3641 5541 3698 5590 in

2001 5601 2208 5650 textum
2240 5595 2534 5656 retulimus,
2564 5610 2628 5647 ex
2650 5595 3108 5647 Benedictinorum
3136 5595 3374 5648 consilio.
3441 5600 3510 5650 Μ.
