4058 6346
349 288 444 338 751

346 403 676 460 hominibus
701 400 958 456 conﬁteri
986 399 1203 469 (Matth.
1228 415 1282 466 x,
1316 402 1425 468 33),
1446 414 1692 471 reusque
1722 400 1830 456 sibi
1854 407 2050 472 magni

345 492 600 546 criminis
624 490 887 562 apparuit
915 487 1302 542 erubescendo
1333 487 1401 541 de
1423 489 1788 543 sacramentis
1817 489 2053 543 humili-

344 581 474 636 tatis
501 579 669 634 Verbi
697 579 804 646 tui,
835 581 890 632 et
918 593 1035 631 non
1057 575 1442 630 erubescendo
1467 576 1536 630 de
1558 577 1730 630 sacris
1759 575 2050 646 sacrilegis

344 668 720 738 superborum
746 665 1179 728 daemoniorum,
1215 680 1344 734 quas
1375 663 1628 718 imitator
1649 665 1926 734 superbus
1955 680 2046 718 ac-

345 759 600 826 ceperat;
633 753 912 825 dcpuduit
942 751 1196 818 vanitati,
1229 756 1284 805 et
1301 751 1532 806 erubuit
1555 752 1800 819 veritati,
1833 753 2046 807 subito-

344 861 455 916 que
495 847 552 898 et
580 843 906 914 inopinatus
945 841 1020 895 sit
1069 840 1458 911 Simpliciano,
1491 845 1552 894 ut
1580 841 1700 911 ipse
1732 841 2000 895 narrabat
2029 855 2042 895 :

341 935 543 988 Eamus
579 934 639 984 in
666 933 970 1000 ecclesiam;
996 930 1326 984 christianus
1355 930 1470 984 volo
1508 931 1643 997 ﬁeri.
1686 931 1757 982 At
1801 929 1895 982 ille
1925 944 2043 982 non

342 1037 401 1081 se
430 1020 657 1090 capiens
685 1019 900 1086 laetitia,
941 1017 1190 1089 perrexit
1218 1032 1348 1070 cum
1378 1033 1463 1071 eo.
1499 1017 1602 1071 Ubi
1631 1022 1825 1071 autem
1854 1016 2044 1070 imbu-

341 1113 433 1164 tus
463 1113 547 1163 est
575 1107 776 1180 primis
814 1106 1262 1161 instructionum
1290 1105 1677 1172 sacramentis,
1708 1121 1822 1159 non
1861 1105 2041 1159 multo

339 1201 468 1268 post
505 1196 677 1250 etiam
701 1211 917 1249 nomen
946 1193 1123 1260 dedit,
1153 1197 1218 1248 ut
1239 1209 1342 1264 per
1369 1193 1719 1263 Baptismum
1744 1208 2037 1264 regenera-

339 1289 518 1352 rctur,
558 1284 801 1338 mirante
833 1284 1032 1349 Roma,
1065 1283 1351 1353 gaudente
1391 1282 1652 1337 Ecclesia.
1687 1282 1930 1352 Superbi
1959 1281 2041 1336 vi-

341 1373 572 1440 debant,
602 1376 658 1426 et
684 1371 1103 1438 irascebantur;
1154 1370 1424 1425 dentibus
1456 1370 1572 1424 suis
1610 1369 1943 1437 stridebant,
1985 1375 2042 1426 et

340 1459 706 1516 tabescebant
737 1459 898 1529 (Psal.
933 1474 1037 1524 xei,
1075 1460 1198 1526 10):
1243 1474 1402 1512 servo
1432 1461 1622 1512 autem
1654 1462 1752 1512 tuo
1777 1459 1795 1494 ί
1846 1457 2040 1512 Domi-

341 1567 450 1605 nus
480 1551 626 1604 Deus
655 1553 776 1602 erat
805 1563 933 1617 spes
963 1547 1106 1616 ejus,
1139 1550 1196 1600 et
1219 1562 1337 1600 non
1365 1546 1707 1616 respiciebat
1731 1545 1792 1600 in
1821 1545 2039 1602 vanita-

338 1645 422 1694 tes
452 1637 590 1692 etin
629 1635 877 1689 insanias
913 1635 1215 1689 mendaces
1245 1635 1404 1704 (Psal.
1432 1650 1618 1700 xxxix,
1651 1635 1728 1704 5).

410 1730 461 1780 5.
514 1724 791 1794 Denique,
825 1727 891 1777 ut
945 1726 1179 1776 ventum
1229 1727 1312 1776 est
1358 1723 1428 1777 ad
1459 1723 1660 1776 horam
1699 1721 2039 1793 proﬁtenda:

339 1813 490 1879 ﬁdei,
520 1829 650 1884 quas
677 1811 862 1866 verbis
894 1811 1063 1866 certis
1092 1810 1398 1881 conceptis,
1429 1811 1779 1882 retentisque
1816 1827 2037 1866 memo-

336 1903 497 1969 riter,
537 1902 605 1956 de
633 1901 753 1954 loco
787 1898 1166 1953 eminentiora
1196 1897 1257 1952 in
1297 1903 1599 1969 conspectu
1628 1897 1826 1968 populi
1855 1898 2038 1953 ﬁdelis

338 1989 533 2044 Romae
583 1988 745 2043 reddi
771 1989 915 2042 solet
951 1987 1021 2041 ab
1062 1987 1143 2042 eis
1173 1986 1274 2058 qui
1304 1985 1586 2041 accessuri
1614 1991 1748 2041 sunt
1788 1987 1858 2042 ad
1905 2003 2035 2057 gra-

336 2078 476 2132 tiam
506 2082 686 2140 tuam,
718 2076 975 2130 oblatum
1005 2091 1125 2128 esse
1169 2075 1392 2129 dicebat
1420 2074 1703 2129 Victorino
1735 2091 1767 2128 a
1798 2075 2034 2145 presby-

335 2167 472 2222 teris
501 2175 564 2221 ut
601 2165 868 2220 secretius
907 2164 1191 2229 redderet,
1237 2163 1381 2217 sicut
1419 2164 1715 2218 nonnullis
1744 2162 1844 2234 qui
1875 2179 2035 2217 vere—

336 2254 544 2309 cundia
571 2251 911 2324 trepidaturi
938 2251 1294 2321 videbantur,
1325 2251 1516 2306 offerri
1539 2267 1664 2307 mos
1692 2255 1838 2318 erat;
1869 2251 2033 2306 illum

336 2348 525 2398 autem
572 2341 841 2396 maluisse
881 2340 1120 2394 salutem
1168 2356 1331 2395 suam
1360 2339 1422 2394 in
1469 2344 1775 2410 conspectu
1825 2345 2032 2393 sanctae

335 2430 720 2486 multitudinis
749 2428 1024 2500 proﬁteri.
1059 2430 1184 2484 Non
1213 2428 1365 2484 enim
1397 2433 1519 2484 erat
1557 2430 1706 2484 salus
1735 2443 1908 2500 quam
1928 2428 2030 2482 do-

335 2519 499 2574 cebat
528 2519 589 2572 in
643 2517 946 2587 rhetorica,
978 2522 1035 2572 et
1081 2522 1273 2572 tamen
1315 2533 1441 2572 eam
1487 2517 1716 2588 publice
1744 2516 2032 2587 professus

336 2612 476 2662 erat.
535 2607 754 2670 Quanto
783 2605 975 2660 minus
1029 2622 1164 2677 ergo
1197 2605 1380 2660 vereri
1427 2605 1622 2660 debuit
1664 2608 2028 2658 mansuetum

335 2711 570 2766 gregem
600 2699 763 2750 tuum
792 2694 1165 2766 pronuntians
1195 2695 1432 2749 verbum
1462 2699 1648 2760 tuum,
1680 2693 1780 2762 qui
1799 2709 1911 2746 non
1941 2709 2031 2748 ve-

331 2784 569 2839 rebatur
607 2784 668 2838 in
698 2783 880 2838 verbis
912 2783 1027 2838 suis
1056 2783 1251 2838 turbas
1277 2782 1654 2836 insanorum?
1681 2783 1880 2852 Itaque
1930 2781 2030 2836 ubi

334 2873 587 2928 ascendit
608 2876 672 2927 ut
701 2873 982 2940 redderet,
1006 2888 1206 2926 omnes
1237 2870 1466 2926 sibimet
1491 2870 1758 2940 invicem,
1789 2869 2030 2941 quisque

331 2965 396 3015 ut
427 2977 557 3016 eum
603 2965 854 3029 noverat,
886 2959 1319 3030 instrepuerunt
1364 2975 1578 3014 nomen
1629 2958 1752 3029 ejus
1790 2957 2030 3028 strepitu

329 3048 744 3120 gratulationis.
785 3048 920 3112 Quis
963 3052 1152 3102 autem
1195 3047 1275 3102 ibi
1325 3063 1442 3102 non
1482 3063 1614 3101 eum
1649 3046 1922 3100 noverat?
1965 3048 2030 3100 Et

330 3138 524 3192 sonuit
552 3154 744 3208 presso
775 3137 960 3192 sonitu
994 3153 1098 3207 per
1115 3152 1216 3190 ora
1236 3141 1572 3190 cunctorum
1595 3133 2024 3190 collastantium:

328 3225 665 3290 Victorinus,
711 3224 1055 3280 Victorinus!
1108 3224 1227 3279 Cito
1279 3227 1596 3278 sonuerunt
1633 3222 2024 3292 exsultatione,

327 3315 463 3386 quia
497 3314 765 3370 videbant
810 3330 972 3375 eum;
1007 3317 1064 3366 et
1104 3312 1217 3366 cito
1249 3313 1529 3366 siluerunt
1576 3311 1913 3379 intentione,
1961 3317 2024 3368 ut

329 3403 595 3458 audirent
622 3419 775 3458 eum.
816 3398 1215 3456 Pronuntiavit
1241 3399 1338 3453 ille
1374 3400 1548 3454 ﬁdem
1578 3416 1834 3454 veracem
1878 3417 2026 3471 prte-

326 3491 476 3545 clara
503 3491 728 3557 ﬁducia,
760 3493 816 3544 et
842 3488 1106 3542 volebant
1133 3502 1266 3540 eum
1297 3503 1496 3542 omnes
1532 3503 1731 3558 rapere
1769 3487 1924 3542 intro
1961 3488 2025 3543 in

327 3595 426 3633 cor
455 3595 622 3633 suum
647 3594 661 3645 ;
693 3581 748 3632 et
776 3574 1077 3646 rapiebant
1105 3573 1351 3629 amando
1383 3578 1439 3630 et
1459 3575 1796 3647 gaudendo:
1825 3575 1914 3630 hac
1941 3592 2024 3632 ra-

326 3667 608 3738 pientium
637 3681 838 3721 manus
868 3666 1048 3719 erant.

989 3769 1214 3823 CAPUT
1252 3768 1350 3823 III.

323 3863 474 3930 Quod
530 3865 666 3917 Deus
721 3862 771 3912 et
808 3857 1006 3925 Ληρειί
1057 3860 1230 3925 magis
1284 3856 1526 3924 gaudent
1574 3858 1632 3912 in
1681 3864 2021 3927 peccatorum

989 3949 1342 4002 conversione.

391 4044 444 4095 6.
478 4041 623 4092 Deus
650 4034 818 4100 bone,
852 4034 990 4106 quid
1021 4035 1210 4106 agitur
1236 4035 1298 4089 in
1331 4033 1589 4102 homine,
1619 4039 1686 4090 ut
1717 4037 1845 4107 plus
1883 4052 2020 4107 gau-

319 4128 450 4183 deat
478 4128 547 4181 de
585 4125 762 4178 salute
793 4124 1102 4193 desperatae
1132 4123 1360 4190 animas,
1392 4127 1449 4177 et
1491 4123 1561 4178 de
1599 4124 1814 4194 majore
1863 4125 2016 4195 peri-

319 4216 447 4270 culo
481 4214 751 4275 liberatas,
797 4228 969 4283 quam
1013 4211 1060 4264 si
1109 4228 1236 4282 spes
1274 4211 1327 4266 ei
1358 4227 1586 4282 semper
1613 4211 1885 4280 affuisset,
1917 4219 2017 4269 aut

316 4301 638 4374 periculum
667 4301 855 4355 minus
894 4299 1130 4354 fuisset?
1161 4299 1383 4354 Etenim
1415 4303 1478 4354 tu
1506 4316 1757 4371 quoque,
1791 4301 2012 4356 miseri-

315 4406 439 4444 cors
484 4391 669 4453 Pater,
702 4390 828 4459 plus
865 4389 1078 4459 gaudes
1107 4389 1177 4443 de
1211 4405 1323 4442 uno
1349 4389 1681 4459 poenitente,
1729 4407 1902 4461 quam
1942 4391 2012 4446 de

315 4478 627 4548 nonaginta
664 4493 869 4531 novem
901 4477 1097 4546 justis,
1139 4476 1346 4548 quibus
1376 4493 1493 4530 non
1540 4482 1624 4531 est
1652 4494 1796 4548 opus
1827 4479 2010 4549 poeni-

313 4565 517 4621 tentia.
554 4566 618 4619 Et
640 4581 743 4618 nos
773 4579 901 4618 cum
930 4579 1138 4633 magna
1161 4563 1518 4632 jucunditate
1559 4563 1844 4629 audimus,
1877 4581 2008 4620 cum

316 4653 579 4707 audimus
618 4669 792 4723 quam
822 4651 1238 4706 exsultantibus
1266 4651 1498 4721 Angelis
1539 4655 1580 4718 ³,
1615 4653 1858 4719 pastoris
1898 4654 2008 4708 hu-

311 4740 484 4795 meris
515 4745 833 4810 reportetur
863 4741 981 4794 ovis
1027 4755 1156 4811 quae
1186 4745 1497 4806 erraverat;
1532 4743 1586 4794 et
1620 4740 1888 4795 drachma
1917 4758 2008 4797 rc-

309 4829 527 4884 feratur
544 4829 606 4882 in
626 4828 920 4882 thesauros
948 4832 1097 4894 tuos,
1120 4827 1535 4882 collzetantibus
1561 4828 1761 4883 vicinis
1778 4830 2008 4885 mulieri

310 4933 441 4989 quae
473 4916 728 4971 invenit:
759 4921 814 4970 et
843 4917 1118 4987 lacrymas
1167 4916 1379 4970 excutit
1423 4915 1700 4987 gaudium
1729 4918 2008 4973 solemni-

308 5005 442 5060 tatis
471 5006 680 5059 domus
710 5009 846 5066 tuae,
875 5020 1004 5057 cum
1036 5003 1246 5073 legitur
1274 5003 1335 5058 in
1363 5004 1532 5058 domo
1558 5009 1657 5059 tua
1683 5005 1749 5060 de
1782 5005 2002 5062 minore

307 5095 426 5148 tilio
465 5098 586 5162 tuo,
619 5094 874 5163 quoniam
902 5097 1142 5146 mortuus
1167 5096 1302 5159 erat,
1330 5097 1380 5146 et
1406 5095 1637 5159 revixit;
1661 5096 1926 5163 perierat,
1952 5101 2005 5150 et

304 5187 552 5238 inventus
594 5188 672 5236 est
698 5183 848 5253 (Luc.
886 5181 1000 5252 xv).
1034 5181 1256 5235 Gaudes
1286 5181 1500 5252 quippe
1550 5182 1610 5235 in
1641 5182 1824 5250 nobis,
1855 5189 1911 5238 et
1940 5183 2001 5238 in

302 5271 535 5342 Angelis
561 5271 672 5325 tuis
700 5273 892 5324 sancta
935 5269 1207 5323 charitate
1241 5270 1472 5324 sanctis.
1507 5271 1650 5325 Nam
1681 5275 1745 5325 tu
1774 5287 2001 5344 semper

369 5359 385 5389 ⁸
420 5362 544 5421 Suo,
569 5358 718 5421 juxta
754 5356 922 5421 Roud.
954 5370 1074 5421 cum
1105 5356 1304 5421 aliquot
1329 5358 1452 5406 Mss.
1523 5358 1590 5406 Μ.

363 5422 386 5455 ²
411 5421 468 5468 lu
494 5418 732 5490 pluribus
903 5434 913 5466 :
939 5420 1105 5490 Quam
1125 5418 1715 5490 exsultantispastoris.
1752 5420 1994 5490 In_ltlss._:

303 5483 473 5537 Quam
485 5481 884 5532 exsultantibus
893 5483 1159 5545 pastoris,-
1174 5495 1275 5543 pra:
1285 5486 1359 5529 ter
1371 5481 1706 5545 Valincnsem
1719 5482 1807 5545 qui
1819 5482 1993 5534 habet:

299 5545 467 5604 Quam
489 5542 1117 5608 exsultantibus'dngelis
1141 5542 1412 5608 pastoris;
1444 5546 1496 5594 et
1523 5542 1728 5593 melius.

1537 277 2070 348 CONFESSIONUM
2129 277 2183 334 S.
2241 276 2645 333 AUGUSTINI.
3746 283 3772 330 τ
3791 277 3861 330 :52

2160 399 2332 466 idem,
2355 399 2456 471 qui
2480 416 2548 455 ea
2575 415 2704 470 quas
2733 413 2852 453 non
2877 414 3104 470 semper
3130 415 3234 454 nec
3264 399 3463 456 eodem
3495 399 3666 456 modo
3697 407 3861 470 sunt,

2159 489 2359 544 eodem
2391 489 2560 543 modo
2589 503 2816 558 semper
2842 487 2989 542 nosti
3019 488 3234 544 omnia.

2227 581 2281 632 7.
2313 577 2458 642 Quid
2497 593 2632 647 ergo
2663 575 2852 646 agitur
2897 575 2958 630 in
2989 576 3202 644 anima,
3245 593 3376 632 cum
3419 577 3666 649 amplius
3694 578 3857 632 dele-

2157 669 2340 720 ctatur
2369 665 2610 719 inventis
2640 669 2738 719 aut
2780 664 3014 718 redditis
3044 666 3214 720 rebus
3254 682 3394 736 quas
3424 665 3628 736 diligit,
3679 681 3854 736 quam

2156 753 2203 807 si
2229 770 2323 808 eas
2347 770 2572 824 semper
2601 753 2932 808 habuisset?
2962 755 3359 809 Contestantur
3378 754 3532 808 enim
3558 759 3613 808 et
3628 758 3854 820 caetera,

2153 845 2208 896 et
2243 843 2413 913 plena
2441 845 2571 896 sunt
2601 841 2794 896 omnia
2807 841 3148 895 testimoniis
3178 843 3556 897 clamantibus
3581 858 3596 896 :
3628 843 3712 896 Ita
3746 851 3852 896 est.

2153 930 2492 1000 Triumphat
2521 929 2700 983 victor
2727 929 3060 999 imperator,
3095 936 3151 991 et
3177 946 3294 984 non
3324 930 3566 996 vicisset,
3600 930 3710 984 nisi
3739 947 3855 1001 pu-

2153 1017 2462 1087 gnavisset;
2497 1021 2552 1071 et
2576 1021 2788 1088 quanto
2820 1017 3002 1088 majus
3043 1016 3360 1088 periculum
3389 1016 3498 1071 fuit
3535 1015 3593 1070 in
3623 1015 3846 1088 praelia,

2151 1110 2310 1161 tanto
2329 1111 2412 1160 est
2435 1106 2709 1177 gaudium
2737 1106 2922 1177 majus
2943 1106 3002 1160 in
3024 1106 3332 1178 triumpho.
3347 1107 3522 1161 Jactat
3542 1109 3850 1177 tempestas

2150 1193 2500 1264 navigantes,
2551 1194 2918 1265 minaturque
2972 1195 3365 1266 naufragium;
3426 1210 3626 1248 omnes
3653 1194 3842 1248 futura

2151 1288 2335 1337 morte
2387 1283 2744 1353 pallescunt:
2787 1283 3190 1354 tranquillatur
3219 1284 3424 1338 cmlum
3455 1286 3510 1337 et
3557 1298 3738 1348 mare,
3789 1285 3848 1336 et

2150 1371 2436 1425 exsultant
2465 1370 2657 1438 nimis,
2686 1369 2962 1441 quoniam
2992 1370 3312 1425 timuerunt
3347 1369 3538 1424 nimis.
3566 1371 3732 1440 Aiger
3761 1373 3848 1424 est

2148 1459 2372 1522 charus,
2409 1463 2466 1514 et
2521 1475 2664 1514 vena
2719 1459 2842 1530 ejus
2897 1459 3114 1514 malum
3156 1458 3475 1525 renuntiat;
3517 1474 3715 1512 omnes
3745 1457 3845 1528 qui

2148 1563 2282 1602 eum
2329 1547 2548 1602 salvum
2595 1547 2854 1618 cupiunt,
2901 1551 3183 1618 aegrotant
3211 1547 3381 1602 simul
3430 1545 3619 1600 animo
3652 1561 3665 1600 :
3696 1545 3761 1599 ﬁt
3791 1543 3845 1598 ei

2148 1640 2323 1706 recte,
2355 1641 2411 1690 et
2429 1637 2686 1691 nondum
2715 1636 2970 1690 ambulat
2997 1635 3252 1706 pristinis
3280 1635 3524 1701 viribus;
3555 1638 3611 1688 et
3637 1633 3700 1687 ﬁt
3724 1633 3846 1704 jam

2149 1726 2262 1780 tale
2300 1725 2594 1795 gaudium,
2639 1725 2807 1796 quale
2855 1740 2973 1778 non
3018 1723 3128 1778 fuit
3170 1739 3299 1777 cum
3348 1727 3514 1776 antea
3554 1722 3739 1775 salvus
3791 1725 3850 1775 et

2148 1813 2307 1868 fortis
2329 1814 2662 1868 ambularet.
2683 1814 2896 1883 Easque
2913 1812 3063 1882 ipsas
3089 1811 3407 1880 voluptates
3427 1803 3694 1864 humanas
3713 1809 3847 1864 vitae.

2148 1901 2318 1956 etiam
2336 1917 2451 1954 non
2473 1900 2778 1971 inopinatis
2799 1905 2854 1954 et
2869 1904 3074 1970 printer
3095 1899 3447 1953 voluntatem
3467 1897 3844 1966 irruentibus,

2149 1990 2245 2044 sed
2275 1988 2550 2043 institutis
2587 1993 2644 2043 et
2686 1987 3020 2042 voluntariis
3051 1987 3322 2041 molestiis
3353 1986 3615 2041 homines
3644 1986 3845 2058 acqui-

2144 2082 2297 2132 runt.
2327 2077 2541 2132 Edendi
2568 2081 2623 2131 et
2650 2075 2885 2131 bibendi
2932 2077 3194 2147 voluptas
3224 2076 3381 2130 nulla
3410 2079 3512 2142 est,
3555 2074 3666 2130 nisi
3693 2090 3845 2145 pras-

2143 2166 2304 2221 cedat
2329 2165 2615 2220 esurieudi
2632 2169 2688 2220 et
2704 2164 2931 2220 sitiendi
2957 2163 3234 2219 molestia.
3257 2165 3330 2219 Et
3350 2163 3555 2218 ebriosi
3575 2162 3846 2234 quaedam

2143 2253 2472 2309 salsiuscula
2513 2253 2839 2319 comedunt,
2871 2268 2984 2324 quo
3015 2252 3114 2306 ﬁat
3139 2252 3412 2306 molestus
3443 2250 3631 2318 ardor,
3666 2267 3844 2322 quem

2141 2342 2279 2396 dum
2327 2341 2636 2413 exstinguit
2681 2340 2918 2412 potatio,
2950 2340 3017 2395 ﬁt
3054 2339 3375 2395 delectatio.
3417 2340 3480 2394 Et
3514 2338 3844 2394 institutum

2141 2435 2226 2484 est
2253 2435 2318 2484 ut
2360 2430 2482 2500 jam
2533 2435 2714 2499 pactas
2767 2445 2990 2499 sponsas
3021 2445 3140 2482 non
3169 2428 3468 2483 tradantur
3517 2427 3730 2494 statim,
3763 2445 3841 2482 ne

2137 2517 2312 2572 vilem
2359 2516 2835 2586 habeatlmaritus
2874 2516 3086 2584 datam,
3117 2532 3291 2588 quam
3321 2532 3436 2571 non
3474 2515 3848 2588 suspiraverit

2143 2622 2382 2677 sponsus
2411 2605 2668 2659 dilatam.

2213 2697 2266 2750 8.
2297 2695 2411 2748 Hoc
2440 2693 2501 2747 in
2518 2693 2746 2764 turpiet
2773 2692 3115 2748 exsecranda
3138 2691 3367 2760 laetitia;
3395 2692 3500 2748 hoc
3530 2693 3592 2748 in
3622 2709 3688 2749 ea
3709 2710 3846 2766 quas

2143 2798 2406 2837 concessa
2433 2787 2491 2836 et
2517 2781 2672 2836 licita
2701 2785 2820 2850 est;
2853 2781 2964 2836 hoc
2991 2781 3051 2836 in
3078 2782 3202 2854 ipsa
3231 2781 3611 2836 sincerissima
3650 2782 3844 2838 hone-

2139 2875 2280 2925 state
2311 2869 2574 2925 amicitiae
2609 2887 2622 2924 :
2647 2869 2756 2924 hoc
2792 2869 2854 2924 in
2899 2886 2966 2924 eo
2989 2869 3095 2941 qui
3141 2874 3403 2925 mortuus
3428 2874 3569 2942 erat,
3600 2875 3656 2926 et
3685 2871 3846 2926 revi-

2137 2959 2248 3026 xit;
2280 2959 2545 3030 perierat,
2579 2963 2634 3014 et
2663 2958 2930 3013 inventus
2958 2962 3044 3013 est
3093 2957 3312 3030 Ubique
3347 2959 3533 3030 majus
3559 2959 3845 3032 gaudium

2138 3048 2398 3102 molestia
2444 3046 2649 3118 majori
2685 3047 3046 3118 praeceditur.
3092 3046 3238 3112 Quid
3284 3052 3370 3102 est
3413 3047 3543 3116 hoc,
3595 3048 3842 3106 Domine

2139 3137 2287 3190 Deus
2312 3152 2496 3199 meus,
2519 3152 2650 3190 cum
2677 3140 2738 3190 tu
2764 3139 3041 3191 aeternum
3062 3135 3258 3207 tibiztu
3287 3135 3410 3206 ipse
3436 3135 3512 3190 sis
3530 3136 3837 3208 gaudium,

2136 3229 2193 3280 et
2218 3225 2482 3296 quaedam
2519 3224 2590 3279 de
2617 3228 2670 3278 te
2701 3223 2846 3278 circa
2874 3228 2929 3279 te
2961 3240 3189 3296 semper
3222 3225 3544 3294 gaudeant?
3579 3224 3721 3290 Quid
3753 3231 3845 3282 est

2137 3313 2291 3385 quod
2319 3314 2442 3368 haec
2470 3329 2664 3368 rerum
2695 3329 2823 3384 pars
2842 3313 3084 3367 alternat
3114 3313 3336 3368 defectu
3367 3317 3422 3367 et
3441 3313 3722 3382 profectu,
3751 3315 3840 3370 of-

2134 3401 2492 3457 fensionibus
2517 3405 2573 3456 et
2613 3401 3142 3456 conciliationibus?
3169 3405 3258 3456 An
3284 3400 3332 3455 is
3371 3404 3455 3455 est
3497 3401 3698 3456 modus
3736 3419 3839 3458 ea-

2133 3506 2282 3552 rum,
2315 3494 2372 3545 et
2397 3493 2620 3544 tantum
2669 3489 2870 3544 dedisti
2919 3489 3022 3561 eis,
3051 3507 3182 3545 cum
3211 3507 3246 3544 a
3273 3489 3512 3544 summis
3557 3491 3838 3547 caelorum

2133 3595 2312 3649 usque
2344 3578 2414 3633 ad
2443 3577 2560 3632 ima
2581 3582 2883 3645 terrarum,
2915 3577 2984 3632 ab
3013 3577 3180 3634 initio
3217 3595 3399 3650 usque
3429 3578 3489 3632 in
3519 3578 3695 3634 finem
3726 3596 3835 3634 sa-

2132 3668 2412 3737 culorum,
2460 3666 2531 3722 ab
2583 3666 2785 3736 angelo
2816 3683 2998 3738 usque
3045 3667 3116 3722 ad
3147 3667 3544 3734 vermiculum,
3589 3684 3622 3722 a
3666 3672 3832 3722 motu

2130 3755 2316 3828 primo
2337 3771 2518 3826 usque
2539 3754 2611 3809 ad
2632 3759 2972 3820 extremum,
3003 3755 3196 3810 omnia
3214 3760 3428 3827 genera
3441 3755 3748 3824 bonorum,
3774 3761 3836 3811 et

2131 3844 2324 3898 omnia
2346 3845 2500 3915 justa
2530 3859 2704 3914 opera
2739 3848 2858 3911 tua,
2891 3844 3007 3899 suis
3036 3861 3280 3917 quaeque
3311 3844 3538 3900 sedibus
3590 3845 3832 3914 locares,

2129 3937 2188 3987 et
2213 3933 2328 3988 suis
2355 3949 2599 4005 quasque
2645 3933 3002 4004 temporibus
3030 3937 3271 4005 ageres?
3301 3937 3420 3989 Heu
3446 3933 3609 4000 mihi,
3651 3951 3829 4006 quam

2115 4022 2379 4076 excelsus
2409 4038 2466 4075 es
2494 4021 2558 4076 in
2582 4022 2836 4088 excelsis,
2869 4025 2926 4076 et
2955 4038 3127 4094 quam
3153 4021 3469 4094 profundus
3498 4019 3556 4074 in
3588 4019 3826 4092 profun-

2127 4109 2242 4166 dis!
2273 4114 2332 4165 et
2358 4126 2643 4182 nusquam
2668 4111 2906 4172 recedis,
2937 4115 2995 4166 et
3023 4110 3112 4165 vix
3144 4111 3394 4166 redimus
3425 4109 3496 4165 ad
3527 4114 3599 4165 te.

2798 4219 3021 4274 CAPUT
3060 4219 3151 4273 IV.

2231 4307 2411 4372 Quare
2429 4305 2555 4376 plus
2581 4306 2872 4362 Iztandum
2901 4309 2972 4361 sit
2997 4309 3054 4361 in
3075 4307 3410 4361 conversione
3435 4305 3708 4360 nobilium.

2193 4395 2243 4448 9.
2267 4397 2410 4466 Age,
2459 4394 2720 4461 Domine,
2751 4395 2866 4462 fac;
2901 4394 3102 4461 excita,
3133 4399 3191 4449 et
3235 4409 3437 4448 revoca
3465 4409 3599 4461 nos;
3629 4410 3823 4450 accen-

2121 4480 2212 4549 de,
2269 4487 2327 4536 et
2375 4499 2542 4554 rape;
2587 4483 2786 4553 flagra,
2819 4483 3113 4537 dulcesce:
3163 4497 3442 4546 amemus,
3492 4497 3812 4537 curramus.

2119 4570 2319 4624 Nonne
2349 4570 2518 4625 multi
2569 4587 2633 4624 ex
2662 4571 3033 4640 profundiore
3080 4573 3292 4624 tartaro
3323 4567 3590 4623 caecitatis
3633 4585 3811 4640 quam

2120 4657 2438 4712 Victorinus
2466 4658 2711 4713 redeunt
2735 4659 2803 4714 ad
2830 4664 2906 4729 te,
2934 4663 2990 4714 et
3017 4657 3311 4716 accedunt.
3333 4661 3392 4712 et
3410 4656 3818 4713 illuminantur

2116 4745 2456 4817 recipientes
2487 4747 2704 4812 lumen,
2745 4747 2899 4817 quod
2927 4745 2976 4800 si
3004 4745 3104 4816 qui
3133 4743 3433 4815 recipiunt,
3465 4744 3754 4816 accipiunt
3783 4764 3817 4803 a

2115 4838 2172 4889 te
2202 4838 2538 4904 potestatem
2569 4839 2632 4888 ut
2658 4834 2764 4888 ﬁlii
2791 4833 2876 4888 tui
2904 4833 3084 4888 ﬁant?
3111 4833 3300 4900 (Joan.
3335 4849 3374 4900 ι,
3406 4836 3460 4899 9,
3491 4834 3597 4903 t2.)
3628 4835 3740 4890 Sed
3769 4835 3818 4890 si

2116 4922 2308 4977 minus
2336 4922 2457 4977 noti
2479 4927 2613 4977 sunt
2639 4922 2886 4993 populis,
2918 4921 3109 4976 minus
3131 4921 3201 4976 de
3223 4921 3334 4976 illis
3359 4923 3612 4993 gaudent
3641 4924 3816 4980 etiam

2115 5009 2216 5080 qui
2246 5015 2528 5064 noverunt
2547 5026 2662 5064 eos.
2683 5010 2921 5074 Quando
2953 5009 3108 5064 enim
3137 5025 3267 5064 cum
3299 5011 3489 5065 multis
3510 5011 3812 5082 gaudetur,

2115 5097 2259 5152 etin
2298 5096 2536 5167 singulis
2570 5095 2797 5150 uberius
2837 5102 2920 5152 est
2950 5097 3242 5168 gaudium,
3275 5098 3411 5169 quia
3441 5099 3811 5155 fervefaciunt

2114 5201 2192 5251 se,
2225 5188 2282 5238 et
2302 5183 2733 5238 inﬂammantur
2760 5200 2825 5238 ex
2856 5185 3149 5240 alterutro.
3178 5186 3414 5253 Deinde,
3439 5185 3587 5258 quod
3609 5186 3810 5241 multis

2113 5272 2250 5339 noti,
2286 5272 2479 5326 multis
2530 5277 2662 5327 sunt
2718 5273 3038 5328 auctoritati
3084 5275 3154 5328 ad
3201 5275 3464 5345 salutem,
3503 5279 3560 5328 et
3609 5273 3808 5328 multis

2109 5364 2373 5432 praeeunt
2401 5361 2694 5416 secuturis.
2718 5363 2966 5435 Ideoque
2996 5364 3241 5418 multum
3271 5363 3341 5418 de
3367 5363 3478 5417 illis
3507 5365 3561 5417 et
3584 5361 3681 5433 qui
3708 5379 3809 5418 eos
3846 5357 3852 5367 ’

2109 5453 2525 5519 praecesserunt
2570 5450 2856 5518 laetantur,
2901 5451 3038 5522 quia
3091 5468 3209 5506 non
3245 5451 3315 5507 de
3355 5450 3488 5506 solis
3517 5451 3805 5508 laetantur.

2113 5538 2272 5594 Absit
2299 5537 2455 5595 enim
2475 5543 2538 5596 ut
2566 5537 2628 5595 in
2655 5539 3020 5598 tabernaculo
3052 5545 3151 5596 tuo
3181 5555 3302 5612 prae
3339 5537 3686 5612 pauperibus
3720 5556 3808 5595 ac-
