4058 6352
352 319 462 371 755

355 451 394 490 n
409 438 633 490 ostrum
649 430 1092 489 familiarissimo
1106 427 1457 494 Vcrecundo,
1477 424 1880 483 Mediolanensi
1891 423 1995 478 civi
2009 426 2066 479 et

366 521 746 593 grammatico
775 521 1130 585 subdoceret,
1153 517 1517 572 vehementer
1535 511 1875 568 desideranti
1896 516 1954 566 et
1981 512 2064 566 fa-

366 608 720 664 miliaritatis
733 609 866 679 jure
879 605 1158 677 ﬂagitanti
1178 606 1247 659 de
1266 619 1502 659 numero
1519 603 1710 656 nostro
1727 599 1890 654 ﬁdele
1908 600 2066 671 adju-

366 696 598 759 torium,
629 712 748 766 quo
791 696 1088 767 indigebat
1117 694 1308 748 nimis.
1351 694 1471 746 Non
1501 691 1695 760 itaque
1728 688 2064 743 Nebridium

366 783 648 853 cupiditas
669 784 1106 838 commodorum
1131 798 1196 836 eo
1219 781 1386 836 traxit
1411 795 1424 833 :
1451 778 1668 847 majora
1695 777 1847 831 enim
1873 781 2067 848 posset

370 869 417 922 si
463 869 632 922 vellet
674 869 746 924 de
792 870 994 924 litteris
1036 884 1238 939 agere;
1284 865 1382 919 sed
1428 863 1613 918 ofﬁcio
1651 864 2065 919 benevolentiae

371 955 708 1026 petitionem
730 962 988 1012 nostram
1017 959 1378 1010 contemnere
1401 952 1586 1005 noluit
1614 952 1829 1006 amicus
1857 953 2063 1007 dulcis-

368 1044 546 1098 simus
589 1049 646 1099 et
690 1046 1040 1100 mitissimus.
1084 1033 1302 1112 Agebat
1333 1045 1526 1094 autem
1570 1040 1712 1094 illud
1743 1041 2061 1111 prudentis-

370 1132 534 1200 sime,
567 1149 768 1188 cavens
798 1135 1150 1187 innotescere
1176 1128 1434 1199 personis
1463 1129 1774 1183 secundum
1810 1129 1917 1183 hoc
1956 1144 2064 1182 sa:-

371 1223 563 1274 culum
585 1221 917 1291 majoribus,
933 1218 1185 1273 devitans
1197 1217 1255 1270 in
1272 1216 1350 1272 eis
1363 1233 1594 1271 omnem
1606 1217 2065 1288 inquietudinem

373 1307 575 1375 animi,
605 1324 776 1378 quem
809 1307 1031 1362 volebat
1069 1305 1277 1359 habere
1308 1305 1551 1358 liberum
1583 1309 1638 1358 et
1669 1321 1841 1376 quam
1869 1305 2065 1360 multis

371 1401 563 1467 posset
602 1396 758 1450 horis
809 1395 1097 1460 feriatum,
1153 1393 1223 1447 ad
1270 1393 1645 1464 quaerendum
1698 1393 1934 1465 aliquid,
1977 1393 2065 1448 vel

368 1484 677 1556 legendum
706 1484 795 1537 vel
825 1483 1176 1538 audiendum
1203 1481 1271 1536 de
1303 1481 1603 1550 sapientia.

443 1574 527 1628 14.
559 1571 818 1638 Quodam
843 1570 1020 1642 igitur
1051 1570 1158 1638 die,
1183 1585 1300 1623 non
1323 1570 1513 1624 recolo
1536 1585 1766 1624 causam
1809 1585 1922 1642 qua
1946 1573 2068 1626 erat

370 1660 576 1716 absens
615 1659 935 1725 Nebridius,
978 1674 1110 1712 cum
1141 1674 1268 1712 ecce
1301 1659 1372 1712 ad
1402 1675 1504 1712 nos
1534 1659 1772 1714 domum
1801 1659 1958 1713 venit
1993 1659 2065 1714 ad

373 1764 467 1804 me
496 1754 553 1804 et
588 1748 856 1820 Alypium
905 1746 1261 1802 Pontitianus
1290 1745 1310 1779 ¹
1350 1746 1582 1818 quidam
1621 1747 1757 1801 civis
1786 1751 1976 1802 noster
2004 1748 2067 1802 in

372 1842 653 1910 quantum
686 1837 838 1903 Afer,
871 1836 1143 1908 praeclare
1182 1835 1245 1890 in
1283 1836 1498 1906 palatio
1536 1835 1822 1890 militans:
1873 1836 2065 1891 nescio

375 1927 514 1997 quid
532 1943 564 1979 a
589 1925 750 1980 nobis
771 1924 1013 1978 volebat.
1039 1925 1104 1978 Et
1119 1923 1478 1978 consedimus
1498 1927 1561 1978 ut
1577 1925 2064 1994 colloqueremur;

375 2018 431 2067 et
461 2013 602 2067 forte
647 2028 820 2083 supra
862 2027 1123 2066 mensam
1169 2009 1436 2065 lusoriam
1468 2029 1597 2084 quae
1637 2017 1768 2066 ante
1797 2028 1901 2066 nos
1925 2016 2065 2082 erat,

375 2101 616 2156 attendit
661 2100 934 2164 codicem,
989 2100 1140 2165 tulit,
1189 2099 1432 2170 aperuit,
1482 2100 1703 2154 invenit
1749 2101 2066 2172 apostolum

377 2189 634 2252 Paulum,
671 2187 962 2259 inopinate
1010 2203 1183 2242 sane:
1231 2191 1530 2258 putaverat
1559 2189 1713 2242 enim
1753 2187 1969 2259 aliquid
1998 2188 2067 2243 de

374 2276 536 2331 libris
563 2292 812 2348 quorum
842 2275 1118 2348 professio
1145 2292 1238 2331 me
1268 2277 1620 2331 conterebat.
1651 2279 1796 2331 Tum
1820 2292 1955 2330 vero
1983 2292 2069 2330 ar-

377 2365 587 2433 ridens,
618 2380 826 2436 meque
851 2364 1104 2431 intuens,
1137 2364 1508 2436 gratulatorie
1538 2364 1778 2418 miratus
1798 2368 1884 2418 est
1915 2365 2067 2435 quod

377 2469 470 2508 eas
512 2458 568 2508 et
612 2454 760 2507 solas
792 2469 910 2524 prie
940 2452 1117 2508 oculis
1153 2452 1296 2507 meis
1325 2452 1543 2507 litteras
1573 2456 1810 2523 repente
1836 2468 2067 2522 compe-

377 2542 557 2596 risset.
589 2541 939 2596 Christianus
961 2541 1178 2612 quippe
1210 2545 1268 2596 et
1295 2540 1479 2595 ﬁdelis
1511 2545 1652 2608 erat,
1689 2544 1746 2595 et
1783 2556 1934 2611 saepe
1963 2539 2068 2594 tibi

379 2631 490 2685 Deo
521 2633 715 2684 nostro
745 2630 1208 2700 prosternebatur
1243 2630 1303 2684 in
1347 2628 1582 2684 ecclesia
1620 2629 1830 2684 crebris
1861 2633 1916 2683 et
1942 2628 2068 2684 diu-

371 2717 565 2773 turnis
612 2717 984 2772 orationibus.
1018 2719 1120 2774 Cui
1169 2734 1273 2789 ego
1302 2734 1433 2773 cum
1468 2718 1806 2772 iudicassem
1836 2717 1947 2772 illis
1977 2733 2070 2773 me

380 2805 685 2877 Scripturis
740 2821 934 2859 curam
988 2805 1299 2860 maximam
1371 2805 1726 2877 impendere,
1780 2810 1935 2860 ortus
1985 2809 2072 2861 est

378 2909 587 2961 sermo,
621 2893 745 2964 ipso
770 2898 1058 2964 narrante,
1095 2895 1164 2949 de
1193 2894 1440 2949 Antonio
1475 2894 1735 2966 Egyptio
1766 2895 2068 2963 monacho,

378 2983 538 3054 cujus
582 2998 792 3037 nomen
835 2983 1175 3038 excellenter
1211 2984 1459 3038 clarebat
1488 2984 1640 3054 apud
1675 2999 1862 3037 servos
1900 2988 2067 3052 tuos;

383 3087 486 3126 nos
515 3074 708 3126 autem
736 3087 918 3143 usque
953 3071 1015 3126 in
1054 3071 1212 3126 illam
1250 3071 1451 3127 horam
1494 3071 1724 3126 latebat.
1765 3071 1929 3136 Quod
1976 3072 2070 3126 ille

377 3159 478 3216 ubi
508 3159 805 3231 comperit,
828 3159 1164 3214 immoratus
1187 3163 1271 3214 est
1289 3159 1349 3214 in
1376 3177 1443 3215 eo
1466 3175 1751 3230 sermone,
1773 3159 2071 3213 insinuans

378 3249 602 3301 tantum
658 3246 847 3300 virum
893 3246 1311 3318 ignorantibus,
1371 3251 1428 3301 et
1472 3247 1763 3301 admirans
1809 3245 2072 3300 eamdem

379 3339 633 3390 nostram
662 3334 1066 3405 ignorantiam.
1119 3335 1501 3405 Stupebamus
1550 3338 1742 3388 autem
1774 3333 2070 3388 audientes

379 3425 497 3475 tam
535 3421 746 3475 recenti
781 3422 1080 3490 memoria,
1137 3426 1193 3476 et
1237 3439 1415 3494 prope
1461 3421 1670 3477 nostris
1717 3421 2073 3493 temporibus

381 3509 741 3565 testatissima
768 3510 1055 3565 mirabilia
1099 3515 1198 3565 tua
1235 3511 1295 3564 in
1348 3511 1462 3566 ﬁde
1507 3515 1662 3566 recta
1699 3514 1758 3566 et
1798 3510 2074 3566 catholica

383 3598 643 3653 Ecclesia.
675 3601 885 3655 Omnes
917 3598 1290 3668 mirabamur,
1324 3603 1381 3654 et
1406 3616 1512 3654 nos
1543 3599 1678 3671 quia
1703 3603 1823 3655 tam
1863 3615 2074 3671 magna

380 3690 563 3753 erant,
598 3689 652 3741 et
676 3686 772 3741 ille
803 3687 938 3758 quia
968 3687 1225 3743 inaudita
1252 3688 1416 3744 nobis
1441 3692 1629 3744 erant.

458 3779 541 3829 15.
575 3775 711 3830 Inde
741 3793 927 3831 sermo
975 3777 1097 3848 ejus
1143 3778 1440 3832 devolutus
1481 3782 1566 3832 est
1595 3777 1664 3832 ad
1696 3776 2073 3832 monasterio-

380 3879 509 3919 rum
539 3881 760 3937 greges,
793 3870 848 3920 et
875 3882 1063 3920 mores
1091 3866 1492 3922 suaveolentiae
1517 3870 1653 3934 tuae,
1688 3870 1744 3920 et
1770 3866 1948 3921 ubera
1975 3866 2072 3920 de-

380 3959 530 4008 serta
574 3953 753 4009 eremi
799 3971 1045 4026 quorum
1092 3971 1194 4010 nos
1250 3955 1395 4009 nihil
1446 3954 1782 4010 sciebamus.
1840 3956 1906 4009 Et
1953 3957 2074 4008 erat

381 4043 793 4096 monasterium
824 4043 1121 4099 Mediolani
1151 4045 1386 4114 plenum
1413 4043 1579 4098 bonis
1597 4043 1886 4110 fratribus,
1917 4047 2075 4097 extra

381 4131 541 4185 urbis
569 4130 802 4193 moenia,
835 4130 939 4185 sub
979 4131 1277 4186 Ambrosio
1305 4133 1619 4199 nutritore;
1661 4137 1719 4186 et
1748 4147 1863 4186 non
1901 4147 2074 4186 nove-

382 4234 594 4273 ramus.
629 4218 1008 4273 Pertendebat
1051 4219 1147 4273 ille
1189 4223 1245 4274 et
1272 4219 1618 4290 loquebatur
1645 4219 1851 4287 adhuc,
1885 4224 1942 4274 et
1968 4235 2075 4273 nos

383 4306 589 4360 intenti
641 4307 989 4361 tacebamus.
1044 4307 1199 4362 Unde
1259 4307 1462 4362 incidit
1514 4312 1578 4363 ut
1631 4307 1840 4362 diceret
1889 4307 2074 4362 nescio

382 4394 610 4465 quando
632 4411 690 4449 se
719 4399 777 4448 et
814 4399 927 4449 tres
965 4395 1108 4449 alios
1136 4395 1567 4450 contubernales
1603 4412 1753 4464 suos,
1798 4396 2075 4451 nimirum

383 4483 536 4554 apud
587 4485 880 4549 Treveros,
921 4499 1052 4537 cum
1081 4484 1393 4555 imperator
1419 4484 1816 4555 pomeridiano
1846 4486 2073 4539 Circen—

385 4571 534 4626 sium
579 4573 898 4643 spectaculo
953 4577 1263 4641 teneretur,
1309 4573 1489 4629 exisse
1545 4574 1971 4630 deambulatum
2015 4575 2074 4630 in

385 4660 580 4714 hortos
607 4659 788 4714 muris
813 4661 1110 4733 contiguos
1134 4678 1147 4729 ;
1172 4665 1342 4734 atque
1371 4662 1488 4717 illic
1507 4667 1572 4718 ut
1590 4662 1734 4719 forte
1765 4664 2076 4719 combinati

385 4748 800 4818 spatiabantur,
834 4765 1016 4804 unum
1047 4767 1241 4806 secum
1272 4767 1548 4820 seorsum,
1581 4756 1637 4807 et
1663 4752 1803 4807 alios
1835 4754 1980 4808 duos
2007 4754 2076 4808 it-

382 4836 538 4892 idem
571 4853 824 4893 seorsum
850 4840 1196 4912 [pariterque
1229 4841 1546 4912 digressos:
1598 4841 1697 4896 sed
1739 4842 1867 4897 illos
1903 4857 2075 4914 vaga-

383 4925 606 4981 bundos
650 4925 882 4982 irruisse
931 4928 991 4982 in
1026 4930 1336 5000 quamdam
1368 4946 1576 4998 casam,
1611 4930 1709 4986 ubi
1739 4931 2075 4986 habitabant

384 5015 618 5085 quidam
635 5014 896 5083 servitui,
910 5016 1112 5087 spiritu
1125 5035 1423 5090 pauperes,
1444 5020 1701 5091 qualium
1725 5024 1808 5074 est
1830 5036 2072 5090 regnum

383 5105 658 5158 caelorum
702 5105 919 5172 (Matth.
980 5122 1032 5173 ν,
1080 5106 1154 5178 3),
1188 5111 1246 5162 et
1281 5107 1562 5163 invenisse
1591 5108 1676 5163 ibi
1713 5109 1966 5163 codicem
2011 5109 2073 5162 in

383 5207 494 5263 quo
519 5192 728 5263 scripta
747 5197 868 5248 erat
891 5193 1003 5249 vita
1021 5196 1274 5253 Antonii.
1309 5198 1491 5262 Quam
1509 5198 1702 5268 legere
1731 5197 1902 5268 coepit
1925 5213 2074 5250 unus

381 5297 604 5351 eorum,
638 5286 693 5336 et
721 5281 938 5353 mirari,
973 5290 1028 5340 et
1057 5287 1308 5350 accendi,
1345 5291 1400 5341 et
1429 5286 1578 5340 inter
1607 5284 1912 5355 legendum
1951 5302 2072 5340 me-

380 5369 547 5428 ditari
577 5371 830 5444 arripere
859 5375 1030 5430 talem
1055 5375 1250 5444 vitam,
1282 5378 1338 5430 et
1362 5374 1558 5429 relicta
1585 5372 1790 5428 militia
1818 5374 2074 5429 saeculari

439 5553 450 5585 ³
479 5551 562 5603 Sic
587 5551 644 5600 in
682 5548 800 5599 Mss.
829 5550 892 5601 At
916 5551 969 5602 in
1000 5551 1270 5602 codicibus
1296 5549 1449 5600 editis
1477 5550 1722 5600 scribitur
1746 5552 2067 5602 Potitianus.

1575 301 2107 362 CONFESSIONUM
2145 301 2202 359 S.
2242 299 2650 359 AUGUSTlNl.

3757 306 3864 358 756

2175 423 2384 480 servire
2414 423 2551 479 tibi:
2575 420 2778 478 erant‘
2807 427 3000 479 autem
3027 439 3094 478 ex
3123 424 3203 479 eis
3232 439 3376 496 quos
3405 423 3600 479 dicunt
3628 431 3866 496 agentes

2173 511 2234 567 in
2253 512 2441 568 rebus.
2477 513 2634 566 Tunc
2659 511 2849 567 subito
2879 513 3128 584 repletus
3158 529 3352 568 amore
3381 517 3571 567 sancto
3595 516 3652 568 et
3675 513 3865 568 sobrio

2173 601 2409 672 pudore,
2437 600 2617 655 iratus
2659 599 2769 654 sibi
2812 601 3053 672 conjecit
3081 602 3276 656 oculos
3312 601 3373 656 in
3399 601 3668 669 amicum,
3701 606 3756 657 et
3787 602 3868 658 ait

2173 689 2256 742 illi
2284 705 2299 743 :
2327 691 2440 756 Dic,
2485 704 2661 760 quaso
2686 693 2754 756 te,
2799 690 3044 745 omnibus
3073 693 3196 745 istis
3229 691 3502 746 laboribus
3531 693 3731 746 nostris
3761 707 3866 760 quo

2174 778 2438 833 ambimus
2477 781 2761 847 pervenire
2789 778 2817 834 ?
2860 779 2994 847 quid
3023 782 3311 848 quwrimus
3334 779 3362 835 ?
3405 780 3556 849 cujus
3594 781 3675 834 rei
3702 794 3870 834 causa

2172 869 2467 921 militamus
2495 869 2523 921 7
2548 868 2788 935 Majorne
2815 882 2926 922 esse
2950 871 3152 936 poterit
3178 883 3296 937 spes
3333 873 3521 922 nostra
3550 869 3608 922 in
3629 869 3865 937 palatio,

2175 971 2339 1024 quam
2357 960 2418 1009 ut
2445 953 2609 1010 amici
2632 957 2979 1024 Imperatoris
3007 958 3173 1010 simus
3193 960 3222 1011 ἵ
3250 959 3322 1011 Et
3348 957 3428 1011 ibi
3455 956 3590 1025 quid
3616 971 3723 1010 non
3749 957 3870 1022 fra-

2173 1045 2297 1110 gile,
2321 1045 2643 1113 plenumque
2670 1045 2929 1113 periculis
2951 1047 2979 1098 ?
3003 1047 3075 1098 Et
3087 1059 3189 1113 per
3209 1048 3338 1112 quot
3357 1045 3605 1114 pericula
3627 1045 3868 1115 perveni.

2176 1137 2265 1186 tur
2284 1131 2357 1186 ad
2375 1133 2640 1200 grandius
2654 1133 2957 1202 periculum
2977 1135 3004 1186 ?
3021 1135 3093 1188 Et
3112 1133 3328 1202 quando
3343 1131 3368 1166 ³
3388 1135 3523 1187 istuc
3543 1134 3647 1187 erit
3668 1135 3696 1186 ?
3713 1133 3867 1187 Ami-

2175 1235 2266 1274 cus
2293 1225 2470 1274 autem
2509 1223 2626 1287 Dei,
2657 1222 2708 1275 si
2747 1222 2983 1290 coluero,
3011 1236 3124 1274 ecce
3159 1235 3300 1275 nunc
3341 1223 3428 1289 ﬁo.
3471 1219 3622 1275 Dixit
3647 1221 3778 1286 hoc,
3811 1223 3867 1274 et

2173 1307 2438 1363 turbidus
2473 1309 2852 1380 parturitione
2880 1325 3038 1363 novae
3071 1308 3224 1376 vitaz,
3253 1308 3504 1364 reddidit
3539 1309 3732 1363 oculos
3760 1325 3864 1379 pa-

2175 1395 2359 1467 ginis;
2396 1399 2452 1450 et
2479 1396 2723 1467 legebat,
2756 1401 2812 1452 et
2841 1397 3170 1452 mutabatur
3205 1395 3359 1451 intus
3388 1396 3487 1450 ubi
3515 1401 3579 1451 tu
3607 1396 3859 1460 videbas,

2173 1485 2553 1539 etexuebatur
2575 1485 2789 1540 mundo
2809 1500 2972 1540 mens
2991 1487 3130 1557 ejus,
3152 1489 3217 1540 ut
3235 1501 3370 1540 mox
3391 1485 3676 1557 apparuit.
3699 1485 3867 1539 Nam-

2175 1589 2287 1644 que
2315 1574 2453 1628 dum
2481 1573 2622 1645 legit
2658 1578 2716 1628 et
2751 1573 2923 1628 volvit
2963 1574 3169 1628 fluctus
3213 1574 3396 1629 cordis
3425 1573 3534 1640 sui,
3567 1571 3868 1628 infremuit

2177 1661 2482 1733 aliquando
2520 1666 2576 1715 et
2615 1661 2896 1727 discrevit,
2936 1661 3296 1733 decrevitque
3328 1661 3600 1728 meliora;
3628 1662 3870 1732 jamque

2175 1751 2328 1817 tuus,
2360 1748 2440 1802 ait
2477 1749 2659 1803 amico
2699 1764 2839 1802 suo:
2872 1751 2986 1816 Ego
3006 1750 3128 1818 jam
3168 1749 3370 1818 abrupi
3405 1764 3487 1803 me
3515 1748 3582 1803 ab
3629 1749 3728 1803 ilia
3774 1763 3871 1818 spe

2175 1841 2382 1899 nostra,
2413 1842 2462 1891 ct
2494 1839 2592 1890 Deo
2621 1840 2822 1891 servire
2845 1839 3017 1891 statui
3040 1853 3054 1904 ;
3087 1837 3254 1892 ethoc
3281 1852 3347 1890 ea:
3373 1837 3507 1892 hora
3536 1837 3656 1905 hac,
3684 1838 3745 1890 in
3771 1838 3870 1890 hoc

2177 1927 2283 1980 loco
2313 1926 2620 1993 aggredior.
2666 1928 2736 1980 Te
2761 1927 2812 1980 si
2835 1927 2984 1994 pigit
3014 1927 3242 1988 imitari,
3271 1926 3386 1979 noli
3412 1925 3720 1979 adversari.
3756 1925 3870 1979 Re-

2177 2013 2406 2084 spondit
2448 2014 2565 2080 ille,
2609 2013 2896 2068 adhaerere
2947 2029 3007 2068 se
3052 2014 3269 2068 socium
3296 2018 3317 2049 ³
3369 2017 3543 2068 tantae
3589 2012 3873 2068 mercedis

2176 2106 2466 2172 tantasque
2512 2101 2751 2155 militiae.
2785 2103 2849 2156 Et
2877 2102 3047 2155 ambo
3072 2102 3192 2172 jam
3223 2101 3330 2168 tui,
3361 2101 3717 2157 aediﬁcabant
3745 2105 3874 2156 tur-

2177 2190 2287 2244 rim
2313 2193 2539 2261 sumptu
2572 2189 2777 2244 idoneo
2808 2189 3131 2261 relinqendi
3152 2191 3346 2244 omnia
3375 2206 3479 2244 sua
3504 2194 3561 2245 et
3593 2191 3875 2262 sequendi

2176 2283 2234 2332 te
2261 2277 2418 2350 (Luc.
2452 2294 2564 2348 xxv,
2595 2279 2807 2350 26-35).
2840 2280 2982 2333 Tum
3028 2277 3387 2333 Pontitianus
3426 2283 3484 2333 et
3511 2278 3612 2349 qui
3641 2294 3770 2333 cum
3801 2295 3874 2334 eo

2177 2382 2281 2438 per
2326 2367 2466 2420 alias
2506 2366 2659 2421 horti
2695 2371 2888 2437 partes
2935 2366 3395 2434 deambulabant,
3421 2371 3742 2437 quaerentes
3773 2383 3876 2420 eos

2179 2455 2532 2508 devenerunt
2572 2453 2634 2507 in
2663 2453 2931 2508 eumdem
2968 2455 3175 2517 locum,
3207 2458 3262 2508 et
3288 2454 3641 2509 invenientes
3672 2455 3877 2509 admo-

2180 2546 2429 2596 nuerunt
2473 2546 2533 2596 ut
2571 2541 2840 2606 redirent,
2892 2543 3047 2613 quod
3095 2541 3433 2597 declinasset
3476 2541 3616 2597 dies.
3665 2543 3737 2598 At
3786 2542 3876 2596 illi

2179 2634 2407 2684 narrato
2427 2629 2635 2700 placito
2675 2633 2730 2684 et
2766 2628 3058 2700 proposito
3089 2646 3215 2697 suo,
3249 2646 3476 2702 quoque
3503 2631 3675 2686 modo
3700 2630 3762 2686 in
3786 2615 3880 2685 eis

2181 2718 2309 2773 talis
2337 2718 2599 2772 voluntas
2632 2721 2755 2772 orta
2785 2722 2934 2773 esset
2961 2722 3134 2789 atque
3163 2718 3410 2787 ﬁrmata,
3439 2718 3770 2790 petiverunt
3799 2734 3880 2774 ne

2179 2807 2287 2861 sibi
2316 2806 2541 2862 molesti
2587 2810 2775 2861 essent
2811 2805 2860 2861 si
2902 2806 3137 2878 adjungi
3166 2812 3515 2861 recusarent.
3550 2807 3648 2861 Isti
3677 2812 3879 2862 autem

2180 2896 2362 2951 nihilo
2401 2895 2604 2950 mutati
2646 2911 2680 2949 a
2724 2894 3004 2967 pristinis,
3034 2895 3317 2949 ﬂeverunt
3345 2911 3405 2949 se
3443 2899 3661 2962 tamen,
3692 2899 3755 2949 ut
3784 2895 3880 2950 di-

2180 2985 2340 3039 cebat
2358 2983 2402 3054 ",
2433 2989 2602 3056 atque
2633 2983 2743 3038 illis
2767 2983 2862 3055 pie
2891 2984 3271 3054 congratulati
3299 2987 3452 3051 sunt,
3485 2987 3542 3038 et
3571 2999 3873 3038 commen-

2179 3074 2456 3128 daverunt
2495 3089 2554 3127 se
2597 3072 2950 3128 orationibus
2993 3089 3213 3140 eorum,
3258 3077 3316 3127 et
3359 3073 3648 3127 trahentes
3691 3088 3786 3127 cor
3813 3072 3884 3128 in

2179 3164 2332 3214 terra
2363 3159 2627 3215 abierunt
2653 3160 2714 3215 in
2743 3161 3021 3231 palatium
3047 3181 3062 3229 ;
3088 3161 3174 3214 illi
3205 3166 3400 3223 autem
3429 3161 3749 3233 aftligentes
3779 3178 3884 3217 cor

2180 3250 2320 3304 cmlo
2351 3253 2687 3304 manserunt
2714 3249 2774 3303 in
2803 3265 2952 3304 casa.
2993 3251 3058 3304 Et
3087 3250 3252 3305 ambo
3283 3249 3568 3305 habebant
3596 3266 3834 3321 sponsas
3859 3267 3875 3306 :

2181 3354 2311 3409 quas
2332 3342 2704 3409 posteaquam
2722 3338 2826 3393 hoc
2842 3338 3167 3406 audierunt,
3192 3338 3527 3395 dicaverunt
3541 3339 3713 3395 etiam
3735 3337 3883 3410 ipsa;

2182 3422 2567 3494 virginitatem
2596 3421 2717 3477 tibi.

2836 3527 3062 3582 CAPUT
3103 3527 3217 3582 VII.

2509 3632 2815 3689 Rodebatur
2841 3635 2987 3688 intus
3019 3634 3205 3689 audito
3234 3637 3566 3690 Pontitiano.

2258 3742 2340 3796 16.
2375 3739 2650 3794 Narrabat
2675 3739 2799 3794 haec
2830 3739 3224 3798 Pontitianus:
3273 3745 3335 3796 tu
3365 3745 3578 3808 autem,
3614 3740 3878 3808 Domine,

2181 3829 2330 3884 inter
2358 3827 2528 3882 verba
2555 3828 2676 3899 ejus
2715 3829 3082 3900 retorquebas
3125 3845 3216 3883 me
3261 3830 3332 3884 ad
3375 3829 3681 3900 meipsum,
3722 3830 3878 3884 aufe-

2183 3934 2314 3972 rens
2342 3933 2436 3972 me
2464 3934 2498 3972 a
2527 3917 2692 3972 dorso
2718 3933 2845 3971 meo
2877 3916 2976 3971 ubi
3017 3933 3108 3973 me
3139 3935 3466 3990 posueram,
3497 3919 3635 3973 dum
3662 3919 3880 3973 nollem

2183 4023 2275 4062 me
2304 4006 2633 4074 attendere;
2667 4009 2723 4062 et
2749 4007 3131 4062 constituebas
3162 4023 3251 4061 me
3283 4012 3412 4061 ante
3433 4006 3634 4061 faciem
3662 4023 3879 4075 meam,
3967 4054 3971 4058 .

2185 4099 2247 4149 ut
2287 4094 2538 4150 viderem
2578 4111 2750 4167 quam
2795 4095 2981 4166 turpis
3035 4111 3237 4162 essem,
3287 4113 3460 4168 quam
3512 4096 3780 4152 distortus
3820 4102 3884 4153 et

2184 4184 2470 4254 sordidus,
2499 4185 2818 4239 maculosus
2850 4188 2906 4239 et
2936 4184 3238 4239 ulcerosus.
3266 4185 3330 4240 Et
3354 4184 3636 4252 videbam,
3669 4190 3724 4240 et
3748 4187 3882 4242 hor-

2185 4273 2380 4327 rebam
2405 4293 2420 4342 ;
2446 4277 2503 4328 et
2531 4289 2642 4344 quo
2673 4289 2706 4327 a
2735 4289 2826 4328 me
2855 4273 3114 4344 fugerem
3139 4289 3257 4326 non
3287 4276 3429 4326 erat.
3462 4273 3526 4326 Et
3554 4271 3600 4325 si
3629 4272 3882 4327 conabar

2186 4379 2219 4416 a
2241 4378 2331 4417 me
2356 4366 2606 4417 avertere
2636 4366 2946 4434 aspectum,
2977 4360 3246 4415 narrabat
3275 4360 3370 4414 ille
3400 4359 3551 4431 quod
3581 4361 3876 4428 narrabat,

2187 4454 2242 4505 et
2265 4454 2328 4504 tu
2357 4466 2448 4504 me
2463 4466 2657 4504 rursus
2686 4449 3011 4520 opponebas
3033 4447 3195 4514 mihi,
3223 4451 3278 4501 et
3303 4447 3660 4517 impingcbas
3689 4462 3781 4500 me
3812 4447 3881 4503 in

2185 4538 2372 4594 oculos
2401 4555 2560 4594 meos
2592 4541 2651 4592 ut
2680 4536 2997 4592 invenirem
3026 4535 3386 4606 iniquitatem
3416 4550 3604 4588 meam
3635 4537 3691 4588 et
3719 4533 3880 4589 odis-

2184 4643 2324 4684 sem.
2361 4628 2638 4682 Noveram
2679 4641 2826 4694 eam,
2876 4625 2975 4681 sed
3007 4621 3477 4690 dissimulabam;
3512 4626 3568 4678 et
3597 4622 3878 4680 connive-

2182 4716 2314 4772 bam
2345 4715 2384 4779 ⁵,
2412 4719 2467 4770 et
2495 4714 2882 4770 obliviscebar.

2258 4809 2341 4860 17.
2390 4806 2547 4860 Tunc
2578 4820 2734 4871 vero,
2766 4806 2982 4876 quanto
3025 4799 3316 4856 ardentius
3347 4800 3610 4858 amabam
3641 4801 3772 4859 illos
3798 4803 3870 4859 de

2247 4931 2262 4965 ι
2293 4929 2408 4978 Am.
2434 4928 2521 4977 Er.
2553 4929 2697 4984 Lov..
2725 4928 2862 4978 erat.

2244 4993 2354 5054 971a
2381 4991 2642 5054 plerisque
2660 4989 2904 5054 AEdd:,_et
2930 4986 3306 5054 ᾳτιαηιάῐαεᾼι
3333 4987 3388 5054 in
3415 4987 3720 5039 melioribus
3749 4990 3874 5054 Mss.

2183 5056 2235 5103 et
2259 5049 2404 5111 Arni,
2424 5056 2477 5102 et
2494 5049 2731 5114 quando.
2747 5049 3010 5114 Malunius
3033 5054 3090 5098 ut
3105 5049 3378 5114 antithesis
3395 5056 3650 5114 servetur,
3678 5051 3802 5114 quia
3819 5053 3875 5101 in

2183 5115 2421 5177 sequenti
2444 5110 2679 5162 membro
2706 5113 2914 5171 dicitur,
2939 5125 3053 5186 ecce
3078 5125 3222 5162 stunc
3246 5110 3336 5186 fio.
3364 5140 3420 5146 —
3441 5113 3524 5161 Er.
3551 5110 3712 5177 Lugd:
3742 5114 3870 5163 Ven.

2183 5178 2306 5226 Lov.
2334 5178 2482 5225 Mart.
2507 5176 2640 5224 Flor.
2673 5179 2726 5224 et
2752 5175 2945 5226 Rond..
2969 5174 3136 5226 istud.
3167 5189 3275 5224 non
3297 5178 3448 5225 istuc.
3514 5176 3582 5224 Μ.

2223 5191 2306 5226 ον.
2334 5189 2482 5225 Μαι-ι.
2507 5189 2640 5224 ιέιοιι.
2673 5189 2726 5224 ει
2752 5189 2945 5233 Ιίοῦαη
2969 5189 3136 5229 isma.
3167 5189 3275 5224 11011
3297 5189 3448 5225 ιςηισ.
3514 5189 3582 5224 ΠΙ.

2245 5242 2264 5274 3
2296 5238 2378 5287 Sic
2403 5239 2523 5286 Mss.
2551 5239 2616 5286 At
2644 5238 2788 5294 Lov.,
2817 5239 2965 5285 socio.

2245 5303 2266 5336 ι
2298 5300 2540 5362 Decebal,
2560 5299 2712 5363 juxta
2737 5298 2935 5349 Somm.
2967 5301 3018 5348 et
3037 5298 3142 5363 duo
3165 5300 3284 5363 Mss.
3311 5301 3701 5363 Germanenses.
3770 5299 3840 5363 M.

2244 5365 2264 5398 ὕ
2295 5363 2415 5411 Lov.
2449 5362 2504 5410 in
2531 5361 2758 5424 quatuor
2785 5363 2894 5410 suis
2926 5363 3046 5412 Mss.
3069 5361 3275 5424 legebat
3298 5362 3662 5424 convivebam:
3692 5373 3790 5424 nos
3818 5361 3873 5411 in

2183 5425 2376 5475 nostris
2413 5421 2702 5486 reperimus
2732 5424 3090 5474 conhibebam.
3125 5421 3324 5486 Nempe
3356 5437 3504 5486 suam
3539 5421 3873 5486 iniquitatem

2184 5501 2362 5536 secum
2401 5484 2641 5545 habebat,
2673 5487 3003 5546 convivebat,
3047 5489 3098 5534 et
3133 5484 3308 5535 tamen
3347 5484 3771 5534 obliviscebatur.
3812 5514 3870 5522 --

2183 5547 2519 5610 Cohibebam,
2546 5549 2699 5614 juxta
2719 5549 3001 5600 editionem
3028 5549 3398 5601 Florentinam.
3466 5548 3532 5596 Μ.
