4058 6352
110 307 207 360 757

114 425 320 499 quibus
350 424 653 483 audiebam
675 425 930 482 salubres
966 427 1221 491 affectus,
1251 427 1405 500 quod
1436 443 1495 483 se
1528 430 1676 483 totos
1702 426 1810 482 tibi

115 516 392 572 sanandos
420 515 724 580 dederant,
754 518 915 570 tanto
945 515 1346 571 exsecrabilius
1376 532 1469 572 me
1507 532 1809 587 compara-

116 610 232 659 tum
261 603 347 658 eis
364 604 622 659 oderam.
655 603 937 669 Quoniam
964 604 1129 659 multi
1159 605 1273 659 mei
1303 605 1440 660 anui
1478 621 1705 659 mecum
1729 604 1811 659 ef-

118 696 413 758 fluxerant,
459 692 611 747 forte
642 691 946 748 duodecim
971 691 1111 746 anni
1138 708 1207 747 ex
1247 709 1362 764 quo
1401 692 1471 747 ab
1500 692 1812 762 undevige-

121 782 255 838 simo
301 796 458 836 anno
516 780 703 836 astatis
749 796 915 844 mem,
965 781 1113 836 lecto
1162 781 1443 837 Ciceronis
1491 780 1812 849 Hortensio,

124 870 390 925 excitatus
430 885 590 925 eram
619 869 810 925 studio
851 868 1264 943 sapientiaa;_et
1306 869 1638 925 differebam
1683 884 1815 923 con-

119 957 603 1030 temptafelicitate
631 957 941 1013 terrenaad
954 974 1081 1012 eam
1105 958 1563 1028 investigandam
1587 972 1810 1023 vacare,

118 1047 269 1118 cujus
289 1061 412 1101 non
441 1045 722 1110 inventio,
745 1046 843 1100 sed
873 1046 958 1100 vel
983 1046 1104 1100 sola
1124 1045 1420 1117 inquisitio
1429 1046 1551 1116 jam
1582 1061 1811 1117 prmpo-

120 1135 301 1191 nenda
317 1138 442 1190 erat
462 1134 635 1190 etiam
654 1133 900 1189 inventis
915 1134 1198 1189 thesauris
1215 1134 1520 1206 regnisque
1532 1134 1810 1205 gentium,

122 1228 173 1279 et
196 1224 267 1279 ad
295 1227 507 1279 nutum
549 1222 1078 1278 circumﬂuentibus
1118 1222 1370 1294 corporis
1404 1221 1809 1293 voluptatibus.

123 1315 184 1370 Et
222 1328 330 1383 ego
390 1312 721 1367 adolescens
768 1310 963 1379 miser,
1012 1310 1175 1366 valde
1225 1310 1419 1377 miser,
1467 1309 1530 1364 in
1582 1308 1812 1365 exordio

123 1401 289 1473 ipsius
314 1399 719 1455 adolescentiae
745 1399 917 1454 etiam
938 1399 1214 1471 petieram
1237 1415 1269 1453 a
1298 1404 1356 1454 te
1383 1398 1724 1464 castitatem,
1757 1400 1814 1452 et

124 1489 418 1546 dixeram:
459 1488 543 1543 Da
582 1487 730 1543 mihi
774 1487 1093 1543 castitatem
1131 1491 1188 1542 et
1233 1486 1668 1553 continentiam,
1712 1484 1812 1540 sed

127 1577 236 1635 noli
264 1577 461 1632 modo.
508 1576 802 1632 Timebam
832 1576 987 1631 enim
1035 1592 1108 1631 ne
1136 1592 1229 1630 me
1259 1575 1371 1630 cito
1399 1572 1712 1638 exaudires,
1755 1577 1814 1626 et

124 1667 225 1721 cito
247 1681 479 1721 sanares
507 1681 541 1720 a
568 1665 773 1721 morbo
802 1663 1297 1736 concupiscentiae,
1329 1679 1502 1734 quam
1526 1661 1813 1716 malebam

126 1754 330 1826 expleri
360 1770 540 1826 quam
595 1753 900 1825 exstingui.
955 1755 1023 1808 Et
1066 1753 1247 1807 ieram
1294 1768 1401 1822 per
1452 1750 1571 1805 vias
1608 1765 1811 1820 pravas

126 1842 516 1915 superstitione
544 1841 841 1914 sacrilega,
868 1856 986 1896 non
1019 1841 1252 1913 quidem
1282 1844 1470 1894 certus
1504 1838 1565 1893 in
1593 1854 1681 1905 ea,
1714 1838 1814 1892 sed

128 1932 275 2004 quasi
302 1947 650 2003 prmponens
687 1945 816 1985 eam
845 1929 1064 1984 ueteris
1094 1931 1135 1997 ¹,
1167 1944 1297 2001 qua:
1327 1944 1444 1982 non
1471 1926 1566 1999 pie
1597 1941 1815 1998 quaere-

128 2021 269 2087 bam,
298 2020 396 2075 sed
427 2019 665 2074 inimice
684 2018 1114 2090 oppugnabam.

193 2112 271 2165 18.
311 2110 377 2164 Et
416 2111 756 2179 putaveram
784 2123 878 2162 me
919 2110 1223 2177 propterea
1252 2105 1478 2160 differre
1520 2103 1591 2158 de
1632 2103 1722 2157 die
1751 2101 1813 2156 in

130 2197 266 2252 diem
293 2200 627 2267 contempta
650 2212 748 2267 spe
776 2194 989 2264 saeculi,
1016 2198 1075 2248 te
1109 2194 1292 2248 solum
1320 2192 1502 2264 sequi,
1535 2190 1669 2263 quia
1696 2206 1813 2246 non

133 2286 262 2342 mihi
286 2286 604 2357 apparebat
627 2290 844 2339 certum
869 2282 1084 2354 aliquid
1108 2299 1222 2354 quo
1254 2282 1563 2353 dirigerem
1583 2295 1812 2335 cursum

134 2391 329 2430 meum.
354 2376 421 2429 Et
435 2377 674 2429 venerat
688 2373 810 2428 dies
832 2388 945 2443 quo
966 2372 1217 2426 nudarer
1236 2370 1400 2437 mihi,
1424 2374 1480 2425 et
1496 2370 1816 2439 increparet

137 2463 188 2519 iu
228 2480 313 2519 me
340 2462 694 2518 conscientia.
722 2477 885 2516 mea:
919 2460 1025 2515 Ubi
1071 2464 1158 2514 est
1185 2463 1208 2496 ³
1234 2458 1476 2530 lingua?
1506 2459 1721 2527 Nempe
1751 2460 1815 2511 tu

137 2552 340 2607 dicebas
362 2555 605 2622 propter
630 2550 914 2605 incertum
942 2564 1140 2603 verum
1162 2549 1317 2602 nolle
1346 2553 1401 2602 te
1431 2546 1678 2617 abjicere
1703 2561 1816 2599 sar-

135 2641 301 2696 cinam
329 2639 624 2695 vanitatis.
674 2640 817 2694 Ecce
842 2639 960 2709 jam
1004 2642 1220 2691 certum
1262 2641 1367 2702 est,
1419 2640 1476 2690 et
1502 2635 1601 2689 illa
1630 2639 1685 2688 te
1714 2634 1813 2688 ad-

139 2730 234 2784 huc
251 2728 482 2801 premit,
506 2728 880 2799 humerisque
896 2725 1257 2781 liberioribus
1272 2730 1490 2795 pennas
1511 2723 1813 2793 recipiunt,

139 2816 225 2889 qui
249 2833 430 2888 neque
454 2817 535 2871 ita
567 2816 909 2886 inquirendo
938 2813 1116 2868 attriti
1145 2817 1297 2878 sunt,
1338 2828 1443 2866 nec
1466 2810 1737 2866 decennio
1759 2813 1818 2864 et

142 2906 361 2976 amplius
389 2905 502 2959 ista
530 2902 808 2957 meditati.
839 2903 925 2955 Ita
948 2900 1192 2957 rodebar
1219 2898 1395 2962 intus,
1426 2903 1484 2952 et
1511 2896 1817 2952 confunde-

140 2994 228 3047 bar
244 2994 459 3064 pudore
477 2991 741 3047 horribili
753 2990 1143 3051 vehementer,
1163 3004 1292 3042 cum
1306 2985 1664 3041 Pontitianus
1680 2984 1813 3039 talia

142 3081 470 3152 loqueretur.
506 3078 837 3134 Terminato
881 3082 1073 3132 autem
1112 3090 1375 3130 sermone
1405 3078 1462 3128 et
1501 3090 1669 3127 causa
1703 3088 1817 3143 qua

142 3174 369 3236 venerat,
396 3168 542 3224 abiit
569 3167 685 3223 ille.
720 3168 785 3222 Et
811 3182 917 3236 ego
948 3165 1019 3219 ad
1042 3180 1132 3219 me
1163 3179 1290 3234 qua:
1320 3178 1437 3216 non
1466 3162 1525 3216 in
1552 3177 1643 3215 me
1664 3160 1848 3215 dixi?‘

144 3258 336 3322 Quibus
351 3255 770 3313 sententiarum
787 3252 1115 3307 verberibus
1134 3267 1250 3306 non
1268 3249 1546 3319 flagellari
1562 3248 1816 3303 animam

146 3362 330 3414 meam,
361 3352 423 3401 ut
453 3348 794 3416 sequeretur
821 3358 913 3397 me
934 3345 1236 3397 conantem
1256 3344 1385 3410 post
1405 3343 1461 3394 te
1484 3337 1567 3392 ire
1584 3338 1611 3393 ?
1641 3339 1706 3392 Et
1732 3352 1816 3391 re-

144 3435 406 3490 nitebatur
418 3439 439 3471 ³
454 3451 468 3501 ;
482 3433 804 3498 recusabat,
827 3435 885 3486 et
903 3447 1020 3485 non
1033 3445 1092 3485 se
1112 3429 1438 3484 excusabat.
1468 3428 1818 3497 Consumpta

146 3529 288 3578 erant
310 3527 364 3577 et
391 3522 647 3577 convicta
668 3522 1005 3592 argumenta
1021 3518 1215 3572 omnia
1244 3533 1257 3571 :
1286 3520 1638 3570 remanserat
1656 3518 1819 3570 muta

147 3612 452 3681 trepidatio;
489 3615 550 3665 ct
577 3609 741 3681 quasi
773 3612 1019 3663 mortem
1048 3604 1457 3661 reformidabat
1489 3602 1756 3673 restringi
1785 3619 1821 3657 a

149 3698 285 3754 fluxu
311 3696 743 3755 consuetudinis
773 3712 888 3768 quo
917 3695 1245 3750 tabescebat
1265 3693 1327 3748 iu
1349 3696 1612 3747 mortem.

774 3802 1002 3857 CAPUT
1034 3801 1175 3855 VIII.

453 3895 518 3949 In
544 3893 759 3946 hortum
786 3891 1003 3955 secedit,
1036 3889 1172 3959 quid
1200 3888 1281 3942 ibi
1302 3887 1489 3955 egerit.

212 3983 287 4036 l9.
315 3982 460 4036 Tum
492 3981 555 4035 in
586 3980 684 4034 illa
719 3979 923 4050 grandi
954 3978 1076 4032 rixa
1103 3975 1394 4031 interioris
1424 3975 1627 4028 domus
1656 3987 1821 4038 mete,

152 4084 301 4139 quam
324 4070 548 4124 fortiter
570 4068 942 4123 excitaveram
967 4082 1095 4121 cum
1122 4065 1314 4119 anima
1334 4078 1466 4117 mea
1485 4062 1545 4116 in
1562 4060 1822 4115 cubiculo

152 4162 319 4212 nostro
346 4159 516 4213 corde
566 4173 717 4223 meo,
763 4161 881 4210 tam
923 4156 1085 4209 vultu
1119 4168 1292 4224 quam
1323 4155 1511 4205 mente
1540 4150 1822 4214 turbatus,

153 4245 334 4301 invado
354 4246 648 4317 Alypium,
672 4249 729 4299 et
756 4245 1009 4299 exclamo
1042 4259 1056 4297 :
1086 4241 1231 4306 Quid
1262 4239 1548 4311 patimur?
1567 4236 1704 4308 quid
1742 4239 1827 4289 est

154 4332 277 4388 hoc?
302 4335 434 4406 quid
458 4333 708 4389 audisti?
722 4333 980 4403 Surgunt
1008 4329 1223 4385 indocti
1251 4332 1309 4383 et
1339 4328 1543 4381 coelum
1567 4324 1823 4395 rapiunt;

154 4425 202 4474 ct
227 4437 323 4476 nos
350 4438 480 4477 cum
523 4421 802 4477 doctrinis
841 4418 1048 4475 nostris
1078 4418 1198 4472 sine
1227 4416 1414 4485 corde,
1446 4431 1574 4469 ecce
1602 4413 1701 4467 ubi
1730 4428 1827 4466 vo-

156 4508 383 4564 lutamur
406 4511 469 4565 in
498 4526 669 4565 carne
699 4514 757 4564 et
784 4507 1102 4579 sanguine?
1123 4511 1209 4560 An
1233 4504 1369 4577 quia
1391 4505 1827 4574 praecesserunt,

158 4598 314 4666 pudet
347 4599 532 4671 sequi,
591 4603 649 4653 et
693 4613 812 4653 non
863 4596 1045 4668 pudet
1073 4611 1177 4649 nec
1221 4594 1419 4647 saltem
1450 4591 1655 4662 sequi?
1706 4589 1830 4643 Dixi

158 4686 324 4740 nescio
353 4702 484 4758 quia
529 4687 685 4752 talia,
710 4690 768 4741 et
796 4682 1050 4755 abripuit
1090 4696 1179 4736 me
1211 4682 1278 4736 ab
1307 4681 1407 4735 illo
1447 4684 1615 4734 uastas
1642 4694 1828 4743 meus,

159 4788 271 4828 cum
298 4779 508 4830 taceret
536 4774 813 4829 attonitus
842 4772 1073 4827 intuens
1106 4787 1218 4825 me.
1262 4769 1459 4839 Neque
1484 4766 1636 4821 enim
1667 4766 1833 4819 solita

161 4862 426 4928 sonabam,
464 4864 709 4934 plusque
735 4861 1117 4932 loquebantur
1143 4856 1401 4911 animum
1435 4870 1627 4909 meum
1651 4855 1830 4917 frons,

163 4965 321 5019 gente,
376 4952 551 5018 oculi,
599 4952 774 5016 color,
827 4950 1032 5004 modus
1067 4945 1239 5012 vocis,
1271 4959 1443 5016 quam
1489 4943 1661 4997 verba
1703 4956 1834 5011 quia

162 5040 491 5106 promebam.
526 5039 797 5094 Hortalus
822 5038 1056 5109 quidam
1079 5040 1205 5089 erat
1225 5032 1461 5104 hospitii
1489 5030 1687 5095 nostri,
1721 5044 1835 5100 quo

167 5139 253 5179 nos
282 5128 587 5181 utebamur
631 5128 776 5181 sicut
808 5131 927 5181 tota
969 5125 1140 5179 domo
1170 5139 1185 5178 :
1212 5137 1347 5177 nam
1376 5121 1581 5190 hospes
1613 5118 1689 5172 ibi
1721 5131 1837 5171 non

169 5215 436 5270 habitabat
462 5216 730 5270 dominus
762 5216 983 5269 domus.
1019 5213 1158 5267 Illuc
1189 5226 1279 5266 me
1302 5209 1610 5263 abstulerat
1631 5206 1837 5259 tumul-

166 5306 241 5355 tus
254 5304 511 5374 pectoris,
541 5304 640 5359 ubi
660 5319 830 5358 nemo
851 5300 1152 5373 impediret
1171 5299 1465 5355 ardentem
1484 5296 1642 5351 litem
1664 5308 1836 5367 quam

222 5449 233 5482 ί
262 5448 324 5497 Ει·
354 5459 488 5497 .cum
526 5459 634 5494 uno
656 5446 799 5504 Mss,
828 5445 1002 5494 certis.

219 5512 238 5544 ³
262 5510 343 5570 Er,
369 5508 638 5571 juxtaqEr.
674 5500 839 5571 Lugd.
873 5506 997 5554 Lov.
1028 5504 1177 5571 Mart.
1210 5500 1278 5571 Μ,

223 5576 240 5605 ³
261 5562 386 5623 Mss:
408 5570 587 5633 Augl.,
622 5562 983 5628 retin‘ébalur;
1008 5566 1118 5625 alii,
1146 5562 1498 5616 renitebatur.

1553 303 1766 360 LIBER
1830 303 2183 362 OCTAVUS.

3468 334 3471 337 -
3509 308 3616 363 758

1925 443 2147 484 mecum
2176 443 2475 500 aggressus
2513 444 2691 495 eram,
2723 429 2902 485 donec
2930 426 3113 483 exiret
3137 443 3252 499 qua
3269 431 3333 484 tu
3360 429 3610 497 sciebas;

1920 531 2025 584 ego
2047 521 2240 572 autem
2257 534 2374 572 non
2397 520 2414 556 ί
2448 534 2463 573 :
2499 518 2599 572 sed
2628 521 2854 572 tantum
2871 515 3268 570 insaniebam'
3288 518 3614 587 salubriter,

1920 609 1977 659 et
2004 605 2292 659 moriebar
2306 605 2575 671 vitaliter,
2599 622 2810 677 gnarus
2830 605 2969 677 quid
2997 603 3137 659 mali
3158 619 3359 673 essem,
3384 611 3440 660 et
3458 606 3616 677 igna-

1921 709 2017 747 rus
2052 694 2191 765 quid
2220 694 2359 749 boni
2388 699 2518 765 post
2540 696 2841 765 paululum
2869 694 3095 749 futurus
3123 709 3327 749 essem.
3358 694 3617 750 Abscessi

1920 798 2055 853 ergo
2085 782 2146 837 in
2176 784 2424 848 hortum,
2458 786 2516 836 et
2535 782 2770 853 Alypius
2799 782 2941 853 pede
2961 786 3092 852 post
3120 781 3326 852 pedem
3346 780 3389 837 δ.
3421 782 3615 853 Neque

1920 871 2071 925 enim
2103 876 2384 926 secretum
2415 886 2610 925 meum
2656 887 2771 924 non
2802 876 2943 936 erat,
2974 870 3072 924 ubi
3100 869 3198 923 ille
3239 870 3438 924 aderat
3470 886 3483 923 :
3517 876 3617 926 aut

1920 959 2148 1031 quando
2197 975 2289 1013 me
2333 959 2412 1013 sic
2441 959 2710 1013 affectum
2749 958 3074 1012 desereret?
3104 957 3386 1025 Sedimus,
3430 973 3614 1029 quan-

1920 1053 2044 1101 tum
2074 1046 2365 1118 potuimus
2393 1045 2599 1100 remoti
2629 1046 2699 1099 ab
2725 1045 2958 1099 mdibus.
2990 1046 3103 1114 Ego
3133 1045 3447 1100 frcmcbam
3491 1044 3613 1116 spi-

1921 1136 2035 1191 ritu
2088 1135 2398 1205 indignans
2454 1134 2946 1190 turbulentissime
2994 1133 3405 1204 indignatione,
3457 1134 3613 1205 quod

1919 1241 2035 1280 non
2060 1225 2205 1280 irem
2233 1224 2293 1279 in
2309 1224 2582 1295 placitum
2613 1228 2669 1277 et
2688 1226 2919 1293 pactum
2946 1225 3155 1288 tecum,
3180 1224 3327 1276 Deus
3346 1238 3529 1287 mens,
3552 1222 3614 1276 iu

1920 1314 2075 1384 quod
2105 1314 2358 1369 eundum
2390 1329 2510 1367 esse
2558 1311 2753 1366 omnia
2782 1327 2907 1365 ossa
2940 1326 3071 1364 mea
3097 1310 3436 1377 clamabant,
3470 1309 3615 1365 etin
3690 1292 3694 1297 ’

1919 1405 2124 1458 οωιιιῐη
2151 1403 2430 1457 tollebant
2449 1402 2712 1456 laudibus
2742 1420 2758 1455 :
2783 1405 2841 1455 et
2867 1416 2984 1455 non
3006 1400 3141 1455 illuc
3168 1400 3358 1454 ibatur
3374 1399 3612 1454 navibus

1920 1496 2019 1547 aut
2048 1492 2360 1563 quadrigis,
2388 1494 2486 1544 aut
2511 1490 2772 1561 pedibus,
2806 1492 3087 1560 quantum
3117 1489 3318 1543 saltem
3344 1488 3413 1543 de
3444 1488 3615 1542 domo

1919 1579 1982 1634 in
2012 1595 2141 1634 eum
2165 1579 2356 1633 locum
2385 1578 2585 1643 ieram,
2618 1576 2717 1631 ubi
2747 1577 3103 1631 sedebamus.
3127 1578 3269 1630 Nam
3290 1591 3406 1630 non
3427 1576 3616 1630 solum

1921 1668 2027 1737 ire,
2072 1683 2271 1721 verum
2328 1666 2499 1721 etiam
2551 1665 2850 1737 pervenire
2887 1664 3044 1731 illuc,
3101 1663 3245 1717 nihil
3287 1667 3410 1717 erat
3457 1663 3617 1718 aliud

1922 1773 2095 1829 quam
2123 1757 2265 1811 velle
2292 1755 2396 1822 ire,
2442 1755 2540 1809 sed
2573 1754 2710 1808 velle
2739 1753 2962 1807 fortiter
2989 1755 3046 1806 et
3082 1752 3334 1821 integre;
3381 1767 3499 1805 non
3524 1766 3614 1805 se-

1920 1845 2255 1900 misauciam
2290 1844 2395 1898 hac
2422 1847 2593 1914 atque
2639 1842 2747 1896 hac
2776 1856 3001 1895 versare
3027 1843 3086 1894 et
3111 1840 3325 1910 jactare
3353 1839 3614 1893 volunta-

1920 1938 2057 2001 tem,
2089 1938 2251 2004 parte
2275 1935 2607 2004 assurgente
2637 1946 2767 1985 cum
2795 1928 2906 1983 alia
2934 1931 3096 2000 parte
3127 1914 3369 1983 cadente
3388 1928 3614 1982 luctan-

1921 2026 2038 2078 tem
2070 2022 2112 2077 ‘.

1990 2113 2085 2165 20.
2126 2109 2382 2180 Denique
2415 2111 2536 2163 tam
2580 2107 2763 2162 multa
2791 2104 3069 2161 faciebam
3116 2119 3357 2175 corpore
3385 2103 3446 2158 in
3477 2101 3616 2174 ipsis

1921 2196 2295 2253 cunctationis
2325 2195 2574 2261 aestibus,
2608 2210 2735 2265 quae
2770 2192 3076 2264 aliquando
3106 2192 3307 2246 volunt
3330 2190 3615 2257 homines,

1924 2291 1981 2343 et
2006 2303 2121 2341 non
2151 2287 2362 2351 valent,
2394 2284 2439 2337 si
2478 2288 2578 2337 aut
2626 2283 2748 2353 ipsa
2775 2281 3034 2336 membra
3063 2296 3179 2334 non
3224 2279 3489 2345 habeant,
3521 2281 3621 2333 aut

1924 2391 1992 2431 ea
2020 2375 2109 2429 vel
2139 2374 2405 2444 colligata
2444 2371 2704 2437 vinculis,
2749 2370 2836 2424 vel
2883 2369 3135 2423 resoluta
3177 2368 3477 2439 languore,
3525 2368 3616 2421 vel

1923 2478 2156 2535 quoque
2178 2462 2349 2516 modo
2376 2459 2650 2532 impedita
2674 2458 2801 2512 sint.
2829 2458 2887 2513 Si
2914 2456 3058 2510 vulsi
3086 2456 3375 2527 capillum,
3408 2454 3456 2509 si
3484 2470 3617 2525 per-

1923 2552 2070 2607 cussi
2117 2550 2388 2615 frontem,
2442 2548 2489 2602 si
2536 2546 2807 2601 consertis
2852 2544 3045 2615 digitis
3087 2544 3443 2614 amplexatus
3491 2557 3619 2597 sum

1925 2658 2103 2712 genu;
2140 2639 2275 2711 quia
2315 2638 2490 2704 volui,
2535 2636 2662 2691 feci.
2694 2634 3088 2703 Potuilautcm
3131 2634 3274 2688 velle
3310 2636 3367 2688 et
3395 2648 3507 2686 non
3536 2632 3618 2686 fa-

1924 2746 2071 2796 cere,
2130 2729 2177 2783 si
2231 2726 2514 2781 mobilitas
2562 2724 2956 2780 membrorum
3005 2738 3118 2776 non
3174 2722 3611 2792 obsequeretur.

1922 2821 2060 2875 Tam
2116 2819 2290 2872 multa
2331 2832 2467 2886 ergo
2507 2815 2633 2882 feci,
2672 2814 2770 2867 ubi
2817 2828 2932 2865 non
2971 2813 3246 2876 hocqerat
3272 2811 3416 2863 velle
3467 2808 3620 2879 quod

1924 2924 2089 2981 posse
2121 2924 2135 2962 :
2169 2912 2225 2961 et
2252 2921 2366 2959 non
2388 2903 2661 2959 faciebam
2696 2901 2851 2972 quod
2873 2905 2929 2953 et
2956 2897 3390 2969 incomparabili
3416 2897 3621 2951 affectu

1924 2996 2172 3066 amplius
2216 2994 2359 3049 mihi
2390 2992 2669 3063 placebat,
2713 2996 2771 3043 et
2812 3005 2943 3043 mox
2985 2993 3051 3042 ut
3079 2988 3304 3052 vellem,
3344 2999 3615 3056 possem;

1926 3064 2057 3157 quia
2082 3099 2215 3136 mox
2243 3086 2309 3135 ut
2336 3081 2561 3145 vellem,
2594 3078 2792 3148 utique
2830 3076 3054 3130 vellem.
3087 3074 3171 3128 Ibi
3199 3073 3353 3127 enim
3382 3072 3618 3126 facultas
3658 3064 3668 3075 ’

1925 3190 1992 3227 ea
2017 3189 2147 3243 qum
2193 3171 2475 3231 voluntas,
2507 3172 2563 3221 et
2591 3166 2780 3237 ipsum
2818 3165 2961 3218 velle
2988 3164 3108 3234 jam
3138 3162 3321 3216 facere
3363 3164 3520 3226 erat;
3563 3163 3621 3214 et

1924 3266 2116 3317 tamen
2157 3275 2274 3313 non
2316 3258 2489 3312 ﬁebat
2521 3272 2535 3309 :
2568 3254 2902 3324 faciliusque
2948 3250 3379 3322 obtemperabat
3413 3264 3619 3319 corpus

1925 3350 2277 3406 tenuissimae
2338 3344 2617 3399 voluntati
2659 3342 2886 3409 animae,
2937 3344 3002 3395 ut
3041 3340 3113 3395 ad
3161 3343 3367 3393 nutum
3413 3335 3621 3391 mentis

1926 3438 2181 3494 membra
2206 3439 2589 3500 moverentur,
2623 3447 2793 3503 quam
2821 3431 2943 3501 ipsa
2968 3428 3077 3483 sibi
3104 3427 3297 3482 anima
3324 3426 3395 3481 ad
3424 3424 3621 3479 volun-

1925 3532 2103 3583 tatem
2128 3542 2291 3582 suam
2321 3527 2342 3563 ⁸
2367 3537 2635 3595 magnam
2654 3520 2713 3574 in
2738 3521 2855 3573 sola
2879 3519 3167 3573 voluntate
3190 3514 3617 3588 perﬁciendam.

2598 3625 2822 3681 CAPUT
2857 3624 2945 3678 IX.

2096 3717 2243 3773 Unde
2263 3719 2325 3786 ﬁt
2353 3719 2413 3768 ut
2442 3715 2653 3767 animus
2683 3715 2906 3779 imperet
2937 3707 3046 3763 sibi
3070 3709 3120 3760 et
3143 3706 3450 3760 resistatur.

1998 3810 2087 3861 21.
2134 3804 2291 3859 Unde
2324 3803 2431 3857 hoc
2477 3799 2835 3854 monstrum?
2878 3800 2934 3849 et
2979 3809 3155 3865 quare
3185 3791 3379 3846 istud?
3419 3792 3622 3845 Luccat

1933 3892 2319 3949 misericordia
2338 3896 2464 3953 tua;
2488 3893 2545 3942 et
2572 3888 2942 3955 interrogem,
2967 3882 3014 3936 si
3044 3883 3187 3936 forte
3218 3879 3359 3933 mihi
3388 3894 3622 3948 respon-

1932 3984 2064 4038 dere
2095 3980 2312 4054 possint
2333 3977 2563 4032 latebra:
2592 3989 2891 4046 poenarum
2918 3970 3243 4047 hominum,
3276 3973 3332 4021 ct
3358 3966 3623 4021 tenebro-

1932 4071 2172 4125 sissimm
2203 4065 2574 4121 contritiones
2614 4063 2865 4117 filiorum
2896 4061 3091 4115 Adam.
3132 4056 3291 4112 Unde
3320 4056 3427 4110 hoc
3455 4070 3621 4108 mon-

1934 4160 2156 4215 strum?
2180 4161 2238 4211 et
2297 4171 2471 4226 quare
2501 4151 2692 4206 istud?
2730 4152 2980 4221 Imperat
3006 4146 3232 4201 animus
3277 4142 3519 4213 corpori,
3566 4144 3625 4196 et

1934 4251 2165 4320 paretur
2211 4243 2432 4310 statim;
2482 4241 2727 4311 imperat
2774 4237 2999 4291 animus
3043 4233 3153 4288 sibi
3207 4236 3263 4287 et
3322 4229 3621 4285 resistitur.

1935 4316 2185 4407 Imperat
2206 4332 2427 4386 animus
2456 4334 2521 4384 ut
2548 4332 2842 4383 moveatur
2866 4340 3093 4389 manus,
3127 4323 3363 4376 ettanta
3391 4322 3477 4373 est
3495 4316 3628 4371 faci-

1938 4403 2065 4478 lita-s
2093 4426 2159 4476 ut
2203 4420 2292 4473 vix
2331 4435 2361 4473 ει
2392 4416 2615 4472 servitio
2646 4415 3001 4469 discernatur
3027 4407 3335 4480 imperium
3370 4422 3383 4460 ε
3416 4409 3474 4460 et
3502 4403 3627 4458 ani-

1938 4527 2065 4566 mus
2096 4507 2319 4563 animus
2367 4510 2468 4570 est,
2511 4519 2715 4558 manus
2762 4505 2954 4555 autem
2996 4513 3200 4567 corpus
3231 4498 3331 4549 est.
3382 4494 3633 4563 Imperat

1940 4599 2167 4655 animus
2185 4600 2249 4651 ut
2277 4594 2411 4648 velit
2432 4592 2676 4660 animus,
2707 4606 2811 4644 nec
2839 4590 2981 4642 alter
3005 4590 3108 4651 est,
3132 4599 3235 4639 nec
3259 4580 3393 4637 facit
3410 4585 3626 4634 tamen.

1946 4688 2104 4743 Unde
2134 4686 2241 4740 hoc
2280 4680 2642 4737 monstrum?
2682 4683 2739 4733 et
2784 4691 2959 4749 quare
3002 4673 3192 4728 istud?
3237 4672 3509 4742 Imperat,
3541 4668 3631 4722 in-

2008 4815 2019 4845 ¹
2052 4812 2165 4859 Non
2194 4804 2605 4867 sricbnm,juxt_a
2639 4802 2722 4867 Er.
2757 4799 2918 4867 Lugd.
2955 4798 3084 4867 Ven.
3118 4796 3223 4867 BI."
3423 4852 3475 4867 τ’.
3536 4828 3541 4832 .

2005 4874 2025 4907 ‘3
2052 4852 2537 4919 Inﬁfinsnnilkbn.
2567 4864 2647 4912 Er.
2679 4852 3001 4925 Lugdl'Ven.
3039 4859 3161 4907 Lov.
3193 4856 3391 4906 Somm.
3423 4852 3560 4903 Flor.
3585 4855 3639 4903 et

1942 4934 2135 4991 Romi“
2167 4930 2510 4981 insanicham.
2538 4928 2606 4975 M.

2006 4975 2580 5056 Et"S‘ic'le'gli-udunijusta
2599 4988 2723 5056 :tlss.
2748 4984 2903 5046 [Editi
2917 4996 3040 5056 vero
3057 4981 3247 5031 Pedem
3262 4975 3632 5056 postpedﬂnl,

2007 5060 2028 5093 ι
2061 5044 2221 5105 Vetusf
2251 5054 2340 5101 Cd.
2364 5044 2516 5100 Co'rb.
2552 5065 2563 5098 :
2590 5044 3156 5106 l’arle‘assm'ge-ntem;
3186 5056 3310 5093 cum
3344 5044 3461 5090 alia
3482 5044 3640 5099 parte

1944 5118 2079 5171 alibi
2098 5120 2316 5180 jacentc
2347 5114 2642 5180 cadentem,
2684 5112 2991 5180 lactentem.
3034 5106 3186 5167 Augl.
3214 5106 3339 5180 duo,
3361 5110 3517 5180 parre
3552 5112 3640 5180 gs-

1944 5161 2251 5241 ἷιῆἧῶὑῖξῖή
2267 5161 2568 5241 ⁷ιξηᾶηξάιῄει.
2614 5161 2670 5210 4—
2701 5161 3336 5241 l_’url_em.essiirjcntepz,
3361 5161 3637 5241 ἦιξα-βξ.

2289 5223 2466 5306 11111110
2497 5235 2798 5306 Florentina
2827 5232 2952 5295 legit
2971 5235 3027 5279 ut
3054 5223 3142 5279 Cll.
3173 5223 3491 5285 Corb.;'duo
3517 5223 3639 5270 Mss.

1948 5299 2088 5355 Flor.
2132 5308 2189 5351 ut
2218 5302 2369 5361 Augl.
2394 5300 2516 5349 duo.
2548 5299 2615 5347 Μ.

2009 5348 2189 5415 310v.-
2219 5348 2431 5413 Boium.
2476 5362 2609 5410 Blas.
2653 5357 2724 5408 ad
2763 5357 3097 5419 voluptatein
3137 5362 3297 5419 suam
3331 5348 3639 5419 :_COE}jUPU3.

1950 5407 2160 5478 nam-dc
2172 5407 2505 5490 perficienda
2517 5407 2791 5490 voluntate
2815 5407 3047 5490 Induitur
3061 5407 3642 5490 paegustinigshlitj‘ero

2191 5469 2540 5547 rih’u’d'iéﬁg
2557 5469 2791 5547 eseepto.
2824 5469 3293 5538 in‘antiquioribus
3317 5469 3640 5519 editionibue

1952 5558 2005 5603 et
2024 5555 2150 5608 Arn.
2170 5546 2426 5607 habetur,
2456 5546 2526 5598 ad
2556 5546 2888 5596 roluntalem
2913 5551 3080 5588 suam.
