4058 6350
370 303 476 357 759

371 436 566 494 quam,
598 423 664 475 ut
690 417 843 482 velit,
875 417 975 489 qui
1011 433 1128 472 non
1157 417 1466 489 imperaret
1489 416 1599 471 nisi
1628 417 1814 483 vellet,
1849 420 1906 470 et
1932 431 2049 470 non

371 513 437 566 tit
465 508 618 581 quod
645 507 910 578 imperat.
941 506 1045 561 Sed
1087 523 1201 560 non
1230 522 1295 561 ex
1326 510 1444 560 toto
1474 506 1624 573 vult;
1669 522 1785 560 non
1820 520 1956 576 ergo
1999 518 2065 557 ex

372 603 494 653 toto
517 597 778 666 imperat.
805 596 942 649 Nam
959 595 1016 649 in
1035 599 1251 648 tantum
1265 594 1528 665 imperat,
1560 594 1618 648 in
1631 597 1910 665 quantum
1930 593 2065 652 vult,

375 685 514 740 etin
558 688 778 738 tantum
813 699 926 736 non
952 683 1016 736 lit
1046 683 1198 752 quod
1229 682 1492 752 imperat,
1527 681 1587 736 in
1633 686 1912 753 quantum
1953 697 2068 736 non

375 774 513 827 vult.
550 771 830 836 Quoniam
873 771 1130 824 voluntas
1175 769 1420 841 imperat
1448 775 1510 824 ut
1540 769 1612 824 sit
1640 770 1924 831 voluntas,
1965 785 2069 822 nec

377 863 508 919 alia.
543 861 639 915 sed
662 860 803 930 ipsa.
839 861 959 914 Non
983 859 1181 929 utique
1211 860 1380 929 plena
1409 859 1674 929 imperat,
1699 857 1828 911 ideo
1849 873 1966 910 non
1985 861 2070 910 est

379 950 531 1022 quod
561 949 824 1018 imperat.
855 949 996 1001 Nam
1041 947 1085 1000 si
1116 948 1284 1017 plena
1313 953 1480 1013 esset,
1514 962 1617 1000 nec
1664 946 1976 1015 imperaret
2007 950 2070 998 ut

376 1043 543 1107 esset,
589 1036 724 1108 quia
746 1036 868 1106 jam
913 1039 1076 1090 esset.
1124 1037 1245 1089 Non
1292 1034 1466 1104 igitur
1496 1038 1813 1088 monstrum
1860 1032 2068 1102 partim

375 1126 541 1195 velle,
571 1123 783 1195 partim
812 1123 993 1188 nolle;
1023 1122 1120 1176 sed
1148 1122 1427 1192 (egritudo
1449 1121 1627 1175 animi
1651 1125 1755 1186 est,
1788 1121 1923 1190 quia
1952 1137 2069 1174 non

375 1219 528 1270 totus
565 1212 809 1282 assurgit
838 1210 1070 1264 veritate
1103 1211 1448 1277 sublevatus,
1479 1207 1888 1262 consuetudine
1917 1221 2070 1276 prie-

378 1305 660 1374 gravatus.
719 1301 782 1354 Et
835 1298 966 1352 ideo
1018 1302 1150 1352 sunt
1210 1297 1338 1350 dum
1385 1296 1725 1357 voluntates,
1775 1292 1911 1364 quia
1956 1308 2072 1346 una

378 1405 577 1446 earum
627 1393 747 1444 tota
788 1402 902 1442 non
943 1390 1048 1455 est,
1088 1390 1145 1439 et
1171 1385 1276 1439 hoc
1325 1384 1483 1439 adest
1529 1382 1693 1437 alteri
1725 1381 1877 1452 quod
1917 1380 2074 1435 deest

380 1481 513 1536 alter
525 1479 562 1534 i.

1067 1563 1290 1616 CAPUT
1319 1562 1378 1614 X.

379 1657 654 1714 Adversus
684 1654 1002 1710 Manichaeos
1026 1652 1121 1720 qui
1140 1666 1207 1703 ea:
1233 1648 1442 1702 duabus
1468 1647 1754 1701 contrariis
1784 1646 2072 1699 voluntati-

625 1741 721 1797 bus
750 1741 887 1796 duas
913 1740 1214 1795 contrarias
1236 1741 1464 1790 naturas
1491 1738 1819 1789 asseverant.

447 1834 536 1886 22.
573 1833 814 1886 Pereant
838 1846 872 1883 a
901 1827 1040 1882 facie
1070 1831 1186 1892 tua,
1223 1825 1390 1889 Deus,
1424 1822 1589 1877 sicuti
1631 1825 1875 1893 pereunt
1905 1819 2069 1874 vani-

378 1919 535 1992 loqui
564 1924 621 1973 et
648 1917 856 1973 mentis
899 1915 1242 1979 seductores,
1274 1911 1373 1983 qui
1415 1927 1543 1966 cum
1583 1911 1723 1966 duas
1756 1910 2073 1964 voluntates

378 2009 439 2063 in
470 2005 836 2062 deliberando
863 2000 1388 2067 animadverterint,
1413 2000 1552 2054 duas
1575 2005 1806 2053 naturas
1829 1999 2069 2053 duarum

379 2096 658 2150 mentium
693 2109 812 2149 esse
842 2093 1186 2157 asseverant,
1216 2105 1390 2144 unam
1418 2089 1650 2154 bonam,
1678 2089 1914 2142 alteram
1950 2102 2072 2140 ma-

379 2185 516 2240 lam.
550 2182 665 2253 lpsi
702 2196 833 2235 vere
863 2178 1000 2234 mali
1043 2182 1196 2244 sunt,
1228 2192 1356 2230 cum
1400 2175 1511 2230 ista
1537 2175 1689 2230 mala
1717 2174 1992 2240 sentiunt,
2018 2177 2076 2228 et

378 2272 552 2327 iidem
585 2269 693 2342 ipsi
720 2267 856 2324 boni
881 2270 1051 2322 erunt
1089 2264 1135 2319 si
1162 2281 1293 2318 vera
1328 2263 1628 2325 senserint,
1660 2261 1922 2333 verisque
1953 2277 2077 2315 con-

380 2359 679 2427 senserint,
705 2361 770 2412 ut
790 2355 940 2411 dicat
957 2355 1035 2408 eis
1052 2353 1354 2425 Apostolus
1374 2355 1502 2405 tuus
1523 2369 1536 2406 :
1559 2353 1753 2406 Fuistis
1779 2350 2076 2419 aliquando

381 2449 634 2513 tenebrae;
676 2461 817 2501 nunc
855 2449 1031 2498 autem
1064 2443 1160 2496 tua:
1188 2445 1246 2495 in
1273 2443 1494 2496 Domino
1538 2439 1754 2510 (Ephcs.
1786 2455 1837 2504 v,
1872 2438 1945 2508 8).
1979 2436 2078 2492 Isti

382 2536 536 2590 enim
584 2536 722 2590 dum
751 2534 952 2588 volunt
1005 2548 1126 2585 esse
1174 2530 1291 2599 lux,
1333 2545 1449 2583 non
1479 2527 1539 2582 in
1588 2526 1856 2595 Domino,
1891 2526 1986 2579 sed
2017 2525 2077 2578 in

381 2623 598 2696 seipsis,
629 2622 886 2694 putando
909 2620 1116 2675 animae
1144 2623 1407 2673 naturam
1437 2617 1545 2670 hoc
1583 2631 1703 2670 esse
1735 2614 1887 2686 quod
1931 2615 2080 2668 Deus

381 2717 486 2780 est,
517 2713 596 2766 ita
621 2710 751 2766 facti
780 2714 912 2764 sunt
931 2709 1220 2763 densiores
1250 2705 1501 2760 tenebrae
1528 2703 1831 2775 ;quoniam
1853 2701 2079 2772 longius

381 2817 414 2855 a
445 2806 500 2854 te
523 2802 878 2854 recesserunt
897 2796 1185 2851 horrenda
1212 2793 1556 2864 arrogantia,
1582 2796 1689 2844 ate
1711 2807 1843 2845 vero
1860 2789 2079 2844 lumine

382 2887 745 2941 illuminante
768 2901 998 2940 omnem
1017 2883 1311 2938 hominem
1333 2880 1654 2936 venientem
1673 2880 1732 2932 in
1750 2879 1902 2932 hunc
1923 2894 2081 2931 mun-

383 2977 522 3030 dum
558 2976 734 3046 (Joan.
773 2993 810 3041 ι,
836 2975 912 3044 9).
935 2971 1230 3027 Attendite
1261 2970 1398 3040 quid
1417 2967 1636 3034 dicatis,
1664 2973 1720 3022 et
1741 2965 2077 3033 erubescite,

383 3068 442 3118 et
471 3063 718 3118 accedite
751 3062 824 3116 ad
854 3077 983 3114 eum
1013 3061 1086 3128 let
1110 3055 1540 3124 illuminamini,
1575 3060 1632 3110 et
1676 3057 1864 3110 vultus
1909 3053 2080 3108 vestri

383 3169 502 3206 non
531 3151 868 3206 erubescant
912 3150 1074 3218 (Psal.
1107 3165 1300 3216 xxxm,
1335 3151 1408 3211 6).
1469 3147 1585 3215 Ego
1616 3161 1745 3199 cum
1800 3142 2078 3198 delibera-

383 3240 514 3294 bam
547 3244 609 3293 ut
631 3239 753 3308 jam
780 3237 1051 3291 servirem
1075 3235 1314 3290 Domino
1347 3235 1461 3288 Deo
1491 3249 1640 3299 meo,
1671 3232 1815 3286 sicut
1843 3231 1943 3285 diu
1963 3229 2077 3284 dis-

385 3343 710 3397 posueram,
745 3341 850 3395 ego
882 3341 1036 3379 cram
1060 3323 1160 3394 qui
1189 3322 1471 3388 volebam,
1503 3337 1610 3391 ego
1640 3320 1739 3391 qui
1775 3319 2036 3373 nolebam
2063 3335 2076 3384 ;

387 3432 518 3485 ego,
551 3431 656 3483 ego
684 3429 866 3467 eram.
921 3413 1032 3465 Nec
1061 3411 1229 3480 plene
1254 3408 1536 3474 volebam,
1583 3423 1688 3460 nec
1713 3407 1882 3477 plene
1912 3406 2078 3460 nole-

384 3505 534 3558 bam.
567 3503 696 3556 ldeo
739 3516 965 3556 mecum
994 3497 1430 3566 contendebam,
1462 3501 1521 3550 et
1575 3495 1894 3566 dissipabar
1919 3512 1953 3548 a
1981 3510 2074 3548 me

385 3591 528 3662 ipso.
565 3592 628 3644 Et
658 3590 779 3660 ipsa
810 3586 1102 3658 dissipatio
1133 3601 1226 3639 me
1270 3583 1446 3638 invito
1478 3583 1712 3654 quidem
1754 3582 1946 3649 ﬁebat,
1977 3598 2081 3635 nec

385 3683 579 3734 tamen
604 3677 939 3732 ostendebat
961 3679 1225 3730 naturam
1250 3672 1458 3727 mentis
1485 3671 1705 3738 alienae,
1731 3671 1830 3725 sed
1851 3686 2080 3741 poenam

387 3783 550 3821 meae.
577 3769 642 3822 Et
672 3766 800 3821 ideo
845 3780 962 3818 non
987 3764 1106 3834 jam
1139 3778 1245 3833 ego
1277 3761 1558 3832 operabar
1586 3760 1764 3826 illam,
1798 3759 1894 3814 sed
1924 3759 2081 3829 quod

384 3855 678 3911 habitabat
713 3853 773 3908 in
799 3869 889 3908 me
921 3856 1213 3924 peccatum
1245 3851 1422 3921 (Rom.
1455 3866 1551 3915 vn,
1589 3848 1672 3919 14)
1703 3848 1772 3904 de
1803 3847 2080 3920 supplicio

385 3945 671 4002 liberioris
700 3941 934 4014 peccati,
965 3940 1100 4013 quia
1129 3955 1286 3994 eram
1315 3937 1468 3992 ﬁlius
1498 3936 1700 3991 Adam.

458 4036 552 4090 2.3.
593 4035 736 4088 Nam
765 4031 812 4085 si
837 4033 921 4085 tot
952 4033 1084 4082 sunt
1107 4026 1406 4082 contrariae
1436 4030 1678 4090 naturaz,
1717 4027 1858 4096 quot
1882 4024 2083 4078 volun-

385 4125 527 4178 tates
557 4121 665 4174 sibi
715 4119 1011 4183 resistunt;
1045 4132 1159 4170 non
1185 4115 1303 4186 jam
1343 4114 1492 4180 duae,
1529 4113 1626 4167 sed
1667 4113 1862 4182 plures
1893 4116 2079 4167 erunt.

388 4211 445 4276 Si
475 4209 750 4264 deliberet
779 4205 1081 4278 quisquam
1103 4208 1296 4256 utrum
1314 4202 1385 4256 ad
1398 4200 1859 4256 conventiculum
1882 4217 2081 4254 eorum

389 4300 614 4369 pergat,
650 4311 722 4350 an
749 4294 821 4348 ad
846 4293 1161 4357 theatrum;
1191 4291 1439 4344 clamant
1467 4289 1564 4342 isti
1605 4305 1618 4343 :
1655 4290 1789 4343 Ecce
1819 4289 1947 4343 duae
1978 4305 2080 4342 na-

389 4392 564 4452 turae;
593 4401 707 4438 una
735 4382 886 4436 bona
915 4381 1021 4435 hac
1048 4379 1222 4445 ducit,
1269 4379 1447 4432 altera
1488 4378 1638 4431 mala
1666 4377 1796 4430 illae
1843 4377 2078 4432 reducit.

389 4475 530 4529 Nam
556 4472 707 4526 unde
736 4471 844 4524 ista
869 4467 1152 4523 cunctatio
1173 4465 1403 4520 sibimet
1431 4464 1855 4520 adversantium
1879 4466 2098 4519 volun-'

390 4563 615 4617 tatum?
644 4561 758 4630 Ego
786 4563 978 4613 autem
1009 4557 1136 4611 dico
1167 4555 1361 4610 ambas
1390 4555 1588 4621 malas,
1621 4557 1676 4607 et
1703 4569 1830 4624 quae
1862 4554 1931 4608 ad
1956 4554 2084 4608 illos

390 4647 566 4715 ducit,
599 4651 658 4702 et
685 4662 813 4718 qua:
849 4645 920 4700 ad
950 4644 1236 4698 theatrum
1266 4641 1510 4696 reducit.
1551 4640 1658 4696 Sed
1687 4656 1804 4694 non
1847 4641 2085 4696 credunt

390 4736 501 4792 nisi
529 4737 740 4792 bonam
783 4752 902 4790 esse
932 4750 1046 4805 qua
1085 4733 1202 4786 itur
1232 4731 1301 4786 ad
1339 4747 1453 4786 eos.
1492 4730 1642 4795 Quid
1680 4729 1727 4784 si
1759 4745 1893 4801 ergo
1926 4730 2083 4802 quis-

390 4841 562 4898 quam
592 4829 853 4880 nostrum
883 4822 1176 4889 deliberet,
1209 4824 1264 4875 et
1298 4835 1488 4875 secum
1519 4819 1923 4874 altercantibus
1951 4819 2086 4873 dua-

390 4916 495 4971 bus
525 4914 910 4970 voluntatibus
931 4913 1186 4978 ﬂuctuet,
1220 4915 1412 4965 utrum
1442 4909 1513 4964 ad
1545 4911 1832 4964 theatrum
1860 4913 2082 4979 pergat,

391 5021 463 5059 an
486 5004 552 5059 ad
585 5002 877 5058 ecclesiam
909 5002 1206 5055 nostram?
1246 5015 1433 5054 nonne
1477 5001 1532 5053 et
1558 4997 1649 5052 isti
1682 4997 1822 5068 quid
1852 5013 2085 5068 respon-

391 5093 565 5148 deant
581 5089 978 5145 ﬂuctuabunt?
996 5090 1110 5142 Aut
1124 5086 1278 5141 enim
1304 5085 1658 5153 fatebuntur,
1680 5085 1832 5156 quod
1855 5085 2079 5151 nolunt,

390 5182 542 5238 bona
569 5179 862 5236 voluntate
893 5175 1058 5247 pergi
1099 5176 1159 5229 in
1189 5175 1484 5230 ecclesiam
1534 5177 1808 5239 nostram,
1850 5173 1996 5227 sicut
2023 5173 2084 5226 in

391 5287 517 5325 eam
546 5273 794 5341 pergunt
818 5265 916 5338 qui
949 5265 1313 5320 sacramentis
1361 5265 1484 5334 ejus
1513 5261 1714 5316 imbuti
1745 5265 1879 5315 sunt
1916 5265 2083 5332 atque

393 5358 720 5414 detinentur
751 5373 763 5410 :
797 5361 895 5410 aut
942 5355 1082 5410 duas
1124 5353 1302 5408 malas
1345 5355 1600 5415 naturas,
1636 5353 1690 5403 et
1718 5350 1857 5404 duas
1905 5351 2083 5404 malas

393 5452 610 5502 mentes
629 5447 691 5501 in
715 5462 830 5500 uno
859 5443 1092 5499 homine
1112 5441 1417 5512 conﬂigere
1437 5437 1747 5510 putabunt;
1769 5443 1823 5492 et
1844 5455 1956 5493 non
1974 5439 2084 5493 erit

393 5551 592 5590 verum
623 5534 773 5607 quod
805 5533 990 5590 solent
1037 5531 1246 5598 dicere,
1289 5544 1460 5583 unam
1507 5527 1717 5582 bonam
1748 5531 1804 5582 et
1843 5528 2080 5585 alteram

1554 293 2094 352 CONFESSIONUM
2135 293 2188 350 S.
2245 291 2649 350 AUGUSTINI.

3754 295 3862 346 760

2174 415 2422 470 malam:
2457 418 2555 470 aut
2576 416 2979 470 convertentur
3002 413 3073 467 ad
3097 427 3316 480 verum,
3340 416 3397 468 et
3411 427 3527 467 non
3557 413 3872 484 negabunt,

2175 520 2305 558 cum
2335 503 2575 576 quisque
2607 503 2898 570 deliberat,
2931 501 3183 557 animam
3213 517 3389 557 unam
3411 501 3647 557 diversis
3675 503 3874 557 volun-

2175 593 2386 647 tatibus
2409 598 2671 647 aestuare.

2244 681 2332 733 24.
2375 681 2498 734 Jarn
2531 695 2666 750 ergo
2691 695 2806 733 non
2848 679 3054 745 dicant,
3105 695 3234 733 cum
3273 679 3415 733 duas
3455 679 3774 733 voluntates
3811 677 3874 731 in

2176 766 2410 822 homine
2441 783 2556 820 uno
2599 767 2883 820 adversari
2934 766 3041 820 sibi
3073 767 3346 832 sentiunt,
3379 767 3518 821 duas
3557 767 3874 821 contrarias

2177 861 2395 910 mentes
2423 857 2492 910 de
2544 855 2764 909 duabus
2809 855 3106 909 contrariis
3155 855 3486 909 substantiis
3526 861 3585 908 et
3615 855 3686 908 de
3725 854 3872 908 duo-

2177 944 2282 998 bus
2323 943 2622 998 contrariis
2671 943 2964 1014 principiis
3008 944 3371 1009 contendere,
3421 959 3596 997 unam
3637 943 3873 1006 bonam,

2177 1033 2414 1086 alteram
2449 1033 2678 1086 malam.
2723 1033 2862 1086 Nam
2895 1037 2980 1094 tu,
3016 1033 3161 1085 Deus
3199 1047 3386 1097 verax,
3431 1030 3722 1102 improbas
3751 1045 3870 1093 eos,

2179 1125 2235 1174 et
2271 1120 2567 1191 redarguis
2613 1125 2785 1192 atque
2841 1119 3130 1174 convincis
3176 1136 3290 1186 eos,
3326 1119 3470 1174 sicut
3522 1119 3581 1174 in
3631 1124 3876 1188 utraque

2179 1209 2331 1262 mala
2377 1209 2688 1275 voluntate,
2749 1225 2881 1263 cum
2926 1207 3171 1279 quisque
3213 1207 3488 1262 deliberat
3533 1211 3728 1262 utrum
3776 1207 3877 1260 ho-

2179 1297 2397 1351 minem
2444 1313 2665 1352 veneno
2707 1296 3010 1352 interimat
3037 1312 3109 1350 an
3157 1296 3336 1364 ferro;
3377 1299 3570 1349 utrum
3628 1295 3876 1349 fundum

2179 1385 2431 1439 alienum
2470 1385 2673 1454 Lillum,
2725 1401 2798 1439 an
2847 1384 3013 1438 illum
3075 1383 3326 1450 invadat,
3381 1383 3607 1454 quando
3655 1387 3880 1436 utrum~

2179 1489 2291 1543 que
2323 1488 2438 1526 non
2468 1477 2683 1542 potest;
2730 1477 2918 1526 utrum
2950 1476 3104 1526 emat
3133 1472 3480 1542 voluptatem
3523 1471 3767 1538 luxuria,
3801 1485 3880 1523 an

2181 1560 2488 1630 pecuniam
2519 1564 2704 1614 servet
2742 1559 3010 1626 avaritia;
3052 1567 3245 1614 utrum
3293 1559 3365 1613 ad
3394 1559 3606 1612 circum
3645 1562 3877 1628 pergat,

2180 1664 2253 1702 an
2274 1649 2341 1702 ad
2363 1649 2672 1716 theatrum,
2695 1648 2741 1702 si
2761 1665 2870 1702 uno
2892 1647 2981 1702 die
3003 1653 3313 1717 utrumque
3336 1647 3703 1711 exhibentur;
3727 1645 3880 1699 addo

2182 1736 2356 1791 etiam
2386 1737 2640 1802 tertium,
2673 1752 2745 1790 an
2774 1736 2843 1791 ad
2872 1735 3086 1789 furtum
3111 1735 3180 1789 de
3210 1735 3382 1789 domo
3409 1734 3614 1800 aliena,
3657 1733 3704 1786 si
3733 1733 3881 1786 sub—

2181 1829 2266 1879 est
2309 1825 2560 1891 occasio;
2588 1825 2734 1879 addo
2774 1829 2829 1878 et
2866 1828 3156 1894 quartum,
3187 1839 3260 1876 an
3298 1822 3368 1876 ad
3399 1821 3884 1876 committendum

2182 1914 2545 1976 adulterium,
2570 1912 2616 1966 si
2637 1917 2695 1966 et
2710 1912 2843 1966 inde
2864 1911 3032 1964 simul
3054 1910 3289 1964 facultas
3315 1909 3588 1980 aperitur,
3611 1908 3657 1962 si
3681 1908 3887 1962 omnia

2183 2006 2524 2056 concurrant
2565 2001 2624 2055 in
2653 2016 2832 2054 unum
2875 1998 3180 2053 articulum
3209 1997 3500 2068 temporis,
3550 1997 3885 2068 pariterque

2185 2090 2489 2162 eupiantur
2514 2089 2706 2143 omnia
2726 2105 2855 2160 qua:
2884 2087 3053 2141 simul
3076 2086 3168 2157 agi
3189 2089 3485 2156 nequeunt
3513 2085 3888 2155 :discerpunt

2184 2180 2342 2234 enim
2369 2178 2625 2234 animum
2649 2177 2881 2232 sibimet
2900 2175 3328 2230 adversantibus
3354 2178 3600 2245 quatuor
3619 2175 3886 2228 volunta-

2185 2268 2354 2338 tibus,
2387 2267 2476 2322 vel
2525 2267 2698 2321 etiam
2745 2265 3008 2337 pluribus
3039 2264 3099 2318 in
3129 2267 3285 2318 tanta
3326 2261 3485 2334 copia
3526 2277 3718 2317 rerum
3748 2278 3888 2333 quae

2186 2360 2556 2427 appetuntur,
2585 2371 2689 2409 nec
2711 2358 2906 2408 tamen
2936 2357 3154 2406 tantam
3179 2349 3608 2406 multitudinem
3638 2349 3888 2404 diversa-

2185 2462 2313 2500 rum
2346 2445 2789 2499 substantiarum
2820 2443 3004 2496 solent
3033 2442 3221 2497 dicere
3254 2457 3266 2495 :
3295 2441 3374 2494 ita
3402 2444 3459 2494 et
3485 2439 3544 2494 in
3573 2438 3737 2494 bonis
3771 2456 3883 2494 vo-

2187 2533 2518 2588 luntatibus.
2557 2534 2698 2586 Nam
2723 2547 2918 2602 quaero
2947 2530 3018 2584 ab
3043 2530 3122 2582 eis
3151 2532 3346 2582 utrum
3376 2529 3592 2583 bonum
3623 2527 3697 2582 sit
3722 2527 3884 2582 dele-

2187 2620 2327 2675 ctari
2358 2620 2595 2674 lectione
2626 2619 2902 2690 Apostoli,
2935 2623 2993 2673 et
3021 2622 3217 2672 utrum
3246 2617 3464 2672 bonum
3494 2617 3568 2672 sit
3610 2617 3889 2672 delectari

2188 2709 2407 2779 psalmo
2436 2707 2646 2774 sobrio,
2669 2713 2725 2762 et
2753 2712 2946 2761 utrum
2974 2707 3188 2760 bonum
3214 2704 3287 2760 sit
3317 2705 3683 2774 Evangelium
3714 2705 3890 2760 disse-

2188 2813 2332 2852 rere.
2367 2795 2811 2865 Respondebunt
2829 2797 2898 2850 ad
2927 2794 3151 2865 singula
3185 2810 3198 2848 :
3235 2795 3472 2848 Bonum.
3499 2793 3648 2858 Quid
3677 2793 3724 2847 si
3742 2809 3887 2862 ergo

2187 2884 2402 2956 pariter
2416 2885 2697 2938 delectent
2712 2883 2905 2938 omnia
2927 2882 3212 2953 simulque
3234 2897 3346 2936 uno
3366 2885 3659 2951 tempore?
3679 2883 3889 2936 Nonne

2190 2973 2425 3028 diversa:
2454 2973 2771 3026 voluntates
2797 2972 3130 3026 distendunt
3157 2986 3252 3024 cor
3279 2970 3550 3037 hominis,
3579 2986 3710 3024 cum
3735 2970 3886 3025 deli-

2189 3061 2422 3115 beratur
2446 3060 2587 3132 quid
2618 3060 2976 3131 potissimum
2996 3057 3374 3129 arripiamus?
3408 3061 3472 3114 Et
3492 3075 3690 3113 omnes
3713 3045 3892 3114 bonas

2189 3154 2340 3216 sunt,
2374 3154 2429 3203 et
2460 3153 2676 3203 certant
2705 3165 2920 3215 secum,
2952 3149 3132 3203 donec
3152 3148 3396 3219 eligatur
3424 3163 3626 3218 unum,
3652 3164 3766 3219 quo
3797 3147 3886 3201 fe-

2189 3241 2348 3290 ratur
2390 3241 2508 3290 tota
2545 3237 2806 3290 voluntas
2841 3252 2978 3303 una,
3010 3252 3138 3307 quae
3183 3236 3244 3290 in
3270 3237 3464 3306 plures
3503 3236 3884 3292 dividebatur.

2190 3324 2273 3376 lta
2303 3323 2475 3377 etiam
2502 3339 2632 3378 cum
2659 3324 2942 3378 {eternitas
2977 3325 3219 3379 delectat
3247 3324 3530 3396 superius,
3571 3329 3627 3378 et
3655 3329 3885 3395 tempo-

2190 3410 2324 3463 ralis
2352 3410 2490 3464 boni
2514 3412 2770 3481 voluptas
2802 3415 3048 3464 retentat
3075 3410 3335 3475 inferius,
3367 3411 3566 3465 eadem
3588 3411 3778 3464 anima
3799 3417 3892 3467 est

2189 3514 2304 3552 non
2334 3502 2451 3552 tota
2470 3499 2760 3553 voluntate
2789 3499 2927 3552 illud
2951 3503 3050 3552 aut
3073 3499 3183 3553 hoc
3202 3500 3430 3566 volens;
3451 3504 3506 3553 et
3534 3499 3660 3553 ideo
3679 3499 3892 3554 discer-

2189 3587 2345 3658 pitur
2372 3587 2528 3656 gravi
2552 3588 2831 3655 molestia,
2863 3587 3000 3641 dum
3019 3587 3162 3642 illud
3181 3587 3418 3643 veritate
3442 3587 3751 3659 praeponit,
3773 3588 3893 3644 hoc

2191 3675 2577 3730 familiaritate
2608 3691 2726 3730 non
2753 3676 2921 3747 ponit
2950 3675 2990 3732 ‘.

2861 3765 3086 3820 CAPUT
3124 3765 3211 3819 Xl.

2454 3853 2629 3908 Lucta
2657 3855 2884 3922 spiritus
2909 3859 2958 3907 ct
2987 3855 3167 3908 carnis
3197 3855 3254 3907 in
3281 3853 3610 3921 Augustino.

2260 3943 2354 3994 ‘25.
2393 3939 2482 3996 Sic
2499 3941 2845 4010 azgrotabam
2876 3945 2934 3996 et
2958 3941 3322 3996 excruciabar
3351 3956 3620 3995 accusans
3642 3947 3890 3998 memet-

2189 4027 2380 4098 ipsum
2410 4029 2576 4083 solito
2607 4029 2862 4084 acerbius
2906 4029 3098 4096 nimis,
3131 4046 3194 4084 ac
3224 4030 3420 4084 volens
3449 4033 3504 4083 et
3532 4045 3760 4084 versans
3789 4047 3893 4087 me

2188 4117 2248 4171 in
2275 4117 2500 4172 vinculo
2540 4134 2690 4181 meo,
2723 4118 2904 4172 donec
2927 4119 3364 4189 abrumperetur
3391 4122 3574 4172 totum
3615 4135 3728 4190 quo
3759 4119 3891 4190 jam

2191 4205 2392 4276 exiguo
2418 4207 2671 4274 tenebar,
2705 4208 2803 4262 sed
2832 4207 3069 4262 tenebar
3100 4212 3312 4261 tamen.
3358 4209 3421 4261 Et
3451 4206 3702 4261 instabas
3726 4211 3790 4260 tu
3823 4206 3893 4263 in

2191 4295 2421 4349 occultis
2450 4295 2614 4362 meis,
2671 4295 2928 4361 Domine,
2971 4311 3166 4349 severa
3194 4294 3602 4362 misericordia,
3657 4295 3892 4365 ﬂagella

2190 4382 2552 4452 ingeminans
2582 4383 2803 4437 timoris
2825 4388 2880 4436 et
2901 4383 3157 4452 pudoris,
3188 4399 3258 4436 ne
3281 4399 3476 4436 rursus
3495 4398 3800 4450 cessarem,
3829 4391 3896 4441 et

2190 4486 2307 4524 non
2327 4471 2762 4542 abrumperetur
2781 4471 3032 4540 idipsum
3053 4471 3326 4540 exiguum
3353 4475 3410 4524 et
3434 4475 3606 4524 tenue
3623 4472 3777 4541 quod
3797 4488 3892 4528 re-

2191 4565 2504 4627 manserat;
2537 4565 2593 4614 et
2615 4560 2981 4614 revalesceret
3009 4559 3241 4628 iterum,
3265 4562 3322 4612 et
3349 4574 3441 4612 me
3471 4557 3761 4614 robustius
3801 4563 3891 4616 al-

2191 4650 2410 4720 ligaret.
2448 4649 2712 4704 Dicebam
2769 4647 2922 4702 enim
2953 4647 3103 4717 apud
3153 4662 3243 4700 me
3271 4646 3424 4700 intus
3461 4661 3474 4700 :
3528 4648 3660 4702 Ecce
3710 4650 3892 4706 modo

2190 4740 2310 4804 tiat,
2342 4738 2512 4793 modo
2553 4738 2670 4792 fiat.
2714 4738 2780 4790 Et
2807 4752 2936 4791 cum
2967 4735 3139 4788 verbo
3164 4734 3284 4803 jam
3311 4733 3464 4789 ibam
3495 4735 3555 4790 in
3586 4737 3888 4806 placitum.

2188 4829 2213 4883 .l
2221 4844 2312 4882 am
2328 4843 2474 4898 pene
2500 4826 2799 4888 faciebam,
2824 4829 2880 4879 et
2901 4839 3014 4877 non
3035 4822 3309 4877 faciebam
3338 4840 3350 4878 :
3377 4839 3481 4879 nec
3501 4826 3797 4882 relabebar
3807 4831 3890 4883 ta-

2190 4933 2323 4971 men
2339 4915 2398 4970 in
2418 4914 2679 4986 pristina,
2694 4912 2793 4966 sed
2810 4911 2878 4966 de
2896 4910 3154 4981 proximo
3172 4913 3411 4978 stabam,
3434 4918 3490 4967 et
3510 4915 3888 4986 respirabam.

2194 5005 2407 5060 Etitem
2420 5002 2686 5070 conabar,
2700 5005 2757 5055 et
2768 5000 2937 5067 paulo
2957 4999 3236 5054 minusibi
3254 5017 3431 5062 eram,
3445 5008 3499 5057 et
3512 5005 3679 5074 paulo
3694 5003 3888 5060 minus

2184 5094 2302 5164 jam
2304 5094 2539 5164 jamque
2553 5089 2900 5159 attingebam
2915 5093 2971 5142 et
2987 5089 3278 5158 tenebam;
3295 5095 3351 5145 et
3364 5107 3479 5146 non
3494 5091 3571 5146 ibi
3585 5107 3760 5157 eram,
3779 5108 3886 5146 nec

2191 5181 2559 5250 attingebam,
2578 5194 2682 5233 nec
2701 5178 2984 5245 tenebam,
3010 5179 3276 5233 haesitans
3292 5181 3441 5235 mori
3461 5181 3652 5247 morti,
3676 5186 3731 5235 et
3752 5181 3883 5236 vitae

2191 5269 2402 5335 vivere;
2429 5270 2670 5338 plusque
2690 5267 2750 5320 in
2770 5283 2860 5320 me
2887 5267 3373 5322 valebatdeterius
3400 5270 3686 5337 inolitum,
3704 5285 3882 5339 quam

2189 5357 2394 5413 melius
2423 5357 2721 5411 insolitum
2753 5373 2766 5410 ε
2796 5361 3187 5428 punctumque
3233 5357 3422 5428 ipsum
3461 5357 3733 5428 temporis
3765 5375 3882 5429 quo

2191 5447 2344 5502 aliud
2357 5447 2583 5501 futurus
2600 5461 2778 5514 eram,
2797 5450 3009 5517 quanto
3030 5445 3263 5516 propius
3282 5445 3702 5510 admovebatur,
3720 5450 3882 5502 tanto

2256 5538 2268 5571 ¹
2296 5537 2416 5586 Mss.
2448 5535 2598 5596 Corb,
2628 5537 2682 5586 et
2708 5534 2920 5599 aliquod
2945 5535 3053 5594 alii,
3085 5547 3188 5585 non
3215 5537 3392 5597 punit.
