4058 6380
202 319 290 374 761
1645 314 1860 372 LIBER
1905 313 2255 373 OCTAVUS.

203 429 535 504 ampliorem
562 427 881 485 incutiebat
922 428 1221 486 horrorem
1246 447 1260 499 ;
1288 431 1387 488 sed
1418 447 1535 488 non
1578 432 1894 489 recutiebat

204 526 370 588 retro,
404 534 506 574 nec
534 519 846 585 avertebat,
872 519 973 574 sed
1000 520 1402 597 suspendebat.

265 613 353 664 26.
388 607 731 663 Retinebant
757 624 927 679 nugas
952 625 1260 681 nugarum,
1291 614 1347 664 et
1376 610 1655 666 vanitates
1683 611 1893 667 vanita-

206 706 320 754 tum
347 699 365 735 ¹
408 696 663 768 antiqua:
701 696 900 751 amicas
943 714 1107 765 meae,
1168 703 1224 751 et
1277 699 1628 753 succutiebat
1679 705 1891 755 vestem

205 803 383 843 meam
413 802 700 853 carneam,
725 791 781 840 et
800 786 1345 841 submurmurabant
1368 803 1382 841 :
1408 787 1726 842 Dimittisne
1742 805 1843 842 nos
1864 792 1894 844 ‘?

204 881 256 931 et
280 893 313 931 a
340 880 639 930 momento
665 874 774 929 isto
803 891 919 929 non
949 874 1164 929 erimus
1192 880 1379 929 tecum
1409 875 1559 930 ultra
1613 874 1673 930 in
1720 880 1892 930 aeter-

206 965 385 1020 num?
405 968 462 1019 et
486 980 522 1018 a
551 966 847 1017 momento
878 962 986 1017 isto
1008 978 1128 1018 non
1158 962 1265 1017 tibi
1297 962 1484 1018 licebit
1516 963 1622 1017 hoc
1653 967 1709 1018 et
1751 963 1892 1017 illud

204 1054 345 1107 ultra
385 1052 447 1107 in
495 1054 821 1107 aeternum?
864 1052 930 1106 Et
954 1067 1082 1123 quae
1111 1052 1494 1123 suggerebant
1521 1051 1582 1106 in
1632 1068 1699 1107 eo
1740 1052 1889 1124 quod

205 1141 333 1209 dixi,
368 1142 483 1195 Hoc
531 1143 590 1195 et
632 1140 824 1195 illud?
871 1156 998 1213 qum
1029 1141 1431 1213 suggerebant,
1486 1142 1632 1196 Deus
1686 1143 1893 1196 meus?

206 1233 426 1285 Avertat
444 1229 515 1283 ab
545 1228 737 1282 anima
752 1229 895 1283 servi
926 1227 1010 1283 tui
1040 1228 1425 1284 misericordia
1449 1233 1546 1283 tua
1570 1229 1754 1301 pouas
1770 1247 1881 1285 sor-

209 1319 297 1373 des
311 1317 697 1389 suggerebant
720 1318 731 1372 ε
753 1334 882 1389 quae
903 1318 1182 1373 dedecora
1205 1324 1215 1371 ι
1250 1320 1316 1374 Et
1336 1319 1637 1374 audiebam
1667 1334 1760 1373 eas
1772 1319 1892 1391 jam

208 1408 364 1477 longe
393 1405 591 1461 minus
618 1422 793 1478 quam
822 1406 1111 1473 dimidius,
1137 1423 1255 1461 non
1274 1407 1743 1479 tanquamlibere
1763 1425 1893 1463 con-

207 1495 537 1550 tradicentes
569 1494 757 1550 eundo
785 1494 845 1549 in
885 1494 1133 1565 obviam,
1166 1495 1262 1551 sed
1285 1495 1460 1550 veluti
1490 1513 1521 1549 a
1549 1496 1714 1551 dorso
1745 1513 1893 1551 mus-

208 1583 451 1650 sitantes,
488 1587 546 1638 et
594 1582 978 1639 discedentem
1010 1584 1171 1656 quasi
1216 1584 1416 1639 furtim
1454 1584 1798 1652 vellicantes,
1832 1589 1895 1641 ut

207 1672 556 1744 respicerem.
589 1671 976 1727 Retardabant
1003 1675 1195 1726 tamen
1225 1677 1583 1728 cunctantem
1612 1690 1705 1729 me
1733 1672 1893 1727 abri-

206 1776 329 1833 pere
364 1765 542 1833 atque
580 1765 840 1815 excutere
870 1761 940 1815 ab
970 1760 1051 1816 eis
1081 1765 1136 1815 et
1166 1761 1453 1817 transilire
1482 1778 1595 1833 quo
1628 1763 1888 1831 vocabar,

207 1865 326 1904 cum
354 1849 569 1905 diceret
608 1849 753 1905 mihi
800 1850 1152 1906 consuetudo
1180 1849 1462 1905 violenta:
1496 1853 1739 1906 Putasne
1770 1850 1893 1906 sine

209 1938 319 1993 istis
344 1938 564 2009 poteris
583 1938 612 1993 ?

302 2032 353 2081 7.
395 2027 506 2082 Sed
551 2027 671 2098 jam
702 2025 1053 2098 tepidissime
1090 2027 1199 2082 hoc
1246 2025 1482 2082 dicebat.
1517 2026 1894 2098 Aperiebatur

210 2116 351 2171 enim
369 2116 440 2170 ab
456 2132 530 2170 ea
556 2118 717 2186 parte
739 2131 851 2187 qua
880 2115 1234 2170 intenderam
1258 2114 1482 2185 faciem,
1502 2120 1559 2170 et
1579 2132 1691 2187 quo
1718 2120 1893 2171 trans-

211 2205 284 2259 ire
311 2203 694 2277 trepidabam,
734 2207 883 2258 casta
911 2203 1157 2275 dignitas
1185 2204 1575 2271 continentiae,
1610 2220 1807 2259 serena
1838 2209 1895 2260 et

210 2310 313 2349 non
341 2293 618 2349 dissolute
667 2291 885 2361 hilaris,
930 2293 1165 2348 honeste
1210 2291 1509 2347 blandiens
1549 2296 1611 2346 ut
1640 2292 1894 2348 venirem

211 2399 383 2455 neque
426 2382 775 2450 dubitarem,
810 2386 865 2437 et
892 2382 1199 2437 extendens
1231 2381 1300 2435 ad
1346 2397 1437 2435 me
1467 2381 1894 2452 suscipiendum

212 2478 261 2525 et
281 2471 742 2543 amplectendum
771 2470 895 2541 pias
935 2486 1137 2524 manus
1177 2469 1376 2541 plenas
1406 2469 1676 2541 gregibus
1714 2470 1898 2525 bono-

212 2577 327 2616 rum
343 2561 761 2632 exemplorum.
776 2559 865 2614 Ibi
885 2564 971 2615 tot
991 2560 1157 2631 pueri
1179 2566 1236 2615 et
1256 2561 1499 2632 puellae;
1524 2561 1605 2616 ibi
1625 2562 1896 2633 juventus

213 2651 375 2704 multa
427 2654 485 2704 et
526 2648 712 2703 omnis
760 2653 893 2703 aetas
945 2652 998 2703 et
1056 2664 1255 2720 graves
1299 2649 1511 2717 vidum,
1552 2654 1605 2704 et
1648 2649 1896 2721 virgines

213 2754 370 2793 auus:
403 2743 461 2793 et
488 2738 552 2792 in
578 2736 846 2792 omnibus
874 2737 995 2809 ipsa
1023 2737 1372 2793 continentia
1398 2754 1762 2811 nequaquam
1792 2744 1895 2793 ste-

215 2826 359 2893 rilis;
386 2827 482 2881 sed
514 2826 762 2880 fecunda
787 2831 970 2881 mater
992 2825 1239 2880 ﬁliorum
1264 2826 1602 2898 gaudiorum
1629 2827 1695 2882 de
1724 2827 1895 2881 mari-

216 2921 267 2970 to
306 2921 377 2981 te,
429 2916 692 2971 Domine.
727 2918 793 2969 Et
822 2914 1098 2970 irridebat
1124 2931 1218 2969 me
1264 2914 1527 2970 irrisione
1558 2916 1895 2985 hortatoria,

218 3004 363 3075 quasi
384 3004 637 3059 diceret:
668 3006 751 3058 Tu
780 3020 898 3059 non
926 3004 1140 3075 poteris
1170 3005 1325 3076 quod
1355 3003 1468 3072 isti,
1500 3005 1652 3077 quod
1682 3004 1805 3059 istm
1832 3003 1899 3060 2?

218 3096 293 3146 Au
310 3109 436 3148 vero
461 3093 560 3148 isti
592 3097 649 3148 et
677 3093 801 3146 ista:
832 3092 890 3147 in
921 3093 1237 3165 semetipsis
1266 3098 1523 3164 possunt,
1555 3110 1618 3148 ac
1642 3109 1757 3148 non
1786 3092 1809 3127 δ
1838 3093 1897 3148 iu

222 3183 440 3238 Domino
468 3185 589 3238 Deo
612 3199 714 3237 suo
734 3184 762 3237 ?
790 3182 1063 3237 Dominus
1090 3184 1236 3237 Deus
1267 3200 1465 3238 eorum
1495 3200 1586 3237 me
1608 3183 1766 3238 dedit
1794 3184 1893 3238 eis.

219 3271 348 3336 Quid
376 3271 433 3326 in
464 3276 519 3327 te
562 3276 697 3335 stas,
732 3276 787 3327 et
813 3288 928 3326 non
956 3277 1067 3326 stas
1091 3274 1120 3325 ?
1156 3272 1374 3344 Projice
1406 3276 1459 3326 te
1490 3272 1549 3326 in
1581 3288 1749 3340 eum;
1784 3271 1898 3327 noli

219 3364 472 3426 metuere,
509 3377 630 3415 non
657 3377 715 3416 se
764 3360 1059 3415 subtrahet
1087 3365 1150 3414 ut
1178 3361 1378 3415 cadas:
1411 3361 1625 3433 projice
1654 3366 1710 3415 te
1740 3378 1900 3417 secu-

218 3464 321 3512 rus,
343 3450 583 3516 excipiet
604 3454 661 3504 et
688 3449 910 3504 sanabit
928 3453 997 3504 te.
1029 3451 1093 3505 Et
1113 3450 1517 3505 erubescebam
1547 3450 1741 3518 nimis,
1766 3451 1902 3524 quia

220 3536 427 3593 illarum
458 3555 748 3611 nugarum
770 3555 1033 3594 murmur
1051 3540 1237 3594 adhuc
1268 3539 1588 3609 audiebam,
1609 3544 1664 3594 et
1678 3545 1901 3595 cuncta-

219 3625 423 3682 bundus
452 3627 799 3699 pendebam.
836 3628 902 3683 Et
930 3644 1127 3682 rursus
1156 3628 1274 3695 illa,
1311 3627 1473 3700 quasi
1512 3627 1754 3683 diceret:
1787 3629 1898 3685 Ob-

219 3714 462 3770 surdesce
505 3716 780 3771 adversus
831 3713 1129 3770 immunda
1176 3716 1273 3769 illa
1308 3715 1566 3770 membra
1594 3720 1692 3770 tua
1730 3731 1902 3787 super

219 3805 430 3869 terram,
478 3807 547 3859 ut
587 3802 1022 3859 mortiﬁcentur.
1065 3804 1310 3858 Narrant
1338 3804 1443 3857 tibi
1475 3804 1899 3875 delectationes,

221 3891 303 3945 sed
331 3908 443 3947 non
495 3891 645 3946 sicut
682 3892 771 3945 lex
803 3891 1033 3947 Domini
1080 3891 1180 3947 Dei
1227 3891 1312 3947 tui
1361 3893 1525 3963 (Psal.
1576 3908 1756 3958 cxvm,
1787 3892 1896 3963 85).

223 3979 318 4033 Ista
367 3979 754 4035 controversia
800 3980 862 4034 in
890 3981 1059 4035 corde
1102 3997 1254 4049 meo,
1298 3980 1530 4035 nonnisi
1567 3981 1635 4036 de
1680 3980 1900 4052 meipso

220 4068 471 4124 adversus
500 4068 811 4140 meipsum.
842 4070 916 4123 At
942 4068 1180 4141 Alypius
1206 4069 1407 4124 afﬁxus
1435 4069 1599 4124 lateri
1639 4086 1766 4125 meo
1809 4068 1899 4123 in—

222 4156 396 4214 usitati
424 4163 619 4214 motus
648 4156 761 4212 mei
791 4157 1005 4212 exitum
1034 4158 1237 4213 tacitus
1263 4157 1686 4230 opperiebatur.

864 4264 1087 4319 CAPUT
1114 4264 1235 4320 x11.
1771 4331 1780 4338 ,

423 4354 581 4409 Vocis
612 4352 894 4408 admonitu
920 4353 1179 4423 quomodo
1212 4357 1358 4408 totus
1387 4366 1689 4408 conversus.

282 4442 367 4497 28.
402 4440 507 4496 Ubi
538 4456 675 4496 vero
709 4456 744 4494 a
769 4440 947 4495 fundo
977 4456 1183 4495 arcano
1224 4441 1337 4495 alta
1364 4439 1741 4495 consideratio
1767 4456 1901 4495 con-

222 4528 378 4584 traxit
401 4533 456 4584 et
491 4528 779 4602 congessit
805 4532 983 4584 totam
1015 4529 1303 4584 miseriam
1347 4545 1536 4584 meam
1572 4529 1633 4585 in
1669 4544 1903 4601 conspe-

222 4619 360 4672 ctum
378 4618 568 4673 cordis
589 4617 723 4685 mei,
757 4617 956 4674 oborta
984 4622 1069 4674 est
1096 4619 1341 4690 procella
1362 4618 1583 4690 ingens,
1606 4618 1794 4673 ferens
1821 4618 1903 4674 iu-

219 4711 432 4774 gentem
459 4706 707 4761 imbrem
734 4706 1131 4778 lacrymarum.
1166 4708 1230 4763 Et
1259 4712 1321 4762 ut
1340 4711 1523 4762 totum
1549 4708 1902 4762 eﬁunderem

220 4808 336 4849 cum
365 4796 601 4850 vocibus
629 4795 766 4863 suis,
797 4796 1018 4851 surrexi
1035 4795 1353 4867 abAlypio:
1386 4795 1629 4850 solitudo
1661 4794 1804 4849 mihi
1833 4794 1899 4849 ad

222 4884 499 4954 negotium
532 4883 711 4951 ﬂendi
740 4884 927 4956 aptior
954 4884 1469 4956 suggerebatur;et
1488 4884 1687 4938 secessi
1716 4899 1901 4938 remo-

222 4971 339 5037 tius,
370 4988 547 5045 quam
580 4978 644 5028 ut
691 4979 883 5045 posset
936 4973 1081 5029 mihi
1128 4989 1367 5029 onerosa
1406 4988 1526 5028 esse
1559 4972 1730 5027 etiam
1780 4972 1913 5043 ejus'

221 5061 532 5127 praesentia.
566 5060 657 5116 Sic
681 5066 819 5117 tunc
846 5078 1023 5129 eram,
1057 5066 1113 5117 et
1139 5062 1236 5118 ille
1261 5062 1466 5117 sensit:
1499 5062 1687 5117 nescio
1717 5060 1853 5133 quid
1880 5060 1901 5095 ³

221 5148 388 5219 enim,
415 5155 584 5222 puto,
616 5150 892 5218 dixeram,
923 5150 985 5206 in
1023 5167 1137 5223 quo
1178 5150 1490 5223 apparebat
1533 5166 1703 5205 sonus
1751 5150 1903 5204 vocis

279 5256 292 5289 ¹
320 5256 372 5303 In
401 5258 477 5311 Β..
507 5258 866 5319 vani/anitum
896 5258 985 5305 Er.
1021 5257 1185 5319 Lugd.
1219 5258 1349 5306 Ven.
1384 5258 1508 5307 Lov.
1541 5257 1738 5307 Somm.
1763 5257 1900 5306 Dub.

222 5313 356 5385 blart.
392 5319 533 5385 Flor.
561 5322 616 5385 et
638 5318 829 5385 Bamb,
857 5313 1187 5385 vanitalnvm.
1218 5320 1285 5385 Μ.

274 5381 293 5414 ⁸
314 5381 463 5434 Quod
476 5380 572 5431 isti
588 5386 638 5443 et
658 5384 783 5439 istae,
793 5379 971 5443 j'uxtra
990 5382 1075 5430 Er.
1095 5382 1260 5441 Lugd.
1289 5382 1487 5430 Somm.
1506 5379 1812 5432 Lov.Itond.
1832 5381 1899 5430 M.

274 5443 293 5475 ³
318 5446 399 5491 An
428 5454 564 5501 non,
590 5441 747 5501 juxta
774 5441 923 5493 Mart.
951 5456 1071 5492 cum
1105 5446 1131 5494 4
1162 5445 1282 5493 Mss.
1320 5443 1388 5491 M.

276 5456 293 5475 ο
318 5456 399 5491 an
428 5456 564 5501 non,
620 5456 747 5491 uxta
774 5456 923 5493 mari.
951 5456 1071 5492 cum
1105 5456 1131 5494 ιι
1162 5456 1282 5493 Mss.
1320 5456 1388 5491 ιιι.

276 5503 294 5537 ι
312 5456 811 5568 Levat/idemnsit
825 5504 1152 5568 nesciounf
1175 5510 1209 5554 Α
1217 5504 1387 5568 liquid
1403 5507 1566 5558 enim.
1580 5531 1639 5543 —
1651 5504 1735 5556 Sic
1746 5504 1901 5556 etiam

276 5519 294 5537 ν
312 5519 453 5552 Lov.:
469 5519 528 5553 ιιι
548 5519 810 5553 ιιιεδρηειι
825 5519 997 5554 nescw
1046 5519 1152 5553 uia.
1175 5519 1282 5568 Auq

225 5562 297 5613 Er.
331 5565 491 5629 Lugd.
524 5566 661 5616 Ven.
693 5566 889 5616 Somm.
924 5572 975 5618 et
1005 5519 1173 5618 lqtoud.
1210 5566 1282 5617 Μ.

3590 324 3696 377 762

2001 451 2146 491 mea:
2170 436 2290 506 jam
2322 437 2458 492 ﬁetu
2483 439 2772 508 gravidus,
2824 442 2883 495 et
2937 438 3019 494 sic
3060 454 3440 497 surrexeram.
3491 445 3695 502 litansit

2002 539 2138 593 ergo
2167 523 2265 578 ille
2292 524 2393 578 ubi
2422 526 2781 593 Sedebamus,
2809 526 2984 582 nimie
3009 531 3266 599 stupens.
3300 530 3415 599 Ego
3437 531 3541 586 sub
3561 549 3693 603 qua-

2000 610 2131 666 dam
2159 611 2251 665 ﬁci
2278 613 2479 667 arbore
2506 615 2678 670 stravi
2707 631 2799 670 me
2847 616 3035 670 nescio
3068 617 3380 687 quomodo,
3412 622 3470 672 et
3498 620 3691 675 dimisi

1999 699 2247 754 habenas
2278 702 2558 773 lacrymis,
2590 708 2646 758 et
2698 710 3088 775 proruperunt
3118 707 3358 762 ﬁumina
3386 710 3691 766 oculorum

1999 803 2282 855 meorum,
2315 790 2656 860 acceptabile
2683 792 3018 847 sacriﬁcium
3034 799 3219 850 tuum.
3241 796 3304 849 Et
3324 811 3442 849 non
3458 796 3693 867 quidem

1999 876 2087 930 his
2115 876 2320 944 verbis,
2346 877 2441 932 sed
2471 878 2533 931 iu
2561 878 2664 931 hac
2693 881 2974 934 sententia
2997 883 3173 936 multa
3200 882 3316 937 dixi
3348 883 3450 938 tibi
3475 900 3488 938 :
3517 885 3581 939 Et
3605 888 3689 952 tu,

2002 964 2257 1032 Domine,
2293 982 2586 1038 usquequo
2610 968 2638 1020 ?
2662 967 2825 1036 (Psal:
2868 984 2943 1036 v1,
2968 969 3377 1041 4.)Usquequo,
3429 969 3691 1037 Domine,

1999 1050 2257 1106 irasceris
2285 1052 2345 1105 in
2371 1051 2546 1106 ﬁnem
2566 1054 2595 1097 9
2625 1053 2704 1107 Ne
2736 1068 2958 1108 memor
2982 1054 3156 1109 fueris
3185 1054 3556 1128 iniquitatum
3583 1072 3693 1110 uo-

2000 1142 2247 1195 strarum
2278 1139 2646 1211 antiquarum
2674 1142 2840 1212 (Psal.
2873 1158 3131 1211 Lxxxvui,
3164 1146 3219 1212 ὃ,
3248 1145 3330 1214 8).
3367 1143 3695 1199 Sentiebam

2000 1227 2149 1283 enim
2196 1227 2278 1283 eis
2339 1244 2428 1283 me
2478 1228 2708 1285 teneri:
2752 1230 3038 1301 jactabam
3094 1247 3259 1285 voces
3311 1231 3687 1287 miserabiles.

1999 1316 2283 1381 Quamdiu
2302 1319 2331 1371 ‘?
2361 1318 2651 1389 quamdiu,
2687 1334 2810 1373 cras
2840 1324 2898 1373 et
2925 1320 3093 1374 cras?
3124 1321 3310 1385 Quare
3337 1336 3453 1376 non
3475 1320 3645 1375 modo
3665 1322 3694 1375 ?

1999 1421 2176 1477 quare
2204 1421 2320 1460 non
2339 1405 2444 1460 hac
2472 1406 2614 1461 hora
2638 1405 2767 1461 ﬁnis
2796 1406 3172 1478 turpitudinis
3202 1425 3344 1463 mea:
3366 1409 3395 1462 ?

2068 1497 2157 1549 29.
2189 1493 2453 1550 Dicebam
2482 1496 2623 1562 haec,
2649 1500 2705 1550 et
2731 1496 2936 1551 ﬂebam
2967 1495 3324 1552 amarissima
3353 1497 3695 1553 contritione

2000 1580 2187 1635 cordis
2225 1581 2358 1636 mei.
2393 1584 2457 1636 Et
2486 1598 2611 1637 ecce
2639 1583 2808 1638 audio
2840 1599 3038 1639 vocem
3071 1584 3140 1639 de
3161 1584 3342 1639 vicina
3365 1585 3536 1641 domo
3564 1602 3695 1641 cum

2000 1674 2172 1724 cantu
2200 1669 2440 1725 dicentis
2478 1676 2535 1726 et
2577 1672 2774 1726 crebro
2813 1672 3146 1743 repetentis,
3201 1673 3364 1746 quasi
3409 1675 3573 1747 pueri
3620 1691 3696 1730 an

2000 1757 2228 1827 puellae,
2264 1757 2490 1813 nescio:
2528 1760 2687 1826 Tolle,
2716 1762 2864 1827 lege;
2894 1761 3033 1829 tolle,
3068 1762 3198 1828 lege.
3232 1762 3552 1835 Statimque
3571 1778 3694 1817 mu—
3802 1784 3813 1793 ε

2000 1848 2117 1899 tato
2144 1846 2322 1913 vultu,
2353 1847 2764 1903 iuteutissimus
2793 1846 3041 1921 cogitare
3071 1850 3215 1921 ccepi
3247 1855 3577 1908 utrumnam
3608 1869 3697 1907 so-
3758 1860 3765 1866 '

2001 1933 2183 1988 lerent
2208 1934 2373 2006 pueri
2432 1932 2492 1988 in
2517 1934 2709 2007 aliquo
2739 1952 2950 2007 genere
2978 1937 3211 1993 ludendi
3262 1940 3540 1995 cantitare
3581 1941 3695 1996 tale

2002 2021 2251 2093 aliquid:
2273 2038 2373 2076 nec
2401 2024 2733 2078 occurrebat
2758 2024 2993 2078 omnino
3023 2025 3302 2081 audivisse
3336 2042 3424 2081 me
3447 2027 3691 2099 uspiam.

2002 2111 2390 2182 Repressoque
2414 2110 2633 2181 impetu
2660 2112 3061 2183 lacrymarum,
3090 2113 3342 2184 surrexi,
3380 2114 3503 2171 nihi
3540 2115 3697 2171 aliud

2001 2197 2403 2270 interpretans,
2434 2198 2547 2253 nisi
2577 2199 2850 2255 divinitus
2884 2201 3029 2256 mihi
3075 2202 3266 2273 juberi
3316 2206 3380 2258 ut
3411 2203 3696 2276 aperirem

2003 2287 2278 2354 codicem,
2314 2291 2371 2342 et
2399 2288 2649 2359 legerem
2678 2290 2831 2359 quod
2863 2289 3114 2361 primum
3143 2295 3311 2364 caput
3330 2291 3697 2348 invenissem.

2002 2376 2309 2431 Audieram
2339 2375 2490 2430 enim
2516 2376 2585 2431 de
2612 2379 2860 2432 Antonio
2891 2379 3043 2451 quod
3075 2395 3137 2433 ex
3165 2381 3487 2452 evangelica
3510 2381 3701 2436 lectio-

2003 2481 2094 2529 ne,
2129 2464 2221 2519 cui
2249 2464 2391 2519 forte
2422 2472 2849 2537 supervenerat,
2872 2467 3193 2523 admonitus
3210 2468 3401 2536 fuerit,
3424 2473 3701 2542 tanquam

2005 2553 2113 2608 sibi
2141 2553 2424 2608 diceretur
2452 2554 2605 2625 quod
2631 2555 2961 2625 legebatur:
2992 2557 3160 2623 Vade,
3186 2557 3354 2612 vende
3373 2560 3555 2613 omnia
3584 2575 3703 2629 qua:

2005 2643 2189 2711 habcs,
2222 2646 2272 2696 et
2301 2642 2374 2695 da
2390 2643 2754 2711 pauperibus;
2787 2647 2837 2696 et
2867 2644 3084 2699 habebis
3109 2646 3419 2700 thesaurum
3446 2647 3504 2700 in
3523 2648 3700 2714 caelis;

2004 2737 2055 2785 et
2096 2733 2237 2799 teni,
2279 2745 2495 2799 sequere
2537 2746 2619 2785 me
2661 2731 2880 2800 (Matth.
2912 2748 3025 2800 xix,
3052 2734 3174 2801 2|);
3208 2738 3264 2787 et
3316 2733 3419 2787 tali
3473 2735 3702 2789 oraculo

2005 2818 2304 2872 confestim
2342 2818 2413 2872 ad
2443 2822 2498 2871 te
2530 2834 2649 2871 esse
2678 2835 3035 2874 conversum.
3070 2822 3265 2892 Itaque
3302 2821 3557 2877 concitus
3612 2837 3702 2877 re-

2006 2907 2085 2961 dii
2115 2907 2183 2960 ad
2210 2922 2340 2961 eum
2372 2906 2561 2960 locum
2593 2907 2691 2961 ubi
2723 2908 2953 2961 sedebat
2981 2909 3248 2979 Alypius:
3281 2908 3361 2963 ibi
3404 2910 3561 2965 enim
3597 2927 3704 2982 po.-

2006 3011 2230 3050 sueram
2260 2995 2514 3050 codicem
2541 2995 2813 3066 Apostoli,
2846 3013 2975 3050 cum
3024 2996 3157 3051 inde
3187 3013 3562 3054 surrexeram.
3594 3002 3701 3054 Ar-

2004 3081 2429 3155 ripui,qaperui,
2463 3087 2520 3137 et
2549 3083 2663 3154 legi
2693 3083 2754 3137 in
2785 3083 3013 3139 silentio
3047 3084 3386 3155 capitulum,
3418 3102 3533 3157 quo
3575 3087 3701 3158 pri-

2007 3186 2167 3225 mum
2196 3169 2437 3241 conjecti
2467 3174 2600 3224 sunt
2629 3169 2777 3226 oculi
2808 3171 2959 3225 mei:
2992 3174 3113 3230 Non
3142 3173 3198 3226 in
3228 3175 3701 3230 comessationibus

2005 3265 2055 3314 et
2083 3260 2453 3327 ebrietatibus,
2500 3274 2605 3313 non
2626 3261 2682 3314 in
2712 3259 2977 3315 cubilibus
3017 3265 3067 3316 et
3094 3261 3472 3331 impudicitiis,
3506 3278 3613 3317 non
3643 3265 3705 3319 in

2007 3351 2335 3404 contentione
2362 3354 2411 3404 et
2439 3351 2814 3413 mulatione;
2854 3350 2949 3404 sed
2975 3350 3187 3404 induite
3218 3353 3501 3405 Dominum
3523 3354 3705 3407 Jesum

2009 3439 2301 3506 Christum,
2333 3443 2382 3493 et
2408 3440 2589 3493 carnis
2619 3438 3015 3508 providentiam
3040 3455 3104 3494 ne
3146 3440 3385 3506 feceritis
3427 3440 3485 3493 in
3517 3455 3702 3495 conca.

2004 3530 2285 3598 piscentiis
2317 3527 2489 3597 (Rom.
2534 3544 2652 3596 xm,
2690 3530 2777 3597 l3,
2812 3526 2917 3599 14).
2952 3528 3065 3582 Nec
3094 3527 3247 3581 ultra
3281 3527 3433 3581 volui
3461 3527 3650 3599 legere
3682 3543 3697 3595 ;

2007 3633 2112 3670 nec
2141 3630 2284 3688 opus
2297 3619 2436 3671 erat.
2456 3615 2658 3670 Statim
2680 3614 2893 3688 quippe
2920 3631 3051 3669 cum
3071 3615 3186 3669 ﬁu'e
3209 3614 3445 3687 hujusce
3478 3621 3708 3671 senten-
3790 3618 3795 3625 ’

2007 3702 2102 3756 tiae
2116 3702 2280 3774 quasi
2302 3702 2427 3756 luce
2448 3701 2769 3756 securitatis
2797 3700 2986 3756 infusa
3007 3701 3164 3756 cordi
3194 3717 3345 3765 meo,
3377 3717 3577 3758 omnes
3607 3701 3709 3757 du-

2009 3789 2311 3845 bitationis
2343 3790 2595 3843 tenebrae
2626 3788 2994 3859 diffugerunt.

2081 3881 2167 3933 30.
2208 3879 2351 3932 Tum
2379 3876 2677 3948 iuterjecto
2708 3882 2806 3931 aut
2834 3876 3014 3946 digito
3070 3880 3171 3931 aut
3199 3876 3387 3932 nescio
3442 3894 3555 3949 quo
3592 3878 3706 3935 alio

2007 3965 2191 4036 signo,
2222 3964 2475 4020 codicem
2488 3964 2685 4030 clausi,
2716 3968 2773 4020 et
2802 3963 3110 4036 tranquillo
3125 3964 3251 4036 jam
3276 3966 3436 4021 vultu
3457 3965 3703 4023 iudicavi

2009 4054 2232 4125 Alypio.
2266 4056 2335 4112 At
2376 4053 2473 4108 ille
2514 4052 2651 4124 quid
2680 4052 2741 4107 in
2770 4069 2828 4107 se
2855 4057 3135 4123 ageretur,
3169 4053 3318 4125 quod
3350 4070 3456 4126 ego
3491 4055 3707 4111 nescie-

2011 4143 2165 4206 bam,
2194 4141 2570 4197 sicindicavit.
2603 4140 2948 4197 Petitvidere
2960 4142 3101 4213 quid
3121 4142 3417 4214 legissem:
3441 4144 3665 4198 ostendi
3692 4163 3707 4212 ;

2009 4235 2067 4285 et
2095 4230 2333 4285 attendit
2362 4229 2537 4284 etiam
2566 4230 2718 4284 ultra
2748 4245 2922 4301 quam
2952 4246 3059 4301 ego
3098 4230 3370 4301 legeram,
3399 4235 3458 4285 et
3482 4231 3709 4303 ignora-

2010 4320 2142 4374 bam
2173 4319 2311 4391 quid
2341 4324 2695 4390 sequeretur.
2727 4318 3081 4390 Sequebatur
3105 4334 3273 4373 vero:
3306 4321 3586 4387 Inﬁrmum
3614 4337 3712 4375 au-

2012 4411 2113 4462 tem
2140 4410 2197 4462 in
2225 4407 2331 4478 ﬁde
2354 4409 2575 4478 recipito
2597 4404 2615 4439 ¹
2648 4406 2776 4479 (Id.,
2808 4423 2920 4475 xxv,
2958 4409 3025 4479 t).
3058 4406 3218 4472 Quod
3252 4407 3345 4462 ille
3376 4408 3447 4463 ad
3478 4424 3537 4463 se
3555 4413 3710 4464 retu-

2010 4497 2097 4565 lit,
2127 4496 2385 4568 mi‘nique
2412 4495 2655 4567 aperuit.
2711 4496 2823 4551 Sed
2877 4494 2978 4550 tali
3036 4494 3419 4552 admonitione
3451 4496 3711 4553 ﬁrmatus

2011 4590 2113 4652 est,
2145 4585 2472 4657 placitoque
2503 4600 2565 4638 ac
2594 4583 2887 4655 proposito
2923 4582 3075 4638 bono
3106 4589 3165 4639 et
3190 4586 3709 4656 congruentissimo

2012 4676 2127 4730 suis
2158 4674 2433 4741 moribus,
2463 4672 2671 4745 quibus
2701 4690 2734 4727 a
2759 4688 2848 4727 me
2874 4671 2935 4727 in
2981 4672 3189 4728 melius
3232 4672 3356 4745 jam
3385 4673 3524 4731 olim
3551 4676 3710 4732 valde

2011 4765 2293 4835 longeque
2323 4762 2593 4827 distabat,
2652 4761 2773 4816 sine
2822 4761 2939 4815 ulla
2981 4762 3312 4817 turbulenta
3354 4764 3713 4821 cunctatione

2008 4853 2345 4925 conjunctus
2374 4856 2479 4908 est.
2511 4851 2645 4906 Inde
2675 4850 2745 4905 ad
2775 4855 3019 4906 matrem
3070 4850 3450 4923 ingredimur,
3480 4840 3702 4909 indica-

2011 4959 2178 5010 mus;
2210 4941 2438 5013 gaudet.
2473 4940 2781 4995 Narramus
2810 4939 3298 5010 quemadmodum
3329 4945 3556 5012 gestum
3598 4942 3703 5009 sit;

2011 5032 2251 5087 exsultat
2279 5033 2334 5084 et
2360 5029 2676 5100 triumphat
2697 5048 2712 5096 ;
2736 5032 2791 5083 et
2819 5028 3190 5083 benedicebat
3218 5028 3343 5098 tibi,
3376 5029 3475 5102 qui
3505 5034 3710 5102 potens

2011 5124 2094 5175 est
2117 5121 2265 5174 ultra
2284 5134 2457 5191 quam
2486 5118 2734 5188 petimus
2766 5121 2861 5173 aut
2889 5116 3268 5190 intelligimus
3281 5118 3463 5172 facere
3486 5118 3704 5187 (Ephes.

2010 5226 2090 5276 ιιι,
2117 5210 2229 5279 20),
2268 5206 2403 5279 quia
2433 5210 2591 5261 tanto
2621 5205 2867 5277 amplius
2889 5205 2995 5260 sibi
3028 5223 3057 5259 a
3084 5210 3138 5259 te
3170 5220 3499 5260 concessum
3522 5203 3591 5257 de
3615 5219 3709 5259 me

2010 5298 2253 5364 videbat,
2282 5313 2451 5369 quam
2480 5301 2673 5367 petere
2702 5295 2917 5350 solebat
2942 5294 3360 5349 miserabilibus
3387 5292 3709 5348 ﬂebilibus-

2010 5403 2122 5459 que
2152 5386 2475 5459 gemitibus.
2507 5384 2846 5441 Couvertisti
2875 5383 3026 5439 enim
3055 5398 3145 5437 me
3161 5382 3231 5437 ad
3259 5385 3334 5450 te,
3366 5385 3542 5435 utnec
3567 5397 3708 5437 uxo~

2076 5568 2086 5601 ¹
2124 5563 2282 5624 Lov.,
2313 5563 2603 5621 assumtis;
2634 5559 2719 5610 alii
2750 5558 2897 5613 Cdd..
2928 5557 3168 5623 recipite.
