4058 6348
357 317 463 372 763

354 453 477 492 rem
505 450 842 507 quaererem,
873 450 979 491 nec
997 434 1247 508 aliquam
1270 451 1428 508 spem
1454 435 1630 491 seculi
1670 436 1861 508 hujus,
1893 440 2047 491 stans

356 524 418 579 in
447 540 515 578 ea
543 522 743 593 regula
769 521 905 577 ﬁdei
933 522 994 577 in
1023 539 1137 594 qua
1166 540 1259 578 me
1280 528 1408 578 ante
1435 527 1521 579 tot
1546 539 1726 578 annos
1756 523 1808 578 ei
1838 525 2047 579 revela-

355 626 536 666 veras.
553 609 1178 673 Etconvertistiluctum
1201 610 1323 682 ejus
1344 611 1403 665 in
1416 611 1691 684 gaudium
1714 612 1873 682 (Psal.
1892 628 2041 679 xxix,

1559 311 2099 372 CONFESSIONUM
2148 310 2205 369 S.
2263 309 2672 370 AUGUSTINI.

3756 320 3864 374 764

2176 435 2261 505 t2)
2287 435 2470 490 multo
2500 434 2732 490 uberius
2760 451 2933 508 quam
2966 437 3260 507 voluerat;
3307 443 3363 494 et
3405 440 3588 495 multo
3634 440 3861 497 cbarius

2171 527 2342 668 sign:
2371 524 2600 593 castius,
2633 540 2807 597 quam
2837 526 2907 583 de
2936 527 3240 599 nepotibus
3270 529 3456 584 carnis
3485 545 3627 586 mem
3663 532 3858 607 requi-

2171 629 2229 667 re
2272 628 2304 667 a
2334 655 2349 668 .

2167 628 2349 671 renat.

1501 841 2017 964 LIBER
2112 840 2714 967 NONUS.

423 1027 560 1108 Dicit
584 1027 648 1109 de
677 1030 842 1109 capto
863 1042 903 1109 a_
920 1041 976 1078 se
1005 1026 1230 1109 concilio
1261 1027 1537 1109 rhetori-eas
1567 1027 1954 1109 professionem
1984 1024 2282 1109 objiciendi,
2320 1030 2640 1109 pontamen
2672 1030 2955 1093 antequam
2985 1028 3378 1081 vindemiatium
3420 1030 3688 1092 feriarum,
3718 1032 3861 1095 quod

360 1097 867 1180 pro-ximeoinstabet,
890 1102 1099 1180 tempus
1121 1099 1432 1180 advenisset.
1465 1100 1594 1180 Tum
1622 1098 1684 1179 de
1705 1112 1808 1179 suo
1831 1097 1898 1178 in.
1913 1097 2209 1180 crepundi
2231 1097 2384 1180 amici
2405 1097 2586 1147 villam
2607 1111 2834 1158 secessu,
2856 1099 2920 1149 de
2938 1113 3034 1148 suo
3064 1100 3401 1164 Baptismate,
3430 1115 3492 1150 ac
3513 1101 3578 1151 de
3598 1102 3862 1152 Monnicre

363 1169 547 1217 matris
569 1169 859 1219 virtutibus
881 1173 1037 1235 atque
1053 1171 1218 1232 obitu,
1238 1169 1345 1235 qui,
1368 1170 1627 1234 baptizato
1648 1169 1779 1233 ipso,
1796 1166 1982 1218 incidit
1995 1167 2051 1217 in
2066 1167 2310 1218 eumdem
2323 1166 2530 1219 huncce
2547 1180 2765 1229 annum,
2784 1170 2952 1220 (etatis
2971 1170 3213 1220 videlicet
3231 1170 3510 1236 Augustini
3535 1171 3863 1236 trigesimum

361 1237 574 1289 tertium
586 1275 598 1289 .

929 1442 1155 1498 CAPUT
1197 1439 1490 1497 PRIMUM.

467 1531 687 1591 Laudat
712 1533 810 1587 Dei
829 1530 1134 1597 bonitatem,
1162 1545 1451 1599 agnoscens
1475 1544 1629 1603 suam
1655 1530 1951 1585 miseriam.

438 1625 487 1678 l.
519 1623 562 1678 Ο
608 1619 868 1688 Domine,
914 1636 1020 1691 ego
1051 1636 1246 1673 servus
1293 1622 1458 1687 tuus;
1509 1635 1614 1690 ego
1663 1634 1857 1673 servus
1904 1621 2057 1686 tuus,

362 1715 419 1767 et
447 1710 602 1766 ﬁlius
630 1709 849 1765 ancilla:
879 1712 1013 1763 tuae.
1050 1707 1326 1780 Dirupisti
1351 1707 1577 1762 vincula
1614 1723 1765 1775 mea,
1813 1705 1920 1761 tibi
1972 1723 2061 1760 sa-

361 1798 624 1857 criﬁcabo
671 1797 987 1852 sacriﬁcum
1033 1797 1219 1851 laudis
1250 1796 1410 1868 (Psal.
1461 1811 1584 1864 cxv,
1620 1799 1707 1860 l6,
1762 1795 1867 1867 t7).
1917 1794 2061 1850 Lau-

363 1890 459 1945 det
488 1891 541 1943 te
571 1903 669 1942 cor
692 1902 887 1941 meum
926 1888 982 1940 et
1019 1885 1217 1957 lingua
1266 1901 1412 1953 mea,
1445 1888 1504 1939 et
1545 1883 1738 1939 omnia
1776 1899 1903 1938 ossa
1933 1898 2064 1937 mea

361 1977 592 2033 dicant:
625 1977 863 2042 Domine,
893 1977 1016 2046 quis
1039 1974 1234 2029 similis
1269 1973 1417 2028 tibi?
1446 1971 1663 2039 Dicant,
1695 1975 1751 2027 et
1778 1971 2061 2043 responde

362 2064 527 2133 mihi,
574 2067 630 2120 et
674 2064 762 2119 die
806 2066 1001 2118 animm
1054 2078 1197 2127 meae,
1254 2062 1411 2116 Salus
1445 2065 1538 2115 tua
1591 2077 1684 2129 ego
1722 2076 1839 2115 sum
1899 2060 2057 2129 (Psal.

363 2169 542 2216 xxxw,
578 2155 662 2219 l0,
700 2152 770 2221 3).
802 2150 937 2216 Quis
958 2165 1086 2220 ego,
1117 2153 1172 2202 et
1211 2147 1394 2219 qualis
1424 2146 1576 2219 ego?
1605 2147 1745 2212 Quid
1780 2164 1895 2202 non
1926 2145 2062 2201 mali

364 2247 462 2298 aut
489 2241 633 2297 facta
648 2241 802 2295 meat
823 2256 836 2307 ;
854 2241 969 2305 aut,
986 2237 1033 2290 si
1059 2253 1175 2291 non
1197 2236 1363 2303 facta,
1394 2236 1543 2291 dicta
1563 2253 1691 2291 mea
1714 2240 1858 2305 ;aut,
1882 2236 1929 2290 si
1946 2251 2063 2290 non

365 2332 535 2392 dicta,
556 2330 817 2384 voluntas
841 2342 971 2381 mea
991 2324 1145 2380 fuit?
1164 2326 1247 2379 Tu
1268 2330 1479 2393 autem,
1512 2324 1775 2393 Domine,
1804 2324 1983 2379 bonus
2009 2327 2064 2379 et

365 2417 705 2485 misericors,
750 2420 808 2470 et
855 2416 1087 2469 dextera
1125 2417 1223 2467 tua
1260 2412 1568 2485 respiciens
1612 2413 2060 2482 profunditatem

364 2507 563 2565 mortis
592 2521 756 2571 mem,
781 2507 837 2558 et
851 2519 880 2557 a
894 2500 1069 2556 fundo
1088 2500 1275 2555 cordis
1294 2500 1408 2555 mei
1438 2500 1774 2555 exhauriens
1794 2501 2062 2570 abyssum

364 2592 769 2666 corruptionis.
786 2592 851 2646 Et
873 2592 981 2645 hoc
995 2594 1115 2644 erat
1141 2594 1323 2644 totum
1340 2590 1492 2644 nolle
1522 2589 1675 2661 quod
1704 2589 1986 2655 volebam,
2007 2593 2065 2644 et

363 2685 507 2739 velle
529 2681 682 2755 quod
700 2676 977 2736 volebas”.
997 2678 1106 2733 Sed
1132 2678 1229 2733 ubi
1250 2682 1372 2733 erat
1400 2682 1515 2733 tam
1538 2694 1754 2732 annoso
1776 2682 2055 2749 tempore,

366 2772 519 2828 etde
559 2786 671 2843 quo
701 2768 817 2823 imo
870 2768 1100 2839 altoque
1132 2772 1348 2821 secreto
1384 2771 1677 2821 evocatum
1710 2770 1793 2821 est
1836 2765 1896 2820 in
1935 2782 2060 2821 mo-

365 2866 559 2918 mento
586 2859 829 2914 liberum
859 2857 1159 2912 arbitrium
1182 2873 1396 2923 meum,
1421 2873 1533 2929 quo
1554 2856 1854 2911 subderem
1887 2855 2063 2910 cervi-

366 2966 488 3006 cem
510 2948 624 3004 leni
641 2947 782 3019 jugo
810 2950 927 3014 tuo,
946 2946 1284 3001 ethumeros
1313 2945 1422 3000 levi
1451 2945 1684 3000 sarcina:
1705 2949 1819 2999 tum
1841 2945 2062 3015 (Matth.

365 3058 445 3108 x1,
491 3039 600 3109 30),
667 3036 884 3094 Christe
937 3037 1089 3103 Jesu,
1149 3035 1373 3106 adjulor
1425 3050 1588 3089 meus
1629 3039 1684 3089 et
1739 3034 2068 3104 redemptor

365 3144 527 3185 meus
547 3129 576 3183 ?
605 3127 784 3193 Quam
816 3111 986 3179 suave
1008 3121 1150 3178 mihi
1179 3123 1372 3177 subito
1395 3122 1604 3176 factum
1630 3126 1917 3176 estcarcre
1948 3136 2067 3173 sua.

362 3215 631 3270 vitalibus
658 3211 979 3284 nugarum!
1042 3216 1099 3265 et
1137 3227 1279 3282 quas
1323 3209 1583 3264 amittere
1630 3214 1814 3264 metus
1860 3208 2066 3276 fuerat,

368 3306 484 3378 jam
514 3303 803 3360 dimittere
832 3300 1109 3371 gaudium
1140 3302 1278 3353 erat.
1310 3298 1584 3368 Ejiciebas
1605 3296 1757 3351 enim
1786 3313 1923 3350 casa
1951 3312 2065 3362 me,

368 3410 500 3447 vera
526 3396 585 3446 tu
620 3395 676 3445 et
705 3405 930 3446 summa
958 3388 1204 3442 suavitas
1227 3403 1241 3441 ε
1278 3386 1564 3458 ejiciebas,
1592 3390 1648 3440 et
1675 3385 1930 3440 intrabas
1960 3400 2065 3455 pro

370 3480 451 3536 eis
477 3477 636 3534 omni
661 3479 954 3548 voluptate
983 3475 1223 3545 dulcior,
1239 3474 1337 3529 sed
1366 3490 1482 3528 non
1495 3472 1652 3527 carni
1683 3477 1740 3528 et
1760 3471 2061 3543 sanguini;

371 3567 530 3624 omni
560 3568 684 3623 luce
717 3564 941 3633 clarior,
985 3564 1083 3619 sed
1131 3562 1290 3617 omni
1329 3566 1544 3616 secreto
1592 3559 1869 3627 interior;
1909 3556 2070 3613 omni

370 3659 592 3714 honore
623 3653 947 3724 sublimior,
978 3653 1070 3707 sed
1105 3668 1222 3708 non
1255 3649 1601 3706 sublimibus
1641 3650 1698 3704 in
1725 3665 1802 3703 se.
1833 3649 1958 3703 Jam
1999 3647 2069 3700 li-

370 3747 471 3801 ber
502 3749 624 3800 erat
655 3743 882 3798 animus
923 3758 1084 3796 meus
1115 3758 1146 3795 a
1176 3739 1325 3794 curis
1372 3738 1735 3794 mordacibus
1782 3731 2071 3791 ambiendi

372 3840 428 3891 et
460 3832 811 3908 acquirendi,
841 3836 898 3886 et
943 3828 1238 3886 volutandi
1268 3832 1437 3900 atque
1486 3825 1775 3898 scalpendi
1823 3824 2070 3879 scabiem

370 3922 678 3981 libidinum
710 3942 725 3991 ;
756 3926 812 3976 et
832 3919 1154 3992 garriebam
1179 3917 1283 3972 tibi
1311 3916 1551 3972 claritati
1578 3932 1743 3984 meat,
1776 3918 1833 3969 et
1859 3912 2071 3968 divitiis

372 4012 536 4080 meis,
579 4016 634 4067 et
663 4010 835 4066 saluti
866 4026 1009 4064 mea:
1041 4006 1283 4063 Domino
1316 4008 1429 4061 Deo
1457 4020 1605 4060 meo.

1064 4096 1287 4151 CAPUT
1317 4094 1386 4148 II.

371 4192 621 4245 Deserere
657 4186 944 4242 rhetorices
985 4184 1373 4254 professionem
1404 4179 1588 4249 differt
1628 4191 1794 4247 usque
1838 4175 1913 4231 ad
1951 4175 2072 4230 vin-

975 4270 1228 4325 demiales
1267 4270 1439 4336 ferias
1451 4307 1464 4323 .

444 4365 498 4418 2.
533 4364 599 4417 Et
646 4360 859 4433 placuit
905 4357 1050 4413 mihi
1093 4356 1155 4411 in
1203 4358 1512 4426 conspectu
1554 4357 1652 4408 tuo
1697 4368 1811 4407 non
1858 4351 2073 4407 tumul-

375 4457 540 4507 tuose
583 4448 869 4521 abripere,
911 4447 1008 4503 sed
1046 4444 1255 4500 leniter
1309 4443 1645 4499 subtrahere
1691 4440 2075 4497 ministerium

377 4541 592 4613 linguae
621 4554 767 4593 mete
797 4532 1443 4605 nundinisloquaeitatis
1464 4536 1485 4569 ³
1512 4549 1525 4600 ;
1552 4548 1623 4586 ne
1646 4529 1884 4585 ulterius
1907 4527 2077 4601 pueri

378 4628 721 4684 meditantes
752 4642 865 4681 non
894 4626 1083 4696 legem
1110 4628 1290 4690 tuam,
1330 4638 1447 4676 non
1499 4636 1699 4693 pacem
1746 4623 1926 4687 tuam,
1980 4616 2077 4671 sed

378 4718 630 4776 insanias
659 4717 981 4783 mendaces,
1014 4719 1068 4769 et
1094 4714 1243 4769 bella
1277 4711 1544 4779 forensia,
1592 4711 1982 4766 mercarentur
2008 4723 2079 4761 ex

377 4825 476 4864 ore
507 4823 635 4862 meo
667 4822 825 4861 arma
853 4803 1032 4860 furori
1057 4820 1179 4858 suo.
1208 4802 1274 4857 Et
1320 4805 1641 4873 opportune
1684 4799 1806 4871 jam
1850 4796 2069 4870 paucis-

381 4894 513 4952 simi
540 4895 658 4951 dies
687 4897 1024 4965 supererant
1052 4892 1123 4946 ad
1154 4890 1524 4947 vindemiaIes
1570 4887 1756 4955 ferias,
1804 4891 1861 4942 et
1906 4883 2080 4940 statui

381 4984 628 5040 tolerare
657 4982 785 5037 illos
810 4986 873 5037 ut
900 4980 1232 5035 solemniter
1253 4979 1635 5045 abscederem,
1666 4981 1722 5032 et
1748 4976 2079 5047 redemptus

377 5091 412 5127 a
440 5072 621 5143 tejam
647 5087 760 5125 non
778 5070 1021 5124 redirem
1034 5067 1267 5122 venalis.
1302 5065 1612 5122 Consilium
1642 5080 1778 5135 ergo
1815 5067 2077 5116 nostrum

386 5168 509 5217 erat
534 5177 723 5216 coram
755 5164 807 5214 te
832 5176 846 5227 ;
871 5173 1063 5213 coram
1091 5155 1419 5211 hominibus
1447 5159 1658 5221 autem,
1693 5150 1803 5206 nisi
1845 5150 2077 5217 nostris,

449 5262 462 5294 ¹
493 5259 578 5308 Sic
598 5259 719 5308 Mss.
752 5261 803 5306 et
821 5257 947 5304 Arn.
972 5269 984 5303 :
1005 5258 1059 5303 at
1081 5254 1225 5302 Lov.:
1262 5251 1394 5312 Quid
1418 5263 1519 5300 non
1534 5248 1669 5300 mali
1694 5262 1779 5310 ego
1794 5251 1911 5312 ?A1t
1933 5246 2083 5311 facta

386 5334 521 5371 mea.
540 5322 597 5369 ln
611 5320 726 5369 aliis
739 5319 895 5367 etiam
921 5316 1050 5365 Edd.
1073 5310 1300 5363 habetur
1319 5328 1422 5375 ego,
1448 5312 1537 5360 sed
1552 5325 1621 5360 an
1643 5314 1878 5375 mutatur
1894 5310 1945 5375 in
1967 5313 2081 5375 aut.

452 5385 473 5419 2
502 5383 770 5433 Editiones
783 5381 1045 5444 pleneque
1071 5393 1082 5426 :
1106 5379 1172 5428 Et
1191 5376 1285 5426 hoc
1301 5371 1426 5426 erat
1439 5379 1612 5425 totum
1630 5374 1773 5425 nolle
1789 5373 1926 5436 quod
1947 5371 2081 5423 vole-

391 5464 500 5517 bas.
516 5465 561 5512 et
586 5461 715 5512 velle
735 5460 885 5526 quod
903 5458 1135 5512 volebas.
1156 5455 1313 5520 Sequi
1335 5454 1597 5504 malumus
1618 5467 1737 5503 cum
1755 5454 1880 5503 Arn.
1903 5451 2083 5502 lectio-

390 5526 777 5637 Deﬁglézdicc
812 5584 990 5649 Benig.
1024 5580 1311 5635 mundanis
1346 5578 1783 5644 loquacitatibus.

2169 1457 2286 1497 non
2316 1444 2437 1497 erat
2491 1441 2559 1497 Et
2587 1445 2925 1498 convenerat
2944 1442 3095 1499 inter
3120 1460 3227 1499 nos
3256 1460 3326 1499 ne
3350 1443 3566 1517 passim
3592 1443 3867 1516 cuiquam

2170 1529 2599 1599 effunderetur;
2632 1546 2961 1603 quanquam
3018 1536 3079 1586 tu
3119 1532 3280 1588 nobis
3310 1550 3341 1588 a
3381 1534 3634 1588 convalle
3672 1533 3867 1604 plora-

2168 1615 2343 1670 tionis
2407 1616 2842 1673 ascendentibus
2905 1619 3075 1688 (Psal.
3128 1634 3355 1681 Lxxxm,
3403 1622 3458 1688 6,
3493 1623 3574 1691 '7),
3616 1622 3675 1673 et
3731 1633 3871 1671 can-

2167 1705 2421 1760 tantibus
2465 1705 2745 1760 canticum
2773 1704 3074 1777 graduum,
3109 1706 3348 1762 dederas
3377 1706 3613 1778 sagittas
3646 1709 3869 1768 acutas,

2169 1799 2227 1849 et
2263 1794 2534 1849 carbones
2579 1798 2889 1850 vastatores
2939 1794 3209 1848 adversus
3253 1794 3514 1867 linguam
3562 1794 3873 1850 subdolam

2170 1883 2330 1953 (Psal.
2381 1899 2524 1947 cxxx,
2575 1884 2712 1953 3-5),
2749 1883 2906 1938 velut
2951 1883 3305 1937 consulendo
3349 1882 3871 1952 contradicentem,

2168 1975 2225 2027 et
2252 1970 2396 2025 sicut
2424 1971 2617 2027 cibum
2638 1973 2864 2041 assolet,
2895 1972 3137 2026 amando
3167 1975 3621 2027 consumentem.

2240 2064 2291 2116 3.
2333 2060 2708 2132 Sagittaveras
2732 2066 2797 2117 tu
2823 2078 2919 2116 cor
2942 2066 3200 2117 nostrum
3226 2062 3499 2116 eliaritate
3530 2066 3652 2130 tua,
3682 2064 3741 2116 et
3763 2076 3871 2132 ge-

2168 2149 2457 2203 stabamus
2488 2150 2661 2205 verba
2700 2153 2798 2204 tua
2827 2150 3098 2204 transﬁxa
3126 2148 3466 2216 visceribus;
3497 2154 3555 2204 et
3603 2149 3875 2218 exempla.

2170 2254 2460 2293 servorum
2489 2241 2719 2293 tuorum
2774 2255 2917 2310 quos
2946 2238 3013 2292 de
3044 2238 3227 2309 nigris
3253 2237 3489 2304 lucidos,
3521 2241 3576 2291 et
3606 2237 3674 2290 de
3706 2252 3873 2290 mor-

2169 2326 2282 2381 tuis
2312 2325 2467 2380 vivos
2486 2326 2720 2393 feceras,
2752 2331 3018 2397 congesta
3048 2325 3110 2380 in
3140 2326 3331 2380 sinum
3378 2324 3740 2396 cogitationis
3769 2342 3876 2378 no-

2171 2418 2304 2468 strae
2332 2415 2577 2469 urebant
2604 2420 2661 2469 et
2689 2415 3065 2470 absumebant
3094 2430 3324 2484 gravem
3356 2418 3671 2484 torporem,
3704 2429 3774 2467 ne
3807 2411 3876 2467 in

2169 2502 2287 2556 ima
2360 2501 2808 2574 vergeremus‘;
2849 2508 2905 2557 et
2947 2503 3331 2557 ascendebant
3373 2519 3477 2556 nos
3537 2500 3743 2567 valide,
3808 2505 3880 2556 ut

2171 2590 2359 2644 omnis
2409 2608 2476 2645 ex
2518 2591 2715 2662 lingua
2755 2591 2995 2645 subdola
3041 2589 3507 2644 contradictionis
3551 2590 3718 2644 ﬂatus
3778 2588 3876 2643 in-

2169 2678 2464 2733 ﬂammare
2494 2696 2594 2733 nos
2623 2678 2808 2733 acrius
2831 2682 3042 2750 posset,
3071 2695 3190 2732 non
3210 2677 3597 2749 exstinguere.
3632 2679 3879 2731 Verum-

2170 2773 2365 2822 tamen
2392 2768 2527 2839 quia
2555 2773 2794 2840 propter
2824 2784 3038 2822 nomen
3079 2771 3264 2833 tuum,
3314 2766 3467 2838 quod
3507 2765 3881 2820 sanctiﬁcasti

2171 2872 2275 2927 per
2304 2860 2505 2921 terras,
2546 2856 2721 2911 etiam
2768 2856 3088 2910 laudatores
3128 2855 3330 2926 utique
3387 2854 3622 2909 haberet
3675 2858 3881 2909 votum

2175 2948 2233 3000 et
2276 2944 2637 3016 propositum
2692 2950 2973 3014 nostrum,
3013 2943 3302 3016 jactantiae
3356 2942 3541 2997 simile
3573 2943 3883 2998 videbatur

2172 3049 2288 3087 non
2318 3032 2571 3105 opperiri
2602 3037 2718 3088 tam
2749 3033 3077 3106 proximum
3106 3033 3375 3087 feriarum
3406 3036 3652 3103 tempus,
3675 3031 3772 3085 sed
3796 3031 3877 3086 de

2173 3121 2403 3191 publica
2431 3122 2783 3194 professione
2823 3126 2995 3193 atque
3038 3126 3171 3175 ante
3223 3121 3418 3175 oculos
3460 3119 3720 3174 omnium
3765 3118 3885 3175 sita

2174 3218 2307 3269 ante
2360 3212 2644 3267 discedere
2672 3213 2714 3279 ²,
2765 3216 2832 3266 ut
2860 3226 3127 3265 conversa
3170 3209 3229 3263 in
3279 3209 3490 3263 factum
3545 3225 3740 3264 meum
3771 3223 3883 3263 ora

2176 3305 2509 3357 cunctorum
2538 3298 2905 3363 intuentium,
2940 3314 3111 3370 quam
3138 3296 3411 3351 vicimum
3439 3296 3882 3356 vindemialium

2177 3389 2329 3445 diem
2380 3387 2699 3459 prmvenire
2760 3386 3062 3455 voluerim,
3124 3385 3304 3440 multa
3352 3384 3607 3440 dicerent
3633 3390 3675 3453 ³,
3720 3388 3884 3457 quod

2177 3476 2340 3550 quasi
2369 3475 2713 3548 appetissem
2754 3491 2999 3546 magnus
3035 3473 3239 3529 videri.
3289 3474 3354 3528 Et
3395 3490 3509 3545 quo
3556 3473 3699 3528 mihi
3752 3478 3886 3531 erat

2176 3566 2347 3632 istud,
2388 3569 2449 3619 ut
2500 3567 2802 3636 putaretur
2831 3567 2885 3618 et
2923 3563 3312 3634 disputaretur
3361 3562 3430 3618 de
3479 3561 3673 3617 animo
3719 3578 3883 3635 meo,

2177 3660 2234 3711 et
2258 3653 2753 3726 blasphemaretur
2772 3653 2990 3723 bonum
3020 3656 3282 3705 nostrum
3302 3652 3331 3705 ?

2248 3747 2300 3799 4.
2333 3742 2482 3808 Quin
2512 3740 2704 3808 etiam,
2734 3740 2885 3812 quod
2905 3740 3031 3811 ipsa
3051 3744 3246 3794 aestate
3270 3736 3545 3794 litterario
3577 3735 3761 3792 labori
3791 3734 3887 3790 ni-

2178 3830 2295 3887 mio
2325 3831 2524 3904 pulmo
2552 3846 2716 3885 meus
2746 3830 2945 3884 cedere
2989 3832 3257 3900 coeperat,
3309 3832 3367 3883 et
3412 3825 3717 3882 difﬁculter
3767 3827 3887 3879 tra-

2178 3922 2315 3977 here
2370 3919 2635 3991 suspiria,
2686 3918 3094 3990 doloribusque
3124 3915 3368 3989 pectoris
3398 3914 3593 3970 testari
3642 3930 3701 3968 se
3742 3929 3882 3968 sau-

2179 4010 2356 4080 cium,
2385 4024 2697 4079 vocemque
2727 4006 3027 4061 clariorem
3057 4004 3551 4077 productioremve
3594 4018 3884 4073 recusare,

2180 4098 2367 4171 primo
2412 4096 2844 4170 perturbaverat
2886 4111 2999 4164 me,
3041 4094 3179 4166 quia
3215 4091 3531 4165 magisterii
3575 4090 3727 4145 illius
3764 4106 3888 4143 sar-

2181 4185 2370 4240 cinam
2417 4201 2564 4257 pene
2600 4186 2721 4257 jam
2765 4183 3098 4239 necessitate
3144 4182 3431 4253 deponere
3476 4180 3735 4252 cogebat,
3781 4183 3890 4235 aut

2181 4275 2228 4329 si
2257 4273 2443 4330 curari
2472 4277 2530 4328 et
2571 4273 2965 4327 convalescere
3010 4270 3347 4343 potuissem,
3399 4273 3550 4324 certe
3598 4267 3889 4322 intermit-

2179 4366 2320 4419 tere.
2353 4361 2462 4417 Sed
2492 4360 2592 4416 ubi
2619 4361 2789 4432 plena
2808 4361 3070 4414 voluntas
3099 4357 3355 4423 vacandi,
3386 4360 3443 4410 et
3483 4353 3712 4410 videndi
3735 4370 3886 4426 quo-

2183 4451 2340 4507 niam
2371 4455 2433 4505 tu
2464 4466 2524 4505 es
2556 4448 2850 4514 Dominus,
2887 4448 3108 4517 oborta,
3134 4445 3276 4500 mihi
3307 4448 3391 4499 est
3418 4447 3588 4513 atque
3611 4442 3840 4496 ﬁrmata
3869 4461 3886 4511 ;

2183 4540 2357 4608 nosti,
2414 4541 2565 4595 Deus
2614 4553 2798 4606 meus,
2845 4535 3021 4592 etiam
3066 4532 3315 4606 gaudere
3365 4528 3535 4601 coepi,
3576 4529 3730 4601 quod
3758 4528 3891 4586 haec

2184 4644 2413 4701 quoque
2442 4628 2673 4683 suberat
2702 4642 2818 4681 non
2855 4624 3098 4680 mendax
3120 4619 3429 4689 excusatio,
3459 4635 3589 4690 qua:
3620 4618 3890 4673 offensio-

2183 4733 2319 4772 nem
2359 4715 2665 4773 hominum
2703 4714 3065 4785 temperaret,
3111 4708 3210 4780 qui
3239 4711 3476 4779 propter
3508 4706 3717 4761 liberos
3750 4723 3889 4763 suos

2182 4806 2531 4862 meliberum
2554 4821 2674 4859 esse
2703 4816 3000 4874 nunquam
3022 4798 3308 4853 volebant.
3338 4796 3544 4851 Plenus
3573 4795 3750 4867 igitur
3783 4797 3888 4851 tali

2186 4894 2395 4969 gaudio
2425 4895 2740 4950 tolerabam
2785 4889 2928 4945 illud
2976 4886 3342 4942 intervallum
3369 4884 3666 4957 temporis,
3700 4884 3889 4940 donec

2186 4986 2549 5042 decurreret:
2586 4979 2776 5035 nescio
2808 4983 3002 5032 utrum
3031 4977 3120 5030 vel
3149 4974 3352 5046 viginti
3395 4975 3517 5031 dies
3564 4977 3748 5043 erant,
3783 4973 3889 5028 sed

2187 5079 2379 5129 tamen
2408 5069 2632 5126 fortiter
2655 5065 3083 5132 tolerabantur;
3117 5063 3251 5136 quia
3271 5067 3579 5118 recesserat
3603 5059 3887 5132 cupiditas

2188 5178 2317 5235 quae
2342 5173 2566 5214 mecum
2596 5155 2810 5210 solebat
2828 5154 2974 5209 ferre
2993 5168 3162 5225 grave
3188 5152 3505 5223 negotium,
3538 5154 3594 5205 et
3622 5167 3727 5220 ego
3750 5164 3884 5219 pre-

2191 5250 2430 5306 mendus
2458 5260 2867 5312 remanseram,
2898 5243 3009 5298 nisi
3039 5242 3318 5314 patientia
3356 5240 3697 5296 succederet.
3746 5237 3884 5292 Pec-

2254 5387 2268 5421 ί
2303 5384 2423 5433 Mss.
2455 5381 2561 5431 duo
2586 5380 2785 5430 habent
2810 5382 2903 5428 :Ne
2921 5379 2974 5427 in
2995 5377 3107 5427 ima
3132 5386 3511 5439 mergeremur.

2252 5450 2273 5483 ²
2302 5442 2857 5506 Discedcrem,juxta6
2877 5434 3359 5506 Mss.quo_rum'duo
3381 5434 3892 5506 permultlartqsiila

2191 5495 2526 5561 discederem.
2558 5495 2700 5556 Unu's
2728 5506 2899 5554 Germ.
2930 5495 3039 5552 fert.
3055 5502 3214 5551 etiam
3243 5499 3456 5549 voculas
3482 5498 3526 5547 si
3556 5499 3630 5547 ita
3661 5495 3731 5545 M.

2255 5574 2276 5607 3
2300 5569 2451 5622 Mum
2479 5569 2731 5627 dicerent,
2755 5567 2908 5632 juxta
2936 5567 3086 5616 Mart.
3116 5576 3182 5614 ex
3211 5563 3237 5613 4
3265 5563 3386 5613 Mss.
3418 5561 3485 5611 Μ.
