4058 6344
430 306 535 360 767

430 427 541 482 bar
551 441 647 481 eos
665 441 882 494 rursus,
905 425 1054 498 quod
1073 425 1171 480 illa
1190 427 1561 496 sacramenta,
1586 425 1684 480 illa
1701 425 2120 481 medicamenta

431 514 728 577 nescirent,
783 519 840 569 et
883 514 1068 568 insani
1097 519 1284 568 essent
1321 514 1590 569 adversus
1633 514 1955 570 antidotum
2006 530 2120 586 quo

431 603 552 657 sani
587 618 706 657 esse
750 602 1100 674 potuissent!
1148 603 1360 657 Vellem
1391 607 1456 657 ut
1493 603 1699 657 alicubi
1734 603 1897 674 juxta
1937 608 2122 658 essent

428 693 621 759 tunct,
665 694 720 745 et
751 707 842 745 me
881 681 1167 746 nesciente
1209 692 1361 762 quod
1392 691 1472 746 ibi
1511 696 1719 762 essent,
1760 692 2122 747 intuerentur

428 779 629 834 faciem
669 796 876 847 meam,
907 784 963 834 et
1009 780 1272 834 audirent
1322 796 1482 834 voces
1511 795 1688 846 meas,
1741 780 1969 851 quando
2008 779 2120 849 legi

429 872 697 938 quartum
717 870 1022 940 psalmum,
1047 868 1107 922 in
1131 868 1226 921 illo
1248 873 1383 921 tunc
1406 867 1542 933 otio,
1573 867 1711 939 quid
1749 868 1818 922 de
1846 883 1936 921 me
1973 867 2119 921 fece-

428 955 614 1010 ritille
646 956 918 1027 psalmus.
942 957 1082 1010 Cum
1107 957 1429 1024 invocarem,
1455 956 1737 1009 exaudivit
1752 971 1833 1009 me
1861 959 1998 1010 Deus
2023 971 2119 1025 ju-

425 1047 591 1100 stitiae
618 1061 774 1113 mea;
802 1047 860 1099 in
891 1046 1235 1100 tribulatione
1271 1044 1524 1098 dilatasti
1541 1045 1695 1098 mihi.
1719 1047 1969 1099 Miserere
1995 1047 2116 1109 mei,

427 1137 663 1203 Domine,
705 1138 754 1189 et
792 1135 997 1189 exaudi
1041 1137 1333 1189 orationem
1377 1149 1566 1188 meam.
1612 1133 1908 1199 Audirent,
1949 1133 2120 1204 igno-

428 1226 586 1277 rante
608 1239 700 1276 me
729 1226 922 1276 utrum
945 1222 1230 1288 audirent,
1259 1237 1330 1275 ne
1349 1236 1440 1274 me
1469 1224 1703 1291 propter
1732 1236 1790 1274 se
1818 1219 1916 1274 illa
1935 1219 2119 1274 dicere

426 1314 710 1382 putarent,
745 1327 874 1382 quae
898 1311 1048 1365 inter
1071 1311 1192 1364 haec
1231 1310 1402 1364 verba
1433 1308 1692 1364 dixerim.
1746 1308 1890 1373 Quia
1931 1313 1988 1362 et
2026 1324 2118 1363 re-

425 1411 558 1450 vera
587 1412 690 1450 nec
721 1412 789 1450 ea
819 1396 1086 1460 dicerem,
1121 1411 1226 1449 nec
1250 1394 1329 1449 sic
1358 1411 1424 1448 ea
1443 1394 1710 1460 dicerem,
1742 1394 1788 1447 si
1812 1410 1904 1448 me
1936 1395 2005 1448 ab
2039 1393 2119 1448 eis

427 1483 608 1539 audiri
641 1484 934 1555 viderique
980 1482 1285 1537 sentirem:
1322 1499 1447 1549 nec,
1484 1482 1532 1536 si
1567 1482 1837 1550 dicerem,
1870 1482 1948 1537 sic
1976 1482 2118 1536 acci-

423 1577 630 1644 perent
656 1574 942 1645 quomodo
961 1587 1184 1628 mecum
1205 1575 1260 1626 et
1284 1570 1427 1626 mihi
1459 1586 1652 1626 coram
1680 1574 1734 1626 te
1755 1571 1824 1627 de
1849 1571 2118 1627 familiari

423 1662 630 1716 affectu
662 1661 840 1716 animi
869 1660 1007 1718 mei.

494 1752 545 1805 9.
579 1749 843 1804 Inhorrui
871 1749 1148 1817 timendo,
1186 1748 1513 1820 ibidemque
1554 1746 1802 1804 inferbui
1842 1748 2118 1820 sperando

421 1841 480 1894 et
499 1839 832 1893 exsultando
853 1837 913 1892 in
934 1842 1032 1893 tua
1053 1836 1462 1904 misericordia,
1485 1839 1670 1893 Pater.
1701 1839 1764 1893 Et
1783 1840 1906 1894 haec
1926 1838 2120 1893 omnia

421 1926 652 1983 exibant
681 1943 786 1999 per
814 1927 1005 1983 oculos
1054 1943 1211 1982 meos
1241 1931 1298 1982 et
1338 1943 1532 1981 vocem
1568 1943 1775 1998 meam,
1809 1944 1939 1983 cum
1977 1942 2116 1981 con-

420 2033 614 2072 versus
643 2017 713 2072 ad
737 2033 839 2071 nos
872 2016 1104 2088 spiritus
1142 2020 1274 2070 tuus
1311 2015 1497 2070 bonus
1530 2015 1610 2070 ait
1637 2016 1835 2071 nobis:
1868 2017 1998 2071 Filii
2026 2017 2120 2071 ho-

420 2107 646 2172 minum,
679 2119 953 2176 quousque
977 2119 1167 2172 graves
1191 2103 1388 2159 corde?
1413 2104 1617 2174 thuid
1645 2105 1880 2174 diligitis
1909 2106 2121 2160 vanita-

420 2195 544 2259 tem,
577 2196 628 2246 et
656 2193 901 2261 quaeritis
938 2191 1322 2245 mendacium?
1361 2191 1675 2246 Dilexeram
1714 2193 1868 2246 enim
1896 2192 2120 2248 vanita-

421 2283 560 2347 tem,
595 2284 650 2333 et
673 2279 1012 2349 quaesieram
1059 2277 1442 2333 mendacium.
1487 2280 1551 2333 Et
1578 2283 1661 2346 tu,
1694 2280 1952 2349 Domine,
2000 2281 2119 2351 jam

422 2368 890 2438 magniﬁcaveras
918 2368 1186 2422 Sanctum
1216 2370 1404 2436 tuum,
1437 2368 1712 2422 suscitans
1745 2384 1877 2422 eum
1907 2384 1941 2422 a
1969 2383 2116 2422 mor-

421 2457 558 2526 tuis,
589 2461 645 2510 et
674 2456 956 2509 collocans
978 2454 1046 2508 ad
1095 2455 1383 2508 dexteram
1411 2459 1568 2509 tuam
1612 2455 1804 2526 (Marc.
1852 2473 1965 2519 xw,
2013 2456 2118 2524 19),

421 2544 574 2599 unde
602 2542 856 2596 mitteret
899 2557 966 2596 ex
999 2541 1112 2594 alto
1160 2540 1596 2613 promissionem
1638 2559 1818 2603 suam,
1862 2543 2118 2598 Paracle-

422 2635 545 2686 tum
580 2629 857 2701 Spiritum
884 2629 1135 2684 veritatis
1162 2631 1331 2700 (Joan.
1369 2647 1476 2697 xxv,
1511 2635 1595 2699 l6,
1629 2634 1714 2702 l7)
1743 2648 1755 2686 :
1800 2635 1858 2687 et
1885 2631 2124 2687 miserat

423 2735 556 2774 eum
595 2718 716 2789 jam
763 2717 904 2788 (Act.
931 2734 988 2785 ιι,
1016 2718 1149 2786 1-4),
1200 2718 1293 2772 sed
1348 2733 1452 2789 ego
1500 2719 1839 2776 nesciebam.
1898 2720 2122 2776 Miserat

424 2823 577 2875 cum,
611 2806 743 2879 quia
758 2807 877 2878 jam
899 2806 1294 2878 magniﬁcatus
1317 2813 1456 2874 erat,
1476 2825 1775 2880 resurgens
1796 2827 1829 2864 a
1854 2809 2116 2876 mortuis,

425 2901 482 2951 et
511 2896 819 2951 ascendens
845 2896 906 2951 in
932 2897 1156 2954 coelum.
1190 2898 1336 2951 Ante
1367 2902 1557 2952 autem
1590 2897 1831 2969 Spiritus
1861 2898 2119 2952 nondum

425 2988 545 3039 erat
571 2985 753 3050 datus,
785 2985 919 3057 quia
947 2987 1108 3040 Jesus
1138 2986 1392 3041 nondum
1433 2991 1552 3040 erat
1578 2985 1914 3041 clariﬁcatus
1947 2988 2116 3056 (Joan.

425 3090 518 3141 vn,
565 3078 671 3138 39).
724 3075 789 3128 Et
837 3074 1116 3129 clamabat
1165 3074 1548 3145 prophetia’:
1604 3078 1885 3144 Quousque
1930 3090 2120 3143 graves

425 3161 856 3232 corde?ithuid
895 3163 1131 3230 diligitis
1169 3165 1484 3230 vanitatem,
1521 3168 1569 3217 et
1611 3166 1856 3232 quaeritis
1893 3163 2121 3218 menda-

426 3251 606 3305 cium?
630 3255 678 3304 et
700 3252 883 3304 scitote
904 3252 1158 3318 quoniam
1191 3253 1447 3305 Dominus
1473 3254 1843 3321 magniﬁcavit
1863 3253 2122 3307 Sanctum

425 3353 600 3392 suum.
635 3340 871 3404 Clamat,
912 3353 1219 3408 quousque;
1253 3339 1480 3408 clamat,
1512 3342 1735 3394 scitote:
1768 3343 1822 3394 et
1847 3355 1951 3411 ego
1981 3344 2124 3394 tam-

427 3425 525 3479 diu
555 3425 810 3479 nesciens
838 3425 1146 3479 vanitatem
1171 3424 1358 3493 dilexi,
1386 3429 1443 3480 et
1472 3425 1834 3480 mendacium
1855 3426 2120 3497 quaesivi;

324 3504 327 3506 ’
427 3516 483 3566 et
507 3512 636 3567 ideo
665 3513 853 3568 audivi
889 3517 945 3568 et
981 3512 1317 3579 contremui,
1362 3513 1636 3585 quoniam
1678 3513 1884 3568 talibus
1919 3513 2127 3568 dicitur

427 3603 655 3672 qualem
686 3616 778 3656 me
806 3602 979 3657 fuisse
1022 3601 1444 3656 reminiscebar.
1496 3603 1560 3656 In
1587 3603 2083 3674 phantasmatibus
2104 3609 2125 3640 ³

427 3690 583 3745 enim
610 3707 738 3762 qua:
768 3707 870 3762 pro
901 3690 1134 3745 veritate
1157 3695 1477 3756 tenueram,
1501 3691 1720 3745 vanitas
1745 3693 1866 3745 erat
1885 3694 1939 3746 et
1970 3708 2126 3746 men-

428 3779 674 3834 dacium.
706 3780 771 3834 Et
799 3779 1028 3834 insonui
1049 3780 1232 3834 multa
1257 3780 1505 3850 graviter
1525 3784 1581 3834 et
1601 3779 1904 3834 fortiterin
1930 3779 2124 3834 dolore

429 3868 835 3923 recordationis
868 3885 1031 3923 meae.
1069 3868 1206 3933 Quae
1237 3868 1456 3923 utinam
1497 3868 1786 3923 audissent
1817 3867 1916 3940 qui
1943 3869 2126 3924 adhuc

429 3973 610 4028 usque
631 3956 881 4028 diligunt
899 3956 1228 4024 vanitatem,
1244 3961 1578 4029 etquaerunt
1599 3957 1979 4013 mendacium.
1999 3959 2128 4012 For-

427 4051 484 4100 te
516 4047 1014 4112 conturbarentur,
1049 4049 1105 4099 et
1135 4045 1516 4099 evomuissent
1545 4044 1716 4113 illud;
1743 4050 1800 4099 et
1828 4046 2126 4101 exaudit-es

429 4149 543 4196 eos,
566 4149 695 4187 cum
715 4135 1027 4188 clamarent
1056 4133 1127 4186 ad
1150 4138 1204 4187 te
1229 4149 1243 4187 :
1275 4133 1546 4204 quoniam
1576 4149 1708 4187 vera
1728 4137 1910 4188 morte
1942 4135 2127 4190 carnis

431 4225 690 4275 mortuus
719 4224 803 4274 est
832 4237 936 4291 pro
965 4221 1147 4289 nobis,
1183 4221 1284 4291 qui
1316 4225 1371 4276 te
1393 4221 1720 4291 interpellat
1748 4237 1850 4292 pro
1869 4223 2050 4278 nobis.

507 4312 590 4364 l0.
629 4310 945 4379 Legebam:
977 4311 1306 4376 Irascimini,
1339 4313 1389 4362 et
1415 4311 1580 4363 nolite
1612 4307 1851 4378 peccare.
1889 4312 1954 4365 Et
1977 4328 2126 4384 quo-

433 4398 603 4451 modo
626 4397 917 4466 movebar,
951 4398 1097 4450 Deus
1123 4412 1307 4464 meus,
1339 4396 1439 4467 qui
1473 4397 1594 4468 jam
1623 4397 1934 4454 didiceram
1959 4400 2128 4456 irasci

432 4485 575 4540 mihi
601 4485 671 4539 de
709 4483 1032 4556 prmteritis,
1085 4488 1148 4539 ut
1185 4484 1254 4538 de
1301 4487 1503 4539 caetero
1543 4501 1658 4538 non
1699 4491 2035 4557 peccarem‘?
2065 4491 2129 4545 Et

431 4574 638 4629 merito
669 4573 855 4641 irasci,
889 4574 1025 4646 quia
1053 4590 1170 4628 non
1192 4574 1301 4629 alia
1329 4578 1534 4629 natura
1555 4574 1739 4645 gentis
1761 4576 2129 4634 tenebrarum

432 4664 503 4718 de
530 4680 622 4718 me
651 4663 938 4735 peccabat,
977 4664 1121 4718 sicut
1149 4663 1347 4719 dicunt
1376 4663 1474 4735 qui
1504 4663 1613 4718 sibi
1643 4680 1760 4719 non
1785 4664 2125 4734 irascuntur,

433 4755 492 4807 et
516 4752 901 4807 thesaurizant
922 4752 1028 4808 sibi
1055 4752 1199 4807 iram
1221 4753 1280 4808 in
1299 4753 1392 4808 die
1413 4753 1514 4808 irae
1539 4757 1594 4808 et
1607 4754 1971 4809 revelationis
1984 4756 2130 4828 justi

495 4859 723 4910 1Essent
769 4863 913 4917 tunc,
958 4861 1236 4921 ignorante
1274 4873 1358 4910 me
1399 4865 1586 4911 utrum
1633 4860 1908 4918 audirent,
1949 4863 1996 4912 et
2042 4877 2129 4914 me

433 4922 693 5031 ἴε)ςέὶὲηῇ
721 4921 865 4985 quod
891 4922 962 4972 ibi
987 4927 1185 4982 essent,
1212 4922 1367 4987 juxta
1387 4923 1470 4974 Er.
1510 4923 1674 4988 Lugd.
1708 4925 1831 4974 Lov.
1857 4923 2054 4974 Somm.
2079 4930 2133 4976 et

492 5018 831 5110 5"§}6I»iteta,
859 5043 1018 5110 juxta
1029 5046 1311 5110 editionem
1329 5047 1704 5110 Florentinam.
1723 5046 2130 5110 Etclamatpro-

428 5107 607 5171 pheta,
611 5107 672 5215 ἐι]
682 5114 767 5155 xta
781 5107 862 5154 Er.
880 5107 1042 5169 Lugd.
1059 5108 1186 5156 Ven.
1203 5109 1323 5157 Lov.
1339 5109 1534 5157 Somm.
1551 5110 1685 5183 Dub.
1700 5111 1848 5158 Mart.
1865 5107 2031 5159 Rond.
2052 5111 2098 5158 M
2111 5146 2124 5158 .

489 5173 511 5204 ³
538 5170 607 5215 Ba
651 5207 660 5215 .
712 5183 834 5215 cum
882 5169 1088 5215 duobus
1129 5171 1281 5215 Mss..
1326 5171 1630 5215 nhanlasns-
1678 5172 1954 5215 Mendose:
2008 5185 2124 5215 nam

433 5170 443 5171 “
489 5170 660 5217 3Bad.
712 5183 834 5217 cum
882 5170 1088 5218 duobus
1129 5171 1255 5220 Mss.
1324 5171 1630 5231 phantasiis.
1677 5172 1954 5219 Mendose:
2008 5185 2132 5220 nam

433 5232 762 5294 Augustinus
791 5233 846 5280 in
875 5231 1034 5294 hujus
1063 5232 1236 5293 operis
1269 5207 1402 5281 libro
1427 5236 1473 5290 3,
1496 5248 1542 5281 c.
1573 5236 1620 5291 6,
1647 5233 1950 5294 pbantasias
1984 5237 2135 5282 vocat

432 5293 616 5343 eorum
645 5308 763 5356 quae
795 5293 1338 5358 sunt,’phantasinata
1374 5307 1499 5343 vero
1539 5293 1720 5344 eorum
1761 5309 1878 5358 quae
1915 5297 2133 5344 omnino

434 5371 542 5420 non
572 5355 697 5406 sunt
729 5355 1009 5420 corporum
1049 5355 1331 5420 imagines;
1364 5370 1493 5420 quas
1537 5358 1647 5420 ipse
1677 5355 1978 5406 Manichaais
2007 5358 2134 5407 olim

431 5417 727 5477 adhaerens,
759 5417 1104 5481 proiveritate
1133 5417 1637 5481 ainplexabatur.‘—
1677 5420 1736 5467 In
1766 5420 1842 5476 Β..

435 5483 608 5530 matis.
633 5481 714 5529 Er.
735 5480 806 5529 Lu
849 5480 898 5528 d.
922 5481 1052 5529 Ven.
1077 5482 1201 5531 Lov.
1225 5480 1425 5541 Somm.
1452 5481 1582 5532 Dub.
1608 5481 1757 5532 Mart.
1781 5480 1916 5532 Flor.
1944 5482 2135 5543 Rond.,

435 5495 919 5611 phantasmatigus.
952 5543 1018 5593 M.

1612 302 2155 360 CONFESSIONUM
2219 303 2273 358 S.
2329 301 2732 360 AUGUSTINI.

1873 5420 2137 5481 phantas-

3816 303 3928 356 768

2225 425 2428 496 judicii
2458 425 2543 480 tui
2573 425 2741 496 (Rom.
2777 441 2836 491 ιι,
2865 421 2940 492 5).
2977 425 3088 478 Nec
3107 423 3226 494 jam
3247 422 3393 477 bona
3426 437 3552 477 mea
3578 421 3715 477 foris
3735 427 3924 488 erant,

2231 530 2336 569 ncc
2365 513 2542 568 oculis
2579 513 2794 568 carneis
2822 512 2882 566 iu
2912 512 3020 566 isto
3051 513 3168 566 sole
3197 511 3620 582 querebantur.
3653 511 3924 565 Volentes

2231 602 2384 656 enim
2415 601 2663 673 gaudere
2695 601 3026 665 forinsecus,
3059 600 3222 654 facile
3254 604 3621 665 evanescunt;
3655 604 3709 653 et
3740 599 3926 653 elfun-

2231 690 2520 745 dunturin
2546 706 2610 744 ea
2637 705 2764 761 quae
2786 688 3051 744 videntur
3071 692 3126 742 et
3145 687 3485 759 temporalia
3518 692 3669 750 sunt,
3701 692 3758 741 et
3781 687 3929 741 ima-

2231 779 2393 848 gines
2423 794 2616 832 eorum
2647 777 2906 832 famelica
2935 776 3276 847 cogitatione
3315 777 3592 830 lambunt.
3641 777 3704 830 Et
3747 775 3795 828 si
3837 775 3924 828 fa-

2231 868 2484 938 tigentur
2511 867 2724 936 inedia,
2751 870 2806 920 et
2847 866 3066 920 dicant:
3099 866 3230 930 Quis
3267 866 3504 920 ostendet
3541 865 3693 918 nobis
3745 865 3931 918 bona?

2231 957 2295 1011 Et
2344 956 2621 1024 dicamus,
2666 960 2724 1009 et
2752 955 3014 1009 audiant:
3052 956 3337 1020 Signatum
3365 958 3442 1008 est
3471 957 3528 1007 in
3565 953 3717 1007 nobis
3749 954 3930 1006 lumen

2227 1045 2406 1099 vultus
2437 1047 2540 1113 tui,
2571 1045 2804 1098 Domine.
2840 1044 2962 1098 Non
2993 1042 3146 1097 enim
3173 1042 3369 1096 lumen
3400 1058 3504 1096 nos
3536 1057 3735 1095 sumus
3767 1040 3924 1110 quod

2231 1131 2514 1186 illuminat
2565 1147 2796 1185 omnem
2825 1130 3115 1184 hominem
3147 1132 3326 1199 (Joan.
3355 1147 3391 1197 ι,
3436 1129 3526 1198 9);
3557 1129 3654 1183 sed
3703 1127 3928 1182 illumi-

2230 1236 2436 1274 namur
2455 1237 2486 1274 a
2512 1225 2589 1287 te,
2622 1225 2685 1275 ut
2714 1219 2813 1291 qui
2842 1219 3054 1274 fuimus
3092 1219 3402 1289 aliquando
3432 1218 3704 1283 tenebrae,
3739 1216 3922 1270 simus

2229 1308 2324 1362 lux
2353 1309 2410 1362 in
2444 1313 2500 1363 te
2527 1309 2745 1379 (Ephes.
2780 1325 2832 1375 v,
2877 1308 2951 1377 8).
2985 1309 3027 1362 Ο
3059 1307 3107 1361 si
3135 1307 3388 1361 viderent
3413 1305 3705 1361 internum
3745 1310 3915 1360 aeter-

2228 1413 2366 1451 num
2400 1399 2440 1464 ¹,
2473 1397 2626 1468 quod
2655 1412 2762 1466 ego
2800 1395 2936 1466 quia
2964 1400 3344 1466 gustaveram,
3381 1395 3732 1460 frendebam,
3773 1409 3923 1465 quo—

2227 1485 2383 1540 niam
2415 1501 2532 1539 non
2570 1484 2652 1539 eis
2697 1488 2960 1555 poteram
3001 1485 3320 1550 ostendere,
3353 1482 3398 1536 si
3439 1483 3708 1538 afferrent
3736 1483 3804 1536 ad
3836 1497 3937 1536 me

2231 1590 2328 1628 cor
2355 1572 2417 1627 in
2447 1572 2626 1627 oculis
2656 1571 2772 1626 suis
2801 1571 2939 1626 foris
2971 1588 3000 1625 a
3030 1577 3104 1638 te,
3135 1576 3193 1626 et
3219 1571 3500 1626 dicerent:
3531 1573 3660 1642 (luis
3691 1571 3936 1625 ostendet

2227 1662 2376 1716 nobis
2407 1662 2583 1716 bona?
2615 1661 2698 1715 Ibi
2726 1661 2899 1728 enim,
2935 1659 3032 1715 ubi
3062 1658 3086 1693 ²
3111 1659 3253 1715 milii
3283 1660 3462 1713 iratus
3486 1675 3644 1713 eram
3672 1658 3829 1713 intus
3861 1658 3924 1714 in

2229 1749 2421 1818 cubili,
2457 1750 2553 1805 ubi
2581 1753 2957 1821 compunctus
2989 1765 3164 1810 eram.
3199 1747 3298 1803 ubi
3328 1747 3781 1802 sacrificaveram
3813 1762 3934 1801 ma-

2227 1844 2384 1894 ctans
2407 1841 2744 1894 vetustatem
2793 1853 3002 1904 meam,
3051 1842 3108 1892 et
3144 1837 3410 1891 inchoata
3438 1835 3810 1890 meditatione
3839 1850 3933 1888 re-

2229 1927 2550 1983 novationis
2579 1942 2722 1981 mea:
2752 1942 2985 1997 sperans
3005 1924 3065 1979 in
3094 1929 3182 1991 te;
3211 1924 3289 1978 ibi
3315 1923 3458 1978 mihi
3480 1923 3801 1979 dulcescere
3823 1939 3936 1977 cm-

2228 2032 2416 2087 peras,
2448 2020 2504 2069 et
2533 2015 2768 2070 dederas
2797 2014 3052 2069 laetitiam
3081 2012 3142 2067 in
3170 2012 3338 2067 corde
3365 2027 3510 2066 meo.
3546 2013 3610 2065 Et
3644 2011 3934 2064 exclama-

2228 2104 2361 2160 bam
2382 2105 2578 2174 legens
2600 2105 2722 2158 haec
2741 2103 2898 2172 foris,
2921 2107 2976 2157 et
2996 2117 3308 2172 agnoscens
3333 2100 3515 2166 intus;
3540 2115 3644 2154 nec
3668 2099 3938 2154 volebam

2229 2192 2873 2264 multiplicariterrenis
2901 2192 3084 2258 bonis,
3119 2191 3396 2245 devorans
3424 2195 3706 2261 tempora,
3749 2193 3808 2243 et
3835 2190 3941 2243 de-

2227 2287 2451 2336 voratus
2473 2281 2826 2352 temporibus
2854 2279 2897 2348 ⁵,
2929 2296 3059 2334 cum
3090 2279 3360 2334 haberem
3389 2278 3450 2332 in
3475 2282 3688 2332 aeterna
3708 2276 3933 2348 simpli-

2230 2370 2398 2424 citate
2430 2371 2583 2424 aliud
2615 2370 2988 2435 frumentum,
3023 2373 3079 2423 et
3100 2368 3318 2430 vinum,
3347 2371 3402 2421 et
3432 2367 3644 2421 oleum.

2304 2461 2384 2512 ll.
2431 2460 2497 2512 Et
2522 2458 2837 2512 clamabam
2864 2457 2922 2511 in
2953 2455 3323 2528 consequenti
3352 2470 3519 2509 versu
3539 2455 3786 2508 clamore
3817 2453 3939 2508 alto

2229 2546 2416 2600 cordis
2447 2546 2590 2602 mei:
2637 2548 2679 2602 Ο
2728 2547 2786 2600 in
2825 2548 2990 2615 pace!
3021 2560 3049 2599 ο
3081 2547 3138 2598 in
3186 2545 3459 2614 idipsum!
3489 2560 3521 2597 ο
3565 2542 3703 2614 quid
3753 2542 3937 2598 dixit:

2231 2636 2576 2692 Obdormiam
2605 2639 2655 2689 et
2693 2649 2938 2690 somnum
2967 2635 3215 2702 capiam!
3242 2632 3522 2697 Quoniam
3554 2630 3684 2702 quis
3714 2630 3944 2685 resistet

2228 2723 2410 2784 nobis,
2443 2738 2574 2777 cum
2597 2723 2695 2776 tiet
2734 2737 2920 2775 sermo
2956 2721 3056 2791 qui
3087 2720 3329 2790 scriptus
3371 2723 3487 2774 est:
3533 2720 3814 2788 Absorpta
3859 2723 3944 2773 est

2229 2825 2370 2864 mors
2398 2811 2456 2864 in
2485 2809 2812 2864 victoriam?
2870 2811 2914 2878 (Ι
2962 2810 3081 2865 Cor.
3133 2824 3221 2874 xv,
3259 2808 3372 2877 54.)
3408 2808 3470 2861 Ει
3497 2810 3561 2860 tu
3593 2822 3651 2860 es
3682 2806 3942 2876 idipsum

2229 2899 2391 2953 valde
2419 2897 2517 2970 qui
2542 2914 2658 2952 non
2684 2897 2960 2964 mutaris;
2992 2901 3047 2951 et
3072 2896 3130 2949 in
3162 2901 3216 2950 te
3237 2894 3462 2967 requies
3486 2893 3822 2948 oblivisccns
3849 2895 3929 2948 la-

2229 2987 2434 3042 borum
2468 2986 2753 3053 omnium,
2772 2985 3045 3057 quoniam
3075 2985 3266 3039 nullus
3294 2983 3440 3038 alius
3465 2987 3672 3048 tecum,
3715 2997 3822 3036 nec
3865 2983 3939 3037 ad

2231 3077 2343 3130 alia
2373 3076 2552 3130 multa
2581 3075 2965 3146 adipiscenda,
2999 3090 3127 3145 qua:
3143 3089 3259 3127 non
3285 3075 3418 3126 sunt
3438 3072 3592 3144 quod
3614 3076 3698 3132 tu,
3731 3071 3829 3125 sed
3853 3075 3936 3138 tu,

2231 3167 2471 3231 Domine,
2495 3164 2851 3231 singulariter
2873 3165 2932 3216 in
2955 3178 3047 3232 spe
3076 3162 3405 3217 constituisti
3422 3176 3520 3214 me.
3549 3159 3852 3230 Legebam,
3877 3163 3940 3214 et

2231 3254 2528 3314 ardebam;
2563 3269 2665 3307 nec
2709 3251 3071 3306 inveniebam
3101 3251 3240 3322 quid
3279 3250 3524 3304 facerem
3558 3248 3752 3303 surdis
3781 3263 3941 3300 mor-

2235 3341 2368 3404 tuis,
2402 3358 2470 3395 ex
2499 3341 2706 3412 quibus
2735 3341 2954 3395 fueram
2971 3338 3148 3410 pestis
3169 3337 3214 3408 ⁸,
3239 3339 3475 3392 latrator
3492 3352 3718 3391 amarus
3751 3339 3807 3389 et
3828 3352 3938 3390 ca:-

2232 3447 2330 3497 cus
2359 3432 2627 3485 adversus
2655 3430 2892 3485 Litteras
2929 3429 2999 3483 de
3031 3429 3198 3482 melle
3224 3427 3350 3482 coeli
3381 3427 3634 3492 melleas,
3665 3428 3721 3479 et
3745 3424 3815 3478 de
3846 3425 3942 3479 lu-

2236 3519 2389 3574 mine
2420 3523 2519 3573 tuo
2550 3518 2888 3572 luminosas:
2918 3521 2974 3572 et
2989 3532 3160 3588 super
3183 3515 3431 3570 inimicis
3451 3513 3472 3548 ⁵
3494 3513 3798 3585 Scriptura:
3827 3512 3935 3567 hu-

2234 3609 2329 3680 jus
2351 3608 2727 3662 tabescebam.

2310 3699 2393 3751 l2.
2430 3696 2669 3761 Quando
2705 3695 3042 3750 recordabor
3070 3697 3092 3732 ο
3120 3693 3314 3749 omnia
3339 3693 3562 3748 diertim
3590 3690 3820 3745 illorum
3853 3691 3942 3744 fe-

2238 3784 2558 3840 riatorum?
2587 3784 2694 3840 Sed
2724 3800 2829 3838 nec
2859 3775 3067 3838 oblitus
3102 3799 3229 3838 sum
3271 3798 3376 3836 nec
3405 3781 3582 3836 silebo
3615 3777 3822 3851 flagelli
3854 3779 3947 3834 tui

2236 3873 2620 3944 asperitatem,
2670 3876 2726 3927 et
2773 3871 3178 3927 misericordiae
3232 3875 3348 3926 tum
3404 3868 3726 3925 mirabilem
3780 3866 3936 3921 cele-

2234 3961 2483 4017 ritatem.
2518 3961 2719 4016 Dolore
2743 3959 3002 4022 dentium
3026 3965 3162 4015 tunc
3190 3959 3548 4015 excruciabas
3581 3972 3672 4011 me
3695 3971 3708 4022 ;
3730 3959 3944 4010 etcum

2235 4051 2296 4105 in
2314 4053 2537 4104 tantum
2559 4049 2974 4121 ingravesceret
2991 4055 3054 4104 ut
3073 4066 3191 4103 non
3207 4049 3451 4104 valerem
3475 4045 3650 4118 loqui,
3685 4043 3947 4098 ascendit

2236 4139 2297 4192 in
2323 4155 2420 4192 cor
2449 4154 2642 4193 meum
2683 4138 2990 4193 admonere
3022 4154 3220 4192 omnes
3263 4153 3420 4191 meos
3453 4135 3551 4207 qui
3582 4133 3836 4198 aderant,
3869 4137 3944 4187 ut

2236 4227 2682 4298 deprecarentur
2711 4231 2764 4282 te
2783 4243 2888 4298 pro
2909 4243 3020 4292 me,
3045 4227 3226 4280 Deum
3253 4224 3448 4279 salutis
3477 4221 3844 4278 omnimodae.
3873 4221 3949 4275 Et

2239 4315 2437 4386 scripsi
2472 4315 2580 4370 hoc
2617 4315 2678 4370 in
2724 4331 2872 4382 cera,
2903 4319 2960 4370 et
2989 4315 3117 4369 dedi
3157 4317 3222 4367 ut
3259 4313 3339 4367 eis
3369 4313 3675 4383 legeretur.
3726 4309 3847 4363 Mox
3874 4313 3948 4364 ut

2237 4420 2426 4475 genua
2454 4402 2695 4474 supplici
2738 4403 2942 4457 affectu
2986 4402 3234 4466 ﬁximus,
3285 4400 3433 4471 fugit
3461 4399 3622 4453 dolor
3663 4396 3777 4451 ille.
3827 4396 3946 4451 Sed

2237 4492 2365 4565 quis
2395 4493 2600 4548 dolor?
2642 4496 2742 4547 aut
2777 4491 3063 4563 quomodo
3093 4488 3276 4560 fugit?
3316 4485 3545 4558 Expavi,
3577 4485 3780 4550 fateor,
3815 4485 3939 4539 Do-

2300 4620 2313 4653 ¹
2334 4618 2391 4666 In
2405 4617 2556 4666 Edd.:
2573 4617 2614 4668 0
2625 4617 2667 4665 si
2680 4614 2922 4666 vide-rent
2935 4616 3197 4665 internum
3210 4613 3394 4662 lumen
3404 4613 3655 4661 aster-num
3666 4609 3746 4658 !In
3760 4607 3948 4658 codice

2239 4679 2413 4728 Corb.:
2441 4682 2479 4728 Ο
2498 4683 2544 4729 si
2574 4679 2809 4728 viderent
2829 4681 2882 4728 in
2916 4682 2966 4728 te
2986 4679 3256 4726 internum
3277 4673 3736 4724 lumena'lernum!
3755 4669 3946 4720 Visum

2238 4741 2475 4804 estsequi
2506 4741 2637 4790 alios
2665 4741 2877 4804 optimas
2902 4743 3056 4804 notia
3083 4739 3226 4804 Mss,
3249 4735 3411 4804 inter
3425 4748 3558 4804 quos
3584 4733 3944 4804 omneshtss.

2239 4803 2318 4853 An
2324 4804 2390 4866 gl.
2403 4795 2511 4867 ζ(ιυὶ
2524 4795 2724 4852 caeteris
2736 4817 2820 4867 oni
2827 4802 2942 4867 issis
2954 4800 3123 4867 verbis
3136 4795 3485 4867 prmferuntp
3495 4800 3536 4845 si
3545 4795 3950 4867 tif-(fel'en-lj‘ltlt-Zf-

2239 4855 2370 4916 num
2394 4855 2675 4915 aclernum!
2693 4864 2958 4921 —Quibus
2982 4855 3379 4924 suffra'ganturti
3410 4860 3532 4908 Mss.
3554 4855 3942 4924 [IorentiniLlVL

2303 4929 2322 4962 ²
2344 4928 2468 4976 Lov.
2492 4927 2613 4976 Som
2642 4942 2653 4975 :
2680 4926 2762 4976 Ibi
2775 4917 2938 4983 cnim,
2955 4917 3193 4981 ibimihi’;
3216 4926 3270 4970 at
3292 4922 3411 4970 Mss.
3429 4935 3551 4970 cum
3572 4921 3697 4983 Bad.
3721 4918 3833 4983 Am.
3853 4917 3944 4966 Er.

2241 4988 2378 5037 Blns.
2410 4989 2534 5038 Arn.
2566 4989 2645 5038 Ibi
2659 4987 2797 5035 enim
2813 4986 2899 5034 ubi
2930 4980 3080 5034 mihi.
3101 5010 3162 5020 —
3185 4984 3392 5034 Ultimae
3422 4983 3546 5033 huic
3561 4980 3774 5032 lectioni
3797 4992 3948 5028 acce-

2242 5051 2378 5099 dunt
2402 5053 2429 5099 6
2459 5051 2580 5098 Mss.
2605 5048 2914 5098 Florentini.
2943 5048 3009 5095 Μ.

2304 5114 2324 5146 3
2356 5113 2433 5159 lta
2462 5111 2604 5168 Mss,
2631 5124 2734 5171 quo
2765 5109 2880 5158 loco
2916 5109 3046 5158 Edd.
3077 5107 3288 5164 habent,
3320 5106 3724 5171 temporalibus.
3766 5129 3826 5138 --
3853 5101 3945 5150 Sic

2243 5173 2398 5222 etiam
2429 5173 2590 5221 editio
2613 5171 2914 5220 Florentino
2935 5185 3053 5220 cum
3071 5185 3160 5219 sex
3188 5171 3314 5219 Mss.
3347 5171 3414 5218 Μ.

2304 5237 2324 5268 ⁵
2357 5237 2525 5289 Prius.
2544 5235 2697 5297 juxta
2723 5238 2828 5298 tres
2856 5235 2977 5298 Mss.
3009 5234 3158 5282 Mart.
3183 5246 3293 5298 pra:
3328 5234 3464 5291 istis,
3488 5231 3639 5295 juxta
3672 5225 3844 5276 Rond.
3887 5229 3944 5275 et

2244 5297 2395 5346 Mart.
2429 5311 2549 5344 cum
2582 5309 2689 5344 uno
2715 5297 2837 5345 Mss.
2870 5297 2936 5344 M.

2307 5361 2327 5392 5
2357 5359 2470 5406 Am.
2495 5359 2578 5407 Er.
2596 5366 2648 5408 et
2664 5359 2785 5407 Lov.
2809 5356 3295 5418 Etsuperinimicis
3324 5357 3606 5418 scripturis
3643 5353 3945 5414 Scriptura:

2245 5419 2430 5479 hujus;
2461 5425 2514 5470 at
2539 5421 2659 5469 Mss.
2693 5421 2818 5470 Bad.
2854 5426 2906 5470 et
2927 5421 3053 5470 Arn.
3085 5423 3265 5469 carent
3285 5432 3411 5467 voce
3428 5418 3721 5479 scripturis.

2253 5474 2338 5594 tu:
2359 5474 2520 5594 B.,
2565 5483 2906 5545 recordabar,
2935 5487 2988 5533 et
3010 5482 3085 5532 sic
3114 5481 3299 5545 incipit
3320 5494 3433 5543 cap.
3466 5474 3544 5530 12$
3567 5477 3667 5529 Sed
3683 5487 3778 5527 nec
3809 5474 3943 5528 obli-
