4058 6348
121 260 207 309 769
1609 252 1818 308 LIBER
1859 253 2110 310 NONUS.

120 379 256 432 mine
306 391 494 445 meus,
531 375 678 430 Deus
708 389 906 443 meus;
938 372 1083 428 nihil
1118 373 1274 428 enim
1304 373 1415 429 tale
1461 372 1530 428 ab
1565 373 1802 430 ineunte

121 471 266 520 aetate
297 467 567 536 expertus
596 463 839 518 fueram.
865 464 928 517 Et
956 462 1232 517 insinuati
1262 466 1394 517 sunt
1423 462 1562 517 mihi
1585 463 1646 517 in
1674 479 1803 534 pro-

121 553 282 609 fundo
313 557 491 606 nutus
527 551 650 619 tui;
698 555 754 606 et
782 551 1037 622 gaudens
1073 550 1134 605 in
1164 550 1273 605 ﬁde
1311 551 1539 606 laudavi
1588 567 1803 606 nomen

120 651 287 698 tuum.
321 642 384 695 Et
416 657 483 695 ea
525 639 668 694 fides
716 656 807 694 me
853 656 1117 694 securum
1162 656 1284 694 esse
1329 656 1444 695 non
1483 641 1704 695 sinebat
1732 641 1801 696 de

121 728 406 804 praeteritis
451 728 695 800 peccatis
739 727 901 794 meis,
949 745 1079 800 quae
1123 727 1266 784 mihi
1295 744 1401 800 per
1446 728 1801 801 Baptismum

123 826 267 876 tuum
288 817 530 874 remissa
559 818 819 873 nondum
849 821 1028 872 erant.

810 923 1036 978 CAPUT
1068 923 1128 977 V.

350 1082 356 1087 .
383 1013 736 1068 Ambrosium
783 1014 1013 1067 consulit
1055 1010 1192 1080 quid
1215 1010 1514 1079 legendum.

187 1104 264 1158 l3.
296 1100 662 1168 Renuntiavi,
687 1099 932 1172 peractis
962 1097 1436 1165 vindemialibus;
1469 1103 1534 1153 ut
1579 1098 1800 1154 schola-

126 1188 262 1243 sticis
289 1188 404 1243 suis
437 1188 884 1243 Mediolanenses
912 1186 1266 1242 venditorem
1286 1187 1591 1242 verborum
1621 1188 1800 1243 alium

125 1278 484 1349 providerent,
512 1277 669 1349 quod
699 1280 755 1331 et
782 1275 886 1331 tibi
936 1292 1040 1347 ego
1085 1276 1294 1330 servire
1343 1275 1706 1346 delegissem,
1745 1280 1802 1330 et

127 1366 196 1421 illi
221 1365 574 1437 professioni,
600 1382 717 1437 prae
740 1364 1073 1420 difﬁcultate
1105 1363 1361 1435 spirandi
1390 1379 1452 1418 ac
1481 1363 1677 1419 dolore
1706 1380 1802 1435 pe-

125 1454 292 1523 ctoris,
317 1471 436 1509 non
477 1453 818 1509 sufficerem.
853 1455 918 1508 Et
944 1451 1230 1507 insinuavi
1259 1468 1362 1523 per
1391 1452 1608 1507 litteras
1648 1452 1800 1507 anti-

126 1543 226 1598 stiti
249 1549 363 1609 tuo,
387 1542 512 1597 viro
542 1547 736 1597 sancto
760 1541 1060 1596 Ambrosio
1075 1540 1346 1612 pristinos
1377 1556 1600 1596 errores
1623 1557 1799 1610 meos,

125 1636 171 1686 et
196 1647 436 1703 praesens
466 1636 667 1686 votum
684 1646 898 1696 meum,
916 1633 976 1684 ut
998 1633 1258 1684 moneret
1271 1627 1409 1700 quid
1438 1628 1801 1699 potissimum

128 1719 250 1774 mihi
276 1719 342 1774 de
375 1719 561 1774 Libris
587 1719 702 1774 tuis
732 1719 1039 1790 legendum
1073 1722 1240 1786 esset,
1273 1735 1388 1790 quo
1418 1717 1800 1790 percipiendae

129 1811 274 1861 tantae
303 1808 506 1878 gratiae
537 1809 789 1879 paratior
818 1808 1119 1880 aptiorque
1147 1808 1366 1862 ﬁerem.
1413 1806 1604 1861 Atille
1631 1806 1804 1877 jussit

128 1895 307 1951 Isaiam
343 1897 690 1967 prophetam
722 1913 736 1965 ;
767 1897 957 1964 credo,
1003 1895 1155 1968 quod
1183 1912 1303 1966 prae
1349 1894 1570 1950 caeteris
1621 1897 1800 1950 Evan-

129 1984 672 2056 geliivocationisque
695 1984 960 2040 Gentium
985 1983 1058 2039 sit
1087 1983 1507 2054 praenuntiator
1526 1981 1798 2053 apertior.

133 2073 505 2128 Verumtamen
535 2089 642 2144 ego
675 2073 921 2144 primam
952 2073 1126 2143 hujus
1155 2072 1453 2127 lectionem
1478 2087 1597 2126 non
1634 2071 1802 2125 intel-

131 2161 305 2232 ligens,
340 2167 648 2233 totumque
676 2163 848 2216 talem
869 2161 1174 2229 arbitrans,
1205 2160 1400 2216 distuli
1421 2159 1799 2232 repetendum

135 2251 457 2306 exercitatior
483 2252 547 2307 in
576 2251 862 2306 dominico
891 2250 1139 2322 eloquio.

778 2357 1000 2412 CAPUT
1042 2357 1130 2410 VI.

243 2446 531 2502 Mediolani
560 2445 872 2515 baptizatur
887 2444 1233 2514 cumﬁAlypio
1261 2441 1627 2498 etAdeodato.

195 2535 266 2588 14.
298 2535 432 2589 Inde
461 2533 567 2588 ubi
596 2538 820 2604 tempus
850 2532 1078 2587 advenit
1123 2548 1237 2602 quo
1291 2547 1382 2585 me
1419 2546 1635 2585 nomen
1665 2529 1800 2585 dare

138 2626 410 2692 oporteret,
469 2622 673 2677 relicto
725 2637 878 2689 rure,
948 2620 1328 2676 Mediolanum
1397 2618 1798 2673 remeavimus.

138 2710 324 2764 Placuit
357 2715 412 2765 et
444 2709 654 2781 Alypio
701 2707 920 2764 renasci
949 2709 1008 2763 in
1049 2713 1104 2764 te
1133 2723 1380 2774 mecum,
1417 2707 1540 2777 jam
1596 2706 1798 2761 induto

135 2796 420 2853 humilitate
449 2798 832 2853 Sacramentis
851 2796 964 2852 tuis
983 2813 1262 2868 congrua,
1282 2801 1340 2851 et
1366 2795 1673 2850 fortissimo
1704 2795 1800 2850 do-

136 2886 296 2940 mitori
311 2886 584 2958 corporis,
607 2903 788 2958 usque
804 2886 874 2940 ad
895 2885 1154 2940 Italicum
1167 2886 1354 2940 solum
1375 2883 1611 2955 glaciale
1643 2884 1798 2938 nudo

135 2973 252 3043 pede
295 2974 670 3029 obterendum
718 2973 947 3028 insolito
999 2989 1162 3028 ausu.
1209 2971 1587 3042 Adjunximus
1627 2972 1799 3026 etiam

137 3062 272 3117 nobis
289 3079 530 3135 puerum
563 3063 915 3118 Adeodatum
947 3077 1015 3117 ex
1046 3078 1139 3116 me
1169 3065 1366 3116 natum
1396 3060 1702 3115 carnaliter
1729 3061 1799 3115 de

135 3157 329 3221 peccato
353 3169 500 3208 meo.
536 3153 618 3206 Tu
667 3152 808 3206 bene
864 3151 1077 3205 feceras
1129 3165 1282 3206 eum.
1341 3151 1642 3205 Annorum
1680 3153 1800 3204 erat

135 3239 284 3294 ferme
307 3240 655 3312 quindecim,
691 3245 748 3295 et
775 3239 1005 3311 ingenio
1032 3238 1422 3310 praeveniebat
1445 3239 1656 3292 multos
1676 3253 1800 3308 gra-

135 3344 210 3382 ves
234 3335 285 3384 et
309 3331 502 3385 doctos
532 3329 704 3384 viros.
725 3329 957 3384 Munera
987 3333 1084 3383 tua
1105 3327 1210 3382 tibi
1227 3326 1528 3396 confiteor,
1558 3326 1798 3381 Domine

138 3416 258 3471 Deus
280 3433 450 3484 meus,
484 3421 712 3472 creator
736 3415 1016 3484 omnium,
1050 3420 1107 3471 et
1134 3416 1380 3472 multum
1396 3419 1600 3485 potens
1627 3414 1802 3470 refor-

138 3505 296 3560 mare‘
324 3511 518 3561 nostra
547 3505 859 3561 deformia:
884 3521 1018 3560 nam
1041 3521 1148 3576 ego
1179 3505 1240 3560 in
1267 3504 1366 3559 illo
1395 3520 1576 3575 puero
1588 3507 1801 3575 praeter

139 3594 372 3650 delictum
401 3595 552 3650 nihil
584 3595 888 3651 habebam.
937 3593 1102 3659 Quod
1148 3593 1304 3648 enim
1351 3593 1744 3647 enutriebatur
1767 3610 1799 3647 a

140 3681 272 3735 nobis
297 3683 352 3737 in
380 3683 685 3754 disciplina
736 3686 852 3750 tua,
881 3686 945 3737 tu
969 3680 1351 3750 inspiraveras
1381 3671 1798 3750 nobis,'nullus

138 3768 284 3826 alius:
314 3787 556 3826 munera
579 3777 679 3825 tua
706 3770 812 3824 tibi
836 3769 1130 3824 conﬁteor.
1164 3769 1258 3823 Est
1283 3767 1429 3823 liber
1475 3771 1666 3822 noster
1697 3765 1797 3838 qui

138 3856 441 3927 inscribitur,
473 3860 548 3915 de
576 3858 839 3930 Magistro
863 3874 878 3912 :
899 3857 1022 3928 ipse
1049 3856 1131 3912 ibi
1159 3872 1383 3911 mecum
1411 3855 1686 3927 loquitur.
1715 3857 1795 3909 Tu

137 3946 222 3999 scis
245 3947 383 4002 illius
412 3965 538 4002 esse
567 3964 730 4002 sensa
747 3947 942 4002 omnia
967 3962 1096 4018 quae
1123 3945 1457 4000 inseruntur
1477 3944 1559 4000 ibi
1576 3961 1644 3998 ex
1672 3961 1796 4014 per-

137 4049 251 4088 sona
286 4035 640 4092 collocutoris
670 4035 807 4105 mei,
839 4051 970 4089 cum
1007 4038 1155 4089 esset
1189 4033 1250 4088 in
1281 4033 1445 4087 annis
1489 4031 1793 4100 sexdecim,

136 4120 278 4177 Multa
317 4125 432 4195 ejus
481 4125 595 4180 alia
642 4123 992 4178 mirabiliora
1032 4127 1304 4194 expertus
1352 4137 1501 4176 sum.
1555 4120 1792 4175 Horrori

138 4209 254 4265 mihi
275 4218 389 4268 erat
410 4213 553 4269 illud
567 4212 1020 4283 illudingenium
1047 4229 1061 4280 ;
1087 4216 1140 4266 et
1156 4210 1284 4283 quis
1305 4213 1578 4276 praeterte
1591 4209 1794 4266 talium

137 4298 503 4357 miraculorum
551 4301 785 4374 opifex?
828 4301 950 4356 Cito
987 4301 1055 4355 de
1099 4304 1254 4354 terra
1290 4298 1572 4354 abstulisti
1618 4298 1793 4352 vitam

136 4384 265 4454 ejus;
294 4392 346 4444 et
370 4389 624 4446 securior
636 4405 768 4444 eum
781 4389 1068 4458 recordor,
1095 4404 1213 4442 non
1230 4386 1440 4442 timens
1471 4385 1790 4458 quidquam

136 4476 383 4544 pueritiae,
414 4495 519 4533 nec
549 4477 965 4544 adolescentiae,
998 4493 1104 4532 nec
1133 4476 1368 4531 omnino
1412 4474 1633 4530 homini
1678 4475 1783 4531 illi.

138 4559 445 4620 Sociavimus
474 4583 610 4621 eum
631 4582 882 4621 coaevum
909 4565 1074 4620 nobis
1103 4565 1164 4620 in
1187 4564 1371 4636 gratia
1396 4569 1514 4632 tua,
1545 4563 1792 4620 educan-

135 4648 246 4705 dum
272 4653 328 4708 in
355 4654 655 4725 disciplina
684 4659 814 4723 tua;
847 4657 905 4709 et
931 4653 1204 4724 baptizati
1226 4668 1445 4722 sumus,
1489 4656 1546 4707 et
1585 4653 1733 4724 fugit
1761 4670 1794 4708 a

136 4737 270 4792 nobis
311 4742 630 4797 sollicitudo
677 4743 811 4797 vitm
849 4741 1173 4814 praeteritae.
1227 4743 1339 4796 Nec
1390 4740 1637 4796 satiabar
1681 4741 1792 4796 illis

134 4822 298 4883 diebus
336 4829 635 4886 dulcedine
672 4829 944 4897 mirabili,
1007 4829 1368 4885 considerare
1430 4828 1793 4884 altitudinem

133 4915 320 4971 consilii
346 4919 428 4973 tui
455 4935 631 4990 super
658 4920 903 4974 salutem
931 4919 1160 4990 generis
1190 4917 1448 4974 humani.
1504 4917 1791 4982 Quantum

133 4998 236 5056 flevi
261 5004 315 5060 in
342 5007 565 5079 hymnis
612 5011 669 5062 et
708 5005 964 5075 canticis,
1002 5023 1176 5062 suave
1231 5006 1484 5062 sonantis
1529 5005 1788 5060 Ecclesiae

134 5090 224 5143 tua:
257 5096 474 5150 vocibus
501 5100 823 5151 commotus
854 5095 1093 5150 acriter!
1127 5096 1304 5150 Voces
1330 5094 1445 5149 illa:
1473 5093 1792 5149 influebant

135 5179 333 5237 auribus
357 5185 522 5254 meis,
554 5189 611 5239 et
639 5184 1003 5256 eliquabatur
1021 5183 1226 5238 veritas
1255 5183 1316 5238 in
1341 5200 1438 5238 cor
1475 5199 1706 5250 meum;
1736 5187 1792 5238 et

135 5273 436 5328 aestuabat
463 5273 601 5329 inde
630 5273 862 5328 affectus
884 5271 1114 5344 pietatis
1139 5273 1180 5340 ⁸,
1193 5276 1250 5327 et
1277 5272 1582 5327 currebant
1607 5272 1790 5344 lacry-

182 5389 194 5423 ¹
213 5389 264 5440 In
278 5393 390 5460 Mss.
403 5397 644 5460 pluribus
655 5399 707 5446 et
722 5396 1016 5460 potioribus
1032 5409 1044 5444 :
1061 5395 1293 5460 Multum
1302 5397 1498 5460 potens
1509 5393 1786 5460 formare;

134 5453 1145 5547 “.9323?reuirat.essem:

219 5514 326 5569 Lov.
341 5514 446 5572 :‘Et
472 5535 541 5573 ex
559 5534 621 5573 ea
644 5521 901 5573 aestuabat
913 5519 1145 5584 affectus
1168 5521 1398 5585 pietatis.

1914 393 2043 446 mae,
2073 383 2130 434 et
2155 379 2302 436 bene
2335 381 2477 438 mihi
2504 389 2627 440 erat
2655 400 2783 440 cum
2811 386 2912 440 eis.

2576 474 2804 527 CAPUT
2839 475 2956 530 VII.

1910 555 2276 611 Ecclesiastici
2318 565 2506 614 cantus
2550 562 2821 616 institutio
2863 562 3173 621 Mediolani.
3207 567 3449 622 Iuventio
3480 585 3598 624 cor-

2261 663 2454 716 porum
2482 649 2580 704 SS.
2626 651 2864 704 Protasii
2893 656 2943 705 et
2973 652 3245 709 Gerrasii.

1986 736 2069 788 l5.
2102 734 2225 789 Non
2262 735 2430 806 longe
2459 743 2704 807 coeperat
2750 739 3178 795 Mediolanensis
3221 742 3466 798 Ecclesia
3504 760 3603 815 ge-

1911 836 2018 874 nus
2075 821 2182 876 hoc
2243 823 2650 877 consolationis
2705 829 2762 878 et
2811 827 3222 882 exhortationis
3297 831 3603 899 celebrare,

1910 924 2119 980 magno
2146 911 2331 965 studio
2361 911 2602 966 fratrum
2631 913 3054 969 concinentium
3084 916 3316 972 vocibus
3346 922 3400 972 et
3428 919 3607 974 cordi-

1907 999 2032 1052 bus.
2059 999 2342 1054 Nimirum
2357 1017 2541 1055 annus
2563 1005 2699 1066 erat,
2725 1007 2826 1056 aut
2846 1019 2958 1058 non
2976 1006 3156 1059 multo
3178 1005 3450 1078 amplius,
3471 1023 3602 1064 cum

1908 1087 2125 1142 Iustina
2147 1089 2520 1144 Valentiniani
2542 1090 2692 1162 regis
2712 1091 2874 1162 pueri
2896 1097 3096 1154 mater,
3122 1094 3414 1150 hominem
3437 1100 3602 1151 tuum

1909 1176 2275 1232 Ambrosium
2316 1183 2772 1249 persequeretur,
2806 1179 3037 1234 haeresis
3067 1197 3182 1235 suae
3212 1199 3400 1250 causa,
3432 1201 3546 1255 qua
3573 1187 3590 1221 ¹

1908 1264 2092 1319 fuerat
2118 1265 2347 1320 seducta
2396 1271 2470 1322 ah
2517 1267 2760 1323 Arianis.
2815 1269 3136 1324 Excubabat
3185 1270 3280 1341 pia
3327 1272 3487 1342 plebs
3540 1272 3598 1326 in

1911 1352 2163 1421 ecclesia,
2193 1354 2340 1408 mori
2385 1360 2585 1426 parata
2613 1372 2743 1411 cum
2789 1356 3056 1427 episcopo
3108 1374 3232 1420 suo,
3287 1375 3446 1415 servo
3483 1363 3602 1416 tuo.

1912 1441 1994 1496 lbi
2020 1446 2200 1498 mater
2224 1459 2371 1508 mea,
2402 1444 2606 1499 ancilla
2631 1449 2747 1512 tua,
2771 1445 3168 1501 sollicitudinis
3189 1451 3245 1501 et
3275 1447 3604 1518 vigiliarum

1909 1530 2123 1602 primas
2153 1535 2370 1599 tenens,
2403 1531 2755 1588 orationibus
2784 1534 3026 1589 vivebat.
3059 1536 3170 1590 Nos
3198 1535 3384 1590 adhuc
3410 1535 3606 1608 frigidi

1910 1635 1942 1674 a
1975 1620 2160 1674 calore
2185 1619 2429 1690 Spiritus
2451 1621 2556 1686 tui,
2588 1622 2976 1676 excitabamur
3003 1627 3196 1676 tamen
3218 1623 3443 1678 civitate
3464 1629 3609 1680 atto-

1910 1706 2028 1762 nita
2049 1711 2220 1778 atque
2241 1707 2484 1764 turbata.
2508 1710 2663 1764 Tunc
2674 1709 2874 1780 hymni
2891 1714 2947 1763 et
2957 1710 3164 1780 psalmi
3185 1715 3606 1766 utcanerentur

1909 1796 2225 1850 secundum
2274 1783 2489 1851 morem
2522 1797 2888 1852 orientalium
2934 1797 3206 1868 partium,
3239 1813 3312 1852 ne
3349 1799 3600 1870 populus

1910 1883 2170 1938 maeroris
2199 1884 2367 1939 taedio
2397 1885 2835 1951 contabesceret,
2885 1885 3213 1941 institutum
3259 1890 3373 1953 est;
3422 1890 3479 1941 et
3525 1902 3594 1941 ex

1907 1971 2006 2026 illo
2030 1972 2090 2026 in
2114 1972 2477 2043 hodiernum,
2500 1976 2806 2040 retentum,
2830 1973 3024 2028 multis
3033 1974 3156 2045 jam
3179 1990 3242 2029 ac
3263 1990 3409 2044 pene
3424 1975 3606 2029 omni-

1909 2061 2015 2116 bus
2043 2060 2310 2132 gregibus
2338 2061 2472 2128 tuis,
2512 2066 2566 2116 et
2611 2078 2714 2136 per
2742 2066 2946 2117 cratera
2975 2063 3127 2117 orbis
3163 2062 3520 2119 imitantibus
3546 2062 3595 2119 ³.

1987 2154 2074 2206 l6.
2120 2151 2276 2205 Tunc
2316 2154 2633 2204 memorato
2674 2151 2913 2206 antistiti
2949 2155 3050 2206 tuo
3103 2168 3206 2222 per
3234 2152 3418 2206 visum
3467 2167 3603 2222 ape-

1911 2239 2093 2304 ruisti,
2125 2255 2240 2309 quo
2291 2240 2412 2294 loco
2462 2239 2706 2294 laterent
2734 2245 3050 2311 martyrum
3095 2256 3337 2311 corpora
3363 2240 3604 2296 Protasii

1910 2332 1966 2383 et
1995 2328 2259 2393 Gervasii,
2288 2344 2416 2399 qua:
2445 2344 2548 2398 per
2575 2332 2659 2383 tot
2685 2345 2862 2383 annos
2894 2329 3224 2400 incorrupta
3252 2329 3312 2384 in
3336 2331 3603 2385 thesauro

1910 2417 2110 2472 secreti
2131 2417 2216 2471 tui
2243 2418 2831 2483 recondideras,unde
2860 2423 3178 2489 opportune
3208 2435 3504 2489 promeres
3535 2420 3604 2475 ad

1911 2506 2281 2561 coercendam
2305 2505 2523 2560 rabiem
2541 2506 2870 2574 femineam,
2894 2507 2990 2562 sed
3015 2508 3253 2578 regiam.
3283 2509 3424 2564 Cum
3450 2509 3602 2563 enim

1907 2595 2207 2665 propalata
2235 2598 2293 2649 et
2312 2594 2514 2649 effossa
2543 2595 2720 2665 digno
2749 2611 2880 2650 cum
2901 2596 3121 2650 honore
3156 2596 3606 2652 transferrentur

1910 2683 1983 2738 ad
2001 2683 2445 2739 Ambrosianam
2465 2684 2779 2752 basilicam,
2803 2701 2921 2740 non
2941 2687 3130 2741 solum
3151 2703 3296 2758 quos
3321 2686 3607 2743 immundi

1909 2771 2188 2826 vexabant
2225 2772 2478 2842 spiritus,
2517 2773 2787 2827 confessis
2815 2773 3031 2829 eisdem
3061 2775 3418 2830 daemonibus
3441 2793 3606 2830 sana-

1908 2861 2136 2928 bantur,
2159 2877 2357 2915 verum
2387 2861 2560 2916 etiam
2587 2861 2821 2932 quidam
2847 2863 3040 2933 plures
3064 2879 3242 2918 annos
3262 2879 3439 2918 caecus
3471 2864 3606 2919 civis

1909 2948 2235 3021 civitatique
2266 2948 2612 3015 notissimus,
2647 2965 2778 3004 cum
2805 2950 3005 3021 populi
3033 2952 3434 3006 tumultuantis
3463 2951 3607 3007 laeti-

1909 3037 2004 3093 tiae
2051 3042 2073 3074 ³
2117 3054 2345 3093 causam
2405 3038 2704 3110 quaesisset
2766 3042 2939 3110 atque
3003 3039 3274 3107 audisset,
3339 3039 3600 3107 exsilivit,

1909 3143 2090 3199 eoque
2119 3143 2178 3182 se
2220 3130 2286 3183 ut
2331 3127 2583 3195 duceret,
2615 3144 2784 3183 suum
2813 3128 3019 3183 ducem
3048 3129 3290 3199 rogavit.
3319 3129 3442 3193 Quo
3471 3145 3604 3201 per-
3633 3152 3641 3157 -

1908 3215 2130 3282 ductus,
2174 3214 2501 3287 impetravit
2530 3215 2774 3282 admitti,
2811 3220 2875 3270 ut
2901 3216 3132 3270 sudario
3159 3220 3421 3288 tangeret
3457 3218 3603 3272 fere-

1908 3309 2062 3359 trum
2106 3303 2376 3374 pretiosaa
2423 3302 2484 3357 in
2531 3307 2834 3375 conspectu
2891 3308 2991 3359 tuo
3039 3302 3237 3358 mortis
3280 3307 3605 3360 sanctorum

1907 3396 2138 3448 tuorum
2171 3393 2340 3462 (Psal.
2370 3408 2486 3459 cxv,
2520 3391 2624 3462 15).
2654 3392 2817 3457 Quod
2843 3391 2941 3446 ubi
2979 3392 3130 3455 fecit,
3158 3396 3328 3463 atque
3359 3392 3607 3449 admovit

1909 3481 2106 3547 oculis,
2157 3481 2452 3536 confestim
2495 3481 2678 3552 aperti
2707 3484 2858 3536 sunt.
2910 3481 3044 3536 Inde
3072 3482 3226 3536 fama
3255 3481 3599 3546 discurrens,

1907 3569 2042 3625 inde
2073 3570 2269 3624 laudes
2297 3575 2412 3624 tuae
2440 3569 2744 3638 ferventes,
2791 3570 3046 3624 lucentes
3074 3573 3114 3637 ‘,
3145 3569 3281 3624 inde
3319 3570 3473 3625 illius
3520 3570 3605 3624 in-

1907 3658 2093 3713 imicas
2124 3657 2348 3713 animus
2378 3657 2482 3712 etsi
2509 3657 2578 3712 ad
2603 3657 2872 3712 credendi
2896 3657 3194 3712 sanitatem
3224 3673 3343 3712 non
3369 3655 3628 3729 amplia?

1905 3751 1998 3802 tus
2025 3745 2070 3814 ⁵,
2101 3763 2134 3801 a
2179 3744 2564 3817 persequendi
2616 3749 2808 3799 tamen
2839 3744 3032 3800 furore
3065 3761 3425 3816 compressus
3481 3751 3591 3802 est.

1908 3835 2126 3890 Gratias
2155 3834 2282 3900 tibi,
2333 3835 2482 3888 Deus
2510 3849 2687 3887 meus.
2722 3834 2878 3888 Unde
2909 3839 2966 3888 et
3004 3850 3118 3904 quo
3164 3834 3375 3890 duxisti
3407 3851 3598 3889 recor-

1907 3923 2193 3978 dationem
2241 3938 2452 3990 meam,
2499 3927 2564 3977 ut
2606 3922 2726 3978 haec
2755 3922 2931 3978 etiam
2959 3922 3264 3977 confiterer
3290 3923 3418 3989 tibi,
3463 3939 3593 3994 quae

1905 4027 2114 4082 magna
2144 4011 2357 4066 oblitus
2394 4011 2825 4082 praeterieram?
2855 4012 2918 4065 Et
2965 4014 3158 4066 tamen
3186 4016 3321 4066 tunc
3359 4028 3489 4066 cum
3521 4012 3600 4068 ita

1905 4101 2183 4171 fragraret
2203 4101 2344 4155 odor
2371 4104 3058 4171 unguentorum'tuorum
3079 4117 3196 4155 non
3231 4101 3600 4157 currebamus

1905 4195 2034 4261 post
2062 4193 2116 4244 te
2148 4191 2382 4260 (Cantia.
2415 4206 2453 4257 ι,
2485 4188 2561 4259 3),
2588 4193 2643 4243 et
2668 4189 2797 4244 ideo
2826 4190 2956 4260 plus
2977 4189 3186 4244 ﬂebam
3210 4189 3361 4245 inter
3381 4190 3598 4245 cantica

1903 4277 2250 4350 hymnorum
2292 4283 2546 4347 tuorum,
2577 4278 2716 4332 olim
2765 4278 3057 4349 suspirans
3100 4278 3228 4345 tibi,
3277 4282 3335 4334 et
3365 4279 3597 4334 tandem

1904 4367 2190 4439 respirans
2219 4367 2261 4435 θ,
2286 4372 2564 4440 quantum
2588 4370 2748 4438 patet
2775 4383 2914 4422 aura
2944 4367 3006 4422 in
3033 4367 3205 4423 domo
3232 4367 3416 4424 fenea.

2546 4475 2773 4531 CAPUT
2804 4476 2948 4531 VIII.

1902 4565 2104 4623 Evodii
2131 4566 2418 4621 conversio.
2451 4563 2650 4619 Matris
2689 4564 2887 4633 obitus,
2914 4565 3139 4635 ejusque
3167 4579 3203 4620 a
3239 4565 3434 4621 teneris
3463 4564 3596 4622 edu-

2661 4654 2822 4708 cutio.

1977 4746 2062 4799 l7.
2108 4743 2218 4808 Qui
2264 4741 2520 4797 habitare
2566 4739 2703 4795 facis
2747 4740 3050 4796 unanimes
3098 4740 3157 4796 in
3206 4741 3379 4798 domo
3426 4743 3594 4812 (Psal.

1909 4848 2074 4898 van,
2104 4835 2188 4902 7),
2230 4829 2565 4885 consociasti
2608 4828 2772 4884 nobis
2819 4834 2876 4885 et
2925 4830 3155 4886 Evodim
3200 4831 3476 4902 juvenem
3526 4839 3596 4888 ex

1966 4957 1981 4991 ι
2015 4958 2151 5013 Qum,
2177 4954 2330 5018 juxta
2350 4969 2441 5003 sex
2466 4954 2587 5003 Mss.
2618 4953 2789 5012 Mart.,
2819 4956 2871 5002 et
2898 4953 3072 5004 Rond.
3105 4969 3223 5005 cum
3256 4957 3284 5004 2
3310 4956 3430 5004 Mss.
3462 4956 3530 5004 Μ.

1963 5020 1985 5094 ξ
1996 5018 2116 5094 Som
2122 5018 2699 5094 φίῖψθειξξτζῆεζὶσξιςνςξ
2707 5018 2889 5078 partes
2901 5019 3087 5068 imitari
3094 5018 3243 5068 tibus.
3259 5019 3365 5069 Per
3377 5021 3599 5068 caeteras

1901 5081 2034 5132 orbis
2055 5081 2254 5151 partes,
2273 5079 2430 5141 juxta
2453 5079 2712 5150 Rondzlil.
2951 5119 2954 5122 .
2986 5141 2997 5151 .

1963 5141 2448 5204 3Aliquotitcrtitia.
2480 5167 2539 5177 —
2582 5141 2666 5190 Sic
2711 5141 2869 5192 etiam
2916 5140 3076 5192 editio
3119 5143 3420 5193 Florentino.
3472 5153 3592 5190 cum

1901 5203 2298 5329 ῃῐὶοῐὲἓῑξτῗέὲν
2326 5265 2573 5329 lucentes,
2603 5265 2758 5329 juxta
2792 5266 2990 5329 Somm.
3026 5269 3079 5314 et
3106 5265 3271 5314 Rond.
3307 5265 3374 5313 M.
3443 5249 3446 5252 ’

1962 5331 1984 5365 ὃ
2011 5329 2096 5392 Sic
2116 5327 2395 5392 legendum
2405 5322 2682 5392 juxtatres
2699 5329 2818 5376 Mss.
2846 5328 3020 5391 Ang|.,
3053 5331 3108 5376 ut
3140 5322 3592 5392 constetantithe:

1900 5391 1970 5440 sis
1983 5391 2046 5438 ad
2074 5387 2397 5452 subsequens
2406 5387 2648 5447 verbum,
2669 5387 2992 5452 compressus
3006 5392 3106 5452 est.
3125 5413 3184 5424 —
3200 5387 3588 5452 [Applicatus]

1897 5452 2218 5516 Applicitus,
2229 5449 2382 5516 juxta
2411 5453 2495 5500 Er.
2524 5452 2684 5514 Lugd.
2722 5449 2851 5500 νέα.
2872 5453 2989 5500 Lov.
3026 5449 3220 5516 Somm’.
3248 5449 3316 5498 M.

1961 5511 1987 5550 οἵ
2017 5515 2076 5564 In
2109 5511 2276 5565 tribus
2303 5515 2522 5573 Mss.,at
2550 5511 2759 5567 tantum
2786 5517 3074 5577 respirans.
3096 5511 3164 5560 M.
