4058 6362
358 291 456 339 ’ἳἨ

377 408 582 458 nostro
609 391 964 463 municipio.
998 390 1106 455 Qui
1144 406 1273 444 cum
1301 406 1475 461 agens
1505 390 1566 445 in
1613 391 1779 444 rebus
1809 388 2098 454 militaret,

390 489 554 559 prior
601 486 777 542 nobis
808 481 880 536 ad
915 485 967 533 te
997 496 1303 534 conversus
1341 483 1425 533 est
1463 483 1517 533 et
1547 479 1886 549 baptizatus,
1925 481 1981 531 et
2009 495 2104 532 re-

395 578 529 632 licta
560 574 775 628 militia
804 567 1017 635 saeculi,
1061 570 1342 624 accinctus
1389 568 1450 622 in
1481 573 1597 622 tua.
1643 567 1819 621 Simul
1853 583 2101 632 eramus,

407 662 577 716 simul
595 657 908 715 habitaturi
928 655 945 690 ¹
963 657 1171 728 placito
1188 662 1400 710 sancto.
1423 655 1824 720 Quaerebamus
1841 654 2104 726 quisnam

410 751 570 804 locus
597 764 704 803 nos
734 747 932 801 utilius
969 745 1206 800 haberet
1251 744 1558 799 servientes
1586 743 1721 799 tibi:
1773 744 1988 813 pariter
2015 760 2104 797 re-

415 836 752 893 meabamus
780 836 841 890 in
884 834 1151 888 Africam.
1187 835 1406 887 Etcum
1449 833 1597 903 apud
1643 831 1798 886 Ostia
1841 832 2108 887 Tiberina

416 940 691 990 essemus,
743 928 925 979 mater
963 922 1227 976 defuncta
1267 925 1367 974 est.
1420 920 1589 974 Multa
1635 923 1931 989 praetereo,
1973 919 2108 991 quia

414 1014 660 1070 multum
691 1013 913 1067 festino.
962 1009 1166 1078 Accipe
1193 1007 1574 1061 confessiones
1605 1023 1758 1060 meas
1805 1011 1863 1062 et
1892 1008 2106 1077 gratia-

417 1116 548 1156 rum
579 1099 848 1164 actiones,
884 1098 1030 1150 Deus
1062 1109 1241 1160 meus,
1281 1094 1349 1148 de
1379 1094 1548 1147 rebus
1588 1094 2108 1149 innumerabilibus

420 1189 594 1244 etiam
624 1187 686 1241 in
719 1184 965 1239 silentio.
1016 1182 1126 1237 Sed
1172 1198 1287 1236 non
1315 1183 1622 1253 praeteribo
1652 1183 1936 1254 quidquid
1965 1182 2109 1238 mihi

421 1277 612 1330 anima
632 1273 880 1344 parturit
907 1272 978 1326 de
997 1271 1095 1325 illa
1121 1271 1331 1325 famula
1359 1276 1478 1337 tua,
1506 1287 1634 1342 quae
1665 1287 1757 1326 me
1788 1271 2106 1342 parturivit;

421 1367 477 1420 et
511 1378 698 1428 carne,
746 1365 812 1415 ut
860 1361 921 1415 in
968 1361 1112 1415 banc
1151 1361 1562 1432 temporalem;
1610 1364 1666 1415 et
1712 1361 1902 1430 corde,
1944 1366 2007 1415 ut
2050 1360 2110 1414 in

419 1455 694 1506 aeternam
736 1449 922 1504 lucem
969 1465 1229 1503 nascerer
1252 1453 1292 1504 ³.
1327 1452 1452 1504 Non
1500 1450 1642 1520 ejus,
1677 1449 1774 1504 sed
1805 1454 1903 1504 tua
1927 1449 2112 1504 dicam

418 1540 569 1595 dona
604 1539 666 1593 in
696 1553 794 1606 ea;
839 1554 1022 1609 neque
1056 1537 1212 1592 enim
1241 1537 1487 1608 seipsam
1516 1537 1743 1604 fecerat,
1780 1541 1880 1592 aut
1909 1537 2112 1591 educa-

417 1631 575 1682 verat
601 1625 866 1697 seipsam.
899 1627 984 1680 Tu
1019 1625 1221 1679 creasti
1251 1641 1399 1694 eam,
1430 1640 1534 1678 nec
1583 1628 1744 1695 pater
1789 1640 1892 1679 nec
1933 1627 2114 1678 mater

419 1715 631 1770 sciebat
655 1714 842 1785 qualis
870 1729 935 1768 ex
966 1713 1046 1768 eis
1085 1714 1264 1768 ﬁeret.
1300 1715 1364 1768 Et
1393 1712 1640 1780 erudivit
1667 1728 1793 1766 eam
1824 1712 1885 1766 in
1908 1711 2114 1766 timore

419 1807 517 1859 tuo
542 1801 702 1873 virga
732 1801 936 1856 Christi
964 1802 1070 1872 tui,
1101 1802 1359 1873 regimen
1388 1800 1542 1855 unici
1570 1801 1696 1856 Filii
1726 1800 1814 1855 tui
1851 1799 1912 1854 in
1943 1799 2113 1853 domo

419 1891 597 1961 fideli,
639 1891 791 1945 bono
822 1891 1083 1946 membro
1115 1889 1372 1944 Ecclesiae
1410 1894 1545 1944 tum.
1591 1891 1703 1944 Nec
1732 1893 1950 1943 tantam
1981 1903 2117 1959 erga

421 1997 585 2035 suam
612 1979 942 2050 diciplinam
957 1979 1314 2050 diligentiam
1333 1978 1530 2033 matris
1548 1977 1914 2049 praedicabat,
1941 1993 2118 2048 quan-

420 2074 540 2124 tam
569 2069 798 2123 famulae
843 2068 1142 2139 cujusdam
1191 2068 1512 2138 decrepitze,
1549 2083 1678 2139 quae
1722 2071 1944 2137 patrem
1994 2067 2118 2137 ejus

420 2157 700 2212 infantem
767 2160 1107 2228 portaverat,
1171 2156 1316 2209 sicut
1363 2157 1530 2210 dorso
1585 2155 2117 2226 grandiuscularum

418 2247 742 2318 puellarum
772 2245 996 2316 parvuli
1021 2243 1238 2315 portari
1269 2244 1473 2298 solent.
1508 2245 1680 2315 Cujus
1708 2243 1792 2297 rei
1821 2243 2028 2313 gratia,
2063 2247 2120 2298 et

420 2338 660 2405 propter
689 2338 974 2388 senectam
1013 2348 1079 2386 ac
1109 2348 1304 2385 mores
1345 2332 1611 2402 optimos,
1661 2332 1721 2386 in
1767 2332 1935 2386 domo
1966 2331 2118 2386 chri-

421 2423 605 2478 stiana
629 2422 762 2476 satis
783 2439 816 2476 a
840 2420 1090 2477 dominis
1119 2420 1524 2475 honorabatur.
1549 2420 1706 2474 Unde
1727 2421 1901 2474 etiam
1923 2435 2119 2474 curam

425 2511 840 2567 dominicarum
871 2510 1120 2564 filiarum
1151 2509 1511 2563 commissam
1553 2507 1661 2562 sibi
1690 2508 1993 2579 diligenter
2020 2525 2122 2579 ge-

423 2602 604 2668 rebat,
650 2604 708 2655 et
753 2604 872 2653 erat
917 2599 978 2653 in
1043 2599 1126 2653 eis
1171 2598 1517 2665 coercendis,
1568 2613 1698 2651 cum
1765 2613 1908 2668 opus
1951 2601 2119 2664 esset,

425 2694 621 2744 sancta
651 2688 952 2744 severitate
982 2688 1308 2751 vehemens,
1342 2691 1515 2758 atque
1542 2686 1602 2740 in
1633 2685 1905 2740 docendis
1933 2685 2124 2739 sobria

423 2777 748 2851 prudentia.
798 2778 941 2831 Nam
997 2793 1112 2844 eas,
1160 2779 1369 2847 praeter
1397 2775 1521 2830 illas
1565 2776 1735 2830 horas
1781 2774 1989 2846 quibus
2050 2773 2119 2828 ad

425 2883 686 2924 mensam
715 2871 1017 2938 parentum
1062 2865 1515 2921 moderatissima
1545 2864 1865 2930 alebantur,
1897 2862 2123 2918 etiamsi

428 2956 867 3012 exardescerent
893 2953 1007 3023 siti,
1038 2969 1143 3009 nec
1172 2969 1379 3025 aquam
1411 2953 1607 3008 bibere
1639 2951 1882 3019 sinebat,
1909 2967 2123 3022 praeca-

425 3061 563 3101 vens
607 3043 1079 3100 consuetudinem
1121 3043 1353 3110 malam,
1403 3046 1460 3096 et
1491 3041 1707 3096 addens
1752 3040 1990 3095 verbum
2035 3056 2125 3094 sa-

431 3150 608 3190 num:
641 3133 798 3189 Modo
819 3148 1020 3201 aquam
1050 3133 1253 3199 bibitis,
1285 3133 1417 3200 quia
1446 3133 1506 3185 in
1528 3133 1792 3201 potestate
1810 3131 1995 3184 vinum
2021 3145 2128 3184 non

429 3224 667 3290 habetis;
700 3237 820 3276 cum
849 3225 1026 3276 autem
1058 3220 1132 3274 ad
1151 3222 1378 3274 maritos
1401 3221 1678 3284 veneritis,
1709 3221 1870 3286 facta
1902 3218 2128 3272 domina:

428 3313 811 3382 apothecarum
836 3314 886 3363 et
917 3310 1277 3374 cellariorum,
1311 3323 1457 3376 aqua
1485 3307 1741 3372 sordebit,
1773 3306 1866 3360 sed
1890 3320 2001 3360 mos
2022 3321 2126 3374 po-

431 3401 591 3456 tandi
625 3398 965 3469 praevalebit.
1004 3398 1116 3451 Hac
1146 3397 1366 3451 ratione
1403 3395 1770 3467 praecipiendi
1799 3399 1856 3449 et
1882 3394 2130 3449 auctori-

434 3485 901 3558 tate‘imperandi
928 3485 1188 3540 frenabat
1217 3484 1548 3539 aviditatem
1585 3481 1887 3538 tenerioris
1925 3482 2126 3549 aetatis,

437 3582 494 3633 et
519 3577 702 3648 ipsam
729 3575 1052 3647 puellarum
1083 3573 1234 3627 sitim
1264 3573 1548 3628 formabat
1576 3573 1647 3627 ad
1676 3572 1984 3626 honestum
2012 3586 2130 3626 mo-

437 3666 598 3734 dum,
623 3665 822 3736 utjam
847 3680 952 3719 nec
979 3663 1184 3718 liberet
1212 3661 1366 3734 quod
1395 3678 1514 3717 non
1545 3661 1787 3716 deceret.

512 3763 595 3815 t8.
627 3761 693 3814 Et
721 3763 1076 3830 surrepserat
1111 3762 1326 3825 tamen,
1374 3755 1520 3812 sicut
1546 3756 1691 3811 mihi
1748 3755 1866 3810 filio
1912 3755 2130 3810 famula

431 3852 532 3903 tua
560 3848 849 3916 narrabat,
882 3850 1235 3918 surrepserat
1255 3846 1307 3900 ei
1335 3845 1663 3900 vinolentia.
1708 3845 1849 3899 Nam
1889 3860 2019 3898 cum
2063 3845 2132 3899 de

435 3954 618 4007 more,
641 3941 916 4008 tanquam
945 3936 1138 4007 puella
1169 3934 1374 3998 sobria,
1401 3935 1703 4006 juberetur
1731 3950 1762 3987 a
1801 3932 2133 4004 parentibus

432 4027 501 4082 de
531 4043 718 4097 cuppa
744 4025 942 4079 vinum
971 4024 1326 4094 depromere,
1357 4022 1638 4077 submisso
1668 4021 1872 4092 poculo
1912 4037 2026 4091 qua
2045 4019 2134 4073 deo

435 4131 606 4187 super
639 4118 820 4185 patet,
853 4113 1189 4184 priusquam
1220 4112 1279 4165 in
1320 4111 1686 4181 lagunculam
1716 4109 1983 4163 funderet
2010 4123 2132 4162 me-

441 4219 594 4271 rum,
641 4201 992 4272 primoribus
1031 4199 1202 4252 labris
1233 4198 1496 4252 sorbebat
1524 4197 1818 4267 exiguum,
1850 4195 1986 4267 quia
2019 4210 2137 4249 non

444 4294 676 4362 poterat
702 4289 970 4359 amplius,
1006 4303 1177 4340 sensu
1213 4291 1533 4340 recusante.
1568 4287 1694 4340 Non
1724 4285 1878 4338 enim
1907 4285 2023 4338 ulla
2058 4287 2141 4337 te-

443 4379 705 4432 mulenta
756 4374 779 4409 ³
825 4374 1092 4446 cupidine
1138 4373 1380 4428 faciebat
1444 4374 1572 4440 hoc,
1649 4372 1744 4427 sed
1798 4372 2140 4444 quibusdam

450 4462 934 4537 superfluentibus
961 4461 1140 4516 aetatis
1156 4461 1498 4530 excessibus,
1522 4462 1621 4532 qui
1639 4460 1870 4515 ludicris
1893 4460 2142 4515 motibus

441 4552 749 4622 ebulliunt,
765 4557 818 4605 et
835 4551 892 4606 in
906 4549 1222 4622 puerilibus
1235 4548 1442 4604 animis
1456 4549 1739 4620 majorum
1755 4549 2002 4620 pondere
2016 4565 2142 4620 pre-

435 4643 515 4696 mi
538 4641 740 4695 solent.
771 4641 967 4711 Itaque
981 4639 1050 4694 ad
1068 4638 1210 4693 illud
1235 4637 1525 4693 modicum
1552 4638 1886 4709 quotidiana
1916 4637 2140 4692 modica

439 4729 730 4796 addendo;
753 4727 1026 4800 quoniam
1055 4727 1156 4798 qui
1183 4726 1406 4782 modica
1426 4727 1660 4798 spernit,
1685 4726 1964 4798 paulatim
1995 4726 2140 4782 deci-

442 4817 525 4873 dit
553 4817 736 4888 (Eccli.
766 4833 883 4886 xxx,
915 4817 985 4886 l);
1020 4816 1081 4871 in
1123 4831 1252 4870 eam
1287 4814 1759 4870 consuetudinem
1803 4815 1961 4886 lapsa
1995 4819 2136 4882 erat,

436 4909 504 4961 ut
532 4921 708 4977 prope
721 4905 846 4976 jam
865 4904 1067 4975 plenos
1082 4919 1241 4958 mero
1265 4903 1529 4958 caliculos
1547 4903 1838 4957 inhianter
1855 4902 2133 4958 hauriret.

434 4993 548 5050 Ubi
579 4997 712 5049 tunc
768 5008 942 5063 sagax
969 5008 1135 5060 anus,
1185 4996 1242 5047 et
1290 4991 1596 5047 vehemens
1641 4992 1742 5046 illa
1786 4991 2139 5062 prohibitio?

435 5081 729 5154 Numquid
757 5081 981 5136 valebat
1007 5080 1225 5152 aliquid
1253 5081 1524 5136 adversus
1551 5082 1820 5136 latentem
1853 5081 2137 5146 morbum,

435 5169 547 5228 nisi
594 5175 691 5226 tua
752 5169 1060 5237 medicina,
1116 5169 1380 5240 Domine,
1441 5169 1705 5242 vigilaret
1761 5186 1934 5241 super
1987 5169 2140 5224 nos?

500 5315 516 5348 ¹
533 5312 618 5362 Sic
631 5311 831 5360 habent
850 5310 972 5369 Mss,
994 5312 1046 5359 et
1064 5309 1211 5369 Arn.;
1229 5314 1282 5360 at
1302 5310 1424 5360 Bad.
1454 5311 1572 5360 Am.
1597 5311 1682 5360 Er.
1707 5312 1853 5371 Lov.,
1876 5308 2142 5362 habitaba-

435 5387 576 5426 mus.
595 5400 655 5410 —
673 5374 828 5431 Dein,
855 5376 908 5422 in
930 5371 1163 5434 placito,
1188 5373 1344 5435 juxta
1372 5375 1573 5422 Somm.
1595 5377 1647 5422 et
1666 5374 1836 5421 ltond.
1865 5374 1932 5422 Μ.

499 5436 521 5471 ²
549 5436 632 5485 Sic
661 5436 1096 5499 legendumcum
1126 5436 1248 5484 Mss.
1284 5461 1344 5471 —
1373 5435 1770 5498 [Renascerery
1806 5435 1973 5486 ltond.
2012 5448 2076 5482 ex
2114 5435 2141 5483 8

435 5500 581 5556 Mss,
611 5497 891 5548 nascerer.
917 5497 985 5546 Μ.

499 5562 519 5596 ³
548 5561 794 5622 Lyreusis
824 5558 1007 5622 codex,
1039 5558 1372 5611 temulentis".

1593 263 2130 322 CONFESSIONUM
2187 263 2240 318 S.
2310 261 2714 318 AUGUSTINL

3800 263 3906 314 7'72

2215 387 2460 442 Absente
2487 391 2648 458 patre
2675 389 2730 441 et
2761 388 2941 441 matre
2979 388 3037 441 et
3089 384 3485 451 nutritoribus,
3531 389 3591 440 tn
3632 401 3906 456 praesens,

2215 476 2313 548 qui
2347 477 2567 544 creasti,
2601 475 2704 548 qui,
2728 492 2912 543 vocas,
2946 474 3045 547 qui
3075 475 3245 529 etiam
3277 491 3381 546 per
3408 474 3745 545 prepositos
3768 473 3787 506 ¹
3811 473 3911 527 ho-

2217 565 2396 619 mines
2422 565 2559 619 boni
2591 565 2808 636 aliquid
2841 564 2962 634 agis
2994 565 3062 619 ad
3091 564 3415 618 animarum
3461 565 3724 629 salutem,
3770 561 3908 632 quid

2215 659 2348 708 tunc
2378 654 2564 725 egisti.
2598 656 2742 708 Deus
2774 654 2977 709 meus?
3000 656 3151 710 unde
3183 653 3388 707 curasti
3413 656 3442 708 ?
3471 653 3624 707 unde
3654 651 3913 705 sanasti?

2217 743 2414 798 Nonne
2443 743 2730 814 protulisti
2761 744 2969 798 durum
3001 747 3058 798 et
3105 747 3335 797 acutum
3383 758 3451 796 ex
3501 741 3680 795 altera
3721 739 3918 794 anima

2217 830 2556 900 convicium,
2603 836 2877 903 tanquam
2925 830 3261 886 medicinale
3306 830 3524 884 ferrum
3571 845 3637 883 ex
3679 827 3919 882 occultis

2217 920 2636 992 provisionibus
2664 920 2870 988 tuis,{et
2896 935 3011 974 uno
3041 919 3154 974 ictu
3182 919 3547 990 putredinem
3578 917 3739 970 illam
3765 933 3918 987 prae-

2216 1008 2443 1064 cidisti?
2487 1009 2705 1064 Ancilla
2747 1008 2902 1064 enim
2934 1024 3065 1063 cum
3119 1023 3232 1078 qua
3270 1008 3489 1061 solebat
3531 1004 3800 1060 accedere
3845 1003 3918 1056 ad

2219 1113 2486 1168 cuppam,
2513 1097 2744 1168 litigans
2765 1113 2894 1152 cum
2915 1097 3148 1152 domina
3168 1095 3411 1162 minore,
3435 1099 3500 1149 ut
3524 1095 3608 1161 fit,
3635 1093 3758 1147 sola
3785 1107 3921 1145 cum

2221 1189 2360 1254 sola,
2415 1186 2623 1258 objecit
2666 1189 2774 1242 hoc
2841 1188 3078 1251 crimen,
3133 1187 3489 1242 amarissima
3543 1183 3922 1239 insultatione

2220 1291 2427 1330 vocans
2455 1275 2879 1330 meribibulam.
2915 1277 3036 1341 Quo
3076 1276 3174 1330 illa
3220 1274 3452 1330 stimulo
3489 1289 3780 1344 percussa,
3835 1287 3926 1325 rc-

2223 1364 2408 1435 spexit
2435 1363 2747 1418 foeditatem
2773 1380 2954 1430 suam,
2987 1364 3397 1435 confestimque
3429 1360 3718 1417 damnavit
3747 1363 3926 1430 atque

2222 1452 2401 1508 exuit.
2441 1453 2598 1507 Sicut
2625 1453 2793 1507 amici
2822 1453 3119 1508 adulantes
3165 1455 3521 1524 pervertunt,
3573 1450 3652 1504 sic
3698 1447 3928 1503 inimici

2223 1540 2511 1611 litigantes
2541 1542 2879 1612 plerumque
2924 1542 3236 1612 corrigunt.
3271 1543 3382 1596 Nec
3426 1545 3490 1595 tu
3519 1539 3672 1612 quod
3702 1554 3806 1608 per
3828 1553 3933 1590 eos

2225 1629 2367 1700 agis,
2400 1630 2497 1684 sed
2527 1630 2682 1700 quod
2714 1629 2825 1700 ipsi
2855 1631 3176 1695 voluerunt,
3211 1629 3479 1683 retribuis
3509 1628 3611 1682 eis.
3638 1627 3740 1680 Illa
3769 1625 3930 1679 enim

2226 1717 2370 1772 irata
2394 1717 2681 1787 exagitare
2711 1717 2984 1788 appetivit
3013 1717 3299 1772 minorem
3329 1716 3645 1782 dominam,
3680 1730 3797 1768 non
3828 1729 3931 1766 sa-

2226 1821 2396 1860 nare:
2427 1810 2482 1860 et
2509 1805 2638 1860 ideo
2661 1806 2937 1873 clanculo,
2961 1809 3059 1858 aut
3079 1804 3216 1876 quia
3236 1804 3313 1858 ita
3327 1819 3419 1858 eas
3443 1803 3740 1857 invenerat
3770 1802 3936 1855 locus

2227 1899 2284 1950 et
2307 1900 2535 1966 tempus
2564 1894 2717 1962 litis;
2757 1899 2854 1948 aut
2891 1911 2963 1948 ne
3018 1893 3166 1948 forte
3220 1899 3278 1948 et
3331 1893 3454 1964 ipsa
3507 1891 3938 1963 periclitaretur

2228 1984 2382 2056 quod
2407 1988 2524 2038 tam
2552 1999 2676 2037 sero
2705 1982 3068 2054 prodidisset.
3096 1984 3167 2036 At
3203 1985 3287 2050 tu,
3319 1979 3574 2046 Domine,
3607 1982 3797 2032 rector
3822 1994 3936 2032 coe-

2226 2072 2396 2128 litum
2415 2074 2437 2107 ²
2465 2075 2522 2125 et
2547 2075 2932 2140 terrenarum,
2963 2070 3035 2124 ad
3061 2085 3198 2123 usus
3227 2073 3358 2123 tuos
3378 2072 3758 2138 contorquens
3787 2082 3933 2136 pro-

2229 2158 2706 2225 fundatorrentis,
2740 2160 2959 2213 ﬂuxum
2982 2157 3320 2212 saeculorum
3367 2155 3642 2210 ordinans
3670 2159 3692 2191 ³
3721 2155 3932 2209 turbu-

2227 2252 2472 2320 lentum,
2531 2251 2703 2306 etiam
2765 2251 2835 2306 de
2881 2249 3117 2304 alterius
3182 2248 3387 2302 animus
3444 2245 3666 2300 insania
3710 2245 3930 2299 sanasti

2232 2341 2505 2406 alteram;
2551 2355 2622 2393 ne
2669 2338 2973 2410 quisquam
3020 2352 3152 2391 cum
3193 2336 3300 2390 hoc
3348 2333 3605 2394 advertit,
3651 2331 3936 2403 potentia:

2231 2445 2348 2482 suae
2373 2428 2608 2496 tribuat,
2641 2427 2690 2482 si
2715 2426 2888 2483 verbo
2911 2427 3034 2498 ejus
3060 2425 3205 2481 alius
3233 2423 3571 2496 corrigatur,
3605 2437 3778 2494 quem
3810 2421 3938 2476 vult

2233 2516 2460 2588 corrigi.

2907 2602 3130 2658 CAPUT
3168 2602 3254 2657 IX.

2451 2690 2770 2747 Laudabilcs
2800 2693 2996 2746 matris
3017 2705 3126 2745 sua:
3148 2703 3320 2744 mores
3343 2690 3712 2758 prosequitur.

2310 2783 2394 2836 l9.
2428 2781 2672 2836 Educata
2722 2780 2914 2851 itaque
2963 2778 3170 2850 pudice
3214 2793 3279 2833 ac
3325 2777 3530 2843 sobrie,
3563 2776 3870 2848 potiusque
3904 2789 3938 2827 a

2233 2873 2290 2925 te
2320 2869 2547 2925 subdita
2592 2870 2947 2940 parentibus,
2996 2883 3171 2940 quam
3204 2884 3238 2922 a
3279 2865 3613 2938 parentibus
3660 2863 3785 2930 tibi,
3829 2861 3939 2916 ubi

2233 2958 2420 3030 plenis
2446 2957 2610 3012 anuis
2642 2957 2852 3012 nubilis
2879 2957 3028 3012 facta
3049 2959 3150 3021 est,
3191 2954 3401 3010 tradita
3420 2954 3542 3008 viro
3574 2951 3803 3008 servivit
3830 2967 3938 3006 ve-

2236 3047 2342 3103 luti
2370 3046 2730 3114 domino;et
2765 3045 2969 3116 sategit
3017 3060 3145 3100 eum
3190 3041 3399 3097 lucrari
3422 3041 3550 3110 tibi,
3581 3041 3822 3112 loquens
3879 3043 3940 3094 te

2237 3135 2321 3192 illi
2349 3135 2607 3190 moribus
2641 3134 2778 3204 suis,
2809 3135 3016 3205 quibus
3061 3148 3189 3187 eam
3233 3132 3534 3203 pulchram
3577 3129 3843 3196 faciebas,
3876 3137 3940 3185 et

2238 3229 2566 3280 reverenter
2587 3223 2892 3278 amabilem
2917 3227 3089 3294 atque
3111 3219 3436 3276 mirabilem
3451 3219 3594 3274 viro.
3626 3219 3709 3272 Ita
3735 3221 3938 3271 autem

2237 3312 2498 3368 toleravit
2527 3311 2728 3366 cubilis
2755 3311 3015 3383 injurias,
3061 3314 3127 3365 ut
3171 3309 3391 3364 nullam
3434 3308 3506 3362 de
3551 3307 3659 3362 hac
3707 3322 3765 3360 re
3801 3322 3941 3360 cum

2239 3401 2445 3457 marito
2466 3401 2970 3472 haberetunquam
2989 3399 3358 3454 simultatem.
3385 3395 3752 3467 Exspectabat
3777 3393 3941 3450 enim

2241 3490 2690 3548 misericordiam
2719 3495 2880 3546 tuam
2909 3506 3082 3562 super
3112 3505 3267 3557 eum,
3299 3493 3365 3544 ut
3390 3487 3450 3541 in
3481 3491 3538 3542 te
3579 3485 3812 3541 credens
3839 3501 3940 3540 ca-

2241 3581 2599 3636 stiﬁcaretur.
2622 3581 2753 3634 Erat
2772 3595 2904 3633 vero
2932 3578 3028 3632 ille
3051 3582 3348 3650 praeterea,
3373 3575 3519 3631 sicut
3535 3573 3943 3630 benevolentia

2241 3669 2581 3742 praecipuus,
2613 3669 2694 3724 ita
2719 3667 2807 3722 ira
2831 3667 3102 3722 fervidus.
3131 3667 3244 3722 Sed
3273 3668 3508 3720 noverat
3538 3664 3662 3718 haec
3689 3679 3809 3718 non
3836 3679 3942 3718 re—

2241 3759 2439 3813 sistere
2492 3758 2638 3812 irato
2694 3757 2838 3818 viro,
2886 3773 3005 3811 non
3033 3759 3257 3811 tantum
3303 3755 3468 3820 facto,
3500 3753 3600 3808 sed
3648 3768 3721 3808 ne
3761 3752 3941 3807 verbo

2243 3846 2476 3919 quidem
2489 3889 2502 3902 .
2529 3847 2556 3901 ,Ι
2562 3861 2654 3900 am
2672 3861 2806 3900 vero
2824 3845 3064 3900 refracto
3087 3847 3144 3899 et
3163 3843 3378 3914 quieto,
3397 3857 3526 3896 cum
3543 3843 3944 3912 opportunum

2240 3935 2478 4005 videret,
2509 3935 2792 3989 rationem
2835 3933 2969 3991 facti
2997 3933 3084 3988 sui
3132 3931 3426 3998 reddebat,
3460 3929 3509 3983 si
3531 3929 3676 3984 forte
3712 3928 3807 3983 ille
3839 3927 3942 3982 in-

2243 4023 2656 4092 consideratius
2685 4027 3006 4078 commotus
3057 4022 3259 4076 fuerat.
3311 4019 3590 4090 Denique,
3638 4033 3769 4072 cum
3814 4032 3944 4070 ma-

2243 4118 2423 4169 tronae
2452 4114 2649 4167 multae
2696 4128 2940 4184 quarum
2986 4110 3092 4164 viri
3141 4107 3553 4164 mansuetiores
3598 4109 3778 4172 erant,
3813 4105 3944 4176 pla-

2246 4218 2448 4274 garum
2460 4200 2719 4272 vestigia,
2750 4200 2924 4255 etiam
2944 4200 3314 4255 dehonestata
3325 4196 3464 4251 facie
3485 4199 3768 4266 gererent,
3791 4193 3950 4248 inter

2247 4291 2428 4346 amica
2448 4290 2734 4362 colloquia
2750 4290 2864 4343 illa;
2887 4288 3202 4360 arguebant
3226 4285 3564 4340 maritorum
3592 4283 3787 4348 vitam,
3817 4282 3949 4337 haec

2247 4396 2443 4435 earum
2471 4379 2749 4450 linguam,
2779 4377 2956 4433 veluti
2985 4393 3089 4447 per
3113 4375 3303 4446 jocum
3334 4372 3580 4444 graviter
3602 4371 3946 4437 admonens,

2247 4485 2316 4524 ex
2340 4485 2452 4540 quo
2488 4467 2617 4522 illas
2645 4467 2866 4521 tabulas
2892 4482 3018 4536 quas
3046 4461 3494 4518 matrimoniales
3523 4461 3817 4523 vocantur,
3851 4475 3948 4512 re-

2247 4556 2408 4612 citari
2431 4555 2744 4620 audissent,
2777 4559 3052 4625 tanquam
3079 4553 3456 4606 instrumenta
3486 4545 3695 4618 quibus
3719 4545 3950 4600 ancilla:

2247 4645 2409 4700 facta:
2449 4648 2654 4706 essent,
2689 4643 2962 4714 deputare
3015 4638 3314 4703 debuisse;
3366 4634 3607 4706 proinde
3659 4649 3949 4688 memores

2249 4732 2614 4798 conditionis,
2642 4730 2933 4804 superbire
2952 4729 3220 4784 adversus
3238 4724 3498 4780 dominos
3520 4739 3641 4777 non
3659 4726 3946 4792 oportere.

2249 4823 2509 4893 Cumque
2551 4821 2900 4876 mirarentur
2922 4818 3035 4871 illm
3063 4815 3304 4869 scientes
3333 4828 3507 4884 quam
3536 4811 3788 4867 ferocem
3815 4826 3949 4864 cou-

2242 4912 2442 4981 jugem
2471 4909 2796 4976 sustineret,
2819 4920 3111 4976 nunquam
3129 4901 3299 4957 fuisse
3316 4901 3598 4963 auditum,
3627 4904 3726 4954 aut
3750 4897 3948 4969 aliquo

2250 4998 2462 5052 indicio
2511 4997 2801 5063 claruisse,
2851 4993 3004 5066 quod
3046 4990 3323 5046 Patricius
3377 4989 3645 5044 ceciderit
3684 5002 3946 5054 uxorem,

2251 5091 2350 5142 aut
2379 5086 2532 5156 quod
2561 5103 2595 5139 a
2621 5099 2680 5139 se
2708 5082 2951 5138 invicem
2979 5081 3067 5136 vel
3099 5097 3278 5134 unum
3307 5079 3462 5134 diem
3493 5074 3800 5132 domestica
3839 5074 3945 5128 lite

2253 5174 2642 5242 dissenserint,
2695 5177 2751 5226 et
2787 5187 3016 5226 causam
3048 5169 3412 5225 familiariter
3440 5167 3794 5238 quaererent;
3842 5161 3946 5216 do-

2250 5263 2414 5318 cebat
2455 5261 2552 5316 illa
2609 5259 2938 5314 institutum
2975 5275 3164 5326 suum,
3211 5257 3368 5328 quod
3413 5269 3583 5325 supra
3627 5250 3948 5305 memoravi

2316 5370 2332 5402 ¹
2356 5367 2550 5437 Anton.
2583 5365 2796 5417 Arnald.
2821 5365 3118 5437 suspicatur
3144 5363 3430 5437 legendum
3449 5371 3580 5419 esse,
3608 5368 3713 5422 per
3731 5368 3946 5420 perver-

2250 5441 2328 5481 sos
2349 5445 2369 5488 ;
2398 5428 2499 5487 vel,
2519 5441 2619 5493 per
2649 5427 2998 5492 prwposteros
3026 5427 3280 5478 homines.

2320 5494 2340 5526 ³
2368 5493 2426 5539 lu
2457 5493 2577 5541 Mss.
2607 5491 2950 5554 Benigniano,
2987 5490 3104 5542 ca'u
3136 5492 3231 5541 tui.

2320 5557 2341 5589 ε
2371 5523 3104 5613 ὶέὶὶἱῗῗέεἼιὲξῗῗὸῖῖᾶἷῖιἄᾶῗ
3136 5523 3231 5541 “”“
