4058 6372
146 250 241 297 773

145 365 270 429 Quae
301 363 704 434 observabant,
739 372 986 440 expertae
1035 371 1504 443 gratulabantur;
1547 391 1674 447 qua:
1722 395 1836 433 non

145 455 532 522 observabant,
567 455 832 526 subjectae
865 459 1232 516 vexabantur.

207 545 300 598 20.
341 542 581 597 Socrum
610 544 783 598 etiam
831 547 990 601 stram
1040 548 1226 619 primo
1275 551 1520 606 susurris
1557 553 1836 608 malarum

148 632 469 685 ancillarum
503 633 768 686 adversus
810 652 868 688 se
909 636 1209 705 irritatam,
1245 639 1322 692 sic
1351 639 1482 693 vicit
1529 641 1836 712 obsequiis,

147 737 503 792 perseverans
544 721 846 776 tolerantia
877 729 933 777 et
961 727 1415 794 mansuetudine,
1456 734 1520 782 ut
1550 729 1647 782 illa
1689 731 1838 784 ultro

146 809 253 861 tilio
281 824 384 862 suo
423 810 639 864 medias
671 809 896 881 linguas
927 812 1272 868 famularum
1313 815 1601 886 proderet,
1634 816 1839 888 quibus

145 895 282 949 inter
303 913 360 948 se
387 901 443 950 et
464 914 675 951 nurum
693 915 801 968 pax
823 899 1130 954 domestica
1148 903 1503 969 turbabatur,
1529 909 1840 974 expeteret-

147 1001 246 1055 que
268 984 602 1040 vindictam.
628 988 821 1057 Itaque
841 994 1211 1060 posteaquam
1231 991 1340 1052 ille,
1367 996 1421 1045 et
1441 992 1610 1046 matri
1623 993 1840 1060 obtem-

145 1089 359 1143 perans,
393 1079 452 1128 et
485 1091 690 1128 curans
733 1076 965 1130 familiae
1005 1078 1383 1149 disciplinam.
1425 1084 1482 1133 et
1523 1078 1840 1134 concordiae

147 1177 371 1216 suorum
419 1163 744 1230 consulens,
791 1165 1047 1235 proditas
1100 1168 1171 1222 ad
1203 1167 1500 1238 prodeatis
1538 1168 1838 1222 arbitrium

147 1250 782 1319 verberibus~coercuit;
829 1254 1094 1324 promisit
1123 1255 1221 1309 illa
1250 1257 1387 1310 talia
1415 1257 1484 1312 de
1515 1273 1573 1310 se
1604 1257 1841 1326 praemia

148 1354 363 1408 sperare
411 1339 642 1406 debere,
699 1357 1078 1413 quaecumque
1127 1344 1194 1398 de
1225 1361 1328 1399 sua
1372 1361 1524 1400 nuru
1552 1345 1678 1408 sibi,
1725 1362 1839 1417 quo

147 1429 400 1496 placeret,
446 1429 585 1482 mali
615 1429 834 1501 aliquid
865 1432 1233 1502 loqueretur:
1271 1434 1541 1505 nullaque
1570 1434 1694 1504 jam
1729 1450 1836 1486 au-

149 1514 318 1583 dente,
341 1517 704 1573 memorabili
725 1518 874 1572 inter
885 1536 942 1574 se
959 1520 1374 1576 benevolentiae
1391 1522 1665 1576 suavitate
1688 1521 1837 1576 vixe-

147 1608 289 1658 runt.

208 1695 293 1748 2|.
340 1694 461 1748 Hoc
507 1710 739 1766 quoque
768 1694 849 1750 illi
895 1695 1047 1753 bono
1096 1697 1385 1768 mancipio
1423 1703 1544 1765 tuo,
1578 1699 1638 1754 in
1680 1699 1840 1770 cujus

147 1787 297 1836 utero
347 1799 440 1836 me
510 1783 734 1850 creasti,
787 1785 936 1839 Deus
997 1803 1180 1852 meus,
1241 1787 1634 1843 misericordia
1688 1805 1837 1858 mea,

148 1887 340 1924 munus
361 1873 578 1942 grande
601 1872 934 1941 donaveras,
959 1877 1114 1946 quod
1137 1875 1287 1930 inter
1304 1877 1639 1931 dissidentes
1663 1883 1836 1948 atque

149 1960 416 2014 discordes
458 1961 744 2032 quaslibet
771 1963 1014 2024 animas,
1048 1965 1145 2018 ubi
1170 1969 1411 2035 poterat,
1444 1971 1560 2020 tam
1587 1983 1644 2019 se
1685 1983 1833 2036 prac-

148 2048 305 2103 bebat
332 2049 650 2120 paciﬁcam,
676 2055 738 2105 ut
759 2067 889 2105 cum
921 2052 991 2107 ab
1021 2057 1262 2124 utraque
1293 2055 1474 2108 multa
1502 2055 1570 2110 de
1592 2054 1835 2109 invicem

149 2138 352 2192 audiret
401 2139 786 2209 amarissima,
845 2141 1036 2212 qualia
1094 2143 1236 2196 solet
1287 2147 1542 2196 eruetare
1601 2147 1835 2213 turgens

149 2230 304 2296 atque
333 2226 619 2297 indigesta
646 2228 948 2296 discordia,
981 2230 1211 2300 quando
1241 2231 1510 2301 praesenti
1536 2231 1733 2285 amicae
1764 2233 1832 2286 de

150 2314 360 2370 absente
381 2315 616 2370 inimica
636 2333 738 2388 per
757 2317 916 2372 acida
938 2319 1218 2390 colloquia
1233 2319 1478 2373 cruditas
1499 2317 1513 2350 ¹
1538 2321 1835 2374 exbalatur

150 2402 427 2471 odiorum;
476 2404 622 2458 nihil
663 2409 858 2459 tamen
888 2406 1050 2460 alteri
1094 2407 1163 2460 de
1190 2407 1368 2460 altera
1411 2407 1690 2478 proderet,
1723 2407 1834 2461 nisi

153 2492 285 2561 quod
309 2492 376 2546 ad
403 2508 499 2547 eas
518 2494 967 2548 reconciliandas
987 2495 1217 2550 valeret.
1243 2497 1487 2550 Parvum
1499 2496 1834 2552 hocbonum

151 2580 277 2634 mihi
315 2582 628 2650 videretur,
665 2582 780 2637 nisi
819 2583 1014 2636 turbas
1050 2582 1497 2637 innumerabiles
1534 2583 1707 2636 tristis
1739 2599 1832 2638 ex-

150 2669 370 2738 perirer,
407 2671 602 2725 nescio
643 2687 757 2742 qua
796 2671 1080 2724 horrenda
1118 2671 1442 2742 pestilentia
1470 2676 1834 2741 peccatorum

151 2757 404 2813 latissime
424 2763 797 2830 pervagante,
823 2776 940 2814 non
961 2761 1145 2815 solum
1169 2759 1450 2815 iratorum
1471 2758 1834 2814 inimicorum

151 2844 290 2901 iratis
317 2847 566 2902 inimicis
598 2849 748 2902 dicta
773 2849 1032 2920 prodere,
1058 2849 1154 2903 sed
1185 2848 1358 2902 etiam
1385 2865 1514 2920 quae
1544 2864 1660 2902 non
1685 2847 1834 2902 dicta

152 2941 266 2990 sunt
282 2936 488 2991 addere
508 2956 523 3006 ;
542 2953 672 2990 cum
702 2941 900 2991 contra
930 2935 1192 2992 homini’
1211 2937 1466 2991 humano
1485 2952 1687 3007 parum
1707 2953 1832 2990 esse

152 3021 336 3079 debeat
361 3025 694 3079 inimicitias
723 3025 1024 3081 hominum
1063 3042 1166 3080 nec
1205 3026 1450 3081 excitare
1482 3041 1590 3079 nec
1619 3041 1830 3097 augere

153 3114 281 3167 male
311 3114 628 3185 loquendo,
669 3113 780 3167 nisi
821 3131 915 3168 eas
958 3114 1130 3169 etiam
1175 3113 1540 3185 exstinguere
1571 3114 1716 3168 bene
1745 3113 1828 3170 lo-

152 3201 359 3270 quendo
383 3201 698 3270 studuerit;
721 3203 904 3274 qualis
925 3202 1022 3258 illa
1045 3207 1187 3274 erat,
1211 3202 1448 3258 docente
1468 3207 1523 3258 te
1556 3202 1829 3274 magistro

151 3289 332 3344 intimo
357 3291 415 3345 in
448 3291 648 3345 schola
675 3290 944 3362 pectoris.
967 3355 972 3360 ἡ

212 3380 290 3432 22.
322 3379 580 3451 Denique
603 3379 773 3434 etiam
796 3380 983 3435 virum
1013 3396 1180 3436 suum
1197 3380 1320 3451 jam
1349 3379 1410 3435 in
1436 3384 1690 3436 extrema
1717 3378 1832 3434 vita

151 3469 431 3536 temporali
480 3467 606 3538 ejus
655 3469 871 3523 lucrata
913 3473 997 3524 est
1042 3469 1166 3536 tibi,
1215 3485 1319 3524 nec
1342 3469 1403 3522 in
1429 3486 1494 3524 eo
1515 3470 1636 3540 jam
1676 3468 1832 3523 ﬁdeli

150 3552 345 3620 planxit
373 3556 529 3626 quod
561 3555 622 3609 in
640 3556 899 3611 nondum
924 3556 1080 3611 ﬁdeli
1109 3557 1466 3612 toleraverat.
1497 3559 1624 3612 Erat
1655 3557 1824 3611 etiam

153 3656 293 3697 serva
317 3661 612 3699 servorum
634 3649 886 3700 tuorum.
910 3644 1177 3716 Quisquis
1199 3661 1398 3699 eorum
1420 3650 1653 3700 noverat
1680 3661 1828 3711 eam,

152 3729 374 3786 multum
402 3732 463 3786 in
491 3749 560 3786 ea
600 3733 867 3786 laudabat
905 3736 963 3786 et
1002 3732 1320 3786 honorabat
1355 3735 1410 3786 et
1439 3732 1712 3802 diligebat
1742 3737 1827 3800 te;

151 3817 270 3888 quia
298 3821 579 3875 sentiebat
596 3821 963 3892 praesentiam
989 3825 1146 3876 tuam
1168 3821 1229 3875 in
1258 3821 1426 3875 corde
1445 3821 1589 3891 ejus,
1621 3824 1830 3874 sanctae

152 3909 576 3964 conversationis
614 3910 892 3964 fructibus
931 3911 1189 3965 testibus.
1225 3911 1430 3964 Fuerat
1468 3908 1622 3963 enim
1659 3909 1830 3963 unius

152 3993 244 4048 viri
277 4012 434 4064 uxor,
481 4002 746 4053 mutuam
777 3998 956 4052 vicem
992 3997 1326 4070 parentibus
1353 3997 1694 4058 reddiderat.
1727 3997 1828 4052 do-

154 4097 294 4138 mum
332 4103 494 4140 suam
543 4086 636 4158 pie
676 4090 1030 4148 tractaverat,
1072 4086 1132 4140 in
1161 4086 1426 4156 operibus
1469 4084 1630 4139 bonis
1676 4085 1830 4139 testi-

152 4173 390 4228 monium
410 4175 677 4230 habebat.
703 4174 989 4228 Nutrierat
1002 4173 1170 4241 ﬁlios,
1188 4173 1351 4229 toties
1371 4189 1468 4228 eos
1479 4173 1826 4244 parturiens,

153 4262 355 4328 quoties
383 4263 484 4318 abs
513 4268 570 4318 te
605 4262 829 4318 deviare
857 4262 1144 4317 cernebat.
1177 4264 1469 4316 Postremo
1499 4261 1685 4329 nobis,
1721 4263 1828 4316 Do-

153 4347 308 4416 mine,
339 4351 624 4412 omnibus,
646 4351 783 4422 quia
807 4367 876 4405 ex
898 4367 1139 4404 munere
1170 4354 1269 4404 tuo
1300 4349 1437 4403 sinis
1466 4349 1624 4421 loqui
1653 4350 1828 4404 servis

151 4435 270 4505 tuis,
299 4439 397 4509 qui
426 4443 560 4493 ante
593 4437 1004 4493 dormitionem
1038 4438 1160 4508 ejus
1200 4437 1262 4490 in
1290 4441 1345 4491 te
1379 4437 1493 4507 iam
1522 4437 1830 4492 consociati

150 4521 456 4580 vivebamus
501 4529 772 4596 percepta
812 4524 996 4595 gratia
1047 4522 1321 4596 Baptismi
1362 4523 1468 4592 tui,
1514 4524 1593 4578 ita
1631 4540 1826 4579 curam

151 4612 323 4680 gessit,
355 4613 518 4686 quasi
567 4630 767 4668 omnes
810 4613 1120 4684 genuisset,
1171 4613 1251 4668 ita
1298 4612 1525 4668 servivit
1561 4612 1723 4684 quasi
1757 4612 1826 4667 ab

151 4701 389 4757 omnibus
417 4703 611 4775 genita
639 4702 866 4759 fuisset.

815 4809 944 4864 CAP
953 4809 1040 4864 UT
1077 4809 1140 4863 Χ.

337 4898 674 4969 Colloquium
704 4913 823 4953 cum
853 4902 1027 4952 matre
1055 4898 1121 4952 de
1149 4911 1313 4965 regno
1342 4895 1612 4952 caelorum.

207 4986 286 5041 23.
335 4988 708 5059 Impendente
743 4991 940 5042 autem
987 4985 1080 5040 die
1120 5003 1232 5058 quo
1279 5001 1347 5040 ex
1392 4985 1497 5038 hac
1544 4983 1658 5038 vita
1705 4986 1828 5037 erat

147 5071 364 5143 exitura,
416 5093 590 5148 quem
635 5076 787 5130 diem
817 5079 876 5130 tu
903 5092 1162 5145 noveras,
1199 5073 1598 5146 ignorantibus
1626 5071 1824 5138 nobis;

148 5169 482 5231 provenerat,
503 5169 567 5218 ut
587 5165 775 5228 credo,
789 5168 1133 5235 procurante
1155 5169 1208 5219 te
1222 5162 1456 5217 occultis
1478 5161 1592 5216 tuis
1618 5160 1822 5228 modis,

149 5251 314 5321 utego
342 5256 397 5307 et
416 5251 543 5324 ipsa
561 5252 666 5308 soli
695 5258 973 5307 staremus
1001 5251 1398 5308 incumbentes
1431 5250 1499 5305 ad
1517 5249 1823 5322 quamdam

199 5405 217 5472 ξ
239 5405 385 5472 apud
415 5409 542 5472 Bad.
570 5409 686 5458 Am.
717 5410 802 5458 Er.
825 5413 876 5459 et
908 5409 1084 5472 plures
1108 5411 1252 5472 Mss”
1283 5407 1592 5472 crudelitas.

197 5467 218 5498 ²
236 5467 318 5533 Sic
333 5469 616 5533 legendum
635 5472 843 5520 videtur
852 5467 1006 5533 ju'xta
1021 5467 1254 5521 melioris
1273 5477 1412 5522 notae
1443 5471 1569 5520 Cdd.
1599 5471 1658 5520 In
1689 5469 1819 5520 Edd.

145 5537 281 5587 porro
308 5531 597 5596 legebatur,
631 5534 809 5586 απῑιηο
837 5531 1084 5587 ﬂuuiana.

1645 255 1855 313 LIBER
1894 256 2040 314 NON
2053 260 2154 316 US.

3546 284 3651 336 774-

1951 380 2276 451 fenestram,
2308 387 2460 442 unde
2489 387 2686 445 hortus
2715 391 2866 447 intra
2901 392 3136 450 domum
3177 414 3303 469 quae
3335 417 3436 455 nos
3463 404 3647 460 liabe-

1952 470 2049 524 bat
2077 475 2562 544 prospectabatur,
2600 478 2716 533 illic
2744 482 2896 551 apud
2930 483 3084 537 Ostia
3111 487 3398 554 Tiberina,
3429 491 3529 544 ubi
3552 508 3646 545 re-

1953 559 2333 616 motiaturbis
2348 569 2473 634 post
2498 567 2653 636 longi
2673 568 2894 636 itineris
2915 571 3171 627 laborem
3187 573 3647 631 instaurabamus

1953 664 2054 702 nos
2082 651 2430 721 navigationi
2457 669 2470 706 :
2500 657 2966 728 colloqucbamur
2985 677 3121 731 ergo
3152 663 3258 717 soli
3276 665 3437 719 valde
3467 666 3647 720 dulci-

1950 740 2077 804 ter;
2119 743 2176 792 et
2204 741 2494 810 praeterita
2539 745 2946 815 obliviscentes,
2981 749 3136 821 in_ea
3165 768 3294 822 quae
3340 757 3471 809 ante
3515 759 3649 809 sunt

1951 825 2164 880 extenti
2205 829 2462 898 (Philipp.
2498 847 2577 892 Ill,
2614 837 2718 902 t3),
2742 837 3142 905 quaerebamus
3173 839 3323 895 inter
3362 857 3461 896 nos
3491 843 3647 912 apud

1949 919 2291 984 praesentem
2324 919 2651 990 Veritatem,
2682 924 2836 992 quod
2868 930 2927 978 tu
2957 941 3037 995 es,
3067 928 3251 997 qualis
3276 929 3470 984 futura
3500 934 3648 984 esset

1951 1003 2067 1058 vita
2096 1011 2308 1059 aeterna
2354 1013 2700 1076 sanctorum,
2751 1027 2923 1082 quam
2966 1030 3071 1068 nec
3112 1017 3309 1071 oculus
3337 1018 3494 1085 vidit,
3540 1036 3647 1074 nec

1950 1092 2103 1146 auris
2124 1094 2358 1156 audivit,
2378 1112 2483 1150 nec
2509 1098 2570 1151 in
2590 1115 2685 1152 cor
2712 1100 2964 1155 hominis
2984 1106 3236 1160 ascendit
3262 1107 3309 1174 (Ι
3327 1108 3462 1163 Cor.
3487 1125 3542 1174 ιι,
3565 1109 3643 1179 9).

1951 1181 2059 1236 Sed
2087 1181 2447 1239 inhiabamus
2474 1202 2571 1241 ore
2605 1188 2788 1243 cordis
2817 1189 2877 1244 in
2925 1207 3172 1262 superna
3214 1194 3428 1249 fluenta
3470 1196 3644 1251 fontis

1950 1268 2056 1336 tui,
2107 1271 2282 1326 fontis
2328 1273 2457 1328 vitae
2487 1275 2588 1346 qui
2617 1281 2702 1331 est
2736 1278 2890 1348 apud
2932 1283 2988 1334 te
3017 1281 3188 1352 (Psal.
3225 1298 3391 1350 xxxv,
3437 1285 3544 1354 tO),
3579 1289 3646 1339 ut

1951 1357 2085 1414 inde
2142 1376 2246 1430 pro
2289 1367 2459 1433 captu
2511 1369 2700 1420 nostro
2737 1368 2983 1438 aspersi,
3026 1385 3256 1441 quoquo
3298 1373 3469 1428 modo
3520 1389 3643 1429 rem

1951 1452 2172 1504 tantam
2202 1451 2602 1521 cogitaremus.

2021 1540 2109 1593 2i.
2144 1540 2400 1611 Cumque
2429 1542 2499 1596 ad
2531 1559 2664 1598 eum
2693 1543 2868 1599 ﬁnem
2890 1561 3079 1601 sermo
3110 1549 3535 1619 perduceretur,
3580 1556 3645 1608 ut

1949 1627 2262 1682 carnalium
2288 1645 2560 1686 sensuum
2589 1632 2886 1688 delectatio
2915 1636 3288 1705 quantalibet,
3319 1638 3380 1692 in
3399 1645 3642 1710 quanta-

1950 1715 2090 1770 libet
2117 1717 2242 1772 luce
2273 1734 2562 1790 corporea,
2596 1737 2716 1790 prae
2747 1721 2900 1776 illius
2931 1722 3058 1777 vitae
3099 1723 3480 1795 jucunditate,
3527 1745 3642 1784 non

1949 1805 2392 1874 comparatione,
2414 1809 2510 1862 sed
2533 1825 2604 1863 ne
2625 1811 3169 1866 commemoratione
3199 1813 3434 1884 quidem
3464 1816 3642 1887 digna

1947 1892 2237 1947 videretur
2260 1911 2273 1960 ;
2298 1894 2578 1965 erigentes
2594 1912 2698 1950 nos
2714 1897 3036 1953 ardentiore
3063 1899 3269 1954 affectu
3281 1899 3341 1954 in
3367 1900 3638 1972 idipsum,

1944 1982 2467 2052 perambulavimus
2487 1985 2772 2055 gradatim
2786 1990 2984 2040 cuncta
3007 1988 3343 2059 corporalia,
3369 1993 3425 2043 et
3450 1989 3640 2060 ipsum

1945 2071 2170 2138 coelum,
2197 2071 2350 2127 unde
2371 2073 2451 2126 sol
2470 2073 2672 2128 etluna
2697 2078 2751 2128 et
2779 2075 2954 2130 stellae
2983 2076 3178 2130 lucent
3192 2082 3636 2148 surperterram.

1946 2161 2010 2214 Et
2036 2159 2222 2214 adhuc
2244 2161 2686 2218 escendebamus
2705 2163 2946 2219 interius
2973 2165 3299 2234 cogitando,
3324 2171 3380 2221 et
3397 2167 3635 2238 loquen-

1943 2248 2014 2303 do
2041 2249 2080 2315 ¹,
2113 2253 2170 2303 et
2202 2249 2464 2305 mirando
2496 2269 2669 2322 opera
2688 2256 2784 2306 tua
2808 2269 2821 2319 ;
2846 2258 2904 2308 et
2925 2253 3186 2308 venimus
3215 2253 3276 2309 in
3296 2260 3520 2310 mentes
3536 2273 3640 2310 no-

1944 2338 2654 2404 stras,-ettranscendimus
2683 2357 2798 2410 eas,
2818 2345 2884 2395 ut
2904 2341 3315 2412 attingeremus
3347 2344 3641 2414 regionem

1943 2425 2218 2480 ubertatis
2251 2427 2650 2496 indeﬁcientis,
2681 2428 2781 2483 ubi
2838 2429 3020 2499 pascis
3065 2431 3236 2485 Israel
3265 2432 3325 2485 in
3357 2437 3641 2488 aeternum

1945 2513 2200 2568 veritatis
2229 2515 2463 2586 pabulo,
2495 2521 2552 2570 et
2584 2516 2683 2570 ubi
2712 2516 2825 2572 vita
2861 2517 3143 2588 sapientia
3189 2523 3294 2587 est,
3326 2537 3430 2590 per
3459 2537 3637 2591 quam

1943 2602 2092 2657 ﬁunt
2117 2603 2311 2658 omnia
2338 2604 2464 2670 ista,
2491 2609 2546 2660 et
2561 2621 2690 2676 quae
2717 2606 2972 2676 fuerunt,
3004 2612 3061 2662 et
3089 2624 3220 2679 quae
3247 2609 3443 2664 futura
3467 2614 3637 2677 sunt;

1945 2695 2003 2746 et
2029 2692 2154 2761 ipsa
2183 2709 2299 2746 non
2329 2693 2412 2760 ﬁt,
2443 2694 2542 2748 sed
2570 2693 2650 2748 sic
2679 2699 2764 2749 est
2793 2700 2855 2750 ut
2881 2695 3010 2763 fuit,
3037 2700 3094 2751 et
3123 2697 3201 2750 sic
3229 2698 3339 2752 erit
3369 2713 3630 2768 semper;

1945 2781 2086 2850 qui‘n
2114 2780 2302 2851 potius
2327 2781 2522 2848 fuisse,
2553 2786 2610 2837 et
2637 2783 2894 2837 futurum
2918 2800 3041 2838 esse
3073 2800 3190 2838 non
3220 2789 3306 2839 est
3333 2784 3396 2838 in
3425 2801 3513 2854 ea,
3543 2785 3641 2840 sed

1943 2883 2066 2922 esse
2099 2869 2304 2933 solum,
2339 2869 2614 2939 quoniam
2643 2875 2858 2925 aeterna
2897 2875 3022 2926 est:
3059 2887 3193 2925 nam
3235 2872 3410 2927 fuisse
3455 2877 3510 2927 et
3549 2873 3642 2928 fu-

1942 2960 2137 3011 turum
2163 2973 2303 3023 esse,
2336 2973 2456 3011 non
2501 2961 2584 3012 est
2637 2962 2937 3014 aeternum.
2982 2961 3046 3014 Et
3073 2960 3211 3014 dum
3240 2959 3536 3031 loquimur
3581 2964 3642 3016 et

1942 3045 2230 3100 inhiamus
2255 3045 2361 3115 illi,
2392 3046 2682 3116 attigimus
2707 3063 2834 3101 eam
2863 3047 3086 3102 modice
3112 3052 3230 3102 toto
3259 3047 3376 3102 ictu
3407 3048 3594 3103 cordis
3619 3068 3635 3115 ;

1944 3140 2000 3190 et
2027 3135 2434 3206 suspiravimus
2462 3138 2485 3172 ³
2504 3141 2561 3190 et
2586 3135 2926 3207 reliquimus
2955 3136 3038 3191 ibi
3064 3136 3336 3208 religatas
3355 3137 3640 3207 primitias

1942 3224 2197 3296 spiritus,
2231 3229 2290 3279 et
2318 3223 2694 3279 remeavimus
2732 3225 2803 3279 ad
2831 3224 3132 3296 strepitum
3163 3225 3278 3280 oris
3308 3226 3504 3292 nostri,
3537 3226 3638 3281 ubi

1939 3314 2180 3370 verbum
2202 3318 2259 3368 et
2286 3312 2558 3384 incipitur
2587 3318 2644 3368 et
2671 3313 2896 3370 ﬁnitur.
2936 3315 3003 3369 Et
3045 3313 3188 3385 quid
3235 3313 3420 3368 simile
3451 3313 3636 3368 Verbo

1940 3405 2039 3457 tuo
2070 3401 2308 3457 Domino
2340 3406 2555 3469 nostro,
2590 3401 2646 3457 in
2696 3419 2754 3456 se
2799 3401 3163 3474 permanenti
3191 3402 3316 3458 sine
3358 3406 3635 3458 vetustate

1941 3496 2113 3563 atque
2139 3490 2434 3546 innovanti
2462 3489 2654 3546 omnia
2674 3493 2703 3546 ?
2735 3491 2884 3561 (Sap.
2909 3508 3005 3558 vn,
3032 3490 3145 3562 27.)

2011 3583 2100 3633 25.
2135 3579 2470 3633 Dicebamus
2499 3595 2635 3649 ergo
2661 3595 2673 3633 :
2707 3578 2764 3633 Si
2795 3579 2886 3632 cui
2911 3579 3074 3632 sileat
3115 3579 3398 3633 tumultus
3427 3579 3634 3648 carnis,

1941 3666 2144 3722 sileant
2171 3667 2490 3738 phantasia:
2520 3671 2685 3721 terrae
2715 3670 2771 3720 et
2799 3683 3080 3737 aquarum
3135 3670 3193 3720 et
3236 3667 3403 3734 aeris,
3435 3668 3642 3723 sileant

1940 3759 1998 3810 et
2014 3755 2148 3826 poli,
2184 3760 2241 3809 et
2265 3755 2391 3825 ipsa
2418 3755 2527 3808 sibi
2552 3754 2742 3809 anima
2771 3756 2955 3824 sileat,
2985 3759 3042 3809 et
3077 3759 3324 3810 transeat
3352 3771 3410 3810 se
3433 3772 3548 3810 non
3579 3773 3640 3810 se

1941 3844 2266 3914 cogitando,
2300 3844 2504 3898 sileant
2528 3843 2751 3898 somnia
2777 3847 2834 3898 et
2855 3843 3210 3914 imaginaria:
3231 3844 3630 3912 revelationes,

1940 3933 2124 3987 omnis
2143 3932 2342 4002 lingua
2371 3937 2428 3986 et
2453 3948 2622 3986 omne
2637 3931 2887 4003 signum,
2902 3937 2959 3987 et
2980 3931 3263 4003 quidquid
3285 3933 3636 3988 transeundo

1939 4022 2024 4088 ﬁt,
2056 4021 2102 4076 si
2122 4021 2385 4076 cuisileat
2411 4019 2679 4090 omnino;
2699 4019 2973 4091 quoniam
2994 4020 3182 4091 siquis
3195 4019 3410 4085 audiat,
3437 4020 3638 4076 dicunt

1939 4111 2060 4166 haec
2085 4109 2298 4175 omnia,
2332 4111 2454 4164 Non
2486 4110 2609 4180 ipsa
2646 4126 2748 4162 nos
2777 4109 3034 4176 fecimus,
3069 4110 3170 4164 sed
3216 4109 3351 4164 fecit
3398 4125 3500 4164 nos
3536 4109 3639 4181 qui

1940 4203 2136 4252 manet
2162 4197 2220 4252 in
2251 4202 2530 4253 aeternum
2580 4199 2756 4268 (Psal.
2796 4214 2939 4264 xcrx,
2987 4202 3039 4266 3,
3083 4198 3172 4268 5):
3231 4197 3322 4253 his
3369 4197 3536 4252 dictis
3589 4198 3638 4252 si

1932 4285 2055 4355 jam
2086 4290 2311 4341 taceant
2349 4286 2621 4358 quoniam
2649 4290 2956 4341 erexerunt
2992 4302 3192 4341 aurem
3243 4285 3304 4341 in
3348 4302 3483 4341 eum
3533 4286 3637 4358 qui

1939 4375 2072 4430 fecit
2098 4391 2184 4441 ea,
2216 4380 2272 4430 et
2311 4376 2580 4446 loquatur
2607 4374 2729 4446 ipse
2761 4375 2936 4434 solus.
2969 4390 3085 4429 non
3125 4389 3228 4445 per
3274 4390 3362 4441 ea,
3409 4373 3507 4428 sed
3537 4389 3642 4444 per

1938 4464 2209 4535 seipsum,
2240 4468 2306 4518 ut
2329 4463 2627 4518 audiamus
2657 4463 2890 4517 verbum
2914 4463 3057 4533 ejus,
3089 4479 3206 4517 non
3226 4479 3329 4533 per
3380 4462 3638 4533 linguam

1938 4552 2143 4620 carnis,
2198 4568 2386 4623 neque
2441 4567 2543 4623 per
2592 4568 2787 4607 vocem
2844 4551 3050 4620 angeli,
3101 4567 3207 4606 nec
3252 4567 3357 4620 per
3384 4551 3638 4606 sonitum

1939 4642 2129 4712 nubis,
2149 4657 2252 4696 nec
2279 4657 2382 4711 per
2397 4641 2646 4711 aenigma
2665 4639 3092 4706 similitudinis;
3122 4639 3221 4694 sed
3241 4638 3433 4710 ipsum
3464 4656 3640 4711 quem

1938 4730 1998 4785 in
2025 4730 2114 4784 his
2145 4745 2422 4796 amamus,
2451 4730 2640 4800 ipsum
2670 4728 2792 4782 sine
2817 4727 2906 4782 his
2943 4727 3269 4795 audiamus,
3312 4728 3458 4783 sicut
3486 4745 3640 4783 nunc

1938 4818 2297 4874 extendimus
2351 4834 2477 4887 nos,
2533 4821 2591 4872 et
2635 4816 2838 4888 rapida
2890 4816 3235 4887 cogitatione
3287 4815 3586 4888 attigimus
3617 4820 3639 4852 ³

1938 4913 2207 4964 aeternam
2235 4907 2587 4978 Sapientiam
2615 4922 2788 4978 super
2817 4905 3012 4960 omnia
3040 4909 3370 4960 manentem
3396 4923 3410 4974 ;
3435 4905 3483 4960 si
3511 4921 3636 4961 con-

1937 4998 2191 5052 tinuatur
2241 4997 2370 5060 hac,
2425 5001 2480 5051 et
2526 4996 2935 5050 subtrahantur
2991 4994 3122 5049 aliae
3169 4994 3420 5049 visiones
3466 4994 3637 5064 longe

1935 5085 2170 5156 imparis
2199 5085 2444 5156 generis,
2464 5089 2522 5139 et
2544 5084 2666 5139 haec
2692 5100 2806 5139 una
2831 5084 3019 5156 rapiat
3047 5091 3104 5140 et
3123 5085 3427 5139 absorbeat
3455 5085 3513 5136 et
3542 5097 3636 5134 re-

1937 5174 2143 5229 condat
2169 5173 2232 5228 in
2258 5173 2532 5229 interiora
2559 5173 2768 5245 gaudia
2793 5177 3166 5244 spectatorem
3185 5187 3374 5236 suum,
3406 5172 3472 5223 ut
3497 5167 3636 5222 talis

1938 5263 2010 5318 sit
2047 5262 2393 5334 sempiterna
2421 5262 2555 5331 vita,
2587 5263 2754 5334 quale
2782 5261 2892 5317 fuit
2920 5262 3028 5316 hoc
3059 5263 3415 5314 momentum
3462 5254 3634 5309 intel-

2004 5407 2015 5435 ³
2048 5405 2201 5463 Lov.,
2240 5402 2506 5466 loquendo
2527 5405 2595 5454 te.
2619 5403 2779 5452 Abest
2805 5405 2854 5454 te
2882 5417 2912 5451 a
2945 5398 3331 5463 manuscriptis.

1997 5467 2018 5502 9
2040 5469 2160 5515 Mss.
2193 5466 2366 5525 Corb.,
2391 5480 2550 5516 suum
2582 5466 2931 5528 spiravimus.
3136 5525 3143 5529 Α

1999 5531 2018 5562 ³
2039 5530 2240 5580 Somm.
2271 5519 2392 5579 Lov.
2410 5533 2462 5578 et
2480 5519 2707 5591 quatuor
2721 5529 2844 5576 Mss.
2870 5523 3006 5590 apud
3020 5519 3537 5585 Mart.,attmgimus.
3560 5521 3630 5574 M.
