4058 6346
318 272 422 324 775

314 389 586 462 Ιὶεοιιιίω,
617 388 710 444 cui
765 384 1208 457 suspiravimus;
1242 399 1431 438 nonne
1473 383 1581 438 hoc
1609 387 1714 452 est,
1761 386 1915 438 Intra
1946 385 2005 437 in

315 479 578 548 gaudium
645 478 857 530 Domini
917 474 1038 528 tui?
1089 475 1310 545 (Matth.
1385 489 1510 541 xxv,
1563 472 1673 542 21).
1736 473 1800 526 Et
1853 472 2002 526 istud

315 565 546 636 quando
566 564 594 619 τ
622 566 710 618 An
737 579 868 618 cum
897 579 1094 616 omnes
1125 577 1505 632 resurgemus.
1541 561 1636 615 sed
1669 577 1781 614 non
1805 576 2005 614 omnes

319 653 756 709 immutabimur
780 654 810 706 ?
833 653 877 721 (Ι
901 653 1016 707 Cor.
1041 667 1130 718 xv,
1165 653 1278 722 51.)

383 745 472 797 26.
506 742 772 797 Dicebam
792 742 926 795 talia
947 740 1105 807 *,etsi
1137 756 1252 793 non
1282 739 1386 792 isto
1409 737 1581 793 modo
1611 736 1766 791 etbis
1795 734 2002 797 verbis,

315 835 526 897 tamen,
562 830 823 898 Domine,
853 834 916 882 tu
945 828 1052 882 scis
1089 827 1238 899 quod
1289 827 1385 880 illo
1433 827 1544 894 die,
1595 841 1725 879 cum
1755 825 1890 878 talia
1920 824 2004 877 lo-

315 935 643 991 queremur,
676 922 730 972 et
755 918 1006 972 mundus
1027 917 1129 970 iste
1151 915 1318 968 nobis
1348 914 1496 968 inter
1521 914 1691 967 verba
1712 913 2008 966 vilesceret

315 1025 446 1064 cum
472 1009 736 1064 omnibus
774 1005 1241 1062 delectationibus
1269 1005 1402 1070 suis,
1436 1010 1570 1058 tunc
1588 1004 1666 1057 ait
1697 1004 1825 1057 illa:
1877 1005 2004 1067 Fili,

316 1104 578 1167 quantum
599 1097 674 1152 ad
693 1112 773 1150 me
791 1098 1002 1160 attinet,
1024 1096 1176 1148 nulla.
1199 1095 1319 1162 jam
1345 1110 1401 1147 re
1422 1093 1649 1147 delector
1665 1095 1722 1146 in
1749 1093 1847 1146 hac
1869 1094 2003 1146 vita.

316 1187 461 1252 Quid
489 1188 574 1240 hic
599 1188 805 1253 faciam
835 1185 1032 1251 adhuc,
1064 1188 1114 1236 et
1143 1199 1239 1236 cur
1268 1184 1353 1237 hic
1382 1185 1484 1236 sim
1519 1185 1713 1250 nescio,
1746 1182 1860 1252 jam
1885 1197 2007 1234 con-

316 1279 531 1344 sumpta
550 1290 643 1343 spe
673 1273 835 1342 hujus
859 1274 1065 1327 saeculi.
1102 1275 1272 1326 Unum
1295 1277 1412 1325 erat
1430 1262 1804 1340 propterquod
1822 1272 1879 1323 in
1905 1270 2006 1322 hac

316 1367 434 1417 vita
460 1365 801 1432 aliquantum
829 1363 1111 1415 immorari
1137 1361 1434 1429 cupiebam,
1474 1365 1534 1413 ut
1577 1365 1624 1413 te
1653 1360 2008 1413 christianum

319 1451 640 1506 catholicum
682 1451 940 1516 viderem,
985 1451 1310 1518 priusquam
1361 1463 1613 1502 morerer.
1674 1448 2010 1503 Cumulatius

321 1541 416 1594 hoc
464 1541 600 1594 mihi
638 1541 774 1593 Deus
802 1553 948 1592 meus
971 1539 1252 1608 praestitit,
1283 1541 1344 1591 ut
1384 1541 1432 1590 te
1476 1539 1658 1602 etiam,
1712 1539 2010 1604 contempla

317 1629 581 1695 felicitate
645 1632 874 1694 terrena,
950 1641 1165 1681 servum
1229 1626 1345 1694 ejus
1400 1625 1653 1680 videam:
1726 1623 1860 1694 quid
1923 1624 2011 1677 hic

318 1717 465 1784 facio
483 1714 511 1771 ?

1002 1803 1227 1857 CAPUT
1260 1803 1346 1858 Χῐ.

758 1894 832 1947 De
855 1894 1049 1946 ecstasi
1076 1897 1125 1945 et
1153 1896 1321 1946 morte
1351 1891 1561 1944 matris.

388 1982 484 2037 27.
521 1979 605 2035 Ad
636 1979 759 2035 haec
784 1979 835 2034 ei
872 1979 1006 2051 quid
1051 1979 1467 2049 responderim,
1492 1994 1606 2032 non
1637 1976 1772 2032 satis
1803 1977 2008 2031 recolo.

321 2069 464 2123 Cum
492 2068 711 2124 interea
740 2069 830 2123 vix
860 2069 1010 2123 intra
1053 2069 1308 2139 quinque
1354 2068 1495 2137 dies,
1535 2071 1632 2122 aut
1673 2083 1786 2121 non
1830 2067 2011 2120 multo

320 2157 565 2228 amplius
597 2156 866 2213 decubuit
890 2157 1161 2211 febribus.
1192 2157 1258 2211 Et
1278 2172 1406 2210 cum
1421 2160 1741 2226 aegrotaret,
1764 2155 2012 2227 quodam

322 2244 414 2298 die
447 2244 728 2299 defectum
760 2243 966 2299 anima:
994 2259 1159 2314 passa
1182 2249 1284 2309 est,
1319 2248 1372 2298 et
1397 2244 1694 2314 paululum
1729 2243 2014 2296 subtracta

320 2347 354 2385 a
384 2332 780 2402 praesentibus.
816 2331 929 2385 Nos
954 2331 1366 2385 concurrimus.
1402 2331 1494 2384 sed
1531 2330 1643 2385 cito
1676 2331 1902 2385 reddita
1931 2335 2016 2385 est

323 2420 536 2486 sensui,
568 2424 624 2474 et
642 2419 863 2491 aspexit
889 2423 1138 2472 astantes
1165 2435 1258 2473 me
1281 2423 1336 2473 et
1354 2419 1588 2472 fratrem
1616 2435 1829 2479 meum,
1857 2423 1913 2472 et
1937 2418 2016 2473 ait

322 2507 488 2562 nobis
516 2507 677 2578 quasi
705 2506 984 2579 qumrenti
1021 2506 1221 2560 similis
1245 2523 1258 2561 :
1311 2507 1410 2561 Ubi
1436 2523 1582 2560 eram
1605 2509 1632 2560 ?
1671 2506 1882 2560 Deinde
1912 2523 2015 2560 nos

323 2594 550 2648 intuens
569 2609 813 2649 mmrore
843 2593 1108 2648 attonitos
1133 2609 1146 2648 :
1180 2596 1392 2650 Ponctis
1420 2595 1524 2662 hic,
1558 2593 1764 2664 inquit,
1789 2599 2015 2649 matrem

320 2683 599 2738 vestram?
648 2684 764 2754 Ego
815 2682 1072 2749 silebam,
1113 2687 1169 2737 et
1206 2683 1408 2737 fletum
1448 2683 1766 2738 frenabam.
1821 2684 2016 2738 Frater

321 2775 513 2826 autem
533 2786 695 2826 meus
715 2771 984 2843 quiddam
998 2773 1216 2826 locutus
1237 2777 1340 2842 est,
1355 2789 1469 2843 quo
1481 2788 1607 2826 eam
1626 2788 1741 2826 non
1752 2788 2012 2842 peregre,

320 2859 419 2915 sed
449 2860 507 2915 in
537 2861 722 2932 patria
749 2860 985 2932 defungi
1015 2865 1289 2932 tanquam
1330 2861 1547 2915 felicius
1593 2867 1832 2932 optaret.
1890 2862 2012 2924 Quo

316 2949 532 3017 audito,
581 2950 680 3004 illa
711 2951 872 3005 vultu
909 2950 1077 3004 anxio
1099 2949 1468 3004 reverberans
1499 2966 1635 3005 eum
1661 2950 1840 3005 oculis
1858 2951 2012 3022 quod

319 3037 458 3093 talia
481 3042 726 3109 saperet,
756 3043 925 3110 atque
956 3039 1091 3093 inde
1122 3055 1212 3094 me
1239 3038 1468 3094 intuens
1493 3055 1505 3093 :
1541 3039 1697 3105 Vide,
1725 3038 1824 3109 ait,
1878 3039 2014 3108 quid

319 3127 476 3184 dicit.
507 3129 570 3182 Et
593 3143 724 3182 mox
754 3127 1034 3182 ambobus
1058 3130 1288 3194 :Ponite,
1318 3128 1526 3199 inquit,
1552 3129 1646 3183 hoc
1671 3142 1863 3197 corpus
1892 3129 2013 3182 ubi-

319 3230 579 3283 cumque;
609 3217 752 3270 nihil
795 3231 887 3271 vos
938 3216 1054 3284 ejus
1107 3232 1239 3270 cura
1283 3217 1592 3282 conturbet;
1636 3221 1846 3270 tantum
1874 3216 2014 3270 illud

317 3318 411 3358 vos
438 3319 586 3372 rogo,
644 3309 703 3357 ut
756 3304 831 3357 ad
877 3305 1095 3358 Domini
1144 3306 1318 3359 altare
1366 3307 1713 3359 memineritis
1765 3307 1870 3358 mei
1919 3305 2015 3358 ubi

318 3394 559 3458 fueritis.
612 3391 870 3463 Cumque
899 3391 1044 3445 hanc
1073 3391 1412 3446 sententiam
1441 3391 1630 3446 verbis
1679 3392 1886 3464 quibus
1913 3408 2016 3462 po-

319 3484 464 3534 terat
491 3479 847 3551 explicasset,
903 3479 1212 3546 conticuit;
1245 3484 1303 3535 et
1347 3480 1772 3550 ingravescente
1812 3480 2012 3535 morbo

320 3568 710 3624 exercebatur.

388 3659 478 3712 28.
512 3658 625 3728 Ego
654 3672 788 3711 vero
832 3655 1090 3727 cogitans
1141 3656 1292 3712 dona
1329 3660 1444 3721 tua,
1487 3657 1635 3711 Deus
1686 3656 2007 3723 invisibilis,

319 3761 448 3816 quae
475 3745 712 3800 immitis
739 3745 800 3800 in
829 3746 997 3801 corda
1025 3745 1282 3800 fidelium
1311 3749 1560 3814 tuorum,
1583 3749 1639 3800 et
1667 3745 2015 3817 proveniunt

318 3834 451 3888 inde
480 3835 672 3905 fruges
701 3833 1062 3889 admirabiles
1085 3851 1098 3901 ;
1133 3834 1452 3905 gaudebam
1466 3840 1522 3889 et
1541 3835 1754 3905 gratias
1771 3835 2013 3905 agebam

317 3922 442 3990 tibi,
474 3923 732 3977 recolens
777 3923 933 3992 quod
986 3939 1276 3990 noveram,
1334 3928 1546 3994 quanta
1599 3939 1734 3978 cura
1787 3940 2015 3994 semper

320 4015 615 4066 aestuasset
639 4011 710 4066 de
743 4013 1004 4082 sepulcro
1035 4012 1188 4082 quod
1219 4012 1327 4065 sibi
1356 4012 1682 4081 providerat
1711 4017 1768 4067 et
1791 4029 2011 4083 praepa-

211 4140 213 4143 -
316 4105 540 4155 raverat
583 4101 744 4172 juxta
778 4116 984 4170 corpus
1008 4100 1114 4154 viri
1145 4099 1252 4156 sui.
1287 4099 1431 4164 Quia
1474 4100 1630 4154 enim
1661 4100 1822 4154 valde
1875 4117 2012 4154 con-

317 4188 564 4242 corditer
594 4188 872 4253 vixerant,
926 4187 985 4242 id
1036 4187 1209 4241 etiam
1253 4188 1498 4256 volebat,
1551 4192 1616 4242 ut
1670 4191 1755 4242 est
1787 4186 2014 4241 animus

318 4276 605 4330 humanus
660 4275 851 4329 minus
889 4291 1062 4345 capax
1099 4275 1424 4330 divinorum
1465 4275 1702 4345 adjungi
1729 4276 1797 4330 ad
1853 4275 2013 4329 illam

317 4364 664 4430 felicitatem,
695 4371 750 4417 et
774 4363 1214 4417 commemorari
1233 4362 1670 4425 abliominibus,
1684 4378 2013 4417 concessum

319 4452 427 4506 sibi
457 4468 576 4506 esse
606 4455 735 4521 post
763 4451 1202 4505 transmarinam
1230 4451 1777 4522 peregrinationem,
1796 4456 1861 4505 ut
1878 4467 2013 4504 con-

312 4541 513 4611 juncta
563 4544 714 4594 terra
770 4539 1069 4594 amborum
1124 4541 1434 4611 conjugum
1495 4543 1648 4594 terra
1698 4543 2009 4610 tegeretur.

318 4629 558 4693 Quando
589 4633 782 4683 autem
807 4628 913 4683 ista
941 4627 1187 4683 inanitas
1213 4628 1569 4700 plenitudine
1601 4627 1873 4682 bonitatis
1898 4631 2014 4682 tum

317 4722 565 4787 caeperat
593 4717 653 4771 in
684 4717 805 4788 ejus
833 4718 1004 4773 corde
1032 4733 1151 4772 non
1189 4734 1329 4784 esse,
1362 4717 1704 4778 nesciebam,
1755 4721 1813 4771 et
1858 4717 2013 4770 laeta-

317 4805 421 4860 bar
449 4805 738 4860 admirans
769 4806 921 4876 quod
952 4805 1032 4860 sic
1075 4805 1217 4860 mihi
1244 4805 1562 4876 aperuisset
1593 4803 1649 4873 3;
1682 4821 2013 4876 quanquam

319 4897 374 4947 et
403 4893 464 4947 in
488 4893 588 4947 illo
619 4909 882 4947 sermone
909 4898 1106 4948 nostro
1132 4895 1202 4948 ad
1221 4893 1533 4949 fenestram
1554 4909 1683 4947 cum
1707 4892 1864 4960 dixit,
1891 4896 2015 4948 Iam

317 4982 455 5052 quid
467 4983 554 5036 hic
564 4984 710 5049 facio
729 4984 758 5036 ?
779 4998 897 5036 non
909 4981 1510 5053 apparuitdesiderare
1541 4982 1602 5036 in
1630 4981 1816 5052 patria
1843 4981 2011 5036 mori.

315 5069 524 5125 Audivi
554 5070 728 5125 etiam
767 5074 982 5140 postea,
1026 5070 1182 5142 quod
1208 5071 1330 5141 jam
1377 5087 1507 5125 cum
1540 5071 1708 5126 Ostiis
1738 5086 2011 5138 essemus,

316 5173 446 5214 cum
480 5159 822 5231 quibusdam
854 5157 1052 5212 amicis
1069 5158 1209 5212 meis
1237 5163 1494 5214 materna
1511 5159 2016 5232 ﬁduciacolloque-

379 5337 401 5406 ξ
416 5337 578 5406 blant.
615 5347 736 5406 cum
765 5337 993 5406 quatuor
1020 5333 1173 5392 Mss.,
1198 5331 1520 5406 dicebamus
1549 5331 1801 5406 ΙᾳιέακΜ.

381 5398 498 5446 98ic
514 5399 638 5448 Arn.
668 5393 937 5469 etaliquot
955 5409 1018 5472 ex
1055 5395 1332 5506 praecipuis
1357 5396 1509 5453 Mss;
1546 5399 1599 5443 at
1623 5393 1750 5444 Bad.
1787 5395 1900 5443 Am.
1925 5394 2010 5443 Er.

381 5474 466 5506 ιν..
492 5464 849 5506 annos-uisset.
869 5485 928 5494 —
945 5459 1028 5506 Sic
1043 5464 1202 5506 etiam
1241 5458 1391 5506 lond.
1417 5470 1535 5506 cum
1568 5460 1618 5506 11
1642 5457 1765 5506 Mss.
1796 5462 1848 5506 et
1872 5457 2008 5506 Flor.

320 5460 466 5516 Lov..
492 5457 849 5524 apparuisset.
869 5485 928 5524 -_—_
945 5459 1028 5508 Sic
1043 5457 1202 5508 etiam
1224 5457 1391 5508 Rond.
1417 5470 1535 5506 cum
1568 5460 1618 5506 11
1642 5457 1765 5506 Mss.
1796 5462 1848 5507 et
1872 5457 2008 5506 Flor.

319 5535 440 5571 cum
470 5521 686 5573 totidem
711 5521 835 5572 Mss.
869 5521 937 5571 M.

1523 251 2063 315 CONFESSIONITM
2104 259 2157 314 S.
2201 258 2607 315 AUGUSTINI.

3706 262 3812 311 776

2115 383 2284 438 batur
2312 383 2560 454 quodam
2600 381 2692 437 die
2737 381 2807 437 de
2830 385 3159 453 contemptu
3207 380 3334 436 vitae
3359 381 3530 453 hujus
3571 387 3626 438 et
3655 383 3814 438 bono

2115 473 2333 542 morlis,
2367 473 2465 527 ubi
2493 472 2613 543 ipse
2634 488 2747 526 non
2769 471 3026 538 aderam;
3053 471 3276 543 illisque
3304 471 3666 541 stupentibus
3695 471 3812 524 vir-

2114 566 2291 616 tutem
2322 539 2572 627 feminae,
2605 577 2778 632 quam
2805 565 2865 615 tu
2907 539 3143 614 dederds
3184 539 3260 625 ei,
3305 539 3813 631 quinrentibusque

2114 655 2304 704 utrum
2330 667 2444 704 non
2465 651 2796 704 formidaret
2821 655 2938 704 tam
2971 649 3139 718 longe
3169 665 3199 702 a
3224 665 3326 703 sua
3353 649 3576 703 civitate
3606 664 3822 718 corpus-

2114 738 2474 810 relinquere:
2515 738 2686 804 Nihil,
2721 737 2925 807 inquit,
2959 738 3110 804 longe
3137 741 3216 791 est
3254 740 3387 805 Deo;
3418 753 3589 805 neque
3618 739 3813 791 timen-

2114 828 2242 882 dum
2269 833 2345 882 est
2372 843 2436 881 ne
2468 829 2556 881 illc
2583 843 2687 881 non
2717 831 2972 893 agnoscat
3003 829 3060 880 in
3077 827 3189 896 ﬁne
3217 827 3418 893 swculi,
3453 827 3595 880 unde
3625 841 3706 879 me
3735 840 3816 878 re-

2114 919 2351 971 suscitet.
2381 917 2532 983 Ergo
2577 915 2667 969 die
2695 931 2846 968 nono
2875 914 3231 984 mgritudinis
3272 931 3409 980 sum,
3459 913 3819 985 quinquage-

2116 1005 2258 1058 simo
2290 1008 2344 1058 et
2391 1009 2544 1059 sexto
2587 1021 2736 1058 anno
2776 1005 2960 1058 aetatis
3007 1020 3146 1070 suae,
3197 1003 3493 1074 trigesimo
3539 1007 3596 1057 et
3647 1002 3818 1056 tertio

2117 1092 2297 1146 relatis
2333 1092 2612 1165 meae_(a),
2655 1091 2848 1146 anima
2878 1092 2974 1146 illa
3019 1091 3287 1163 religiosa
3332 1096 3388 1147 et
3435 1091 3530 1163 pia
3575 1106 3819 1162 corpore

2119 1181 2302 1235 soluta
2330 1185 2432 1236 est.

2777 1268 2999 1323 CAPUT
3037 1268 3149 1322 ΧΙΙ.

2225 1356 2491 1424 Quomodo
2518 1357 2717 1412 luxerit
2741 1363 2960 1411 mortem
2988 1357 3200 1411 matris.
3237 1356 3578 1427 Sacri/icium
3608 1371 3708 1426 pro

2817 1446 3108 1512 defunctis.

2187 1537 2276 1588 29.
2311 1534 2642 1588 Premebam
2688 1535 2879 1589 oculos
2925 1535 3069 1604 ejus,
3114 1538 3171 1589 et
3216 1534 3537 1589 confluebat
3565 1533 3626 1588 in
3666 1548 3822 1604 prte-

2119 1622 2311 1677 cordia
2333 1639 2458 1676 mea
2479 1623 2802 1677 moestitudo
2825 1621 3047 1691 ingens,
3079 1627 3134 1677 et
3153 1623 3524 1677 transﬂuebat
3552 1622 3612 1676 in
3642 1622 3825 1692 lacry-

2119 1726 2268 1778 mas;
2299 1710 2625 1782 ibidemque
2653 1711 2802 1764 oculi
2831 1712 2944 1764 mei
2977 1711 3222 1765 violento
3250 1711 3426 1764 animi
3453 1711 3698 1782 imperio
3733 1725 3828 1764 re-

2120 1803 2425 1858 sorbebant
2453 1803 2671 1857 fontem
2693 1819 2860 1857 suum
2882 1819 3060 1874 usque
3082 1803 3152 1857 ad
3184 1802 3510 1869 siccitatem,
3540 1807 3597 1856 et
3625 1802 3686 1856 in
3714 1801 3824 1856 tali

2119 1891 2428 1946 luctamine
2453 1893 2612 1947 valde
2641 1893 2788 1946 male
2821 1892 2960 1945 mihi
2989 1897 3128 1946 erat.
3151 1893 3292 1946 Tum
3315 1907 3444 1945 vero
3475 1892 3570 1946 ubi
3602 1891 3828 1944 efﬂavit

2121 1986 2440 2035 extremum
2477 1979 2803 2052 spiritum‘,
2844 1997 2990 2051 puer
3025 1981 3343 2034 Adeodatus
3385 1979 3720 2034 exclamavit
3756 1978 3823 2033 in

2120 2068 2434 2138 planctum,
2476 2073 2645 2140 atque
2675 2068 2744 2122 ab
2775 2069 3042 2123 omnibus
3080 2068 3247 2122 nobis
3286 2067 3564 2122 coercitus
3603 2067 3812 2123 tacuit.

2123 2157 2238 2212 Hoc
2266 2157 2437 2212 modo
2464 2157 2635 2212 etiam
2661 2173 2852 2212 meum
2876 2156 3148 2228 quiddam
3170 2156 3390 2227 puerile
3412 2156 3566 2227 quod
3595 2156 3824 2210 labeba-

2121 2249 2216 2300 tur
2243 2246 2303 2300 in
2334 2247 2499 2300 fletus
2521 2245 2764 2316 juvenili
2792 2261 2923 2300 voce
2953 2245 3159 2312 cordis,
3194 2245 3560 2300 coercebatur
3589 2249 3644 2298 et
3665 2248 3822 2299 tace-

2123 2334 2239 2390 bat.
2287 2335 2480 2406 Neque
2528 2334 2682 2388 enim
2739 2333 2936 2388 decere
2980 2333 3400 2387 arbitrabamur
3445 2333 3616 2386 funus
3675 2331 3822 2386 illud

2123 2422 2418 2493 questibus
2455 2421 2784 2494 lacrymosis
2824 2421 3244 2493 gemitibusque
3282 2420 3564 2474 celebrare
3586 2419 3646 2488 ²;
3680 2419 3825 2490 quia

2121 2509 2208 2564 his
2238 2511 2577 2581 plerumque
2602 2511 2743 2564 solet
2769 2509 3055 2580 deplorati
3093 2509 3356 2581 quaedam
3404 2507 3638 2562 miseria
3685 2524 3818 2561 mo-

2120 2599 2416 2666 rientium,
2448 2603 2547 2653 aut
2579 2599 2740 2670 quasi
2783 2598 3110 2653 omnimodo
3140 2597 3456 2652 exstinctio.
3491 2600 3564 2651 At
3585 2597 3684 2651 illa
3713 2613 3824 2651 nec

2123 2689 2327 2743 misere
2366 2688 2736 2754 moriebatur,
2776 2704 2879 2742 nec
2913 2687 3148 2742 omnino
3189 2687 3553 2741 moriebatur.
3600 2687 3713 2740 Hoc
3764 2690 3827 2741 et

2121 2776 2476 2832 documentis
2505 2792 2732 2831 morum
2761 2777 2902 2848 ejus,
2925 2781 2983 2831 et
3016 2775 3126 2830 fide
3151 2791 3268 2830 non
3297 2776 3448 2842 ficta,
3475 2773 3824 2830 rationibus-

2123 2882 2234 2936 que
2263 2866 2429 2920 certis
2455 2865 2814 2921 tenebamus.

2194 2957 2281 3010 30.
2311 2953 2459 3020 Quid
2488 2970 2623 3025 ergo
2654 2959 2773 3008 erat
2791 2953 2939 3026 quod
2968 2952 3120 3007 intus
3140 2949 3284 3006 mihi
3305 2950 3551 3022 graviter
3569 2951 3821 3018 dolebat,

2119 3044 2230 3099 nisi
2259 3060 2326 3098 ex
2355 3043 2767 3112 consuetudine
2799 3041 2970 3096 simul
2991 3040 3217 3096 vivendi
3247 3039 3575 3095 dulcissima
3604 3043 3658 3093 et
3687 3039 3822 3094 cha-

2123 3132 2347 3186 rissima
2387 3135 2622 3203 repente
2671 3130 2927 3202 disrupta
2959 3127 3164 3184 vulnus
3209 3127 3446 3183 recens?
3486 3128 3826 3182 Gratulabar

2124 3219 2357 3291 quidem
2389 3218 2718 3274 testimonio
2743 3219 2884 3289 ejus,
2914 3217 3069 3288 quod
3094 3217 3156 3270 in
3181 3233 3247 3270 ea
3275 3216 3396 3287 ipsa
3424 3215 3626 3270 ultima
3657 3215 3825 3285 aegri-

2122 3307 2340 3375 tudine,
2373 3306 2659 3377 obsequiis
2688 3305 2830 3360 meis
2855 3304 3322 3373 interblandiens,
3363 3304 3686 3374 appellabat
3725 3320 3822 3358 me

2122 3395 2304 3467 pium,
2361 3399 2417 3450 et
2472 3395 2958 3449 commemorabat
3005 3393 3208 3464 grandi
3255 3392 3574 3446 dilectionis
3613 3391 3823 3446 affectu

2123 3499 2420 3555 nunquam
2449 3499 2507 3537 se
2529 3481 2749 3536 audisse
2781 3499 2847 3536 ex
2877 3498 2976 3536 ore
3005 3497 3134 3535 meo
3179 3481 3494 3551 jaculatum
3543 3480 3602 3533 in
3632 3496 3690 3534 se
3717 3480 3824 3534 du-

2123 3588 2250 3626 rum
2273 3575 2369 3626 aut
2387 3569 2869 3626 contumeliosum
2889 3586 3095 3624 sonum
3117 3567 3158 3622 3.
3183 3569 3291 3623 Sed
3312 3573 3504 3622 tamen
3524 3568 3660 3640 quid
3684 3569 3822 3635 tale,

2123 3661 2270 3715 Deus
2300 3676 2477 3721 meus,
2510 3659 2609 3730 qui
2639 3658 2816 3712 fecisti
2843 3674 2967 3725 nos,
2999 3657 3135 3728 quid
3161 3657 3545 3728 comparabile
3571 3656 3826 3711 habebat

2122 3749 2305 3804 honor
2332 3765 2365 3802 a
2393 3763 2485 3802 me
2506 3747 2725 3802 delatus
2755 3746 2858 3813 illi,
2892 3750 2948 3801 et
2975 3746 3214 3800 servitus
3243 3746 3313 3800 ab
3343 3745 3440 3799 illa
3468 3743 3648 3799 mihi?
3672 3747 3818 3809 Quo-

2121 3838 2276 3892 niam
2307 3837 2498 3908 itaque
2536 3835 2841 3890 deserebar
2881 3839 2998 3889 tam
3026 3851 3237 3906 magno
3266 3835 3389 3905 ejus
3428 3833 3647 3901 solatio,
3687 3849 3822 3888 sau-

2123 3925 2378 3980 ciabatur
2417 3923 2612 3978 anima
2646 3939 2794 3990 mea,
2824 3927 2880 3977 et
2913 3923 3076 3994 quasi
3106 3923 3489 3978 dilaniabatur
3513 3921 3649 3989 vita,
3682 3937 3818 3993 qua:

2120 4029 2237 4068 una
2262 4013 2405 4066 facta
2431 4016 2553 4066 erat
2580 4028 2644 4065 ex
2671 4027 2799 4065 mea
2827 4016 2883 4064 et
2911 4011 3089 4066 illius.

2193 4105 2281 4156 3|.
2310 4099 2569 4155 Cohibito
2600 4116 2735 4171 ergo
2766 4116 2800 4153 a
2828 4100 2967 4154 fletu
2996 4099 3092 4153 illo
3121 4115 3320 4170 puero,
3353 4098 3691 4154 Psalterium
3723 4113 3820 4152 ar-

2121 4189 2300 4260 ripuit
2337 4188 2603 4263 Evodius,
2641 4192 2699 4243 et
2739 4193 2964 4242 cantare
3013 4188 3186 4258 coepit
3230 4189 3548 4258 psalmum;
3594 4186 3685 4241 cui
3724 4203 3822 4240 re-

2122 4278 2544 4348 spondebamus
2565 4275 2750 4331 omnis
2773 4277 3010 4331 domus:
3033 4278 3460 4331 Misericordiam
3481 4282 3532 4330 et
3539 4276 3822 4345 judicium

2120 4367 2344 4421 cantabo
2389 4365 2507 4431 tibi,
2560 4368 2780 4420 Domine
2814 4365 2980 4433 (Psal.
3027 4380 3075 4430 c,
3114 4364 3181 4433 1).
3211 4364 3418 4417 Audito
3461 4369 3652 4417 autem
3673 4362 3818 4434 quid

2121 4459 2403 4527 ageretur,
2450 4458 2837 4508 convenerunt
2882 4451 3049 4505 multi
3095 4451 3297 4505 fratres
3326 4468 3389 4505 ac
3423 4450 3700 4521 religiosae
3731 4451 3821 4506 fe-

2120 4544 2324 4611 minas;
2352 4546 2408 4596 et
2435 4543 2502 4597 de
2533 4557 2691 4596 more
2719 4539 2854 4606 illis,
2899 4555 3144 4611 quorum
3178 4539 3430 4593 ofﬁcium
3471 4542 3613 4607 erat,
3641 4538 3821 4595 funus

2120 4631 2469 4697 curantibus,
2501 4647 2606 4701 ego
2639 4630 2699 4683 in
2729 4633 2888 4700 parte
2925 4627 3025 4682 ubi
3061 4627 3325 4682 decenter
3360 4631 3645 4697 poteram,
3684 4643 3820 4683 cum

2121 4721 2202 4775 eis
2231 4721 2329 4792 qui
2348 4737 2438 4775 me
2458 4736 2573 4774 non
2602 4717 2980 4774 deserendum
3006 4731 3125 4768 esse
3149 4715 3471 4779 censebant,
3509 4715 3663 4786 quod
3694 4721 3824 4770 erat

2120 4810 2366 4880 tempori
2395 4823 2713 4879 congruum
2747 4803 3133 4874 disputabam;
3170 4819 3354 4874 eoque
3383 4805 3640 4858 fomento
3668 4804 3820 4858 veri-

2119 4899 2251 4952 tatis
2311 4897 2641 4968 mitigabam
2702 4893 3014 4948 cruciatum
3065 4891 3170 4945 tibi
3213 4896 3439 4963 notum,
3497 4893 3610 4948 illis
3659 4892 3822 4963 igno-

2119 4987 2381 5042 rantibus
2412 4991 2468 5040 et
2495 4984 2711 5038 intente
2752 4980 3132 5044 audientibus,
3168 4984 3224 5035 et
3251 4981 3374 5037 sine
3404 4997 3576 5037 sensu
3603 4981 3818 5036 doloris

2185 5148 2199 5180 ι
2233 5145 2352 5206 Mss.
2379 5142 2614 5206 plerique
2633 5138 2888 5206 omittunt
2911 5141 3428 5206 verbumspiritum.

2181 5209 2201 5268 2
2234 5200 2702 5268 Ceteb'rari,'juxta
2726 5200 2897 5268 Boud.
2925 5207 2976 5251 et
3005 5203 3108 5252 duo
3137 5200 3257 5253 Mss.
3295 5204 3433 5268 apud
3455 5205 3601 5253 Mart.
3631 5202 3698 5251 M.

2185 5267 2203 5296 ³
2228 5269 2349 5315 Lov.
2375 5265 2594 5327 alaeque
2614 5265 2888 5316 editiones.
2912 5278 3225 5314 sermonem.

2185 5329 2256 5392 (a)
2289 5329 2436 5392 Hunc
2462 5325 2739 5392 numerum
2767 5339 2950 5392 omnes
2984 5328 3239 5392 adiungam
3272 5327 3502 5392 codices,
3523 5330 3638 5392 tum
3663 5325 3813 5386 editi,

2118 5387 2230 5441 tum
2243 5387 2431 5453 scripti
2453 5390 2750 5453 assignant;
2774 5387 2914 5453 unde
2939 5389 3249 5453 intelligitur
3272 5390 3443 5440 locum
3466 5389 3680 5453 minime
3703 5403 3816 5436 cor-

2121 5458 2335 5532 ruptum
2347 5450 2626 5532 esseﬂupd
2642 5450 3214 5532 suspicatusjestpze’ser
3231 5453 3498 5502 Duronius.
3512 5451 3576 5502 ad
3599 5465 3686 5500 au.
3701 5455 3814 5514 388,

2123 5514 2288 5577 n.‘7l,
2317 5519 2370 5566 et
2398 5515 2452 5564 in
2482 5514 2598 5566 Not.
2631 5515 2696 5564 ad
2727 5514 2903 5575 Mart.,
2926 5514 3009 5564 die
3031 5517 3058 5564 ὅ
3081 5515 3227 5564 maii.
