4058 6362
150 261 245 276 Α-..

161 263 245 311 777
1655 263 1843 322 LIBEI

2031 265 2154 321 IUS.

152 397 236 436 me
263 397 389 436 esse
419 382 854 438 arbitrantibus.
886 387 956 438 At
983 400 1090 455 ego
1120 384 1180 439 in
1209 385 1442 440 auribus
1470 385 1603 454 tuis,
1636 386 1734 442 ubi
1765 403 1856 442 eo—

151 487 274 524 rum
301 472 498 525 nullus
528 472 817 536 audiebat,
868 473 1234 543 increpabam
1273 474 1570 528 mollitiem
1620 475 1854 528 allectus

151 559 365 628 mei,et
409 561 874 630 constringebam
911 562 1127 615 fluxum
1178 563 1460 633 mceroris,
1502 565 1853 634 cedebatque

153 649 289 703 mihi
320 651 624 720 paululum
650 666 664 716 ;
699 667 1009 722 rursusque
1035 652 1249 723 impetu
1285 670 1386 707 suo
1407 654 1716 723 ferebatur,
1739 669 1853 707 non

149 755 331 808 usque
356 738 431 792 ad
461 739 826 808 eruptionem
858 740 1260 810 lacrymarum,
1293 757 1398 796 nec
1426 757 1608 813 usque
1637 743 1705 796 ad
1737 742 1854 794 vul-

150 832 238 880 tus
269 827 679 896 mutationem,
706 828 806 882 sed
835 844 941 897 ego
971 829 1217 883 sciebam
1257 831 1395 901 quid
1425 831 1595 886 corde
1620 850 1851 904 preme-

150 932 292 970 rem.
336 918 404 970 Et
423 917 559 987 quia
590 916 736 970 mihi
756 917 1124 971 vehementer
1152 917 1484 988 displicebat
1529 924 1753 976 tantum
1794 924 1851 978 in

152 1022 241 1059 me
267 1021 434 1075 posse
465 1006 588 1059 haec
635 1006 908 1071 humana,
943 1022 1071 1077 qua:
1121 1007 1323 1062 ordine
1369 1007 1562 1063 debito
1611 1015 1666 1064 et
1698 1018 1850 1067 sorte

151 1094 495 1148 conditionis
525 1099 737 1148 nostra:
785 1095 1036 1148 accidere
1074 1111 1305 1150 necesse
1351 1101 1456 1163 est,
1497 1097 1608 1151 alio
1655 1099 1850 1156 dolore

151 1183 416 1236 dolebam
433 1183 692 1237 dolorem
711 1199 924 1249 meum,
948 1188 1004 1237 et
1019 1184 1233 1253 duplici
1255 1185 1485 1240 tristitia
1499 1188 1845 1244 macerabar.

219 1273 308 1325 3‘2.
345 1272 487 1325 Cum
535 1287 660 1324 eccc
691 1287 896 1341 corpus
945 1272 1158 1325 elatum
1207 1276 1292 1326 est
1320 1271 1360 1338 ‘,
1393 1272 1565 1343 imus,
1596 1277 1850 1332 redimus

151 1361 271 1412 sine
321 1359 610 1429 lacrymis.
653 1360 796 1412 Nam
829 1375 1015 1430 neque
1046 1359 1105 1414 in
1146 1360 1225 1413 eis
1264 1362 1529 1430 precibus
1560 1380 1702 1434 quas
1745 1365 1852 1419 tibi

153 1450 425 1513 fudimus,
458 1466 588 1503 cum
621 1450 924 1503 offerretur
952 1467 1053 1521 pro
1083 1465 1150 1503 ea
1170 1451 1510 1505 sacriﬁcium
1533 1454 1703 1522 pretii
1748 1471 1847 1509 no-

151 1538 272 1604 stri,
300 1538 420 1608 jam
444 1538 607 1608 juxta
635 1538 960 1608 sepulcrum
980 1537 1164 1608 posito
1196 1539 1488 1607 cadavere,
1512 1541 1848 1613 priusquam

150 1627 558 1696 deponeretur,
573 1625 844 1680 sicutillic
863 1626 987 1680 ﬁeri
1001 1627 1161 1693 solet,
1186 1643 1288 1681 nec
1300 1626 1359 1680 in
1373 1627 1454 1681 eis
1465 1629 1728 1698 precibus
1741 1648 1847 1702 ego

149 1715 278 1768 ﬂevi
305 1731 319 1769 :
353 1715 454 1769 sed
490 1719 610 1768 toto
643 1715 734 1769 die
762 1714 1008 1786 graviter
1035 1713 1096 1768 in
1139 1717 1356 1770 occulto
1403 1722 1635 1772 maestus
1667 1729 1844 1787 eram,

149 1809 206 1858 et
237 1809 433 1858 mente
452 1803 678 1858 turbata
699 1803 970 1874 rogabam
993 1808 1070 1869 te,
1096 1809 1158 1858 ut
1169 1809 1444 1874 poteram,
1479 1823 1593 1876 quo
1619 1824 1847 1862 sanares

149 1891 410 1946 dolorem
451 1908 668 1954 meum,
723 1908 827 1946 nec
868 1891 1145 1959 faciebas;
1198 1893 1385 1959 credo,
1437 1897 1848 1951 commendans

149 1984 449 2035 memoriae
481 1997 646 2046 meae,
681 1981 767 2034 vel
795 1981 904 2035 hoc
932 1998 1045 2034 uno
1083 1981 1447 2050 documento,
1479 1984 1665 2038 omnis
1709 2002 1848 2039 con-

148 2069 470 2124 suetudinis
485 2069 797 2134 vinculum,
824 2068 997 2123 etiam
1015 2070 1283 2124 adversus
1309 2077 1562 2126 mentem
1579 2089 1708 2143 quae
1724 2075 1847 2144 jam

149 2175 266 2213 non
296 2158 483 2212 fallaci
512 2158 682 2212 verbo
714 2159 963 2228 pascitur
987 2162 1033 2212 3.
1080 2159 1266 2213 Visum
1297 2160 1470 2215 etiam
1501 2161 1644 2215 mihi
1675 2167 1758 2217 est
1787 2167 1850 2218 ut

147 2247 292 2300 irem
321 2247 591 2312 lavatum,
628 2247 779 2318 quod
807 2247 1097 2302 audieram
1122 2247 1256 2303 inde
1284 2249 1500 2304 balneis
1529 2266 1738 2306 nomen
1764 2251 1848 2306 in-

149 2335 354 2400 ditum,
388 2335 523 2405 quia
543 2334 720 2389 Graeci
753 2331 1007 2397 βαλανεῖον
1031 2335 1300 2402 dixerint,
1324 2337 1475 2407 quod
1501 2338 1848 2392 anxietatem

148 2424 324 2494 pellat
351 2439 421 2476 ex
449 2423 670 2477 animo.
724 2425 858 2478 Ecce
889 2428 946 2478 et
987 2424 1094 2478 hoc
1126 2425 1398 2479 conﬁteor
1439 2425 1847 2482 misericordiae

147 2517 281 2577 tuae,
314 2513 481 2566 Pater
524 2512 936 2582 orphanorum,
969 2513 1244 2583 quoniam
1280 2512 1413 2579 lavi,
1448 2517 1502 2568 et
1528 2514 1655 2568 talis
1687 2531 1844 2569 eram

147 2601 330 2671 qualis
359 2601 699 2671 priusquam
729 2600 1012 2655 lavissem.
1047 2601 1243 2671 Neque
1272 2600 1425 2654 enim
1457 2601 1750 2656 exsudavit
1776 2602 1847 2657 de

145 2689 314 2743 corde
365 2704 498 2742 meo
553 2688 813 2742 maeroris
843 2688 1188 2743 amaritudo.
1243 2689 1455 2744 Deinde
1504 2690 1746 2745 dormivi
1791 2697 1849 2746 et

145 2777 431 2848 evigilavi,
467 2783 524 2832 ct
549 2794 664 2832 non
692 2793 866 2848 parva
895 2794 959 2832 ex
989 2781 1149 2848 parte
1180 2777 1503 2849 mitigatum
1529 2779 1720 2834 inveni
1751 2780 1848 2835 do-

143 2867 328 2921 lorem
363 2883 557 2920 meum
584 2882 597 2932 ;
629 2871 800 2936 atque
831 2869 892 2920 ut
920 2883 1078 2920 eram
1112 2865 1172 2920 in
1201 2867 1345 2921 lecto
1389 2883 1518 2921 meo
1549 2869 1723 2934 solus,
1752 2885 1846 2922 re-

144 2955 409 3010 cordatus
433 2971 564 3010 sum
580 2954 856 3009 veridicos
876 2971 1070 3009 versus
1086 2955 1372 3010 Ambrosii
1391 2955 1476 3010 tui
1500 2974 1513 3023 ;
1538 2961 1601 3011 tu
1620 2972 1679 3011 es
1691 2957 1846 3012 enim

624 3078 783 3137 Deus,
815 3082 1018 3127 creator
1041 3080 1300 3140 omnium,

555 3141 771 3202 Polique
796 3145 984 3196 rector,
1009 3142 1239 3191 vestiens

552 3203 700 3251 Diem
735 3202 926 3251 decoro
953 3203 1171 3263 lumine,

553 3266 769 3313 Noctem
790 3278 980 3327 sopora
1010 3268 1030 3299 3
1050 3265 1218 3327 gratia
1242 3280 1254 3313 :

614 3329 772 3390 Artus
790 3328 998 3390 solutos
1031 3332 1092 3376 ut
1117 3328 1267 3390 quies

553 3388 754 3437 Reddat
787 3389 982 3438 laboris
1010 3388 1146 3445 usui,

551 3452 854 3512 Mentesque
887 3450 1049 3499 fessas
1080 3450 1285 3511 allevet,

554 3513 849 3576 Luctusque
884 3513 1054 3562 solvat
1087 3513 1292 3562 anxios.

213 3639 303 3691 33.
337 3637 524 3706 Atque
573 3634 708 3689 inde
754 3633 1033 3705 paulatim
1075 3635 1418 3690 reducebam
1446 3635 1507 3690 in
1539 3636 1847 3707 pristinum

146 3741 374 3778 sensum
405 3723 671 3777 ancillam
701 3728 881 3790 tuam,
905 3724 1510 3795 conversationemque
1542 3727 1664 3795 ejus
1686 3725 1842 3796 piam

145 3814 204 3866 in
234 3818 312 3879 te,
347 3817 405 3866 et
442 3817 630 3866 sancte
661 3813 688 3844 ‘
710 3812 770 3866 in
799 3828 904 3866 nos
948 3811 1218 3867 blandam
1266 3817 1434 3884 atque
1480 3813 1846 3883 morigerum,

146 3919 259 3972 qua
293 3901 482 3956 subito
508 3900 810 3955 destitutus
837 3917 962 3954 sum
989 3921 1003 3967 ;
1026 3905 1082 3954 et
1101 3901 1269 3955 libuit
1297 3903 1434 3956 llcre
1456 3901 1514 3955 in
1543 3907 1848 3972 conspectu

145 3994 244 4043 tuo
275 3989 346 4043 de
378 3988 478 4041 illa
506 3993 561 4041 et
601 4004 705 4058 pro
735 3988 852 4052 illa,
889 3989 958 4042 de
1003 4005 1094 4042 me
1142 3993 1198 4042 et
1244 4005 1348 4058 pro
1382 4005 1493 4044 me.
1545 3991 1608 4043 Et
1658 3989 1850 4043 dimisi
1923 4065 1926 4068 Α

143 4079 426 4148 lacrymas
449 4093 590 4148 quas
604 4067 990 4146 continebam,
1024 4082 1086 4131 ut
1115 4076 1416 4130 eflluerent
1431 4081 1710 4148 quantum
1741 4077 1850 4131 vel-

145 4168 285 4233 lent,
314 4167 682 4219 substernens
709 4182 803 4219 eas
832 4165 991 4220 cordi
1021 4183 1148 4220 meo
1179 4182 1192 4232 ;
1218 4170 1272 4220 et
1304 4165 1580 4236 requievit
1601 4165 1662 4219 in
1693 4166 1772 4220 eis
1803 4163 1846 4232 ⁵,

144 4255 421 4326 quoniam
451 4255 530 4308 ibi
560 4259 724 4307 erant
761 4271 926 4308 aures
974 4259 1111 4321 tua},
1146 4271 1263 4309 non
1293 4256 1632 4326 cujusquam
1664 4254 1850 4309 homi-

145 4345 234 4398 nis
265 4343 512 4414 superbe
539 4342 973 4413 interpretantis
1003 4345 1293 4414 ploratum
1339 4360 1554 4398 meum.
1585 4345 1652 4398 Et
1675 4360 1848 4411 nunc,

148 4432 414 4501 Domine,
440 4432 715 4486 conﬁteor
744 4431 849 4486 tibi
880 4431 941 4486 iu
967 4432 1192 4486 litteris.
1229 4434 1405 4504 Legat
1435 4433 1534 4504 qui
1584 4432 1754 4498 volet,
1798 4437 1854 4486 et

148 4521 564 4591 interpretetur
587 4526 652 4574 ut
675 4519 845 4582 volet,
892 4523 949 4574 et
981 4519 1030 4574 si
1076 4525 1369 4590 peccatum
1413 4519 1713 4588 invenerit,
1752 4520 1852 4575 lle-

147 4609 292 4662 visse
320 4624 413 4661 me
445 4613 687 4662 matrem
718 4608 920 4678 exigua
966 4612 1127 4680 parte
1177 4609 1356 4675 horae,
1400 4613 1644 4662 matrem
1678 4607 1855 4662 oculis

149 4697 292 4751 meis
319 4696 551 4750 interim
580 4700 888 4763 mortuam,
911 4713 1040 4768 quas
1071 4713 1162 4751 me
1184 4697 1395 4750 multos
1415 4713 1592 4750 annos
1621 4697 1856 4750 ﬂeverat

149 4793 215 4841 ut
244 4785 426 4841 oculis
448 4784 560 4839 tuis
580 4785 850 4854 viverem,
883 4801 999 4840 non
1020 4784 1292 4851 irrideat;
1328 4784 1427 4838 sed
1454 4785 1664 4856 potius,
1697 4784 1743 4838 si
1771 4789 1856 4839 est

215 4949 228 4981 ³
257 4944 344 4995 Sic
372 4943 666 5008 completur
691 4943 1012 5008 antecedens
1037 4944 1285 5008 periodus
1314 4942 1452 5006 apud
1482 4940 1651 4990 Rond.
1679 4956 1690 4989 :
1720 4945 1856 4992 Cum

150 5021 265 5058 ecce
284 5022 479 5071 corpus
497 5007 712 5071 elatum
739 5010 838 5056 est.
869 5007 937 5055 Μ.

211 5073 234 5105 9
261 5063 391 5119 Tres'
409 5071 532 5119 Mss.
563 5067 738 5131 Angl.,
757 5071 1013 5132 pascitur,
1036 5063 1248 5132 di/ﬂcilc
1269 5079 1428 5131 posse
1455 5065 1652 5118 vitare.
1678 5067 1856 5118 Visum

156 5135 337 5182 etiam.

211 5197 232 5229 ³
258 5196 314 5242 In
345 5195 470 5242 ante
499 5192 755 5248 excussis,
773 5194 1000 5253 soporis.
1032 5193 1097 5242 At
1117 5193 1173 5241 in
1194 5192 1376 5241 multis
1406 5192 1549 5251 Mss,
1579 5202 1798 5252 sopora,
1826 5204 1857 5238 a

152 5259 330 5326 verba
341 5268 567 5316 soporo;
592 5254 800 5326 melius,
813 5255 1073 5326 siquidem
1096 5255 1254 5326 hocce
1270 5254 1469 5326 hymno
1485 5267 1704 5326 somnus
1715 5253 1860 5316 quie-

155 5323 236 5367 tus
266 5319 333 5367 ad
365 5317 682 5380 recreandas
718 5315 952 5380 corporis
986 5321 1037 5365 et
1081 5317 1245 5364 animi
1275 5315 1413 5380 vires
1446 5315 1761 5380 postulatur.
1798 5341 1856 5350 -

153 5381 308 5430 Juxta
329 5381 471 5429 Flor.
507 5379 660 5428 Mart.
695 5376 871 5428 cum"!
901 5379 1047 5440 Mss,
1075 5383 1127 5428 et
1143 5378 1312 5428 Rond.
1340 5376 1501 5427 canit}
1526 5379 1649 5427 Mss.
1680 5376 1857 5439 legen-

155 5443 296 5500 dum,
325 5441 552 5506 soporis.
576 5441 646 5506 gi.

210 5510 232 5541 ι
262 5502 395 5555 Βαίίῖ
423 5506 544 5553 Am.
575 5503 662 5551 Er.
687 5502 833 5563 Lov.,
860 5505 1126 5553 sanctam.

211 5571 232 5604 ⁵
262 5566 523 5632 Requtem'
552 5567 614 5614 in
645 5567 733 5625 eis,
758 5565 912 5628 juxta
937 5566 1088 5614 Mart.
1114 5579 1236 5615 cum
1263 5567 1290 5613 3
1317 5564 1459 5624 Mss,,
1491 5568 1542 5612 ct
1571 5563 1698 5612 Arn.
1727 5563 1795 5611 Μ.

517 5645 798 5711 ΡΑΤιιοι..
849 5644 1099 5710 XXXII.

3551 273 3656 325 778

1961 389 2166 459 grandi
2190 389 2480 456 charitate,
2513 406 2616 460 pro
2636 390 2880 461 peccatis
2909 389 3049 444 meis
3068 392 3202 445 ﬂeat
3231 391 3349 461 ipse
3375 393 3445 447 ad
3474 398 3528 448 te
3558 396 3659 449 Pa-

1962 482 2109 532 trem
2141 478 2401 532 omnium
2431 480 2670 533 fratrum
2703 478 2910 533 Christi
2943 478 3045 531 tui.

2615 578 2839 632 CAPUT
2869 577 3009 631 XIII.

2414 657 2545 710 Orat
2573 673 2671 724 pro
2701 662 2874 710 matre
2916 657 3201 722 defuncta.

2034 745 2119 798 3i.
2147 744 2263 812 Ego
2292 747 2504 811 autem,
2529 745 2646 812 jam
2677 753 2872 798 sanato
2903 744 3074 798 corde
3105 744 3175 798 ab
3203 743 3301 798 illo
3334 744 3570 799 vulnere
3601 744 3662 800 in

1963 847 2077 902 quo
2128 835 2356 901 poterat
2406 830 2672 902 redargui
2707 833 2947 885 carnalis
2996 833 3250 898 affectus,
3304 831 3483 886 fundo
3529 833 3656 896 tibi,

1963 920 2112 974 Deus
2133 923 2344 986 noster,
2366 935 2472 990 pro
2494 919 2593 973 illa
2621 921 2836 973 famula
2853 925 2953 974 tua
2972 921 3142 990 longe
3173 921 3352 975 alliud
3382 921 3660 991 lacryma-

1959 1023 2092 1062 rum
2121 1024 2322 1078 genus,
2353 1007 2509 1078 quod
2543 1013 2739 1062 manat
2767 1009 2836 1062 de
2865 1025 3132 1062 concusso
3162 1009 3365 1080 spiritu
3400 1009 3663 1064 conside-

1959 1097 2178 1150 ratione
2209 1096 2594 1166 periculorum
2616 1096 2803 1151 omnis
2829 1096 3037 1150 anima:
3068 1113 3197 1167 quae
3229 1098 3287 1150 in
3327 1099 3507 1152 Adam
3539 1114 3661 1152 mo-

1959 1185 2122 1238 ritur.
2156 1186 2494 1255 Quanquam
2523 1185 2619 1239 illa
2659 1185 2718 1239 in
2759 1185 2980 1239 Christo
3011 1185 3292 1240 vivilicata
3319 1187 3368 1256 (Ι
3401 1188 3526 1242 Cor.
3564 1204 3658 1253 xv,

1959 1274 2071 1342 2‘2),
2124 1274 2296 1327 etiam
2350 1273 2607 1327 nondum
2640 1291 2673 1327 a
2701 1290 2868 1327 carne
2919 1274 3187 1334 resoluta,
3239 1273 3318 1326 sic
3360 1273 3566 1328 vixerit
3599 1279 3666 1328 ut

1960 1361 2222 1416 laudetur
2261 1378 2473 1416 nomen
2508 1367 2674 1416 tuum
2712 1361 2772 1415 in
2800 1362 2912 1416 ﬁde
2949 1362 3318 1432 moribusque
3349 1362 3512 1432 ejus;
3546 1378 3660 1416 non

1959 1453 2154 1504 tamen
2183 1450 2369 1504 audeo
2402 1449 2610 1516 dicere,
2643 1467 2706 1504 ex
2738 1467 2852 1521 quo
2882 1466 3008 1504 eam
3034 1466 3138 1520 per
3182 1450 3540 1519 Baptismum
3571 1465 3661 1504 re-

1959 1538 2265 1607 generasti,
2295 1539 2516 1592 nullum
2548 1538 2786 1592 verbum
2841 1538 3018 1592 exisse
3051 1538 3120 1592 ab
3161 1554 3258 1592 ore
3299 1538 3422 1608 ejus
3466 1543 3664 1592 contra

1958 1631 2310 1698 praeceptum
2339 1631 2522 1681 tuum.
2558 1628 2622 1680 Et
2651 1627 2864 1681 dictum
2897 1632 2982 1680 est
3010 1643 3043 1680 a
3072 1626 3317 1680 Veritate
3353 1625 3489 1680 Filio
3520 1630 3619 1680 tuo
3643 1643 3656 1680 :

1957 1715 2019 1769 Si
2049 1717 2171 1784 quis
2221 1716 2427 1769 dimerit
2477 1718 2652 1782 fratri
2692 1731 2808 1781 suo,
2857 1717 3043 1780 Fatue,
3091 1730 3213 1768 reus
3261 1716 3364 1768 erit
3412 1716 3662 1781 gehenna:

1957 1804 2102 1869 ignis
2134 1806 2343 1873 (Matth.
2385 1820 2438 1870 υ,
2471 1805 2587 1874 22).
2632 1804 2696 1856 Et
2734 1819 2817 1856 vae
2851 1803 3022 1856 etiam
3074 1801 3347 1856 laudabili
3393 1802 3524 1855 vitm
3554 1803 3659 1856 ho-

1959 1890 2200 1958 minum,
2233 1891 2300 1957 si,
2328 1895 2548 1944 remota
2577 1890 2982 1957 misericordia,
3029 1889 3296 1944 discutias
3335 1906 3482 1944 eam.
3515 1889 3660 1954 Quia

1957 1995 2090 2033 vero
2121 1995 2234 2032 non
2266 1979 2512 2049 exquiris
2540 1979 2746 2032 delicta
2765 1977 3508 2046 vehementer,ﬁducialiter
3530 1995 3656 2048 spe-

1957 2085 2151 2123 ramus
2182 2068 2432 2139 aliquem
2455 2069 2606 2138 apud
2629 2073 2682 2122 te
2708 2068 2898 2122 locum
2929 2067 3183 2121 invenire
3212 2067 3587 2137 indulgentiae
3616 2070 3654 2121 ¹.

1957 2157 2223 2228 Quisquis
2252 2161 2442 2211 autem
2471 2155 2578 2210 tibi
2608 2161 2905 2210 enumerat
2931 2172 3062 2209 vera
3109 2154 3316 2209 merita
3364 2172 3486 2221 sua,
3520 2155 3658 2226 quid

1956 2244 2062 2299 tibi
2091 2250 2388 2300 enumerat
2417 2244 2527 2299 nisi
2560 2261 2799 2299 munera
2831 2250 2928 2298 tua
2953 2243 2980 2298 ?
3030 2244 3071 2298 Ο
3119 2243 3166 2296 si
3214 2249 3555 2314 cognoscant
3599 2259 3659 2298 se

1955 2334 2214 2388 homines
2247 2333 2532 2402 homines,
2556 2338 2614 2387 et
2642 2334 2743 2405 qui
2763 2333 3059 2404 gloriatur,
3090 2333 3151 2387 in
3182 2331 3424 2387 Domino
3456 2331 3660 2403 glorie-

1957 2423 2087 2476 tur!
2122 2422 2146 2454 ³
2173 2423 2247 2492 (ΙΙ
2272 2424 2389 2479 Cor.
2433 2440 2488 2488 x,
2525 2424 2642 2493 l7.)

2031 2514 2117 2566 35.
2175 2513 2288 2582 Ego
2335 2511 2552 2582 itaque,
2585 2511 2708 2564 laus
2739 2527 2864 2564 mea
2899 2514 2955 2564 et
3003 2510 3116 2564 vita
3153 2526 3301 2579 mea,
3343 2511 3490 2565 Deus
3532 2527 3657 2565 cor-

1959 2599 2046 2653 dis
2073 2598 2207 2664 mei,
2240 2599 2501 2670 sepositis
2543 2599 2835 2670 paulisper
2885 2598 3053 2653 bonis
3098 2599 3222 2670 ejus
3263 2599 3501 2666 actibus,
3553 2616 3660 2670 pro

1959 2687 2168 2758 quibus
2222 2687 2326 2742 tibi
2363 2687 2620 2758 gaudens
2669 2686 2882 2757 gratias
2917 2703 3043 2757 ago,
3087 2703 3241 2741 nunc
3277 2704 3381 2758 pro
3419 2688 3663 2758 peccatis

1959 2774 2158 2828 matris
2183 2791 2327 2828 meae
2353 2775 2632 2845 deprecor
2661 2779 2716 2829 te
2741 2792 2754 2839 ;
2801 2775 3007 2829 exaudi
3038 2792 3130 2828 me
3169 2791 3273 2845 per
3320 2775 3661 2830 Medicinam

1958 2863 2261 2917 vulnerum
2293 2867 2757 2934 nostrorumqua:
2768 2863 3045 2933 pependit
3069 2863 3130 2916 in
3160 2863 3339 2934 ligno,
3374 2867 3430 2917 et
3459 2864 3660 2918 sedens

1959 2952 2030 3006 ad
2059 2952 2348 3006 dexteram
2372 2956 2552 3018 tuam,
2584 2955 2639 3007 te
2669 2951 2998 3022 interpellat
3026 2968 3130 3022 pro
3159 2950 3324 3005 nobis
3349 2950 3656 3021 (Rom.vm,

1959 3043 2070 3108 34).
2101 3040 2225 3095 Scio
2255 3039 2700 3095 misericorditer
2727 3045 3042 3110 operatam,
3075 3043 3131 3093 et
3161 3056 3227 3093 ex
3267 3039 3437 3093 corde
3486 3039 3658 3094 dimi-

1958 3127 2096 3182 sisse
2116 3128 2308 3183 debita
2337 3128 2688 3183 debitoribus
2712 3127 2865 3196 suis;
2897 3127 3120 3182 dimitte
3149 3127 3236 3182 illi
3279 3132 3335 3182 et
3361 3133 3425 3182 tu
3467 3128 3662 3183 debita

1959 3233 2062 3270 sua
2105 3215 2326 3288 (Matth.
2372 3233 2446 3282 v1,
2502 3217 2608 3287 l2),
2661 3215 2708 3270 si
2747 3234 2861 3288 qua
2890 3216 3062 3270 etiam
3101 3215 3385 3270 contraxit
3426 3233 3529 3287 per
3575 3220 3662 3270 tot

1959 3321 2138 3359 annos
2166 3309 2294 3376 post
2321 3321 2531 3376 aquam
2570 3305 2787 3361 salutis.
2822 3305 3073 3371 Dimitte,
3125 3304 3391 3372 Domine,
3433 3303 3660 3359 dimitte

1959 3394 2215 3460 obsecro,
2248 3409 2320 3448 ne
2348 3393 2527 3448 intres
2553 3409 2685 3448 cum
2740 3410 2806 3448 ea
2847 3393 2909 3447 in
2959 3393 3240 3464 judicium
3295 3393 3458 3464 (Psal.
3494 3410 3654 3459 CXLII,

1957 3483 2036 3551 2).
2067 3480 2882 3552 Susperexaltctmisericordia
2901 3481 3184 3552 judicium
3199 3481 3416 3551 (Jacobi
3460 3499 3519 3550 ιι,
3551 3485 3656 3550 13),

1961 3571 2237 3640 quoniam
2265 3570 2494 3641 eloquia
2529 3575 2626 3624 tua
2654 3587 2786 3625 vera
2815 3575 2966 3635 sunt,
2997 3574 3053 3624 et
3089 3570 3405 3640 promisisti
3436 3570 3660 3623 miseri-

1960 3658 2214 3712 cordiam
2246 3658 2708 3712 misericordibus
2732 3658 2949 3728 (Matth.
2973 3675 3026 3723 ν,
3049 3659 3100 3725 7)
3127 3674 3139 3711 :
3175 3657 3324 3726 quod
3357 3663 3420 3711 ut
3447 3663 3658 3725 essent,

1960 3749 2024 3800 tu
2069 3745 2274 3800 dedisti
2327 3745 2429 3811 eis,
2477 3745 2577 3815 qui
2625 3745 2983 3798 misereberis
3014 3745 3106 3798 cui
3140 3745 3408 3799 misertus
3441 3745 3569 3809 eris,
3605 3751 3663 3798 et

1959 3834 2407 3888 misericordiam
2440 3834 2736 3903 praestabis
2757 3833 2848 3886 cui
2880 3833 3200 3887 misericors
3227 3833 3402 3887 fueris
3460 3834 3655 3892 (Emori.

1960 3939 2151 3990 xxxm,
2180 3926 2278 3985 19;
2301 3925 2451 3976 Rom.
2487 3939 2561 3987 1x,
2590 3922 2696 3992 15).

2031 4014 2125 4065 36.
2162 4011 2226 4064 Et
2253 4010 2421 4064 credo
2445 4011 2568 4081 jam
2598 4009 2797 4063 feceris
2827 4010 2977 4080 quod
2997 4013 3051 4063 te
3083 4025 3242 4080 rogo,
3268 4009 3363 4064 sed
3395 4009 3656 4064 volunta-

1961 4099 2046 4152 ria
2070 4099 2185 4152 oris
2213 4098 2327 4152 mei
2352 4099 2627 4170 approba,
2649 4098 2886 4152 Domine
2917 4099 3287 4167 (Psat.cxv1u,
3313 4099 3448 4167 l08).
3484 4099 3656 4152 Nam-

1961 4204 2074 4260 que
2102 4188 2200 4240 illa
2224 4187 2563 4241 imminente
2585 4187 2676 4242 die
2701 4187 3070 4242 resolutionis
3089 4203 3209 4240 suae
3234 4203 3348 4240 non
3387 4186 3659 4257 cogitavit

1963 4294 2130 4332 suum
2159 4293 2364 4347 corpus
2394 4281 2727 4348 sumptuose
2757 4275 3003 4346 contegi,
3020 4280 3116 4329 aut
3145 4275 3366 4330 condiri
3393 4274 3662 4330 aromati-

1961 4366 2088 4434 bus,
2118 4370 2218 4420 aut
2245 4371 2685 4421 monumentum
2715 4365 2960 4420 electum
2987 4363 3328 4434 concupivit,
3361 4368 3459 4418 aut
3487 4380 3660 4419 cura-

1959 4454 2041 4509 vit
2070 4455 2393 4525 sepulcrum
2413 4454 2662 4526 patrium
2686 4473 2702 4521 ;
2733 4471 2846 4508 non
2875 4453 2986 4507 ista
3009 4452 3299 4507 mandavit
3323 4451 3490 4506 nobis
3514 4467 3527 4506 :
3562 4451 3663 4506 sed

1961 4542 2358 4598 tantummodo
2391 4543 2726 4597 memoriam
2752 4542 2840 4596 sui
2869 4541 2940 4596 ad
2961 4543 3137 4596 altare
3167 4546 3332 4594 tuum
3358 4539 3483 4594 ﬁeri
3510 4539 3663 4595 desi-

1963 4630 2202 4694 deravit,
2250 4629 2342 4684 cui
2392 4630 2607 4684 nullius
2661 4629 2776 4684 diei
2823 4628 3302 4700 praetermissione
3352 4627 3666 4696 servierat;

1962 4720 2115 4774 unde
2155 4718 2323 4773 sciret
2350 4718 2668 4789 dispensari
2704 4717 2995 4772 victimam
3035 4722 3312 4784 sanctam,
3353 4733 3464 4788 qua
3505 4717 3660 4771 dele-

1962 4813 2088 4862 tum
2117 4811 2201 4861 est
2246 4806 2692 4878 chirographum
2724 4806 2878 4876 quod
2927 4810 3050 4860 erat
3095 4806 3446 4860 contrarium
3497 4805 3666 4860 nobis

1966 4897 2188 4966 (Coloss.
2218 4913 2276 4962 ιι,
2309 4896 2416 4966 14),
2449 4913 2561 4967 qua
2588 4895 2977 4965 triumphatus
3010 4899 3095 4949 est
3117 4895 3296 4950 hoStis
3326 4899 3665 4965 computans
3742 4898 3745 4901 ’

1965 4986 2168 5041 delicta
2196 4988 2407 5051 nostra,
2444 4990 2501 5039 et
2529 5001 2792 5056 quaerens
2819 4983 2955 5056 quid
2978 4984 3229 5055 objiciat,
3254 4989 3311 5039 et
3335 4984 3480 5039 nihil
3507 4983 3664 5037 inve-

1967 5075 2132 5129 niens
2161 5073 2221 5128 in
2250 5073 2350 5126 illo
2380 5073 2442 5127 in
2474 5089 2588 5144 quo
2616 5073 2916 5128 vincimus.
2949 5073 3086 5137 Quis
3117 5073 3170 5126 ei
3200 5073 3462 5127 refundet
3487 5071 3665 5124 inno—

1965 5166 2185 5217 centem
2217 5162 2558 5233 sanguinem
2581 5162 2609 5217 ῖ)
2627 5160 2764 5226 Quis
2781 5161 2835 5216 ei
2861 5162 3126 5216 restituet
3155 5161 3401 5234 pretium
3421 5175 3532 5226 quo
3561 5173 3667 5210 nos

2031 5253 2056 5313 17
2077 5249 2331 5313 Absunta
2365 5250 2486 5298 Mss.
2515 5264 2675 5313 prOpe
2729 5250 2976 5299 omnibus
3006 5249 3391 5313 isthaecﬂverba,
3423 5246 3666 5313 inuenire

1966 5312 2327 5378 indulgentia
2360 5339 2420 5347 —
2451 5307 2564 5361 Non
2590 5307 2783 5378 desunt
2811 5313 2867 5360 in
2902 5313 3132 5378 editione
3160 5307 3600 5378 Florentinaxlll.‘
3656 5367 3667 5378 ι

2028 5376 2050 5409 ²
2078 5367 2155 5423 Ita
2167 5375 2287 5422 Mss.
2311 5389 2432 5422 cum
2448 5378 2572 5424 Arn.
2596 5379 2675 5434 ;at
2696 5375 2819 5423 Lov.
2845 5388 2967 5423 cum
2987 5371 3372 5434 antiquioribus
3386 5367 3512 5434 Edd.
3533 5382 3544 5415 :
3563 5369 3603 5434 ρ
3620 5367 3667 5416 si

1966 5440 2344 5498 cognoscantse
2362 5449 2533 5487 omnes
2563 5431 2828 5499 homines,
2844 5439 2899 5499 et
2925 5435 3019 5497 qui
3035 5431 3354 5499 gtoﬂautur,
3372 5431 3670 5499 inponit-no

1968 5492 2294 5560 glorientur.
2324 5524 2386 5534 —
2409 5499 2659 5548 Ultimam
2676 5497 2877 5560 periodi
2892 5492 3102 5560 partem
3112 5494 3212 5542 fert
3229 5493 3388 5560 etiam
3404 5492 3534 5542 Ven.
3561 5492 3664 5539 sic:

1970 5555 2142 5625 thm‘
2177 5561 2502 5623 gloriantur,
2536 5564 2598 5611 in
2624 5555 2847 5608 Domino
2872 5555 3195 5620 glorientur.
3225 5555 3294 5604 M.

2851 5639 2874 5716 (
2893 5632 3316 5718 Vz'ngt—cinq.)
