4058 6344
419 247 524 297 779

419 369 558 422 emit
586 372 650 422 ut
680 382 781 420 nos
805 366 1025 420 auferat
1051 365 1104 418 ei
1130 364 1146 398 ⁸
1179 365 1207 419 ?
1235 365 1319 420 Ad
1349 365 1510 436 cujus
1527 365 1696 436 pretii
1723 366 1904 420 nostri
1923 383 2108 420 sacra-

418 461 676 510 mentum
706 454 901 524 ligavit
921 455 1232 508 ancillatua
1254 455 1506 508 animam
1523 469 1684 508 suam
1715 455 2106 509 vinculoiidei.

421 546 597 599 Nemo
629 559 660 596 a
689 543 1037 614 protectione
1069 549 1164 596 tua
1192 543 1510 614 disrumpat
1531 559 1676 597 eam.
1696 544 1820 596 Non
1850 560 1907 597 se
1929 542 2106 596 inter-

417 637 591 704 ponat
624 649 728 685 nec
774 632 828 684 vi
872 649 974 685 nec
1017 631 1236 685 insidiis
1264 633 1352 685 leo
1382 637 1437 686 et
1463 632 1668 686 draco:
1711 647 1897 702 neque
1955 632 2108 685 enim

417 719 780 789 respondebit
809 720 908 772 illa
936 719 1078 772 nihil
1128 735 1185 772 se
1243 719 1469 785 debere,
1527 736 1598 772 ne
1644 719 2016 773 convincatur
2052 723 2110 773 et

416 808 740 862 obtineatur
764 808 834 861 ab
868 812 1185 861 accusatore
1215 807 1416 861 callido
1441 824 1455 874 ;
1487 807 1587 861 sed
1625 807 1987 878 respondebit
2017 808 2106 862 di-

415 898 585 951 missa
621 897 812 952 debita
849 913 950 950 sua
1002 896 1071 950 ab
1121 913 1208 962 eo,
1239 895 1331 949 cui
1361 911 1529 950 nemo
1559 896 1759 950 reddet
1789 896 1945 967 quod
1999 913 2105 967 pro

413 985 579 1040 nobis
604 1002 719 1040 non
747 985 959 1039 debeas
990 984 1253 1039 reddidit.

483 1078 570 1129 3‘7.
606 1075 687 1128 Sit
733 1091 868 1144 ergo
902 1073 962 1127 in
999 1089 1134 1144 pace
1165 1089 1295 1127 cum
1328 1073 1470 1141 viro,
1505 1075 1633 1126 ante
1663 1087 1836 1142 quem
1864 1072 2009 1126 nulli
2051 1076 2107 1127 et

412 1167 538 1232 post
567 1178 738 1233 quem
768 1161 910 1216 nulli
942 1165 1122 1231 nupta
1176 1165 1279 1225 est,
1319 1160 1411 1213 cui
1457 1159 1683 1214 servivit
1711 1159 1961 1214 fructum
1999 1161 2104 1214 tibi

411 1252 652 1304 afferens
682 1267 814 1304 cum
843 1249 1146 1304 tolerantia
1189 1250 1340 1317 (Luc.
1383 1265 1498 1313 vm,
1536 1248 1642 1318 15),
1683 1252 1746 1301 ut
1784 1264 1916 1302 cum
1956 1265 2104 1318 quo-

411 1355 522 1409 que
574 1339 890 1393 lucraretur
926 1337 1048 1392 tibi.
1084 1339 1148 1390 Et
1193 1337 1423 1407 inspira,
1471 1336 1707 1390 Domine
1739 1352 1922 1402 meus,
1958 1338 2104 1390 Deus

409 1445 570 1482 meus
598 1433 641 1497 ²,
673 1428 887 1498 inspira
939 1427 1114 1481 servis
1143 1426 1256 1480 tuis
1301 1426 1571 1480 fratribus
1607 1425 1768 1490 meis,
1818 1425 1950 1479 tiliis
1990 1426 2104 1479 tuis

409 1517 656 1572 dominis
689 1519 847 1584 meis,
898 1516 1105 1586 quibus
1135 1521 1190 1570 et
1218 1532 1348 1569 voce
1371 1520 1422 1568 et
1453 1515 1620 1568 corde
1669 1518 1725 1568 et
1755 1514 1956 1568 litteris
1985 1531 2102 1568 ser-

408 1606 521 1672 vio,
552 1611 616 1660 ut
645 1610 928 1676 quotquot
969 1606 1090 1659 hrec
1118 1604 1378 1674 legerint,
1425 1603 1794 1658 meminerint
1823 1602 1895 1656 ad
1925 1604 2102 1657 altare

470 1708 485 1738 1
510 1705 640 1774 βω.
672 1717 792 1752 cum
821 1704 1022 1774 aliquot
1051 1703 1194 1774 Mss,
1233 1700 1455 1774 o/f‘emi;
1483 1701 1572 1772 sed
1606 1700 1950 1774 meliluiBad.
1973 1701 2100 1748 Arn-

405 1767 489 1836 Er.
510 1767 635 1836 bov.
649 1780 778 1836 cum.
794 1762 1032 1836 pluribus
1062 1765 1204 1836 Msa,
1225 1762 1440 1836 auferat
1464 1763 1530 1821 ei,
1549 1763 1745 1810 scilicet
1763 1762 1968 1810 Christo
1997 1775 2102 1810 em-

404 1827 556 1890 ptori,
588 1828 662 1875 uti
694 1825 843 1875 nobis
874 1827 1084 1889 quidem
1120 1825 1345 1890 videtur.

470 1889 486 1918 ²
513 1891 739 1938 Domine
771 1887 912 1938 Deus
937 1902 1101 1947 meus,
1128 1887 1284 1951 juxta
1307 1887 1438 1935 Ven.
1472 1887 1538 1934 Μ.

1608 242 2148 300 CONFESSIONUM
2204 243 2260 299 S—.
2301 244 2711 300 AUGUSTINI.

3811 249 3923 299 780

2219 371 2383 421 tuum
2416 367 2685 421 Monnicae
2699 365 2929 421 famulae
2953 372 3062 421 tute
3086 367 3180 436 (a),
3203 383 3333 421 cum
3359 367 3596 421 Patricio
3625 367 3921 438 quondam

2218 457 2340 525 ejus
2364 456 2629 526 conjuge,
2660 471 2762 525 per
2788 472 3032 526 quorum
3063 472 3294 509 carnem
3340 455 3705 509 introduxisti
3737 472 3829 509 me
3861 455 3919 509 in

2217 545 2362 598 hanc
2390 544 2584 609 vitam,
2626 544 3106 614 quemadmodum
3141 545 3349 599 nescio.
3397 543 3757 598 Meminerint
3784 560 3917 596 cum

2217 632 2422 686 affectu
2453 633 2545 702 pio
2577 637 2876 702 parentum
2907 649 3162 686 meorum
3195 633 3255 687 in
3287 633 3390 686 hac
3419 633 3540 685 luce
3564 632 3915 698 transitoria,

2217 726 2272 774 et
2303 721 2538 774 fratrum
2581 737 2839 774 meorum
2868 723 2972 774 sub
3006 727 3060 775 te
3100 721 3356 792 patre‘in
3386 725 3566 774 matre
3597 721 3911 786 Catholica,

2215 813 2270 863 et
2297 809 2506 863 civium
2543 826 2801 863 meorum
2832 810 2892 863 in
2935 815 3149 864 aeterna
3175 811 3510 877 Jerusalem,
3543 809 3635 863 cui
3667 809 3913 879 suspirat

2215 897 2597 968 peregrinatio
2630 897 2922 968 populitui
2949 898 3018 952 ab
3049 898 3202 952 exitu
3225 914 3404 968 usque
3428 898 3498 951 ad
3530 897 3782 950 reditum
3810 912 3822 965 ;
3853 900 3916 950 ut

2213 986 2368 1056 quod
2398 1003 2430 1039 a
2460 985 2660 1039 meilla
2674 985 3280 1057 poposcitextremum,
3317 985 3549 1039 uberius
3571 985 3652 1038 illi
3681 990 3916 1056 pra-ste-

2213 1079 2308 1128 tur
2335 1075 2393 1127 in
2422 1076 2733 1128 multorum
2753 1075 3104 1130 orationibus
3133 1092 3235 1147 per
3250 1074 3631 1129 confessiones
3667 1078 3704 1140 ί,
3736 1089 3912 1145 quam

2214 1178 2316 1233 per
2345 1163 2628 1217 orationes
2657 1179 2830 1218 meas.

2278 1267 2506 1331 IlnEdd.
2531 1267 2788 1328 pluribus,
2806 1271 2911 1316 lam
2925 1281 3020 1331 per
3033 1266 3405 1331 confessiones.
3431 1269 3722 1327 Abest,lam
3739 1283 3768 1315 a
3787 1269 3912 1316 Mss.

2210 1343 2341 1391 quos
2371 1330 2536 1390 magis
2566 1331 2865 1391 probamus.

2272 1391 2345 1452 (ιι)
2366 1391 2749 1454 lmitarivisum
2767 1395 3094 1439 estvetustos
3113 1392 3438 1454 Codices,qui
3463 1406 3581 1439 cum
3604 1392 3816 1449 gemina
3835 1391 3919 1439 lit-

2211 1457 2320 1516 tera
2343 1452 2729 1516 nnipraaferunt
2751 1456 2998 1501 Mennim!
3019 1470 3035 1501 :
3062 1469 3166 1516 quo
3193 1461 3343 1516 pacto
3369 1452 3526 1502 etiam
3555 1455 3810 1516 scriptum
3836 1468 3919 1501 re-

2211 1469 2320 1500 tera
2343 1469 2423 1501 πη
2443 1469 2729 1514 praeierunt
2751 1469 2998 1501 monmcm
3019 1470 3035 1501 :
3062 1469 3166 1562 quo
3193 1469 3343 1516 pacto
3371 1469 3526 1502 etiam
3555 1469 3810 1516 scriptum
3836 1469 3918 1501 re-

2211 1515 2410 1578 peritur
2431 1515 2484 1562 in
2505 1515 2760 1578 oratione,
2783 1529 2938 1578 quam
2974 1516 3080 1564 Wil
3105 1516 3273 1563 elmus
3298 1517 3478 1578 abbas,
3499 1517 3597 1578 piis
3626 1516 3918 1578 Augustini

2208 1576 2344 1623 votis
2364 1577 2756 1648 obteinperandi
2780 1577 2971 1648 studio:
2998 1577 3293 1648 composuit
3317 1579 3415 1648 sub
3433 1576 3512 1648 bis
3529 1577 3701 1648 verbis
3727 1593 3739 1648 ξ
3765 1594 3790 1621 (τ
3808 1577 3922 1648 Με-

2211 1656 2235 1679 u
2256 1643 2453 1695 mento,
2488 1638 2723 1698 Domine,
2747 1639 2936 1686 animae
2950 1638 3132 1687 famuli
3163 1641 3236 1686 tui
3260 1640 3486 1696 Patricii,
3513 1639 3920 1687 ctfamulzeture

2208 1716 2235 1744 «
2252 1701 2544 1763 Monnicre;
2561 1701 2664 1763 etsi
2689 1701 2814 1762 quid
2833 1714 2925 1762 pro
2938 1701 3113 1748 anima
3125 1701 3214 1748 ﬁlii
3229 1702 3460 1763 ipsorum
3473 1701 3673 1748 domini
3691 1702 3796 1748 mei
3811 1703 3919 1748 Au-

2209 1777 2236 1804 «
2262 1762 2477 1822 gustini,
2501 1762 3154 1810 dilectissimicoufessoris
3168 1762 3261 1816 tui,
3282 1763 3409 1810 mibi
3431 1763 3620 1810 misero
3644 1763 3914 1824 pecvatori

2209 1839 2235 1867 α
2261 1824 2379 1871 licet
2407 1824 2488 1871 vel
2511 1824 2695 1871 intimo
2721 1824 2894 1871 cordis
2911 1825 3099 1872 atl'ectu
3131 1824 3446 1879 desiderare,
3473 1844 3497 1866 ιι
3524 1829 3620 1872 etc.
3646 1829 3776 1880 Qua:
3799 1838 3916 1871 ora-

2207 1885 2279 1933 tio
2315 1886 2517 1946 integra
2546 1886 2765 1934 habetur
2795 1886 2847 1934 in
2876 1886 3118 1935 Veterum
3137 1886 3507 1935 Analectorum
3537 1891 3678 1935 torno
3705 1887 3908 1948 primo.

3691 2004 3914 2011 —_—_

3039 2004 3688 2011 _-..-..———————————————..——-

1467 2087 1980 2208 LIBER
2077 2084 2848 2209 DECIMUS.

465 2280 738 2328 Scrutatur
767 2275 1032 2337 deinceps,
1065 2288 1124 2337 ac
1141 2272 1314 2335 palam
1337 2273 1682 2325 contestatur,
1703 2283 1811 2337 non
1834 2269 2005 2337 qualis
2025 2271 2181 2337 antea
2209 2274 2362 2337 esset,
2386 2269 2473 2337 sed
2501 2269 2670 2337 qualis
2691 2284 2852 2319 nunc.
2877 2271 3041 2337 Deum
3081 2285 3239 2337 quem
3258 2269 3428 2337 diligit
3449 2271 3623 2319 studet
3645 2270 3912 2337 iudicare;

401 2342 631 2403 dumque
651 2353 741 2402 per
757 2331 972 2403 singula
1003 2331 1340 2403 ducit—rerum
1371 2346 1582 2403 genera,
1611 2332 1788 2402 multis
1811 2331 2040 2403 explicat
2087 2333 2354 2403 memoriis
2376 2332 2480 2379 vim
2503 2331 3008 2403 plane-stupendam,
3030 2338 3080 2382 et
3100 2331 3427 2403 quollsuain
3457 2333 3707 2403 memoria
3729 2333 3911 2380 locum

405 2391 753 2451 Deus-habeat
773 2391 1341 2465 gratulatllninquirit
1374 2391 1427 2442 in
1457 2398 1625 2465 actus,
1664 2393 1718 2440 in
1756 2391 1961 2465 sensus,
1995 2396 2048 2440 et
2068 2391 2288 2464 affectus
2309 2391 2519 2465 suosex
2538 2395 2727 2465 triplici
2763 2391 3052 2465 tentatione
3074 2391 3376 2465 voluptatis,
3401 2395 3718 2443 curiositatis
3741 2409 3800 2441 ac
3824 2409 3914 2441 su-

401 2465 612 2526 perbizn.
637 2453 917 2526 Dominum
940 2453 1210 2507 Christum
1221 2470 1387 2504 unum
1409 2455 1749 2504 mediatorem
1772 2454 1863 2502 Dei
1880 2457 1931 2501 et
1949 2453 2226 2502 hominum
2243 2456 2540 2514 confitetur,
2575 2453 2790 2518 ejusque
2809 2470 2906 2518 ope
2929 2458 3089 2504 animi
3112 2459 3190 2505 sui
3205 2453 3493 2519 languores
3508 2470 3692 2505 omnes
3714 2471 3914 2504 sanau-

400 2523 496 2574 dos
521 2538 632 2573 esse
661 2523 896 2571 conﬁdit.

965 2685 1190 2741 CAPUT
1230 2683 1522 2738 PRIMUM.

798 2781 860 2832 In
887 2779 989 2830 Deo
1018 2777 1126 2830 solo
1155 2789 1275 2843 spes
1314 2777 1365 2827 et
1391 2772 1678 2841 gaudium.

471 2877 518 2928 t.
553 2871 902 2940 Cognoscam
948 2869 1024 2930 te,
1057 2863 1318 2933 cognitor
1353 2877 1534 2928 meus,
1571 2876 1909 2930 cognoscam
1941 2860 2086 2915 sicut

395 2967 450 3017 et
478 2959 738 3031 cognitus
765 2971 890 3009 sum
924 2954 964 3024 (l
997 2955 1112 3008 Cor.
1143 2969 1261 3020 vm,
1296 2951 1402 3021 l2).
1451 2949 1642 3004 Virtus
1670 2949 1877 3003 animae
1914 2965 2081 3015 meai,

392 3053 546 3105 intra
574 3049 633 3102 in
662 3061 808 3110 eam,
842 3047 897 3097 et
924 3045 1122 3112 coapta
1150 3039 1275 3104 tibi,
1326 3043 1390 3092 ut
1438 3037 1647 3092 habeas
1695 3041 1752 3092 et
1792 3036 2084 3107 possideas

392 3137 513 3191 sine
543 3134 766 3191 macula
795 3136 852 3186 et
875 3145 1020 3200 ruga
1048 3128 1261 3198 (Ephes.
1294 3126 1475 3195 v,27).
1501 3126 1631 3179 Haec
1657 3129 1742 3178 est
1770 3140 1900 3194 spes
1932 3139 2078 3190 mea,

373 3225 520 3280 ideo
553 3225 791 3293 loquor;
825 3222 882 3272 et
923 3217 982 3271 in
1033 3232 1099 3269 ea
1129 3231 1226 3286 spe
1258 3214 1498 3285 gaudeo,
1545 3213 1773 3285 quando
1828 3229 2033 3267 sanum
2059 3211 2079 3246 ¹

389 3312 629 3384 gaudeo.
663 3312 878 3364 Cretera
906 3322 1040 3360 vero
1070 3304 1199 3358 vita:
1229 3304 1399 3372 hujus
1440 3307 1600 3356 tanto
1643 3302 1836 3356 minus
1867 3301 2079 3373 ﬂenda,

389 3405 603 3473 quanto
647 3398 828 3468 magis
875 3396 1076 3460 ﬂetur;
1120 3396 1177 3447 et
1203 3396 1362 3445 tanto
1396 3390 1579 3461 magis
1624 3391 1832 3457 tlenda,
1869 3394 2082 3460 quanto

387 3491 579 3546 minus
636 3489 804 3542 tletur
852 3485 911 3539 in
967 3483 1068 3537 eis.
1122 3483 1256 3536 Ecce
1287 3480 1441 3534 enim
1490 3480 1787 3534 veritatem
1835 3478 2082 3534 dilexisti

387 3579 552 3649 (Psal.
594 3593 638 3640 L,
674 3579 752 3644 8),
785 3571 1060 3644 quoniam
1087 3569 1186 3641 qui
1216 3568 1350 3622 facit
1386 3583 1533 3632 cam,
1566 3567 1721 3620 venit
1777 3567 1846 3622 ad
1893 3566 2081 3621 lucem

387 3671 564 3739 (Joan.
605 3681 682 3730 ιιι,
732 3663 842 3733 2t).
891 3661 1028 3714 Volo
1072 3674 1198 3712 eam
1227 3658 1410 3711 facere
1437 3657 1498 3709 in
1527 3656 1696 3709 corde
1729 3671 1857 3708 meo
1887 3670 2081 3708 coram

383 3761 438 3810 te
469 3755 528 3808 in
583 3750 962 3815 confessione;
995 3748 1057 3802 in
1087 3747 1216 3801 stilo
1256 3749 1449 3799 autem
1479 3760 1608 3798 meo
1645 3759 1839 3798 coram
1880 3743 2080 3798 multis

382 3843 642 3899 testibus.

1072 3924 1294 3978 CAPUT
1325 3923 1394 3976 Ιῐ.

487 4032 616 4085 Cum
637 4031 737 4082 Dco
767 4030 894 4080 nota
923 4026 1033 4076 sint
1063 4036 1285 4087 arcana,
1318 4019 1453 4088 quid
1481 4024 1558 4074 est
1590 4022 1832 4088 conﬁteri
1860 4022 1965 4075 illi.

453 4140 506 4192 3.
545 4137 608 4188 Et
638 4133 738 4187 tibi
787 4130 1040 4202 quidem,
1081 4127 1336 4192 Domine,
1387 4127 1548 4195 cujus
1601 4125 1779 4178 oculis
1810 4126 1962 4180 nuda
1993 4131 2078 4180 est

380 4225 613 4293 abyssus
643 4223 911 4274 humana:
941 4214 1323 4281 conscientim,
1356 4213 1490 4284 quid
1522 4214 1804 4266 occultum
1837 4219 1985 4268 esset
2015 4215 2075 4268 in

380 4330 492 4379 me,
527 4309 749 4365 etiamsi
778 4307 988 4360 nollem
1017 4302 1278 4356 conﬁteri
1305 4301 1455 4354 tibi?
1485 4303 1560 4356 Te
1588 4302 1742 4355 enim
1774 4303 1916 4356 mihi
1946 4304 2072 4357 abs-

379 4400 708 4465 conderem,
754 4412 870 4450 non
911 4409 1003 4448 me
1044 4391 1168 4445 tibi.
1214 4391 1374 4443 Nunc
1419 4394 1612 4444 autem
1642 4390 1797 4460 quod
1828 4392 2073 4461 gemitus

377 4506 540 4544 meus
571 4485 727 4541 testis
757 4488 839 4538 est
859 4481 1155 4551 displicere
1185 4495 1276 4533 me
1308 4478 1470 4546 mihi,
1504 4483 1565 4532 tu
1597 4479 1841 4550 refulges
1862 4485 1918 4534 et
1947 4483 2070 4552 pla-

376 4593 488 4643 ces,
521 4579 578 4629 et
605 4570 813 4626 amaris
841 4574 898 4624 et
921 4565 1257 4622 desideraris
1283 4583 1296 4632 ;
1333 4570 1394 4620 ut
1421 4565 1748 4619 erubescam
1780 4566 1848 4620 de
1871 4583 1983 4634 me,
2016 4573 2073 4623 et

375 4663 641 4736 abjiciam
688 4677 778 4715 mc
833 4663 1003 4730 atque
1053 4656 1261 4726 eligam
1314 4658 1390 4722 te,
1443 4658 1498 4708 et
1526 4671 1630 4707 nec
1660 4654 1763 4708 tibi
1794 4671 1898 4710 nec
1928 4656 2070 4711 mihi

374 4755 629 4826 placeam
659 4749 770 4804 nisi
810 4747 880 4802 de
922 4751 996 4801 te.
1040 4745 1170 4799 Tibi
1217 4760 1373 4814 ergo,
1432 4743 1694 4810 Domine,
1735 4743 2068 4798 manifestus

375 4858 504 4896 sum
530 4839 875 4912 quicumque
889 4835 1100 4902 sim;et
1129 4850 1242 4904 quo
1263 4833 1447 4886 fructu
1471 4832 1574 4887 tibi
1603 4832 1894 4900 confitear,
1929 4833 2068 4889 dixi.

371 4932 566 5000 Neque
606 4926 759 4982 enim
790 4924 844 4978 id
874 4940 982 4994 ago
1011 4922 1196 4976 verbis
1225 4921 1408 4974 carnis
1442 4925 1497 4974 et
1524 4920 1778 4987 vocibus,
1812 4920 1906 4974 sed
1938 4937 2064 4974 ver-

368 5019 457 5074 bis
487 5015 694 5071 animze
723 5018 780 5068 et
821 5011 1064 5066 clamore
1103 5009 1482 5080 cogitationis,
1515 5025 1688 5081 quem
1716 5008 1876 5063 novit
1912 5009 2066 5062 auris

369 5109 488 5160 tua.
536 5104 677 5158 Cum
705 5103 857 5156 enim
906 5101 1086 5154 malus
1133 5114 1280 5165 sum,
1313 5098 1455 5152 nihil
1485 5103 1571 5153 est
1621 5097 1774 5153 aliud
1807 5099 2065 5154 conﬁteri

365 5193 493 5256 tibi,
526 5208 695 5263 quam
743 5189 1040 5260 displicere
1080 5187 1251 5254 mihi;
1294 5203 1424 5240 cum
1454 5202 1588 5240 vero
1619 5186 1770 5256 pius,
1803 5187 1949 5241 nihil
1979 5192 2065 5242 est

362 5281 517 5335 aliud
530 5279 789 5335 conﬁteri
820 5277 946 5343 tibi,
970 5292 1144 5348 quam
1173 5276 1282 5330 hoc
1312 5291 1428 5330 non
1443 5274 1696 5329 tribuere
1712 5274 1854 5329 mihi
1879 5293 1892 5330 :
1923 5293 2063 5347 quo-

2199 2685 2358 2755 prius
2389 2702 2521 2740 eum
2567 2686 2845 2757 justiﬁcas
2885 2687 3127 2759 impium
3160 2690 3334 2758 (Rom.
3387 2706 3457 2754 1v,
3501 2692 3572 2757 5).
3612 2688 3908 2742 Confessio

2199 2774 2392 2844 itaque
2423 2790 2569 2842 mea,
2623 2777 2772 2830 Deus
2812 2792 2992 2844 meus,
3027 2777 3084 2830 in
3114 2782 3419 2848 conspectu
3449 2782 3549 2831 tuo
3581 2777 3685 2831 tibi
3727 2778 3906 2832 tacite

2197 2860 2280 2928 fit,
2311 2866 2367 2916 et
2394 2879 2510 2918 non
2539 2863 2726 2919 tacite.
2759 2866 2926 2919 Tacet
2953 2866 3105 2919 enim
3139 2866 3402 2936 strepitu,
3434 2867 3637 2920 clamat
3668 2865 3904 2921 affectu.

2196 2949 2390 3020 Neque
2421 2951 2609 3004 enim'
2643 2951 2767 3006 dico
2796 2953 2934 3006 recti
2966 2953 3181 3023 aliquid
3209 2953 3564 3015 hominibus,
3594 2953 3749 3024 quod
3780 2969 3902 3007 non

2197 3055 2228 3091 a
2259 3055 2350 3092 me
2376 3043 2438 3094 tu
2463 3041 2623 3110 prius
2652 3041 2940 3104 audieris;
2977 3047 3074 3096 aut
3104 3043 3276 3096 etiam
3307 3046 3369 3096 tu
3400 3041 3613 3114 aliquid
3646 3043 3756 3096 tale
3787 3059 3897 3096 au-

2193 3125 2278 3180 dis
2309 3143 2340 3181 a
2369 3144 2478 3191 me,
2508 3129 2664 3199 quod
2696 3146 2812 3183 non
2832 3130 2972 3183 mihi
2996 3134 3059 3184 tu
3089 3130 3248 3200 prius
3278 3130 3508 3186 dixeris.

2878 3219 3100 3273 CAPUT
3131 3219 3226 3272 ΙΙΙ.

2194 3301 2304 3368 Quo
2330 3305 2517 3370 fructu
2543 3306 2891 3374 conﬁtebatur
2903 3307 3152 3376 deinceps
3173 3310 3296 3376 quis
3317 3310 3409 3373 sit,
3424 3324 3529 3362 non
3550 3310 3672 3378 quis
3691 3311 3892 3375 fuerit.

2265 3395 2314 3446 3.
2351 3393 2495 3456 Quid
2527 3394 2668 3448 mihi
2715 3411 2850 3466 ergo
2895 3399 2979 3450 est
3007 3412 3139 3450 cum
3191 3397 3519 3452 hominibus
3567 3401 3626 3452 ut
3656 3397 3902 3452 audiant

2192 3481 2569 3536 confessiones
2599 3499 2775 3552 meas,
2810 3484 3094 3555 quasiipsi
3123 3486 3378 3540 sanaturi
3396 3487 3510 3540 sint
3539 3503 3736 3541 omnes
3766 3487 3898 3541 lan-

2192 3584 2400 3639 guores
2426 3572 2624 3625 meos?
2657 3573 2956 3627 Curiosum
2987 3590 3166 3644 genus
3197 3575 3267 3628 ad
3310 3577 3765 3646 cognoscendam
3801 3576 3897 3630 vi-

2192 3662 2308 3710 tam
2347 3658 2615 3726 alienam,
2647 3660 2990 3715 desidiosum
3014 3662 3085 3716 ad
3110 3663 3509 3733 corrigendam
3529 3681 3710 3720 suam.
3734 3665 3894 3728 Quid

2191 3762 2224 3798 a
2251 3762 2343 3799 me
2374 3753 2640 3817 quaerunt
2661 3750 2858 3804 audire
2890 3751 2990 3820 qui
3021 3751 3148 3818 sim,
3183 3752 3283 3823 qui
3313 3753 3516 3808 nolunt
3546 3771 3577 3808 a
3606 3759 3660 3807 te
3691 3753 3894 3807 audire

2191 3835 2290 3905 qui
2320 3835 2474 3890 sint?
2507 3838 2572 3890 Et
2605 3838 2753 3892 unde
2806 3838 3013 3901 sciunt,
3065 3857 3194 3895 cum
3227 3857 3260 3894 a
3289 3842 3508 3913 meipso
3568 3842 3637 3896 de
3667 3841 3891 3911 meipso

2190 3923 2451 3993 audiunt,
2482 3940 2555 3979 an
2584 3942 2783 3980 verum
2814 3927 2999 3982 dicam
3032 3948 3046 3994 ;
3077 3928 3549 4000 quandoquidem
3580 3945 3750 3983 nemo
3781 3930 3895 3984 scit

2188 4010 2489 4066 hominum
2529 4013 2668 4085 quid
2699 4019 2900 4086 agatur
2927 4015 2985 4068 in
3015 4015 3270 4080 homine,
3305 4017 3415 4072 nisi
3445 4017 3678 4089 spiritus
3707 4018 3894 4072 homi-

2187 4100 2275 4153 nis
2305 4103 2401 4172 qui
2441 4103 2499 4156 in
2531 4102 2654 4173 ipso
2687 4108 2771 4158 est
2804 4104 2846 4175 (Ι
2878 4105 2996 4161 Cor.
3045 4123 3106 4176 ιι,
3142 4105 3274 4177 tt)?
3308 4107 3364 4160 Si
3412 4113 3604 4161 autem
3633 4123 3666 4161 a
3698 4112 3750 4160 te
3781 4124 3888 4161 au-

2187 4188 2347 4242 diant
2373 4189 2442 4244 de
2477 4189 2698 4261 seipsis,
2730 4208 2846 4246 non
2875 4197 3146 4263 poterunt
3166 4194 3375 4264 dicere,
3403 4195 3674 4248 Mentitur
3698 4195 3894 4249 Domi-

2187 4291 2319 4330 nus.
2359 4277 2504 4340 Quid
2533 4283 2614 4332 est
2645 4279 2797 4334 enim
2829 4296 2862 4333 a
2892 4285 2948 4334 te
2979 4281 3176 4336 audire
3205 4281 3274 4336 de
3305 4297 3384 4348 se,
3413 4281 3524 4335 nisi
3541 4298 3890 4353 cognoscere

2184 4365 2286 4417 se?
2341 4365 2478 4429 Quis
2534 4383 2706 4437 porro
2776 4369 3088 4438 cognoscit,
3149 4374 3204 4423 et
3257 4368 3411 4435 dicit,
3481 4370 3707 4424 Falsum
3774 4376 3889 4442 est,

2183 4452 2291 4506 nisi
2315 4453 2435 4525 ipse
2465 4456 2820 4511 mentiatur?
2849 4456 2960 4511 Sed
3007 4456 3143 4528 quia
3171 4455 3416 4511 Charitas
3463 4459 3660 4510 omnia
3699 4459 3888 4514 credit

2182 4541 2336 4611 (Ibid.
2369 4559 2484 4611 xm,
2513 4544 2592 4614 '7),
2623 4544 2770 4598 inter
2799 4561 2892 4598 eos
2920 4545 3120 4615 utique
3154 4560 3298 4615 quos
3327 4559 3614 4598 connexos
3645 4545 3887 4604 sibimet

2180 4646 2358 4684 unum
2392 4631 2543 4698 facit,
2578 4649 2685 4703 ego
2715 4649 2965 4704 quoque,
2999 4632 3256 4694 Domine,
3288 4632 3460 4686 etiam
3492 4633 3570 4686 sic
3599 4633 3706 4688 tibi
3732 4650 3882 4691 con-

2180 4720 2364 4787 liteor,
2394 4725 2457 4774 ut
2495 4721 2734 4776 audiant
2760 4721 3045 4788 homines,
3077 4721 3281 4792 quibus
3332 4721 3724 4778 demonstrare
3753 4741 3880 4781 non

2176 4824 2408 4878 possum
2439 4826 2511 4863 an
2541 4825 2672 4864 vera
2700 4811 3005 4876 conﬁtear;
3038 4809 3134 4864 sed
3164 4809 3394 4864 credant
3425 4811 3572 4866 mihi
3618 4828 3873 4884 quorum

2176 4897 2321 4952 mihi
2345 4914 2510 4952 aures
2539 4899 2784 4953 charitas
2813 4899 3016 4969 aperit.

2244 4988 2298 5042 4.
2331 4988 2736 5041 Verumtamen
2764 4992 2845 5049 tu,
2881 4986 3098 5041 medice
3142 5004 3307 5044 meus
3343 4988 3564 5058 intime,
3595 5007 3710 5059 quo
3749 4991 3874 5048 fru-

2173 5077 2296 5128 ctus
2325 5074 2431 5128 ista
2444 5073 2666 5141 faciam,
2682 5073 3044 5144 eliquamihi.
3066 5075 3208 5130 Nam
3224 5075 3611 5131 confessiones
3634 5080 3871 5147 printer-

2171 5161 2385 5216 itorum
2417 5163 2697 5216 malorum
2718 5178 3003 5234 meorum,
3031 5181 3160 5236 quae
3188 5165 3458 5220 remisisti
3487 5171 3542 5221 et
3572 5165 3756 5220 texisti
3805 5171 3872 5220 ut

2168 5249 2381 5323 beares.
2419 5267 2509 5304 me
2562 5251 2621 5305 in
2672 5255 2727 5306 te
2764 5254 2936 5322 (Psal.
2995 5269 3142 5322 xxxr,
3201 5256 3274 5325 l),
3332 5260 3560 5308 mutans
3615 5253 3867 5308 animam

363 5367 521 5422 niam
550 5371 634 5439 tu,
668 5339 1244 5433 Domine,benedicis
1267 5363 1489 5434 justum
1521 5364 1683 5433 (Psal.
1722 5379 1775 5426 v,
1823 5339 2058 5430 l3),.sed
2164 5339 2491 5439 ωξθίξπιῇίῖάθ
2521 5340 2966 5439 ξῖίξξίιονδξηθηίο
3011 5347 3133 5411 ἴσον
3182 5359 3313 5439 εξιω
3362 5344 3630 5439 ιθευηεῖτ
3669 5347 3726 5439 εξ
3758 5359 3865 5439 θυι·

428 5493 445 5526 ¹
477 5497 626 5553 Sane,
647 5491 798 5555 juxta
827 5491 1026 5542 Somm.
1057 5493 1109 5540 et
1137 5503 1230 5539 sex
1263 5488 1385 5538 Mss.
1417 5486 1555 5549 apud
1585 5487 1740 5537 Mart.
1781 5489 1848 5537 Μ.

2232 5429 2246 5462 ι
2280 5429 2408 5494 In_B.
2432 5428 2692 5494 omittitur
2711 5432 2880 5492 enim;
2902 5445 3060 5494 quam
3082 5431 3322 5482 voculam
3343 5432 3659 5481 servantEr.
3694 5433 3843 5494 Lugd

2167 5489 2297 5539 Ven.
2329 5491 2450 5540 Lov.
2481 5491 2614 5541 Dub.
2642 5491 2712 5542 M.
