4058 6348
217 251 310 302 781

211 461 377 528 dicat,
415 464 537 518 Non
566 482 834 536 possum;
869 473 969 527 sed
997 475 1228 546 evigilet
1264 480 1325 535 in
1354 499 1549 540 amore
1583 488 1917 545 misericor-

211 548 317 603 diae
347 556 461 606 tua:
483 557 540 606 et
571 555 875 613 dulcedine
897 563 1242 633 gratiaatuaa,
1269 585 1380 640 qua
1395 577 1602 642 potens
1623 582 1710 631 est
1731 580 1916 634 omnis

210 637 492 707 inﬁrmus,
528 643 629 714 qui
661 645 770 699 sibi
796 665 900 718 per
945 651 1128 721 ipsam
1160 657 1224 710 ﬁt
1260 661 1518 716 conscius
1565 663 1915 722 inﬁrmitatis

211 742 343 780 suae.
390 729 454 782 Et
483 729 727 787 delectat
770 735 948 791 bonos
978 741 1178 797 audire
1216 749 1504 815 praeterita
1537 755 1684 807 mala
1717 771 1910 811 eorum

210 813 305 883 qui
330 815 454 884 jam
483 825 681 874 carent
711 822 819 888 eis;
855 841 958 879 nec
981 827 1111 882 ideo
1145 813 1384 889 deiectat
1419 838 1554 908 quia
1583 842 1734 896 mala
1760 849 1912 912 sunt,

210 901 302 955 sed
332 903 469 973 quia
493 905 728 962 fuerunt
759 916 815 965 et
839 929 956 968 non
987 921 1139 972 sunt.
1176 921 1298 984 Quo
1324 901 1517 996 itaque
1546 927 1755 998 fructu,
1801 901 1912 986 Do;

210 989 357 1044 mine
388 1007 553 1047 meus
583 996 675 1050 cui
717 999 972 1068 quotidie
1019 1006 1324 1063 conﬁtetur
1370 1014 1712 1071 conscientia
1759 1036 1906 1086 mea,

208 1091 300 1145 spe
329 1077 738 1136 misericordias
763 1088 876 1138 tua:
907 1089 1158 1144 securior
1204 1109 1378 1163 quam
1407 1096 1734 1156 innocentia
1763 1121 1863 1158 sua
1889 1123 1904 1172 ;

207 1181 315 1234 quo
340 1166 553 1233 fructu,
587 1186 806 1240 quaeso,
838 1174 1009 1229 etiam
1043 1178 1372 1236 hominibus
1399 1201 1591 1242 coram
1626 1195 1680 1243 te
1723 1195 1908 1247 conti-

206 1257 322 1305 teor
345 1270 452 1323 per
483 1257 586 1309 has
625 1258 840 1314 litteras
886 1263 1066 1318 adhuc
1109 1269 1237 1338 quis
1285 1287 1392 1342 ego
1451 1274 1578 1343 sim,
1636 1294 1748 1332 non
1783 1281 1908 1350 quis

205 1341 456 1396 fuerim?
488 1345 632 1399 Nam
661 1347 828 1402 illum
877 1351 1126 1409 fructum
1168 1357 1283 1411 vidi
1336 1364 1392 1415 et
1437 1369 1900 1424 commemoravi.

203 1429 300 1483 Sed
331 1430 462 1501 quis
495 1434 680 1488 adhuc
725 1436 855 1507 sim,
885 1456 1009 1495 ecce
1061 1443 1118 1497 in
1149 1445 1272 1515 ipso
1302 1451 1560 1520 tempore
1589 1455 1904 1510 confessio—

204 1535 333 1572 num
368 1536 657 1592 mearum,
688 1529 745 1578 et
771 1528 937 1581 multi
967 1530 1073 1584 hoc
1102 1548 1264 1588 nosse
1293 1537 1534 1608 cupiunt
1561 1541 1660 1612 qui
1683 1559 1773 1596 me
1805 1561 1905 1598 no-

201 1611 397 1660 verunt
426 1614 487 1662 et
505 1626 624 1664 non
656 1628 747 1666 me
777 1623 1080 1688 noverunt,
1104 1621 1201 1690 qui
1235 1640 1302 1676 ex
1331 1641 1424 1680 me
1455 1629 1539 1681 vel
1568 1611 1636 1684 de
1668 1647 1759 1686 me
1791 1633 1895 1687 ali-

202 1695 333 1765 quid
368 1697 718 1767 audieruut;
765 1703 860 1756 sed
910 1705 1066 1759 auris
1119 1725 1316 1765 eorum
1377 1731 1489 1768 non
1547 1721 1630 1771 est
1684 1720 1757 1773 ad
1811 1737 1906 1774 cor

201 1799 405 1851 meum,
439 1785 543 1839 ubi
570 1803 676 1858 ego
705 1806 832 1844 sum
854 1792 1200 1866 quicumque
1220 1815 1364 1855 sum.
1400 1803 1610 1858 Volunt
1632 1822 1769 1877 ergo
1800 1825 1899 1862 au-

198 1871 309 1926 dire
353 1875 729 1931 conﬁtentem
785 1895 876 1934 me
926 1883 1059 1952 quid
1101 1884 1220 1955 ipse
1258 1885 1412 1942 intus
1455 1891 1585 1962 sim,
1635 1911 1748 1965 quo
1797 1914 1900 1952 nec

201 1961 421 2016 oculum
456 1978 563 2017 nec
595 1981 795 2020 aurem
841 1985 946 2023 nec
989 1977 1241 2028 mentem
1279 1984 1518 2045 possunt
1558 1980 1893 2050 intendere;

199 2049 460 2104 credituri
483 2057 680 2108 tamen
693 2056 911 2120 volunt,
927 2063 1208 2132 numquid
1229 2066 1558 2134 cognituri?
1580 2071 1724 2126 Dicit
1740 2073 1894 2128 enim

199 2137 273 2190 eis
301 2138 549 2194 charitas
582 2158 696 2212 qua
726 2143 859 2198 boni
911 2153 1045 2202 sunt
1091 2166 1205 2205 non
1251 2154 1483 2209 mentiri
1544 2173 1635 2213 me
1691 2159 1760 2214 de
1801 2178 1892 2216 me

194 2227 580 2299 conﬁtentem,
613 2236 671 2286 et
698 2232 821 2302 ipsa
851 2234 907 2287 in
939 2236 1021 2290 eis
1042 2238 1222 2293 credit
1244 2241 1407 2296 mihi.

953 2343 1084 2397 PUT
1125 2346 1216 2399 IV.

953 2343 991 2395 P
1043 2345 1084 2397 Τ
1125 2346 1216 2399 IV.

281 2423 429 2490 Quod
459 2428 653 2493 magni
671 2429 780 2482 sint
809 2341 1040 2495 rga:
1066 2433 1380 2502 hujusmodi
1410 2441 1782 2506 confessionis.

257 2532 304 2582 5.
338 2528 444 2584 Sed
475 2547 595 2602 quo
627 2532 816 2588 fructu
846 2535 902 2590 id
934 2538 1180 2594 volunt?
1207 2544 1294 2596 An
1331 2547 1713 2615 congratulari
1744 2550 1886 2604 mihi

199 2617 426 2686 cupiunt
455 2635 590 2673 cum
614 2621 908 2678 audierint
951 2631 1230 2696 quantum
1259 2630 1329 2684 ad
1358 2636 1414 2684 te
1445 2634 1709 2690 accedam
1755 2653 1883 2692 mu-

195 2721 318 2759 nere
346 2711 466 2773 tuo,
492 2713 553 2762 et
578 2725 740 2763 orare
771 2728 876 2782 pro
909 2730 998 2768 me
1024 2732 1152 2770 cum
1184 2719 1472 2775 audierint
1499 2729 1778 2793 quantum
1801 2744 1889 2782 re-

195 2794 368 2848 tarder
395 2797 654 2866 pondere
685 2815 815 2854 meo
837 2801 865 2854 ’ἰ
893 2803 1163 2858 Indicabo
1191 2823 1283 2860 me
1321 2809 1544 2865 talibus.
1578 2814 1702 2868 Non
1732 2817 1884 2870 enim

192 2897 382 2950 parvus
412 2890 497 2937 est
528 2885 766 2954 fructus,
815 2890 1054 2945 Domine
1101 2894 1250 2948 Deus
1296 2912 1477 2963 meus,
1520 2904 1645 2954 uta
1691 2904 1884 2958 multis

194 2969 285 3022 tibi
315 2972 514 3040 gratiae
546 2980 794 3044 agantur
821 2977 890 3031 de
917 2979 1103 3047 nobis,
1136 2987 1194 3036 et
1224 3000 1256 3037 a
1283 2985 1478 3040 multis
1524 2990 1746 3060 rogeris
1776 3009 1879 3062 pro

196 3057 364 3113 nobis.
394 3061 564 3114 Amet
599 3061 659 3114 in
686 3079 778 3118 me
805 3064 1092 3121 fraternus
1123 3070 1347 3126 animus
1396 3076 1549 3145 quod
1575 3079 1881 3136 amandum

198 3141 372 3214 doces,
404 3153 461 3201 et
490 3148 685 3204 doleat
712 3149 772 3204 in
795 3169 885 3208 me
917 3156 1071 3225 quod
1098 3141 1883 3223 dolendum—docesAnimus

197 3230 282 3284 ille
312 3234 417 3288 hoc
446 3235 622 3290 faciat
645 3237 950 3308 fraternus,
986 3259 1100 3297 non
1129 3251 1449 3315 extraneus,
1482 3267 1600 3305 non
1627 3253 1880 3312 ﬁliorum

197 3319 526 3390 alienorum,
556 3341 805 3394 quorum
836 3345 898 3382 os
926 3331 1182 3387 locutum
1203 3339 1288 3389 est
1308 3338 1634 3406 vanitatem,
1671 3347 1726 3397 et
1751 3345 1882 3399 dex-

195 3412 304 3462 tera
334 3427 539 3466 eorum
569 3413 798 3468 dextera
824 3416 1142 3489 iniquitatis
1195 3423 1358 3492 (Psal.
1410 3443 1588 3494 omn,
1632 3433 1728 3500 8);
1781 3434 1881 3488 sed

194 3497 465 3554 fraternus
492 3500 592 3555 ille
625 3503 725 3573 qui
756 3520 885 3559 cum
939 3510 1217 3579 approbat
1252 3528 1364 3579 me,
1412 3517 1622 3584 gaudet
1653 3497 1722 3574 de
1749 3537 1878 3588 me;

193 3599 310 3640 cum
339 3593 536 3643 autem
567 3589 854 3662 improbat
894 3611 1006 3661 me,
1041 3598 1408 3655 contristatur
1434 3619 1539 3673 pro
1572 3621 1662 3660 me
1695 3624 1708 3660 :
1743 3610 1878 3679 quia

192 3671 294 3727 sive
321 3677 604 3745 approbet
636 3695 750 3748 me,
783 3680 896 3734 sive
927 3683 1233 3755 improbet,
1263 3671 1453 3759 diligit
1477 3708 1588 3747 me.
1616 3671 1877 3751 Indicabo

192 3773 273 3814 me
296 3762 504 3817 talibus
533 3780 546 3830 ;
581 3765 865 3836 respirent
884 3768 942 3822 in
972 3771 1138 3825 bonis
1159 3774 1323 3842 meis,
1358 3778 1647 3848 suspirent
1673 3781 1734 3835 in
1761 3799 1879 3837 ma-

193 3845 254 3900 lis
287 3849 447 3906 meis.
501 3852 663 3906 Bona
706 3869 836 3908 mea
863 3855 1122 3912 instituta
1150 3864 1249 3914 tua
1287 3868 1423 3918 sunt
1454 3845 1528 3920 _et
1557 3867 1706 3922 dona
1740 3873 1873 3938 tua;

194 3937 328 3990 mala
359 3953 489 3993 mea
525 3939 732 3996 delicta
759 3959 886 3997 mea
917 3951 1051 4000 sunt
1085 3952 1143 4001 et
1167 3949 1388 4018 judicia
1415 3956 1538 4010 tua.
1578 3957 1878 4028 Respirent

193 4021 244 4076 in
267 4024 391 4092 illis,
416 4032 473 4081 et
501 4028 795 4099 suspirent
815 4031 875 4086 in
904 4032 992 4086 his
1015 4053 1030 4103 ;
1063 4042 1118 4090 ct
1144 4037 1392 4107 hymnus
1423 4045 1478 4094 et
1499 4042 1666 4097 ﬂetus
1689 4021 1877 4101 ascen-

191 4111 312 4166 dant
335 4113 396 4168 in
420 4121 788 4187 conspectum
819 4124 985 4175 tuum
1015 4123 1083 4177 de
1111 4123 1378 4180 fraternis
1415 4130 1704 4199 cordibus,
1738 4135 1875 4189 thu-

190 4197 374 4256 ribulis
401 4204 516 4258 tuis
542 4206 736 4274 (Apoc.
771 4224 888 4274 vni,
922 4209 996 4277 3).
1039 4212 1120 4264 Tu
1169 4217 1383 4282 autem,
1419 4197 1695 4287 Domine,
1716 4221 1872 4277 dele-

193 4291 357 4342 ctatus
384 4292 561 4346 odore
595 4295 773 4348 sancti
805 4297 1005 4365 templi
1053 4299 1157 4366 tui,
1196 4302 1465 4358 miserere
1511 4307 1625 4361 mei
1672 4325 1875 4365 secun-

192 4373 315 4429 dum
343 4392 615 4450 magnam
633 4381 1083 4440 misericordiam
1097 4391 1253 4443 tuam
1267 4390 1436 4460 (Psal.
1460 4411 1510 4460 L,
1544 4398 1617 4466 l),
1641 4403 1878 4469 propter

190 4475 387 4519 nomen
433 4471 644 4535 tuum;
693 4475 749 4524 et
797 4487 1161 4544 nequaquam
1203 4477 1468 4535 deserens
1514 4490 1698 4556 coepta
1752 4492 1872 4555 tua,

191 4564 512 4610 consumma
541 4556 872 4627 imperfecta
897 4577 1043 4616 mea.

251 4643 299 4695 6.
334 4643 432 4697 Hic
461 4650 547 4699 est
583 4645 799 4701 fructus
828 4649 1250 4708 confessionum
1279 4671 1559 4727 mearum,
1595 4676 1711 4716 non
1741 4678 1878 4734 qua-

190 4726 248 4780 lis
275 4730 500 4800 fuerim,
533 4735 630 4788 sed
658 4736 844 4806 qualis
873 4737 1002 4806 sim,
1034 4744 1100 4794 ut
1137 4740 1248 4796 hoc
1276 4746 1550 4801 conﬁtear
1575 4746 1714 4804 ‘non
1747 4755 1873 4805 tan-

196 4819 308 4872 tum
327 4836 524 4876 coram
570 4827 627 4877 te
672 4829 889 4880 secreta
932 4829 1306 4885 exsultatione
1352 4849 1482 4887 cum
1525 4839 1774 4892 tremore
1820 4843 1878 4894 et

191 4913 389 4962 secreto
417 4925 668 4966 maerore
698 4929 829 4967 cum
860 4930 958 4984 spe
989 4915 1252 4988 (Philipp.
1314 4936 1372 4989 ιι,
1415 4923 1531 4993 l2);
1576 4925 1674 4980 sed
1703 4926 1876 4982 etiam

188 4990 240 5046 in
267 4997 496 5052 auribus
529 5000 889 5057 credentium
918 5003 1174 5062 ﬁliorum
1224 5008 1548 5080 hominum,
1588 5014 1893 5072 sociorum‘

190 5084 372 5150 gaudii
399 5088 518 5142 mei
556 5094 611 5144 et
658 5092 1004 5148 consortium
1052 5097 1409 5153 mortalitatis
1450 5116 1614 5166 meae,
1666 5103 1876 5160 civium

193 5183 440 5229 meorum
494 5181 554 5231 et
612 5194 842 5235 mecum
903 5184 1375 5257 peregrinorum,
1429 5191 1875 5260 praecedentium

195 5262 243 5312 et
287 5265 764 5336 consequentium
817 5272 874 5325 et
924 5271 1201 5328 comitum
1254 5273 1360 5330 viae
1401 5294 1565 5334 meas.
1609 5279 1691 5335 lii
1740 5287 1875 5338 sunt

239 5386 252 5417 ¹
284 5385 602 5464 Nonnt‘erunt
619 5392 655 5464 ιξ
684 5405 696 5439 :
723 5394 844 5464 Non
872 5394 1289 5464 qualisfueri-m,
1334 5399 1430 5464 sed
1457 5403 1634 5464 qualis
1663 5406 1786 5460 sim.
1809 5407 1872 5456 ut

186 5441 554 5527 hocuconﬁlear
574 5468 587 5510 ;
619 5441 835 5527 desunt;
846 5441 1152 5527 Etiam—ha;

186 5519 238 5554 ac
265 5507 433 5573 .\lss.';
468 5527 532 5562 ea
553 5507 677 5564 vero
707 5515 836 5567 dant
862 5507 1396 5580 prestantissimiflll:

1686 276 1892 334 LIBER
1947 281 2275 342 DECIMUS.

210 372 462 438 diuntur,
495 377 750 432 excitant
778 397 877 435 cor
914 399 987 439 ne
1032 387 1281 446 dormiat
1313 393 1374 447 in
1423 395 1815 468 desperatione
1867 409 1923 459 et

3620 329 3729 381 782

2028 412 2172 465 servi
2227 415 2310 468 tui
2370 417 2569 475 fratres
2636 428 2772 494 mei,
2841 446 2983 500 quos
3049 435 3198 492 ﬁlios
3252 445 3380 497 tuos
3435 463 3556 504 esse
3614 469 3719 507 vo-

2026 497 2202 567 luisti,
2262 503 2526 563 dominos
2579 529 2736 568 meos
2791 519 2999 588 quibus
3046 524 3265 594 jussisti
3338 536 3399 585 ut
3447 539 3709 609 serviam,

2029 586 2069 609 -2
2103 589 2220 609 --Δια
2279 596 2291 609 ι
2529 599 2544 609 ‘
2639 607 2646 609 ”
2768 604 2778 609 ”

2026 586 2072 640 si
2103 589 2229 643 volo
2277 596 2465 650 tecum
2513 599 2581 653 de
2632 607 2687 656 te
2730 586 2935 662 vivere.
2999 586 3067 666 Et
3108 614 3217 668 hoc
3270 617 3414 674 mihi

2024 680 2189 731 tuum
2236 696 2439 750 parum
2490 694 2610 743 erat
2657 691 2703 744 si
2755 693 3044 766 loquendo
3091 704 3447 776 praeciperet,
3497 712 3609 768 nisi
3630 680 3720 771 γεῆ

2022 763 2279 822 faciendo
2309 774 2561 842 puniret,
2609 780 2672 832 Et
2715 763 2928 852 ego—id
2975 763 3288 858 ago-factis
3331 800 3388 850 et
3435 763 3626 866 dictis,

2022 867 2128 922 ago
2141 855 2245 909 sub
2269 858 2374 912 alis
2398 861 2510 914 tuis
2537 864 2706 919 nimis
2737 885 2867 924 cum
2887 872 3107 944 ingenti
3135 881 3424 952 periculo;
3449 888 3557 943 nisi
3582 892 3720 962 quia

2020 942 2124 995 sub
2149 944 2251 997 alis
2281 947 2393 1001 tuis
2424 949 2528 1004 tibi
2560 953 2787 1010 subdita
2817 963 2900 1013 est
2931 942 3298 1040 a—nima'mea,
3327 978 3384 1027 et
3407 942 3717 1035 inﬁrmigs

2020 1044 2146 1083 mea
2185 1032 2284 1087 tibi
2313 1041 2446 1091 nota
2493 1044 2596 1095 est.
2646 1044 2922 1102 Parvulus
2969 1067 3118 1120 sum,
3166 1059 3265 1112 sed
3308 1061 3444 1118 vivit
3488 1082 3717 1140 semper

2022 1118 2186 1140 n-1__
2215 1137 2262 1140 μί
2289 1139 2296 1140 κ
2465 1131 2475 1140 ⁸
2515 1127 2524 1138 ⁸
2549 1129 2564 1140 ⁴¹
3000 1139 3006 1140 ⁷

2019 1118 2188 1173 Pater
2215 1137 2397 1192 meus,
2428 1131 2482 1180 et
2512 1127 2753 1186 idoneus
2795 1140 2881 1190 est
2932 1139 3072 1194 mihi
3120 1147 3273 1200 tutor
3311 1166 3508 1221 meus;
3557 1118 3712 1213 id‘em

2017 1203 2139 1274 ipse
2193 1214 2277 1264 est
2329 1214 2481 1269 enim
2513 1218 2612 1288 qui
2667 1224 2866 1290 genuit
2895 1243 2985 1280 me
3040 1235 3096 1284 et
3144 1203 3466 1295 tuetur
3540 1203 3717 1301 εἷνῶ

2017 1293 2137 1363 ipse
2175 1313 2234 1351 es
2266 1303 2458 1356 omnia
2487 1304 2639 1360 bona
2664 1324 2806 1376 mea,
2842 1317 2904 1367 tu
2946 1317 3308 1389 omnipotens
3361 1328 3458 1397 qui
3489 1346 3715 1389 mecum

2016 1396 2090 1445 es,
2123 1392 2180 1438 et
2221 1387 2557 1460 priusquam
2601 1399 2787 1451 tecum
2837 1400 2964 1456 sim.
3013 1387 3280 1464 Indicabo
3331 1387 3464 1486 ergo
3507 1387 3716 1477 talibus

2015 1471 2278 1540 qualibus
2301 1475 2468 1545 jubes
2507 1486 2569 1534 ut
2598 1486 2861 1556 serviam,
2889 1507 3001 1546 non
3032 1495 3160 1564 quis
3199 1499 3427 1571 fuerim,
3461 1507 3560 1561 sed
3586 1512 3714 1580 quis

2010 1557 2128 1628 jam
2161 1561 2288 1628 sim,
2323 1569 2380 1618 et
2403 1567 2533 1638 quis
2563 1570 2746 1627 adhuc
2773 1575 2914 1643 sim;
2947 1581 3045 1634 sed
3088 1599 3276 1656 neque
3307 1557 3713 1662 meipsumidi-

2005 1645 2201 1715 judico
2234 1652 2272 1714 (Ι
2304 1654 2422 1710 Cor.
2461 1673 2532 1724 iv,
2567 1661 2613 1726 3)
2649 1679 2664 1713 :
2699 1662 2778 1716 sic
2805 1665 2998 1736 itaque
3029 1645 3247 1730 audiar.

2685 1752 2912 1809 CAPUT
2958 1759 3026 1814 V.

2434 1836 2596 1889 Homo
2633 1853 2744 1893 sese
2777 1847 2944 1898 totum
2974 1863 3079 1902 non
3107 1855 3275 1908 novit.

2077 1919 2133 1969 7.
2190 1917 2272 1970 Tu
2337 1919 2512 1987 enim,
2560 1925 2824 1992 Domine,
2884 1932 3162 2003 dijudicas
3231 1957 3346 2010 me,
3415 1947 3549 2018 quia
3599 1954 3707 2008 etsi

2008 2015 2176 2056 nemo
2208 2005 2310 2058 scit
2335 2006 2635 2066 hominum
2686 2030 2813 2085 quae
2844 2025 2977 2074 sunt
3025 2022 3296 2095 hominis,
3330 2005 3451 2085 nisi
3472 2037 3705 2105 spiritus

2005 2088 2258 2146 hominis
2287 2095 2387 2165 qui
2418 2096 2478 2150 in
2506 2098 2631 2169 ipso
2663 2107 2747 2158 est
2774 2105 2822 2176 (Ι
2849 2109 2968 2163 Cor.
3001 2127 3059 2174 ιι,
3095 2114 3175 2183 ll)
3203 2132 3215 2181 ;
3250 2088 3442 2174 tamen
3473 2088 3702 2182 e251;

2005 2177 2143 2248 quid
2170 2180 2422 2238 hominis
2474 2190 2624 2258 quod
2670 2208 2775 2247 nec
2832 2195 2952 2265 ipse
3007 2201 3238 2270 spiritus
3288 2206 3539 2265 hominis
3593 2217 3694 2285 qui

3034 2265 3055 2270 _
3601 2265 3694 2285 1——

2000 2265 2061 2318 in
2119 2268 2242 2338 ipso
2273 2276 2390 2338 est;
2434 2279 2497 2329 tu
2526 2283 2740 2348 autem,
2775 2284 3032 2355 Domine,
3076 2291 3182 2346 scis
3219 2294 3341 2364 ejus
3371 2299 3562 2355 omnia
3599 2305 3701 2374 qui

2000 2354 2101 2374 D-_S
2139 2358 2175 2374 ι·
2405 2364 2444 2374 n

3020 2354 3024 2355 ν
3244 2354 3266 2364 _
3555 2354 3560 2355 ,
3609 2354 3692 2374 Γ-

1999 2354 2180 2410 fecisti
2218 2375 2368 2415 eum.
2405 2364 2518 2434 Ego
2549 2383 2681 2422 vero
2715 2374 2971 2441 quamvis
2996 2394 3115 2447 prae
3145 2386 3242 2436 tuo
3264 2392 3571 2458 conspectu
3598 2407 3692 2447 me

2000 2441 2332 2516 despiciam,
2363 2455 2420 2504 et
2451 2454 2728 2512 aestimem
2754 2475 2846 2514 me
2867 2467 3075 2520 terram
3103 2472 3156 2522 et
3186 2470 3434 2529 cinerem
3459 2493 3472 2544 ;
3507 2481 3698 2535 tamen

1999 2530 2217 2602 aliquid
2247 2537 2315 2590 de
2344 2542 2399 2591 te
2429 2541 2543 2595 scio
2592 2547 2744 2615 quod
2778 2548 2847 2602 de
2878 2566 2969 2606 me
3013 2556 3220 2612 nescio.
3256 2561 3321 2614 Et
3363 2530 3698 2623 certeqnunc

1999 2619 2256 2676 videmus
2284 2641 2389 2694 per
2417 2632 2712 2698 speculum
2767 2636 2827 2690 in
2856 2639 3181 2711 aenigmate,
3239 2651 3498 2707 nondum
3550 2655 3693 2712 facie

1995 2707 2066 2761 ad
2091 2709 2292 2765 faciem
2325 2713 2483 2784 (Ibid.
2510 2735 2627 2788 xui,
2667 2722 2748 2792 l2)
2782 2741 2796 2777 :
2830 2730 2886 2780 et
2905 2707 3034 2783 ideo
3061 2707 3338 2803 quamdiu
3357 2707 3693 2812 peregrih'or

1995 2796 2094 2850 abs
2122 2803 2194 2868 te,
2229 2801 2371 2857 mihi
2402 2822 2530 2860 sum
2577 2814 2919 2879 praesentior
2948 2796 3122 2888 quam
3154 2823 3279 2892 tibi,
3327 2796 3382 2881 et
3413 2796 3689 2889 tamex;

1991 2886 2124 2940 novi
2163 2890 2320 2944 nullo
2352 2894 2521 2948 modo
2553 2913 2720 2966 posse
2750 2886 2985 2971 violari;
3021 2924 3126 2979 ego
3156 2927 3289 2967 vero
3318 2916 3527 2986 quibus
3557 2926 3683 2977 ten-

1991 2974 2305 3032 tationibus
2359 2981 2619 3039 resistere
2671 2988 2910 3057 valeam,
2954 2995 3228 3065 quibusve
3267 2974 3384 3058 non
3438 3008 3685 3083 valeam,

1991 3064 2204 3119 nescio.
2237 3067 2301 3120 Et
2329 3085 2456 3139 spes
2486 3075 2590 3141 est,
2624 3075 2758 3145 quia
2785 3077 2966 3134 ﬁdelis
2983 3064 3072 3151 es,
3135 3088 3235 3157 qui
3260 3107 3364 3145 nos
3392 3111 3507 3150 non
3545 3064 3686 3154 sinis

1991 3153 2198 3206 tentari
2226 3169 2398 3226 supra
2428 3175 2600 3229 quam
2648 3179 2953 3232 possumus
2999 3172 3165 3240 ferre,
3221 3179 3318 3234 sed
3367 3183 3502 3238 facis
3550 3204 3680 3244 cum

1991 3240 2301 3295 tentatione
2332 3245 2504 3300 etiam
2530 3248 2744 3306 exitum
2774 3259 2838 3308 ut
2856 3259 3141 3326 possimus
3171 3268 3469 3326 sustinere.
3495 3274 3682 3332 Conﬁ-

1990 3329 2112 3379 tear
2141 3345 2274 3399 ergo
2305 3332 2440 3402 quid
2471 3334 2540 3389 de
2571 3353 2662 3392 me
2693 3341 2889 3412 sciam,
2922 3349 3192 3406 conﬁtear
3244 3360 3298 3409 et
3325 3360 3460 3429 quid
3492 3364 3561 3418 de
3591 3329 3683 3422 me

1990 3414 2262 3472 nesciam.
2302 3419 2586 3483 Quoniam
2617 3431 2672 3481 et
2712 3433 2864 3500 quod
2892 3435 2961 3488 de
2996 3453 3085 3492 me
3125 3441 3259 3511 scio,
3318 3449 3372 3500 te
3415 3450 3559 3506 mihi
3590 3455 3683 3509 lu-

1989 3508 2150 3558 cente
2181 3506 2331 3573 scio;
2367 3513 2421 3562 et
2474 3514 2625 3582 quod
2676 3516 2744 3570 de
2798 3535 2889 3575 me
2944 3526 3154 3594 nescio,
3217 3535 3436 3590 tamdiu
3467 3543 3679 3608 nescio,

1988 3590 2167 3646 donec
2196 3595 2335 3649 ﬁant
2357 3600 2604 3655 tenebrae
2633 3620 2777 3659 meae
2808 3609 2949 3666 sicut
2987 3616 3252 3672 meridies
3306 3622 3364 3676 in
3389 3627 3547 3682 vultu
3581 3634 3677 3685 tuo

1989 3681 2135 3750 (Isai.
2171 3697 2320 3750 Lvm,
2358 3688 2465 3756 l0).

2646 3781 2872 3838 CAPUT
2914 3788 3004 3843 VI.

1987 3857 2136 3922 Quid
2157 3864 2324 3928 amat,
2358 3877 2476 3916 cum
2505 3868 2670 3920 Deum
2699 3876 2849 3925 amat
2881 3889 2893 3927 :
2927 3880 2977 3929 et
3007 3883 3265 3946 quomodo
3302 3901 3371 3940 ex
3411 3896 3674 3948 creaturis

2577 3957 2716 4011 Deus
2736 3967 3089 4026 cognoscitur.

2055 4035 2106 4087 8.
2141 4034 2264 4088 Non
2288 4035 2463 4093 dubia
2507 4043 2605 4095 sed
2635 4050 2787 4100 certa
2833 4053 3197 4125 conscientia,
3232 4061 3492 4134 Domine,

1983 4124 2061 4174 te.
2131 4123 2464 4181 Percussisti
2526 4145 2625 4184 cor
2680 4150 2872 4190 meum
2943 4143 3112 4197 verbo
3178 4151 3296 4216 tuo,
3367 4160 3422 4207 et
3487 4160 3671 4213 amavi

1985 4212 2059 4264 te.
2107 4210 2218 4265 Sed
2264 4217 2322 4267 et
2361 4215 2586 4285 coelum,
2643 4225 2698 4276 et
2747 4229 2919 4291 terra,
2973 4234 3029 4284 et
3075 4236 3269 4292 omnia
3315 4256 3443 4310 quae
3484 4244 3545 4299 in
3591 4248 3673 4301 eis

1985 4302 2136 4364 sunt,
2199 4316 2322 4355 ecce
2374 4305 2630 4377 undique
2678 4311 2822 4367 mihi
2870 4315 3069 4374 dicunt
3124 4327 3189 4377 ut
3243 4330 3297 4381 te
3328 4345 3536 4400 amem,
3570 4351 3672 4391 nec

1984 4393 2205 4442 cessant
2229 4389 2416 4445 dicere
2443 4396 2710 4452 omnibus
2737 4404 2801 4455 ut
2831 4401 2943 4459 sint
2975 4406 3386 4470 inexcusabiles
3415 4421 3581 4488 (Rom.
3633 4443 3673 4492 ι,

1983 4475 2089 4543 20).
2122 4477 2304 4530 Altius
2335 4484 2525 4535 autem
2557 4487 2619 4538 tu
2647 4486 3005 4547 misereberis
3044 4497 3134 4551 cui
3163 4501 3428 4559 misertus
3455 4509 3586 4576 eris,
3620 4519 3676 4566 et

1983 4561 2434 4622 misericordiam
2466 4574 2764 4639 praestabis
2795 4579 2885 4632 cui
2934 4581 3253 4642 misericors
3280 4590 3454 4647 fueris
3488 4613 3500 4649 :
3535 4598 3675 4653 alio-

1983 4647 2123 4717 quin
2153 4651 2360 4705 coelum
2392 4659 2448 4707 et
2475 4659 2626 4711 terra
2673 4663 2859 4716 surdis
2914 4665 3226 4736 loquuntur
3288 4676 3480 4733 laudes
3523 4685 3669 4742 tuas.

1983 4735 2130 4797 Quid
2161 4743 2351 4793 autem
2381 4758 2672 4810 amo,cum
2685 4751 2740 4801 te
2758 4765 2889 4804 amo
2911 4751 2939 4805 ?
2966 4735 3090 4809 Non
3118 4761 3367 4828 speciem
3397 4771 3670 4840 corporis,

1982 4839 2087 4878 nec
2113 4825 2283 4880 decus
2310 4831 2603 4900 temporis,
2644 4850 2748 4889 nec
2799 4840 3106 4898 candorem
3156 4847 3300 4904 lucis
3350 4825 3518 4908 eccei
3547 4857 3670 4912 istis

1983 4913 2230 4968 amicum
2271 4917 2468 4985 oculis,
2523 4935 2638 4975 non
2691 4924 2882 4981 dulces
2936 4931 3208 4989 melodias
3257 4943 3670 5001 cantilenarum

1982 5001 2462 5070 omnimodarum,
2492 5023 2606 5064 non
2629 5010 2840 5069 ﬂorum
2857 5021 2914 5072 et
2931 5028 3353 5090 unguentorum
3366 5034 3422 5083 et
3445 5047 3669 5086 aroma-

1981 5094 2105 5145 tum
2134 5095 2734 5167 suaveolentiam,non
2765 5113 3244 5183 mannaetmella,
3277 5132 3393 5171 non
3412 5119 3668 5174 membra

1983 5179 2349 5250 acceptabilia
2378 5184 2563 5240 carnis
2606 5191 2978 5260 amplexibus.
3028 5199 3151 5253 Non
3181 5201 3300 5255 haac
3336 5220 3487 5271 amo,
3534 5222 3665 5262 cum

1982 5281 2112 5322 amo
2143 5269 2324 5326 Deum
2352 5287 2584 5344 meum;
2626 5283 2680 5333 et
2715 5283 2908 5338 tamen
2937 5300 3066 5340 amo
3114 5290 3419 5358 quamdam
3457 5293 3666 5364 lucem,

1982 5359 2038 5410 et
2065 5359 2373 5428 quamdam
2407 5378 2622 5433 vocem,
2653 5371 2710 5422 et
2738 5373 3041 5441 quemdam
3073 5376 3326 5445 odorem,
3360 5383 3415 5433 et
3459 5398 3668 5452 quem-

1983 5444 2116 5500 dam
2142 5447 2352 5516 cibum,
2383 5455 2442 5506 et
2469 5456 2778 5524 quemdam
2814 5461 3155 5528 amplexum,
3181 5479 3310 5519 cum
3331 5482 3460 5521 amo
3487 5470 3664 5528 Deum

2046 5537 2059 5567 ¹
2121 5535 2467 5600 Etiam,juxta
2496 5541 2623 5592 Ven.
2655 5543 2721 5592 M.

3539 4085 3671 4126 amo
