4058 6354
271 292 378 345 783

274 430 493 476 meum,
540 412 747 473 lucem,
793 422 1011 472 vocem,
1058 407 1311 468 odorem,
1369 399 1582 466 cibum,
1642 396 1972 468 amplexum

274 501 563 558 interioris
588 496 838 554 hominis
868 494 981 549 mei
1007 510 1021 560 ;
1054 491 1154 547 ubi
1182 491 1362 560 fulget
1406 488 1615 543 animae
1645 501 1789 540 mese
1817 483 1972 555 quod

278 608 395 647 non
421 589 575 660 capit
602 589 779 648 locus,
812 588 867 638 et
897 582 993 636 ubi
1020 585 1181 635 sonat
1211 578 1362 651 quod
1404 593 1519 631 non
1546 576 1695 646 rapit
1722 578 1970 643 tempus,

279 685 336 734 et
364 678 465 733 ubi
488 658 609 731 olet
638 673 792 746 quod
823 687 938 726 non
966 668 1182 740 spargit
1213 668 1401 731 ﬂatus,
1432 669 1490 719 et
1517 663 1619 718 ubi
1650 661 1798 732 sapit
1821 658 1974 731 quod

280 784 398 823 non
428 764 638 821 minuit
667 763 932 826 edacitas,
967 763 1024 812 et
1054 756 1153 811 ubi
1182 756 1362 811 haeret
1407 752 1564 824 quod
1602 766 1719 804 non
1761 746 1980 804 divellit

281 855 529 911 satietas.
564 854 681 908 Hoc
711 853 795 905 est
836 846 988 921 quod
1027 861 1178 908 amo,
1222 859 1354 898 cum
1385 842 1564 896 Deum
1596 854 1787 893 meum
1826 851 1976 890 amo.

354 948 406 1000 9.
440 944 508 998 Et
535 940 675 1013 quid
705 942 791 992 est
829 935 987 991 hoc?
1031 930 1381 1003 Interrogavi
1426 934 1663 995 terram,
1714 930 1770 980 et
1817 923 1979 990 dixit,

281 1034 407 1088 Non
436 1045 600 1095 sum;
624 1031 682 1082 et
710 1037 1088 1098 quaecumque
1116 1020 1175 1075 in
1207 1019 1403 1075 eadem
1458 1020 1612 1086 sunt,
1647 1014 1800 1070 idem
1842 1018 1978 1065 con-

282 1122 429 1176 fessa
482 1121 635 1172 sunt.
690 1109 1044 1181 Interrogavi
1094 1124 1252 1163 mare
1282 1111 1339 1160 et
1386 1105 1637 1175 abyssos,
1669 1106 1726 1157 et
1756 1099 1983 1171 reptilia

283 1209 604 1263 animarum
673 1202 929 1256 vivarum
1001 1202 1057 1252 et
1110 1191 1726 1267 responderuntzNon
1786 1204 1982 1242 sumus

287 1297 436 1351 Deus
465 1299 596 1349 tuus
625 1308 639 1359 ;
666 1305 859 1362 quaere
891 1302 1062 1358 super
1083 1301 1205 1339 nos.
1240 1278 1594 1350 Interrogavi
1632 1293 1799 1332 auras
1826 1275 1986 1330 ﬂabi-

286 1386 390 1451 les,
421 1388 478 1438 et
506 1380 695 1453 inquit
722 1378 1020 1433 universus
1042 1390 1137 1428 aer
1154 1387 1283 1426 cum
1312 1368 1515 1424 incolis
1549 1366 1669 1420 suis
1696 1381 1711 1420 :
1745 1365 1980 1420 Fallitur

288 1470 713 1535 Anaximenes;
767 1481 884 1520 non
941 1478 1069 1517 sum
1122 1463 1286 1514 Deus.
1346 1453 1698 1525 Interrogavi
1753 1453 1983 1515 coelum,

287 1561 488 1627 solem,
510 1559 729 1622 lunam,
762 1554 951 1608 stellas
979 1571 995 1619 ;
1026 1565 1211 1620 neque
1240 1564 1346 1601 nos
1374 1561 1571 1600 sumus
1600 1545 1782 1598 Deum
1812 1557 1985 1612 quem

288 1648 515 1723 quieris,
550 1644 836 1717 inquiunt.
870 1642 935 1695 Et
978 1638 1096 1693 dixi
1140 1635 1405 1691 omnibus
1452 1632 1521 1688 iis
1561 1648 1692 1703 quin
1741 1630 1985 1684 circum-

289 1717 439 1793 stant
454 1736 603 1789 fores
622 1729 807 1787 carnis
822 1744 966 1783 mem
994 1743 1008 1781 :
1035 1724 1263 1780 Dixistis
1287 1721 1429 1777 mihi
1450 1721 1519 1776 de
1542 1721 1658 1774 Deo
1682 1735 1810 1773 meo
1832 1717 1985 1788 quod

287 1840 386 1878 vos
406 1838 521 1878 non
553 1820 705 1886 estis,
728 1817 897 1873 dicite
927 1813 1070 1870 mihi
1091 1813 1159 1869 de
1188 1812 1288 1866 illo
1302 1808 1539 1881 aliquid.
1564 1809 1629 1863 Et
1646 1807 1988 1861 exclamave-

288 1916 423 1968 runt
450 1926 585 1965 voce
615 1924 823 1980 magna
854 1922 868 1960 :
901 1907 1027 1976 Ipse
1046 1902 1178 1957 fecit
1208 1917 1315 1955 nos
1345 1899 1508 1971 (Psal.
1525 1913 1665 1964 XCIX,
1698 1894 1775 1966 3).
1808 1894 1993 1949 Inter-

289 1998 512 2071 rogatio
542 2014 694 2066 mea,
718 1993 961 2049 intentio
975 2007 1132 2059 mea;
1152 1987 1510 2061 etresponsio
1532 2001 1752 2052 eorum,
1773 1982 1989 2053 species

291 2070 511 2143 eorum.
555 2088 619 2141 Et
647 2083 826 2140 direxi
858 2098 948 2138 me
1000 2080 1069 2135 ad
1119 2095 1232 2145 me,
1263 2082 1321 2132 et
1360 2075 1479 2130 dixi
1512 2073 1674 2139 mihi,
1725 2074 1810 2126 Tu
1858 2070 1988 2143 quis

294 2176 400 2232 es?
434 2177 500 2231 Et
528 2173 824 2246 respondi,
857 2173 1056 2225 Homo.
1093 2169 1159 2221 Et
1189 2182 1317 2221 ecce
1369 2179 1575 2235 corpus
1612 2165 1668 2216 et
1696 2160 1888 2214 anima
1929 2159 1988 2213 in

291 2279 385 2319 me
416 2261 559 2317 mihi
589 2265 798 2333 praesto
829 2262 999 2323 sunt;
1034 2270 1214 2310 unum
1246 2252 1515 2318 exterius,
1549 2255 1605 2305 et
1633 2250 1879 2304 alterum
1908 2247 1992 2300 in-

293 2352 491 2407 terius.
524 2350 670 2416 Quid
702 2349 913 2404 horum
974 2349 1060 2399 est
1104 2343 1254 2397 unde
1302 2356 1559 2412 quaerere
1607 2337 1777 2392 debui
1810 2337 1988 2390 Deum

293 2456 513 2507 meum,
538 2453 709 2509 quem
717 2437 837 2507 jam
865 2431 1241 2504 quaesiveram
1255 2445 1359 2499 per
1370 2443 1577 2497 corpus
1589 2442 1622 2479 a
1637 2430 1790 2478 terra
1808 2439 1990 2493 usque

297 2529 366 2583 ad
394 2528 620 2593 coelum,
656 2537 957 2596 quousque
1002 2518 1166 2591 potui
1216 2517 1443 2571 mittere
1489 2513 1747 2581 nuntios,
1800 2511 1994 2566 radios

298 2616 592 2671 oculorum
649 2610 955 2665 meorum?
1002 2607 1111 2662 Sed
1158 2604 1364 2660 melius
1420 2602 1572 2674 quod
1614 2597 1994 2655 interius.'Ei

300 2703 512 2776 quippe
539 2698 945 2755 renuntiabant
973 2712 1169 2751 omnes
1206 2692 1395 2748 nuntii
1440 2691 1759 2763 corporales
1793 2687 1993 2760 praesi-

301 2791 461 2849 denti
490 2794 546 2845 et
562 2787 845 2861 judicanti
876 2787 945 2841 de
984 2783 1225 2856 singulis
1274 2779 1739 2853 responsionibus
1786 2777 1912 2832 cceli
1939 2780 1996 2831 et

297 2886 467 2935 terra;
500 2884 556 2933 et
576 2876 832 2933 omnium
860 2891 989 2947 quae
1019 2874 1079 2928 in
1106 2873 1185 2927 eis
1203 2876 1336 2926 sunt
1366 2869 1678 2925 dicentium
1709 2883 1721 2921 :
1752 2868 1873 2922 Non
1905 2881 1996 2920 su-

298 2985 429 3025 mus
460 2970 629 3034 Deus,
660 2965 758 3020 sed
786 2965 907 3036 ipse
936 2962 1069 3018 fecit
1099 2978 1221 3015 nos.
1285 2960 1463 3014 Homo
1511 2955 1752 3011 interior
1780 2970 1993 3024 cogno-

300 3058 380 3112 vit
442 3056 564 3111 haec
619 3071 724 3125 per
779 3051 1073 3108 exterioris
1127 3047 1551 3113 ministerium;
1600 3061 1708 3116 ego
1759 3042 1997 3098 interior

303 3144 544 3216 cognovi
572 3144 716 3211 haec,
748 3157 870 3212 ego,
929 3156 1035 3211 ego
1088 3137 1314 3192 animus
1363 3151 1466 3206 per
1518 3149 1716 3187 sensus
1743 3129 1998 3201 corporis

301 3234 437 3299 mei.
462 3231 815 3303 Interrogavi
844 3228 1048 3284 mundi
1086 3227 1295 3280 molem
1355 3224 1423 3278 de
1472 3224 1587 3278 Deo
1624 3237 1776 3288 meo,
1808 3225 1865 3274 et
1900 3236 1993 3273 re-

304 3322 537 3396 spondit
566 3320 708 3375 mihi
743 3337 757 3374 :
791 3319 917 3373 Non
957 3332 1064 3386 ego
1096 3313 1354 3379 srm,sed
1386 3311 1502 3383 ipse
1532 3326 1624 3365 me
1656 3308 1807 3364 fecit.

384 3414 466 3467 lO.
502 3412 699 3465 Nonne
727 3407 996 3461 omnibus
1025 3403 1235 3475 quibus
1267 3401 1490 3470 integer
1532 3414 1729 3453 sensus
1758 3400 1863 3463 est,
1894 3412 1996 3466 ap-

304 3506 467 3573 paret
495 3500 617 3553 hzec
648 3495 904 3568 species?
934 3494 1046 3548 Cur
1066 3507 1183 3545 non
1201 3487 1469 3543 omnibus
1490 3486 1693 3539 eadem
1715 3482 1999 3553 loquitur?

304 3571 588 3645 Animalia
618 3585 822 3657 pusilla
854 3587 912 3637 et
951 3597 1159 3650 magna
1186 3577 1382 3632 vident
1410 3589 1556 3639 eam,
1618 3572 1715 3627 sed
1752 3571 1999 3625 interro-

307 3694 441 3747 gare
461 3677 792 3747 nequeunt;
829 3687 944 3726 non
975 3669 1131 3723 enim
1160 3664 1467 3738 praeposita
1496 3666 1580 3715 est
1610 3660 1671 3715 in
1723 3660 1806 3714 eis
1844 3675 2001 3714 nun-

305 3765 580 3821 tiantibus
611 3762 870 3818 sensibus
896 3759 1069 3831 judex
1110 3755 1278 3811 ratio.
1327 3750 1599 3807 llomines
1647 3753 1838 3803 autem
1871 3764 2001 3818 pos-

307 3860 440 3909 sunt
459 3854 831 3923 interrogare,
868 3853 932 3903 ut
965 3842 1273 3901 invisibilia
1304 3839 1425 3910 Dei,
1457 3856 1562 3910 per
1608 3854 1674 3892 ea
1701 3853 1831 3908 quae
1860 3836 2004 3890 facta

308 3944 460 4009 sunt,
519 3941 810 3995 intellecta
856 3931 1328 4006 conspiciantur‘
1394 3932 1559 3999 (Rom.
1612 3944 1650 3994 ι,
1708 3928 1835 3995 20');
1907 3923 2004 3978 sed

309 4046 504 4085 amore
530 4028 856 4083 subdantur
873 4025 975 4091 eis,
1004 4027 1060 4077 et
1082 4019 1297 4077 subditi
1320 4018 1578 4089 judicare
1604 4031 1721 4069 non
1742 4017 2000 4085 possunt.

311 4120 425 4173 Nec
453 4116 801 4188 respondent
821 4113 929 4167 ista
956 4107 1441 4179 interrogantibus
1470 4104 1579 4158 nisi
1597 4101 2004 4174 judicantibus;

308 4222 414 4261 nec
450 4221 646 4259 vocem
704 4216 869 4256 suam
921 4201 1167 4263 mutant,
1220 4194 1279 4249 id
1331 4196 1415 4247 est
1442 4190 1687 4262 speciem
1722 4205 1904 4255 suam,
1962 4189 2008 4243 si

310 4294 458 4348 alius
492 4296 717 4346 tantum
750 4287 962 4354 videat,
991 4285 1138 4340 alius
1187 4286 1378 4337 autem
1426 4280 1624 4334 videns
1674 4277 2005 4347 interroget,

307 4386 375 4436 ut
396 4381 559 4435 aliter
578 4379 660 4432 illi
688 4378 982 4447 appareat,
1018 4372 1185 4426 aliter
1230 4369 1400 4435 huic;
1447 4367 1541 4421 sed
1588 4367 1788 4421 eodem
1836 4365 2007 4419 modo

313 4469 542 4539 utrique
566 4480 869 4538 apparens,
907 4461 993 4515 illi
1022 4464 1181 4514 muta
1224 4463 1329 4527 est,
1380 4455 1513 4510 huic
1562 4454 1852 4525 loquitur:
1897 4454 2010 4506 imo

311 4573 446 4611 vero
480 4554 747 4610 omnibus
776 4551 1033 4622 loquitur
1062 4565 1076 4616 ;
1108 4548 1205 4603 sed
1248 4545 1334 4601 illi
1383 4543 1714 4613 intelligunt
1758 4541 1858 4613 qui
1889 4542 2012 4613 ejus

309 4660 502 4699 vocem
535 4647 821 4712 acceptam
853 4638 992 4694 foris
1034 4638 1189 4695 intus
1223 4651 1354 4689 cum
1398 4632 1639 4687 veritate
1686 4631 2005 4685 conferunt.

312 4731 531 4786 Veritas
560 4728 714 4784 enim
743 4727 879 4784 dicit
909 4726 1051 4781 mihi
1076 4742 1090 4779 :
1116 4726 1238 4779 Non
1271 4726 1358 4777 est
1413 4721 1561 4776 Deus
1616 4723 1750 4773 tuus
1779 4718 2009 4785 calum,

314 4825 371 4875 et
398 4825 591 4885 terra;
621 4834 806 4889 neque
837 4832 1005 4871 omne
1034 4831 1264 4885 corpus.
1325 4812 1441 4866 Iloc
1496 4808 1631 4863 dicit
1664 4822 1861 4861 eorum
1903 4820 2011 4858 na-

313 4914 443 4963 tura
472 4906 724 4961 videnti:
761 4907 931 4960 Moles
974 4909 1089 4970 est;
1150 4902 1331 4957 moles
1387 4898 1578 4954 minor
1634 4900 1719 4951 est
1755 4896 1817 4950 in
1849 4897 2011 4964 parte

315 5011 490 5068 quam
520 4994 580 5048 in
609 4997 750 5048 toto.
787 4993 911 5047 Jam
942 4996 1005 5046 tu
1057 4990 1261 5045 melior
1287 5005 1346 5043 es
1376 5004 1390 5055 ;
1422 4985 1528 5041 tibi
1581 4985 1728 5051 dico,
1777 4981 2007 5049 anima;

315 5085 591 5156 quoniam
620 5086 679 5137 tu
709 5085 939 5151 vegetas
965 5080 1179 5133 molem
1210 5075 1463 5148 corporis
1505 5074 1611 5144 tui,
1667 5072 1928 5144 praebens
1957 5069 2012 5123 ei

312 5174 513 5243 vitam,
545 5171 699 5244 quod
745 5169 972 5225 nullum
1028 5184 1235 5238 corpus
1289 5168 1527 5237 praestat
1581 5161 1827 5233 corpori.
1862 5161 2012 5214 Deus

313 5271 505 5321 autem
534 5268 666 5319 tuus
695 5261 868 5317 etiam
897 5257 1003 5314 tibi
1031 5256 1161 5312 vitae
1190 5256 1302 5311 vita
1332 5258 1415 5312 est
1434 5252 1478 5308 ².

375 5426 398 5522 ζ
426 5421 787 5496 conspiciunt,
815 5419 968 5531 juxta
997 5420 1024 5467 5
1050 5417 1175 5466 Mss.
1205 5414 1355 5464 Mart.
1381 5413 1451 5462 Μ.
1539 5475 1548 5486 ι
1703 5472 1711 5482 _
1758 5470 1769 5483 ,
1835 5473 1844 5483 ⁸

423 5486 507 5531 Sic
539 5491 669 5531 Arn.
711 5489 765 5531 et
791 5483 822 5531 lt
845 5497 933 5531 ss:
963 5485 1017 5530 at
1047 5480 1165 5528 Am.
1196 5478 1281 5527 Er.
1299 5477 1447 5531 Lov..
1474 5475 1637 5527 etiam
1672 5471 1768 5523 (ibi
1790 5486 1844 5522 vi

423 5471 933 5541 ἑίὶῐέιὶζδώιὶεες
963 5485 1017 5530 at
1047 5480 1165 5528 Am.
1196 5478 1281 5527 Er.
1299 5477 1447 5537 Lov.,
1474 5475 1637 5527 etiam
1672 5471 1769 5523 ubi
1790 5473 1900 5522 vita
1919 5471 2009 5521 est.

315 5573 374 5585 -
405 5548 488 5596 Sic
509 5547 667 5597 etiam
686 5546 819 5597 Ven.
848 5548 901 5595 et
920 5542 1084 5606 Lugd.
1104 5542 1175 5592 Μ.

1455 270 1997 332 CONFESSIONUM
2037 269 2093 326 S.
2142 268 2552 326 AUGUSTINI.

3658 258 3771 312 ’784

2737 389 2963 444 CAPUT
3000 388 3117 442 VII.

2171 502 2434 570 Corporea
2462 502 2558 552 aut
2586 498 2842 551 scnsitiva
2872 498 3072 549 virtute
3094 496 3231 549 Deus
3250 507 3355 546 non
3382 490 3679 545 invenitur.

2156 612 2239 664 tt.
2275 605 2420 671 Quid
2451 621 2585 676 ergo
2607 620 2757 669 amo,
2789 619 2917 658 cum
2952 603 3129 656 Deum
3160 615 3351 654 meum
3400 613 3528 651 amo
3549 597 3578 651 ?
3626 591 3772 658 Quis

2085 700 2169 752 est
2196 696 2291 750 ille
2321 710 2491 766 super
2521 698 2689 764 caput
2709 691 2915 746 animas
2948 706 3088 744 mem
3112 691 3141 744 ?
3169 691 3276 743 Per
3306 686 3489 758 ipsam
3520 681 3778 738 animam

2085 801 2273 841 meam
2302 782 2603 838 ascendam
2636 780 2704 835 ad
2734 780 2918 834 illum.
2950 777 3225 833 Transibo
3271 774 3385 829 vim
3421 787 3629 838 meam,
3663 784 3782 840 qua

2085 876 2279 930 hwreo
2318 871 2561 942 corpori,
2605 874 2663 924 et
2716 867 2961 929 vitaliter
3005 879 3339 938 compagem
3387 862 3511 933 ejus
3555 858 3775 930 repleo.

2091 965 2213 1018 Non
2260 977 2326 1016 ea
2353 959 2406 1014 vi
2436 957 2660 1030 reperio
2700 959 2878 1013 Deum
2915 971 3156 1010 meum:
3196 968 3330 1008 nam
3388 948 3666 1022 reperiret
3724 950 3786 1000 et

2089 1068 2290 1124 equus,
2334 1056 2393 1106 et
2432 1049 2644 1113 mulus,
2682 1046 2890 1120 quibus
2937 1060 3054 1099 non
3098 1048 3180 1098 est
3229 1040 3551 1096 intellectus
3598 1035 3775 1106 (Psal.

2089 1158 2238 1200 xxxi.
2269 1142 2317 1207 9)
2348 1156 2361 1204 ;
2392 1137 2527 1210 quia
2553 1140 2637 1191 est
2668 1135 2868 1190 eadem
2897 1134 2982 1187 vis
3012 1149 3127 1204 qua
3153 1128 3351 1184 vivunt
3382 1126 3551 1182 etiam
3581 1139 3784 1180 eorum

2090 1246 2349 1300 corpora.
2390 1229 2481 1282 Est
2532 1226 2643 1279 alia
2699 1224 2782 1277 vis
2834 1240 2952 1277 non
2999 1222 3179 1275 solum
3230 1234 3344 1290 qua
3396 1216 3635 1277 viviﬁco,
3687 1211 3787 1266 sed

2091 1317 2262 1372 etiam
2295 1333 2406 1388 qua
2428 1314 2686 1369 δέηδίίὶοο
2705 1328 2932 1366 carnem
2953 1325 3140 1364 meam
3162 1323 3334 1381 quam
3367 1304 3504 1359 mihi
3549 1302 3790 1358 fabrica-

2089 1406 2172 1460 vit
2202 1404 2513 1460 Dominus:
2541 1402 2749 1473 jubcns
2780 1400 2945 1454 oculo
2971 1402 3036 1452 ut
3062 1413 3174 1451 non
3221 1393 3432 1458 audiat,
3468 1397 3525 1446 et
3563 1389 3689 1446 auri
3722 1393 3792 1443 ut

2092 1511 2210 1548 non
2240 1492 2459 1559 videat;
2492 1490 2591 1545 sed
2613 1489 2695 1543 illi
2715 1505 2820 1560 per
2844 1502 3016 1559 quem
3036 1484 3259 1539 videam
3286 1481 3455 1549 ;huic
3482 1496 3587 1551 per
3608 1495 3788 1551 quam

2094 1582 2323 1637 audiam
2356 1598 2369 1635 :
2404 1584 2461 1635 et
2478 1577 2710 1651 propria
2741 1574 3074 1646 singillatim
3103 1571 3323 1629 cazleris
3353 1568 3614 1624 sensibus
3642 1566 3794 1622 sedi-

2093 1671 2200 1726 bus
2230 1669 2348 1723 suis
2381 1674 2438 1724 et
2468 1667 2669 1723 ofﬁciis
2690 1665 2805 1720 suis
2833 1681 2848 1732 ;
2872 1680 3000 1736 qua:
3019 1663 3239 1716 diversa
3264 1676 3369 1730 per
3399 1675 3495 1713 eos
3511 1673 3619 1729 ago
3637 1672 3792 1711 unus

2094 1776 2199 1831 ego
2227 1758 2454 1812 animus
2481 1756 2529 1811 ⁸.
2560 1755 2830 1811 Transibo
2860 1758 2917 1807 et
2943 1752 3108 1806 istam
3150 1749 3267 1803 vim
3298 1763 3485 1802 meam
3514 1763 3527 1800 :
3559 1760 3693 1799 nam
3737 1748 3800 1798 et

2095 1850 2244 1905 hanc
2264 1848 2436 1903 habet
2465 1844 2681 1918 cquus.‘
2718 1849 2776 1899 et
2829 1841 3057 1907 mulus;
3111 1837 3363 1894 sentiunt
3412 1835 3568 1891 enim
3615 1833 3797 1889 etiam

2097 1937 2206 2009 ipsi
2234 1953 2337 2009 per
2365 1951 2589 2007 corpus.

2740 2055 2962 2112 CAPUT
3001 2053 3145 2107 VIII.

2741 2163 3008 2219 Memoria:
3036 2160 3138 2213 ris.

2173 2276 2264 2329 12.
2297 2271 2569 2327 Transibo
2602 2285 2739 2340 ergo
2771 2272 2827 2322 et
2854 2266 3021 2321 istam
3049 2264 3166 2317 vim
3200 2265 3421 2317 naturm
3460 2274 3621 2325 meae,
3656 2274 3796 2328 gra-

2100 2362 2268 2417 dibus
2296 2361 2606 2415 ascendens
2642 2358 2713 2412 ad
2768 2373 2900 2411 eum
2933 2353 3033 2426 qui
3087 2351 3223 2407 fecit
3269 2366 3362 2405 me
3389 2369 3405 2417 ;
3430 2352 3488 2403 et
3533 2347 3701 2401 venio
3732 2346 3800 2400 in

2100 2465 2333 2519 campos
2362 2453 2419 2502 et
2447 2449 2561 2502 lata
2589 2444 2858 2516 praetoria
2888 2440 3205 2507 memoriae,
3237 2437 3338 2493 ubi
3366 2440 3501 2491 sunt
3534 2434 3801 2490 thesauri

2099 2535 2607 2592 innumerabilium
2663 2533 2982 2603 imaginum
3031 2530 3099 2584 de
3155 2524 3542 2597 cujuscemodi
3571 2528 3595 2561 ²
3626 2523 3802 2577 rebus

2101 2625 2280 2680 sensis
2307 2624 2680 2679 invectarum.
2713 2620 2798 2674 lbi
2817 2617 3177 2673 reconditum
3208 2618 3293 2668 est
3321 2611 3601 2685 quidquid
3622 2611 3803 2665 etiam

2101 2714 2437 2785 cogitamus,
2469 2711 2557 2766 vel
2586 2708 2849 2779 augendo
2880 2708 2966 2761 vel
2998 2703 3331 2765 minuendo,
3369 2702 3458 2755 vel
3485 2705 3803 2770 utcumque

2099 2802 2369 2857 variando
2402 2818 2467 2855 ea
2524 2816 2653 2870 quae
2685 2814 2882 2852 sensus
2911 2793 3200 2866 attigerit;
3264 2797 3323 2846 et
3352 2790 3399 2844 si
3449 2790 3585 2861 quid
3640 2789 3802 2843 aliud

2103 2890 2564 2946 commendatum
2590 2892 2647 2941 et
2693 2884 3003 2956 repositum
3036 2887 3141 2948 est,
3196 2880 3350 2952 quod
3399 2878 3656 2934 nondum
3694 2877 3802 2931 ab-

2102 2980 2323 3036 sorbuit
2350 2984 2407 3034 et
2436 2976 2693 3049 sepelivit
2720 2974 2950 3030 oblivio.
2984 2972 3066 3027 Ibi
3096 2970 3324 3042 quando
3344 2985 3491 3035 sum,
3527 2984 3697 3039 posco
3731 2971 3802 3021 ut

2103 3070 2428 3141 proferatur
2474 3063 2755 3137 quidquid
2799 3063 2950 3124 volo,
3000 3064 3059 3115 et
3105 3059 3365 3131 quaedam
3416 3055 3608 3110 statim
3661 3071 3797 3127 pro-

2106 3159 2316 3224 deunt;
2350 3156 2612 3227 quaedam
2642 3152 3014 3224 requiruntur
3046 3148 3280 3215 diutius,
3316 3151 3371 3200 et
3417 3148 3690 3216 tanquam
3724 3144 3801 3199 de

2107 3244 2545 3302 abstrusioribus
2561 3240 2901 3314 quibusdam
2922 3236 3290 3309 receptaculis
3302 3238 3613 3297 eruuntur;
3641 3248 3802 3303 qure-

2108 3337 2240 3390 dam
2272 3332 2599 3388 catervatim
2629 3347 2687 3384 se
2714 3333 2999 3401 proruunt
3016 3332 3058 3395 ³,
3081 3330 3138 3380 et
3155 3325 3293 3380 dum
3331 3322 3487 3377 aliud
3516 3322 3732 3392 petitur
3746 3326 3807 3374 et

2109 3423 2409 3495 qumritur,
2439 3419 2751 3491 prosiliunt
2780 3420 2838 3472 in
2887 3415 3146 3471 medium
3194 3411 3353 3485 quasi
3403 3410 3667 3476 dicentia,
3719 3411 3806 3464 Ne

2108 3514 2255 3568 forte
2285 3527 2389 3565 nos
2420 3525 2617 3563 sumus
2646 3507 2674 3563 ?
2708 3508 2771 3561 Et
2799 3504 2968 3577 abigo
3024 3520 3091 3557 ea
3147 3517 3322 3556 manu
3366 3498 3554 3554 cordis
3584 3515 3615 3552 a
3658 3498 3805 3552 facie

2107 3598 2518 3657 recordationis
2560 3612 2723 3657 mem,
2777 3595 2957 3649 donec
3010 3591 3341 3646 enubiletur
3389 3587 3543 3659 quod
3582 3592 3604 3623 ι
3649 3586 3805 3653 volo,

2110 3696 2282 3761 atque
2312 3687 2373 3742 in
2402 3690 2767 3757 conspectum
2789 3682 3028 3754 prodeat
3048 3696 3113 3734 ex
3141 3677 3368 3734 abditis.
3401 3676 3527 3731 Alia
3555 3675 3810 3730 faciliter

2112 3784 2281 3849 atque
2311 3775 2725 3846 imperturbata
2752 3771 2917 3838 serie,
2954 3770 3099 3824 sicut
3124 3770 3438 3840 poscuntur
3488 3779 3811 3835 suggerun-

2110 3873 2237 3934 tur;
2272 3870 2331 3921 et
2383 3865 2594 3920 cedunt
2618 3859 3000 3934 praecedentia
3030 3854 3549 3928 consequentibus;
3603 3858 3658 3907 et
3712 3869 3808 3906 cc-

2112 3955 2298 4011 dendo
2341 3953 2686 4016 conduntur,
2736 3950 2943 4003 iterum
2992 3962 3123 4001 cum
3165 3946 3398 3999 voluero
3446 3956 3803 4013 processura.

2113 4042 2276 4108 Quod
2306 4046 2490 4096 totum
2521 4041 2605 4107 ﬁt,
2639 4054 2766 4093 cum
2799 4035 3014 4108 aliquid
3039 4049 3212 4089 narro
3242 4031 3590 4087 memoriter.

2188 4135 2271 4187 l3.
2304 4130 2388 4185 Ibi
2416 4133 2550 4184 sunt
2595 4127 2789 4182 omnia
2819 4125 3079 4180 distincte
3109 4121 3539 4194 generatimque
3568 4121 3810 4185 servata,

2116 4238 2244 4292 qua!
2271 4236 2373 4273 suo
2405 4233 2649 4288 quaeque
2682 4215 2835 4271 aditu
2867 4214 3087 4285 ingesta
3116 4216 3271 4278 sunt,
3304 4209 3445 4263 sicut
3494 4208 3590 4262 lux
3637 4210 3811 4277 atque

2117 4324 2316 4364 omnes
2348 4308 2566 4362 colores
2598 4306 2915 4375 formaeque
2961 4316 3263 4372 corporum
3293 4313 3396 4369 per
3441 4296 3661 4360 oculos;
3707 4310 3817 4365 per

2117 4414 2281 4452 aures
2307 4401 2495 4451 autem
2519 4393 2710 4449 omnia
2724 4406 2932 4463 genera
2961 4403 3232 4444 sonorum
3263 4399 3573 4453 omnesque
3608 4382 3814 4436 odores

2116 4501 2220 4557 per
2246 4484 2462 4538 aditum
2493 4481 2720 4536 narium
2746 4497 2760 4547 ;
2791 4494 2992 4533 omnes
3011 4490 3240 4547 sapores
3260 4488 3362 4544 per
3377 4470 3492 4524 oris
3510 4467 3751 4533 aditum;
3779 4486 3811 4521 τι
3845 4524 3861 4538 ο

2118 4590 2287 4628 sensu
2319 4577 2509 4627 autem
2539 4570 2712 4625 totius
2744 4566 3015 4638 corporis,
3038 4563 3174 4635 quid
3206 4562 3433 4623 durum,
3462 4555 3597 4627 quid
3615 4556 3813 4621 molle,

2118 4663 2257 4736 quid
2287 4661 2533 4715 calidum
2586 4657 2951 4730 frigidumve,
2987 4654 3114 4707 lene
3172 4652 3271 4703 aut
3315 4660 3603 4717 asperum,
3641 4660 3814 4715 grave

2118 4768 2213 4805 seu
2246 4751 2383 4815 leve,
2411 4749 2527 4802 sive
2557 4746 2901 4801 extrinsecus
2923 4742 3037 4795 sive
3056 4736 3400 4792 intrinsecus
3416 4731 3662 4802 corpori.
3683 4732 3815 4786 Haac

2118 4838 2312 4894 omnia
2338 4836 2541 4908 recipit
2569 4833 2865 4889 recolenda
2918 4844 3048 4884 cum
3082 4841 3227 4896 opus
3257 4827 3341 4877 est
3369 4821 3815 4876 et-retractanda

2115 4928 2347 5000 grandis
2374 4929 2664 4980 memorim
2697 4934 2967 4984 recessus,
2991 4920 3047 4971 et
3070 4914 3263 4969 nescio
3283 4910 3383 4984 qui
3412 4909 3613 4965 secreti
3636 4914 3808 4980 atque

2117 5015 2432 5071 ineffabiles
2462 5012 2617 5066 sinus
2637 5011 2760 5081 ejus
2786 5025 2801 5075 ;
2834 5022 2961 5078 quae
2979 5002 3170 5059 omnia
3192 5001 3308 5056 suis
3336 5014 3580 5072 quaeque
3600 4996 3818 5051 foribus

2118 5106 2336 5160 intrant
2366 5101 2437 5156 ad
2469 5115 2620 5167 eam,
2652 5102 2708 5151 et
2736 5097 3095 5167 reponuntur
3118 5091 3176 5146 in
3208 5106 3293 5145 ea.
3317 5090 3429 5143 Nec
3457 5088 3580 5159 ipsa
3621 5090 3815 5139 tamen

2119 5195 2357 5258 intrant,
2390 5189 2489 5244 sed
2535 5202 2729 5242 rerum
2760 5198 3057 5240 sensarum
3114 5179 3404 5251 imagines
3460 5176 3575 5231 illic
3601 5177 3813 5245 praesto

2182 5339 2200 5372 ⁸
2241 5342 2379 5389 Unus
2400 5350 2498 5402 ago
2520 5338 2744 5402 animus,
2770 5332 3085 5402 ju_xta__\’cn.

2180 5390 2599 5462 2Haq'umx'modi,
2628 5390 2789 5462 juxta'
2810 5397 2894 5462 Er.
2926 5397 3055 5462 ven.
3078 5398 3132 5444 et
3154 5391 3318 5457 Lugd.
3340 5390 3410 5440 M.

2179 5466 2202 5500 ³
2234 5459 2307 5527 δέ
2345 5459 2797 5527 ρνοιηιῳιζίῇιικῐὲ
2826 5460 2955 5527 ven.
2982 5459 3049 5527 M_.

2184 5527 2202 5555 ⁴
2233 5516 2383 5578 Illud
2411 5522 2565 5588 quod,
2587 5516 2741 5586 j'u'xta
2758 5523 2842 5572 Er.
2866 5521 2995 5571 Ven.
3022 5516 3192 5581 Lugd.
3217 5518 3285 5567 M.
