4058 6348
179 346 281 398 785

176 469 310 520 sunt
339 465 672 538 cogitationi
713 466 1102 521 reminiscenti
1144 485 1255 524 eas.
1290 471 1427 534 Qum
1466 471 1758 541 quomodo
1791 471 1876 526 fa-

179 555 407 609 bricatm
445 555 558 608 sint
586 555 714 626 quis
735 555 888 623 dicit,
923 573 1052 610 cum
1079 564 1352 629 appareat
1379 558 1586 630 quibus
1617 560 1878 614 sensibus

178 650 353 714 rapta:
384 645 496 698 sint
522 645 880 716 interiusque
902 647 1251 700 reconditze?
1281 649 1422 702 Nam
1449 653 1504 702 et
1534 649 1592 702 in
1623 649 1874 702 tenebris

179 738 344 803 atque
377 732 433 785 in
465 732 694 786 silentio
714 733 852 787 dum
880 733 1093 800 habito,
1129 735 1188 788 in
1220 737 1498 789 memoria
1526 753 1653 790 mea
1685 737 1700 771 ¹
1732 754 1872 806 pro-

179 822 312 887 fero,
364 820 410 873 si
449 821 598 886 volo,
644 822 896 888 colores;
953 826 1009 875 et
1053 821 1312 876 discerno
1371 824 1519 878 inter
1568 826 1760 879 album
1820 830 1874 880 et

181 909 427 979 nigrum,
460 914 515 962 et
544 910 693 962 inter
729 927 868 980 quos
894 910 1034 964 alios
1065 913 1218 965 volo:
1265 929 1367 966 nec
1405 913 1705 968 incurrunt
1747 915 1870 969 soni

179 1006 343 1068 atque
374 999 728 1068 perturbant,
753 999 900 1069 quod
925 1016 1026 1069 per
1053 1001 1243 1054 oculos
1266 1001 1868 1066 haustuumonsidero,

177 1104 299 1140 cum
341 1091 398 1140 et
430 1086 538 1156 ipsi
577 1087 710 1152 sint,
745 1092 802 1141 et
844 1088 1006 1159 quasi
1053 1105 1307 1143 seorsum
1351 1090 1582 1160 repositi
1631 1093 1863 1146 lateant.

179 1177 309 1229 Nam
341 1180 398 1228 et
427 1175 578 1246 ipsos
621 1192 790 1246 posco
821 1176 868 1229 si
905 1177 1110 1247 placet,
1143 1183 1316 1249 atque
1346 1179 1552 1232 adsunt
1581 1179 1753 1233 illico.
1804 1182 1866 1234 Et

178 1263 501 1334 quiescente
533 1263 730 1334 lingua
775 1281 840 1317 ae
871 1265 1074 1319 silente
1121 1271 1351 1335 gutture
1382 1273 1545 1320 cantu
1583 1273 1862 1338 quantum

180 1353 326 1421 volo;
361 1352 756 1424 imaginesque
787 1353 902 1407 illae
936 1354 1192 1408 colorum
1221 1371 1349 1425 qua:
1379 1355 1754 1409 nihilominus
1786 1356 1866 1409 ibi

176 1447 318 1508 sunt,
353 1457 472 1494 non
521 1457 578 1494 se
620 1441 993 1512 interponunt
1024 1459 1207 1513 neque
1247 1443 1694 1514 interrumpunt,
1736 1461 1865 1498 cum

178 1531 470 1584 thesaurus
489 1529 635 1583 alius
667 1535 1007 1584 retractatur
1026 1531 1125 1602 qui
1153 1531 1380 1585 inlluxit
1409 1533 1479 1585 ab
1508 1533 1753 1586 auribus.
1786 1535 1867 1586 Ita

174 1624 372 1673 czetera
399 1636 529 1689 qua:
552 1635 655 1688 per
680 1635 875 1672 sensus
895 1624 1127 1672 caeteros
1151 1620 1373 1690 ingesta
1396 1626 1566 1692 atque
1597 1628 1866 1691 congesta

175 1714 316 1774 sunt,
351 1709 621 1762 recordor
665 1714 835 1780 prout
879 1709 1045 1772 libet:
1090 1714 1147 1764 et
1191 1726 1389 1763 auram
1438 1708 1691 1764 liiiorum
1739 1711 1860 1764 dis—

175 1815 334 1850 cerno
364 1815 398 1850 a
444 1797 627 1864 violis,
661 1797 802 1850 nihil
850 1797 1150 1867 olfaciens;
1183 1803 1238 1851 et
1282 1800 1393 1852 mel
1450 1799 1694 1864 defruto,
1732 1801 1855 1852 lene

176 1902 388 1955 aspero,
428 1886 573 1939 nihil
606 1890 738 1939 tunc
777 1886 1055 1957 gustando
1086 1903 1270 1958 neque
1301 1888 1728 1952 contrectando,
1763 1887 1857 1940 sed

177 1975 583 2028 reminiscendo
613 1979 918 2045 antepono.

245 2065 322 2118 14.
364 2065 519 2118 Intus
557 2064 679 2117 haec
710 2080 834 2134 ago,
871 2063 930 2116 in
962 2064 1090 2117 aula
1117 2064 1335 2135 ingenti
1371 2064 1662 2119 memoriae
1698 2082 1856 2120 meae.

177 2153 250 2206 lbi
291 2152 443 2206 enim
488 2151 632 2205 mihi
674 2153 880 2206 coelum
913 2157 968 2206 et
997 2157 1148 2206 terra
1188 2157 1242 2206 et
1274 2170 1428 2207 mare
1471 2159 1676 2224 praesto
1708 2158 1856 2218 sunt,

172 2258 290 2294 cum
307 2241 574 2295 omnibus
593 2258 722 2311 qtl’B
744 2241 800 2294 in
825 2241 904 2294 eis
934 2241 1143 2295 sentire
1164 2242 1347 2311 potui,
1373 2248 1580 2312 praeter
1604 2243 1701 2296 illa
1731 2260 1860 2314 qua:

175 2330 370 2382 oblitus
401 2345 551 2383 sum.
595 2329 680 2382 Ibi
721 2333 776 2383 et
804 2329 924 2400 ipse
953 2329 1096 2383 mihi
1129 2346 1381 2394 occurro,
1415 2347 1619 2402 meque
1647 2332 1857 2401 recolo,

174 2418 319 2488 quid,
365 2417 620 2489 quando,
677 2421 732 2471 et
777 2417 876 2470 ubi
926 2417 1166 2487 egerim,
1231 2434 1459 2489 quoque
1518 2419 1685 2472 modo
1729 2435 1859 2474 cum

176 2523 389 2577 agerem
435 2507 672 2561 affectus
700 2506 927 2561 fuerim.
960 2505 1044 2560 Ibi
1075 2510 1209 2560 sunt
1239 2507 1433 2561 omnia
1463 2525 1592 2578 quae
1617 2507 1732 2561 sive
1763 2524 1858 2561 ex-

174 2601 324 2664 perta
353 2613 383 2649 a
413 2613 507 2649 me
530 2595 645 2648 sive
674 2595 885 2649 credita
903 2595 1161 2650 memini.
1192 2597 1268 2649 Ex
1287 2597 1486 2650 eadem
1506 2597 1668 2666 copia
1687 2597 1859 2650 etiam

175 2682 568 2738 similitudines
612 2699 807 2736 rerum
847 2685 934 2738 vel
965 2687 1348 2755 expertarum,
1381 2685 1470 2738 vel
1513 2701 1576 2738 ex
1608 2685 1688 2738 eis
1719 2701 1859 2756 quas

175 2777 425 2844 expertus
473 2789 602 2827 sum
647 2772 1014 2839 creditarum,
1048 2773 1187 2827 alias
1227 2779 1396 2844 atque
1447 2774 1584 2827 alias
1632 2779 1689 2828 et
1735 2774 1857 2844 ipse

175 2865 397 2916 contexo
441 2861 772 2932 praeteritis,
807 2867 977 2933 atque
1018 2878 1084 2916 ex
1115 2862 1200 2915 his
1232 2862 1404 2916 etiam
1433 2862 1653 2916 futuras
1681 2862 1854 2916 actio-

174 2966 262 3003 nes
299 2954 351 3002 et
388 2954 596 3004 eventa
640 2954 694 3004 et
741 2965 890 3020 spes,
939 2955 996 3004 et
1045 2949 1166 3003 haec
1217 2949 1410 3004 omnia
1451 2967 1648 3004 rursus
1693 2950 1855 3021 quasi

175 3039 464 3107 praesentia
501 3038 764 3092 meditor.
817 3037 1038 3092 Faciam
1069 3039 1174 3092 hoc
1203 3043 1299 3092 aut
1344 3039 1505 3102 illud,
1537 3038 1663 3092 dico
1703 3038 1853 3108 apud

175 3127 331 3180 mein
362 3128 486 3198 ipso
521 3126 740 3198 ingenti
773 3126 903 3180 sinu
935 3127 1114 3180 animi
1144 3127 1257 3180 mei
1289 3128 1460 3197 pleno
1491 3131 1574 3180 tot
1602 3131 1657 3181 et
1677 3131 1854 3181 tanta-

175 3233 288 3270 rum
312 3233 510 3270 rerum
543 3215 926 3287 imaginibus;
957 3220 1012 3269 et
1040 3217 1147 3270 hoc
1177 3221 1275 3270 aut
1304 3216 1445 3270 illud
1478 3222 1772 3286 sequetur.
1809 3217 1850 3272 Ο

175 3305 212 3357 si
233 3311 370 3359 esset
397 3306 508 3360 hoc
526 3310 624 3359 aut
652 3303 823 3359 illud!
854 3308 1084 3358 Avertat
1108 3307 1253 3358 Deus
1274 3305 1381 3358 hoc
1413 3309 1512 3358 aut
1533 3304 1691 3359 illud.
1721 3305 1849 3359 Dico

172 3394 310 3462 apud
332 3410 422 3448 me
452 3394 589 3448 ista:
616 3397 671 3448 et
698 3410 828 3448 cum
858 3392 1004 3460 dico,
1038 3397 1246 3464 praesto
1278 3398 1411 3448 sunt
1435 3392 1714 3463 imagines
1737 3411 1853 3448 om-

173 3482 319 3536 nium
363 3500 496 3555 quae
544 3482 670 3537 dico
716 3499 785 3536 ex
831 3482 1036 3536 eodem
1071 3482 1339 3536 thesauro
1383 3482 1701 3548 memoriae,
1750 3499 1854 3537 nec

174 3570 388 3624 omnino
419 3569 642 3641 aliquid
673 3586 871 3623 eorum
901 3569 1151 3624 dicerem
1182 3569 1226 3622 si
1259 3569 1592 3624 defuissent.

241 3663 314 3714 15.
364 3661 568 3731 Magna
619 3658 729 3712 ista
778 3658 864 3713 vis
906 3662 990 3712 est
1038 3658 1352 3724 memoriae,
1402 3675 1611 3729 magna
1656 3658 1852 3727 nimis,

176 3748 304 3800 Deus
327 3764 513 3814 meus,
545 3747 836 3818 penetrale
885 3747 1142 3818 amplum
1173 3751 1228 3800 et
1271 3746 1584 3801 inﬁnitum.
1616 3747 1753 3811 Quis
1782 3748 1853 3802 ad

173 3834 397 3890 fundum
428 3837 556 3907 ejus
584 3835 884 3906 pervenit?
916 3837 979 3890 Et
1005 3835 1088 3888 vis
1121 3841 1208 3889 est
1235 3835 1357 3889 haec
1382 3835 1560 3889 animi
1588 3835 1722 3901 mei,
1765 3839 1852 3890 at-

175 3939 270 3994 que
307 3925 376 3979 ad
403 3941 597 3979 meam
641 3929 904 3978 naturam
933 3923 1211 3994 pertinet;
1258 3940 1362 3977 nec
1389 3940 1494 3994 ego
1538 3923 1660 3994 ipse
1692 3924 1852 3996 capio

173 4017 340 4069 totum
365 4014 524 4086 quod
555 4029 702 4068 sum.
729 4014 873 4084 Ergo
905 4013 1130 4066 animus
1148 4013 1218 4066 ad
1247 4013 1574 4067 habendum
1603 4013 1854 4084 seipsum

173 4108 428 4172 angustus
459 4107 566 4157 est.
598 4103 662 4156 Et
694 4101 790 4156 ubi
827 4102 918 4171 sit,
951 4102 1104 4173 quod
1141 4101 1228 4155 sui
1255 4118 1370 4155 non
1399 4102 1551 4173 capit
1575 4101 1637 4154 η
1674 4103 1854 4156 Num-

175 4192 298 4262 quid
318 4198 472 4247 extra
501 4192 692 4264 ipsum
725 4209 788 4245 ac
818 4208 934 4246 non
964 4191 1024 4245 in
1044 4191 1211 4262 ipso?
1242 4191 1538 4256 Quomodo
1569 4208 1706 4263 ergo
1735 4209 1853 4246 non

175 4281 354 4351 capit?
384 4282 560 4336 Multa
589 4280 731 4334 mihi
753 4297 926 4351 super
953 4279 1059 4334 hoc
1089 4280 1348 4335 oboritur
1380 4279 1704 4344 admiratio,
1740 4287 1854 4335 stu-

173 4385 266 4437 por
289 4369 666 4442 apprehendit
709 4385 821 4423 me.
865 4369 930 4422 Et
972 4372 1109 4423 eunt
1151 4368 1412 4423 homines
1442 4368 1713 4423 admirari
1739 4369 1855 4424 alta

174 4458 459 4526 montium,
493 4463 548 4512 et
585 4457 845 4528 ingentes
888 4459 1092 4511 fluctus
1124 4457 1316 4524 maris,
1350 4463 1405 4511 et
1434 4457 1740 4512 latissimos
1771 4459 1852 4512 la-

176 4561 295 4615 psus
312 4546 638 4610 ﬂuminum,
659 4551 714 4599 et
736 4545 944 4601 Oceani
967 4545 1270 4607 ambitum,
1303 4549 1358 4600 et
1377 4562 1548 4616 gyros
1571 4546 1850 4614 siderum,

175 4639 223 4688 et
264 4636 595 4707 relinquunt
619 4634 868 4705 seipsos;
900 4650 1004 4688 nec
1033 4632 1337 4701 mirantur,
1371 4634 1521 4704 quod
1568 4634 1689 4688 haec
1730 4651 1854 4688 om-

177 4720 257 4774 nia
293 4739 420 4776 cum
467 4722 736 4788 dicerem,
770 4738 885 4775 non
917 4739 980 4775 ea
1009 4720 1271 4775 videbam
1302 4722 1501 4789 oculis,
1529 4738 1632 4775 nec
1660 4726 1854 4776 tamen

177 4809 405 4865 dicerem
435 4811 550 4866 nisi
594 4816 818 4865 montes
865 4816 922 4865 et
958 4810 1161 4864 ﬂuctus
1207 4814 1264 4864 et
1304 4810 1546 4864 ﬂumina
1579 4814 1634 4863 et
1669 4810 1854 4864 sidera

175 4914 288 4967 qua:
314 4900 448 4968 vidi,
478 4905 535 4954 et
564 4900 852 4955 Oceanum
882 4915 1056 4970 quem
1081 4897 1315 4964 credidi,
1359 4897 1512 4952 intus
1542 4897 1601 4952 in
1633 4915 1851 4952 memo-

177 4986 248 5039 ria
274 5005 395 5043 mea
415 4989 670 5044 viderem
691 4987 888 5058 spatiis
912 4993 1030 5041 tam
1060 4986 1390 5058 ingentibus
1411 4987 1572 5058 quasi
1603 4987 1740 5040 foris
1770 4986 1851 5039 vi-

175 5075 378 5132 derem:
426 5095 532 5132 nec
572 5095 639 5132 ea
672 5082 865 5132 tamen
893 5076 1134 5131 videndo
1164 5074 1434 5130 absorbui
1465 5075 1697 5146 quando
1738 5074 1853 5130 vidi

177 5165 364 5233 oculis;
411 5184 517 5222 nec
556 5166 679 5238 ipsa
734 5172 866 5221 sunt
914 5165 1065 5238 apud
1111 5181 1225 5234 me,
1274 5165 1374 5221 sed
1423 5164 1705 5236 imagines
1755 5180 1853 5218 eo-

232 5362 243 5426 !
272 5361 331 5426 _In
361 5363 685 5426 memoriam
713 5374 892 5426 meum
899 5361 1055 5426 juxta
1073 5361 1596 5426 Bertinensem_lttss_.,
1618 5361 1766 5426 Mart.
1786 5361 1852 5426 Μ.

227 5423 245 5455 ²
272 5423 408 5486 Lov.:
438 5425 503 5474 Ut
522 5425 613 5472 ubi
632 5426 722 5478 sit,
737 5424 862 5486 quid
882 5423 968 5479 sit,
989 5437 1092 5472 non
1112 5427 1309 5486 capiat.
1335 5450 1392 5458 —
1413 5423 1498 5471 Er.
1514 5423 1644 5486 ven.
1668 5423 1850 5486 Lugd.:_

181 5483 230 5527 Ut
242 5484 330 5549 ubi
344 5488 426 5543 sit,
443 5487 572 5549 quid
585 5483 868 5549 .vuicajn'at.
894 5487 1064 5535 Mart.:
1083 5483 1356 5549 Angustus
1374 5489 1446 5533 est
1465 5487 1523 5533 ut
1547 5485 1621 5549 ibi,
1635 5484 1699 5533 si!
1719 5484 1856 5549 quod

181 5501 229 5527 ω
250 5501 330 5532 um
344 5501 426 5543 ειν,
443 5501 571 5549 quia
585 5501 868 5549 smcapmr.
894 5501 1064 5535 mura:
1083 5501 1356 5596 AHuSIuS
1374 5501 1446 5533 est
1465 5501 1523 5533 ur
1547 5501 1612 5532 me
1635 5501 1699 5533 su
1719 5501 1855 5554 quoa

179 5547 558 5614 suinoncapit?
586 5548 878 5614 Sicpergit:
911 5551 1127 5614 Numa
1197 5551 1354 5614 εωιζα
1376 5547 1773 5614 ipsugn'tdnnon
1792 5558 1855 5596 ιη

179 5609 272 5664 ipso
291 5614 405 5659 est?
434 5609 706 5660 Omittitur
732 5609 807 5661 est
832 5611 971 5673 apud
997 5609 1196 5660 So’mm.
1227 5614 1279 5658 et
1301 5609 1472 5658 Rond.
1504 5610 1571 5657 M.

1656 345 1869 432 manu
1925 348 2256 406 DECIMUS.

3575 356 3682 408 786

1987 488 2136 528 rum.
2173 475 2239 528 Et
2269 473 2400 529 novi
2437 473 2576 546 quid
2609 490 2673 528 ex
2709 489 2822 544 quo
2854 489 3025 528 sensu
3054 475 3307 546 corporis
3337 475 3680 548 impressum

1987 562 2059 616 sit
2081 562 2243 616 mihi.

2660 653 2884 708 CAPUT
2918 655 3002 707 IX.

2471 761 2727 814 Memoria
2757 760 3195 830 disciplinarum.

2059 868 2140 919 t6.
2176 865 2283 919 Sed
2324 881 2438 918 non
2480 881 2547 918 ea
2576 867 2695 918 sola
2735 871 2915 935 gestat
2943 867 3224 922 immensa
3262 868 3367 923 ista
3397 869 3678 942 capacitas

1979 953 2274 1006 memoria:
2300 969 2463 1007 mete.
2498 952 2594 1006 llic
2620 958 2752 1006 sunt
2778 958 2834 1007 et
2864 953 2961 1008 illa
2991 955 3186 1009 omnia
3211 974 3339 1028 quae
3372 958 3440 1011 de
3471 958 3675 1012 doctri-

1979 1040 2068 1094 nis
2124 1040 2452 1094 liberalibus
2506 1044 2773 1111 pcrcepta
2817 1042 3072 1095 nondum
3119 1043 3470 1110 exciderunt,
3514 1045 3676 1115 quasi

1981 1134 2199 1183 remota
2229 1128 2495 1182 interiore
2536 1130 2677 1193 loco,
2713 1144 2828 1181 non
2862 1129 2981 1182 loco
3017 1127 3064 1196 ¹;
3100 1147 3202 1184 nec
3241 1148 3439 1185 eorum
3468 1132 3672 1204 imagi-

1978 1235 2095 1284 nes,
2147 1219 2240 1272 sed
2291 1235 2378 1272 res
2427 1218 2576 1288 ipsas
2631 1234 2789 1287 gero.
2846 1219 2984 1271 Nam
3033 1219 3169 1288 quid
3210 1221 3282 1273 sit
3326 1221 3669 1289 litteratura,

1977 1306 2115 1377 quid
2172 1305 2378 1376 peritia
2426 1305 2778 1376 disputandi,
2834 1310 2975 1376 quot
3022 1322 3232 1376 genera
3263 1309 3669 1380 qumstionum,

1977 1395 2257 1465 quidquid
2289 1394 2494 1448 horum
2527 1393 2639 1447 scio
2671 1393 2748 1447 sic
2779 1399 2864 1448 est
2891 1394 2952 1447 in
2983 1395 3263 1450 memoria
3286 1413 3430 1463 mea,
3469 1403 3529 1452 ut
3555 1415 3673 1452 non

1977 1488 2194 1537 retenta
2223 1483 2474 1554 imagine
2508 1498 2628 1536 rem
2657 1481 2794 1535 foris
2825 1482 3180 1553 reliquerim,
3204 1489 3303 1538 aut
3331 1486 3588 1540 senuerit
3617 1490 3674 1540 et

1975 1572 2332 1642 prwterierit,
2365 1572 2507 1625 sicut
2533 1588 2638 1625 vox
2663 1571 2933 1642 impressa
2963 1589 3066 1642 per
3092 1589 3257 1627 aures
3290 1574 3526 1645 vestigio
3555 1591 3670 1646 quo

1975 1661 2319 1716 recoleretur
2348 1661 2391 1726 ’,
2421 1659 2583 1730 quasi
2629 1663 2859 1714 sonaret
2909 1676 3038 1714 cum
3083 1661 3203 1730 jam
3251 1678 3366 1716 non
3410 1668 3667 1729 sonaret;

1975 1754 2071 1802 aut
2113 1749 2259 1802 sicut
2306 1749 2446 1803 odor
2489 1749 2627 1801 dum
2668 1747 2871 1801 transit
2915 1753 2972 1802 et
3020 1749 3301 1803 evanescit
3342 1750 3401 1803 in
3447 1756 3667 1818 ventos,

1974 1839 2243 1891 olfactum
2281 1837 2471 1897 afficit,
2500 1836 2650 1890 unde
2683 1835 2890 1905 trajicit
2915 1836 2973 1890 in
2996 1837 3334 1892 memoriam
3356 1838 3669 1907 imaginem

1973 1926 2060 1978 sui
2083 1943 2254 1996 quam
2277 1924 2694 1980 reminiscendo
2713 1929 3067 1993 repetamus;
3102 1931 3200 1979 aut
3229 1926 3545 1980 sicutcibus
3568 1929 3669 1999 qui

1971 2019 2122 2068 certe
2152 2013 2210 2067 in
2235 2019 2430 2068 ventre
2453 2015 2572 2084 jam
2616 2030 2729 2066 non
2759 2013 2927 2082 sapit,
2981 2020 3035 2067 et
3063 2019 3253 2068 tamen
3285 2015 3342 2070 in
3389 2017 3668 2071 memoria

1971 2103 2134 2174 quasi
2166 2103 2338 2174 sapit;
2372 2108 2472 2157 aut
2515 2103 2659 2156 sicut
2684 2101 2902 2172 aliquid
2931 2103 3085 2173 quod
3115 2120 3349 2174 corpore
3380 2106 3664 2174 tangendo

1970 2191 2231 2257 sentitur,
2279 2191 2434 2262 quod
2478 2191 2649 2244 etiam
2701 2195 3026 2260 separatum
3057 2207 3088 2244 a
3119 2191 3283 2244 nobis
3319 2191 3666 2261 imaginatur

1970 2279 2264 2334 memoria.
2291 2281 2416 2332 Istae
2447 2278 2660 2350 quippe
2691 2294 2780 2331 res
2801 2294 2918 2331 non
2937 2278 3393 2332 intromittuntur
3419 2280 3488 2332 ad
3514 2295 3664 2348 eam,

1969 2368 2068 2422 sed
2091 2384 2290 2422 earum
2311 2368 2445 2422 solae
2471 2367 2753 2436 imagines
2777 2366 2921 2420 mira
2948 2366 3237 2420 celeritate
3259 2366 3582 2437 capiuntur,
3609 2373 3666 2423 et

1967 2457 2127 2511 miris
2169 2461 2442 2528 tanquam
2489 2455 2643 2510 cellis
2686 2459 3068 2525 reponuntur,
3115 2459 3171 2510 et
3202 2454 3540 2511 mirabiliter
3573 2473 3663 2512 re-

1968 2546 2254 2600 cordando
2283 2545 2676 2616 proferuntur.

2653 2652 2880 2706 CAPUT
2909 2653 2970 2706 X.

1966 2743 2276 2812 Disciplina
2306 2743 2383 2795 in:
2405 2743 2713 2796 memoriam
2741 2757 2845 2794 non
2875 2733 3294 2795 introducantur
3320 2758 3421 2811 per
3453 2757 3658 2810 sensus,

2264 2831 2358 2884 sed
2385 2845 2452 2882 cm
2478 2832 2589 2900 ejus
2620 2830 2890 2883 abditiore
2918 2831 3043 2884 sinu
3069 2835 3352 2885 eruuntur.

2039 2943 2122 2994 l7.
2169 2942 2241 2993 At
2268 2955 2400 2992 vero
2440 2955 2572 2991 cum
2602 2937 2770 2991 audio
2811 2936 2918 2990 tria
2957 2953 3169 3007 genera
3218 2953 3338 2991 esse
3379 2936 3657 3008 quaestio-

1963 3044 2124 3090 num,
2155 3044 2229 3082 an
2259 3027 2351 3092 sit,
2401 3026 2537 3097 quid
2578 3025 2669 3087 sit,
2723 3026 2890 3096 quale
2947 3026 3048 3091 sit;
3095 3041 3369 3080 sonorum
3424 3025 3659 3096 quidem

1963 3116 2172 3187 quibus
2201 3117 2322 3170 haec
2347 3116 2519 3170 verba
2537 3116 2789 3170 confecta
2807 3119 2942 3168 sunt
2957 3114 3238 3184 imagines
3258 3119 3426 3169 teneo
3446 3132 3460 3181 ;
3483 3120 3542 3170 et
3559 3131 3658 3169 eos

1962 3221 2065 3276 per
2107 3221 2272 3259 auras
2302 3203 2326 3238 ³
2356 3220 2485 3259 cum
2527 3204 2764 3275 strepitu
2812 3203 3082 3257 transisse
3128 3220 3192 3256 ac
3215 3203 3338 3273 jam
3381 3219 3498 3258 non
3535 3220 3658 3258 esse

1963 3293 2104 3349 scio.
2143 3294 2250 3348 Res
2277 3310 2408 3347 vero
2439 3293 2592 3363 ipsas
2634 3309 2762 3363 quae
2790 3292 2904 3346 illis
2947 3292 3344 3362 signiﬁcantur
3372 3292 3523 3346 sonis
3553 3309 3654 3347 ne-

1963 3398 2073 3452 que
2099 3382 2216 3435 ullo
2239 3397 2409 3435 sensu
2437 3381 2686 3450 corporis
2711 3380 2893 3450 attigi,
2925 3395 3030 3433 nec
3057 3379 3282 3450 uspiam
3308 3379 3425 3434 vidi
3447 3386 3659 3450 praeter

1964 3469 2220 3524 animum
2245 3485 2460 3535 meum,
2485 3473 2540 3524 et
2561 3469 2621 3522 in
2641 3467 2914 3523 memoria
2929 3467 3222 3522 recondidi
3240 3484 3357 3522 non
3378 3468 3658 3540 imagines

1963 3575 2183 3628 earum,
2212 3559 2312 3612 sed
2355 3559 2539 3629 ipsas;
2587 3573 2716 3628 quas
2767 3557 2921 3611 unde
2952 3557 3022 3611 ad
3051 3573 3142 3610 me
3171 3557 3522 3623 intraverint,
3569 3559 3657 3613 di-

1962 3651 2093 3700 cant
2120 3647 2167 3700 si
2196 3651 2434 3717 possunt
2471 3645 2663 3699 “.Nam
2702 3661 2972 3716 percurro
2999 3645 3207 3714 januas
3237 3661 3438 3700 omnes
3467 3645 3656 3699 carnis

1962 3751 2127 3801 meae,
2171 3751 2276 3789 nec
2322 3734 2551 3788 invenio
2582 3749 2697 3803 qua
2743 3749 2942 3787 earum
2972 3731 3241 3803 ingressae
3271 3733 3402 3787 sint.
3434 3733 3657 3804 Quippe

1962 3824 2111 3879 oculi
2139 3824 2371 3879 dicunt:
2403 3823 2462 3878 Si
2491 3823 2778 3888 coloratas,
2807 3825 2961 3888 sunt,
2993 3837 3096 3875 nos
3126 3838 3220 3876 eas
3245 3822 3654 3877 nuntiavimus.

1960 3914 2142 3966 Aures
2173 3910 2397 3966 dicunt:
2431 3909 2488 3964 Si
2529 3913 2865 3974 sonuerunt,
2917 3925 2951 3962 a
2989 3908 3154 3962 nobis
3191 3908 3458 3962 indicata:
3486 3914 3648 3964 sunt.

1964 4002 2139 4054 Nares
2166 3999 2387 4054 dicunt:
2421 3998 2478 4053 Si
2522 3997 2807 4060 oluerunt,
2840 4013 2943 4068 per
2975 4013 3077 4051 nos
3108 3996 3478 4052 transierunt.
3514 3997 3659 4052 Dicit

1963 4087 2135 4142 etiam
2156 4104 2354 4142 sensus
2382 4087 2680 4158 gustandi:
2714 4087 2773 4140 Si
2801 4102 2972 4158 sapor
2991 4102 3109 4141 non
3140 4089 3243 4147 est,
3277 4085 3419 4140 nihil
3450 4102 3542 4140 me
3573 4085 3658 4140 in-

1961 4181 2234 4247 terroges.
2265 4177 2468 4230 Tactus
2497 4175 2663 4230 dicit:
2715 4174 2773 4230 Si
2800 4175 3204 4245 corpulentum
3253 4190 3371 4228 non
3408 4179 3507 4236 est,
3538 4190 3660 4229 non

1961 4265 2330 4331 contrectavi;
2391 4264 2438 4319 si
2478 4281 2596 4318 non
2646 4263 3006 4330 contrectavi,
3039 4279 3157 4318 non
3201 4263 3465 4318 iudicavi.
3500 4264 3658 4318 Unde

1962 4360 2018 4408 et
2047 4371 2162 4426 qua
2189 4355 2310 4409 haec
2339 4353 2695 4408 intraverunt
2723 4352 2785 4407 in
2813 4352 3155 4406 memoriam
3182 4352 3407 4406 meam?
3459 4351 3657 4407 Nescio

1962 4444 2278 4516 quomodo;
2325 4460 2462 4498 nam
2505 4459 2635 4498 cum
2682 4459 2748 4497 ea
2797 4442 2992 4508 didici,
3040 4458 3158 4496 non
3212 4440 3424 4496 credidi
3471 4441 3659 4495 alieno

1961 4533 2138 4599 cordi,
2168 4533 2262 4587 sed
2290 4533 2350 4586 in
2379 4549 2502 4586 meo
2532 4532 2856 4602 recognovi,
2904 4536 2962 4585 et
2987 4547 3118 4584 vera
3158 4546 3281 4584 esse
3323 4530 3656 4600 approbavi,

1963 4627 2018 4676 et
2047 4621 2445 4676 commendavi
2466 4620 2538 4687 ei,
2562 4624 2838 4691 tanquam
2861 4634 3149 4689 reponens
3173 4619 3319 4673 unde
3341 4618 3659 4689 proferrem

1961 4725 2089 4763 cum
2119 4708 2351 4762 vellem.
2406 4707 2492 4761 Ibi
2520 4723 2655 4778 ergo
2686 4712 2850 4760 erant
2879 4711 2936 4760 et
2971 4712 3279 4777 antequam
3325 4722 3392 4760 ea
3419 4706 3657 4761 didicis-

1961 4813 2098 4861 sem,
2130 4796 2228 4850 sed
2256 4795 2318 4849 in
2347 4795 2625 4850 memoria
2654 4811 2772 4848 non
2813 4799 2994 4849 erant.
3033 4794 3136 4848 Ubi
3165 4811 3325 4865 ergo,
3355 4799 3452 4848 aut
3483 4810 3659 4865 quare

1959 4901 2092 4939 cum
2125 4885 2452 4938 dicerentur
2497 4883 2720 4953 agnovi,
2764 4887 2821 4936 et
2864 4881 3012 4937 dixi:
3046 4884 3130 4937 Ita
3173 4887 3278 4950 est,
3309 4899 3509 4938 verum
3535 4887 3653 4949 est;

1960 4974 2070 5028 nisi
2101 4973 2236 5044 quia
2264 4973 2384 5043 jam
2426 4976 2589 5026 erant
2616 4971 2675 5026 in
2704 4972 3005 5038 memoria,
3037 4971 3137 5026 sed
3181 4975 3301 5026 tam
3345 4974 3566 5025 remota
3602 4975 3659 5024 et

1962 5067 2184 5116 retrusa
2225 5059 2385 5132 quasi
2416 5061 2475 5114 in
2522 5059 2706 5114 caveis
2747 5060 3148 5128 abditioribus,
3194 5064 3260 5115 ut
3301 5059 3412 5114 nisi
3458 5058 3654 5112 admo-

1959 5156 2132 5206 nente
2186 5149 2380 5222 aliquo
2436 5153 2796 5219 eruerentur,
2843 5167 2910 5204 ea
2949 5150 3188 5204 fortasse
3237 5147 3488 5218 cogitare
3540 5161 3656 5200 non

1961 5256 2183 5311 possem
2203 5239 2230 5295 ?

2025 5359 2042 5391 ι
2074 5355 2220 5412 Lov.,
2243 5355 2380 5404 loca.
2424 5381 2483 5390 —
2515 5355 2718 5412 Quibus
2743 5353 3130 5416 adstiputantur
3152 5352 3283 5416 V_e_n.
3313 5352 3366 5398 et
3389 5347 3553 5410 Lugd.
3585 5348 3654 5396 Μ.

2021 5421 2043 5454 ²
2075 5417 2361 5481 Recolitur,
2392 5417 2545 5481 juxta
2574 5418 2814 5481 sexit-[55.
2851 5413 2988 5481 apu_d
3009 5416 3156 5481 M_art.
3185 5413 3251 5481 M_.

2023 5483 2043 5514 ³
2068 5480 2152 5529 Sic
2182 5483 2306 5528 Arn.
2331 5476 2560 5538 et'Mss.;
2583 5483 2636 5527 at
2656 5478 2770 5527 Am.
2795 5476 2916 5526 Bad.
2936 5477 3019 5524 Er.
3040 5476 3184 5533 Lov.,
3212 5476 3318 5524 Per
3335 5485 3505 5522 aures.
3524 5499 3586 5510 —
3604 5476 3658 5522 et

1960 5543 2116 5592 etiam
2153 5543 2283 5590 Ven.
2314 5547 2368 5591 et
2397 5541 2560 5604 Lugd.
2593 5541 2661 5604 Μ.

2026 5607 2047 5639 ⁸
2078 5607 2262 5656 Dicam
2288 5607 2331 5652 si
2352 5596 2580 5667 possum,
2597 5602 2749 5663 juxta
2779 5603 2862 5650 Er.
2896 5601 3021 5648 Ven.
3054 5596 3218 5660 Lugd.
3258 5597 3322 5646 Μ.
