4058 6346
311 328 416 378 ’787

982 453 1202 507 CAPUT
1232 455 1316 508 XI.

903 540 1045 606 Quid
1071 543 1142 595 sit
1171 542 1400 601 discere.

384 630 474 682 18.
533 626 812 690 Quocirca
857 628 1178 684 invenimus
1224 631 1368 685 nihil
1417 648 1538 686 esse
1583 633 1738 689 aliud
1789 635 2003 690 discere

310 715 438 784 ista,
470 733 722 787 quorum
752 731 871 770 non
898 732 1003 786 per
1032 733 1230 771 sensus
1259 719 1558 773 haurimus
1574 720 1876 792 imagines,
1907 723 2003 778 sed

309 811 430 864 sine
462 807 774 879 imginibus
802 804 966 858 sicuti
996 810 1126 859 sunt
1156 823 1258 876 per
1286 807 1470 878 seipsa
1500 807 1653 862 intus
1682 811 2004 879 cernimus;

310 898 419 954 nisi
450 913 517 951 ea
545 912 674 968 qua
703 893 914 966 passim
945 897 1118 963 atque
1153 894 1488 964 indisposite
1518 899 1795 953 memoria
1819 899 2003 953 conti-

311 987 502 1054 nebat,
547 982 848 1054 cogitando
896 980 1058 1052 quasi
1104 981 1390 1052 colligere,
1431 989 1602 1054 atque
1646 987 2007 1044 animadver-

310 1075 481 1129 tendo
525 1087 748 1136 curare,
795 1073 856 1122 ut
885 1073 1161 1139 tanquam
1207 1070 1277 1124 ad
1307 1087 1542 1127 manum
1573 1075 1757 1143 posita
1785 1075 1846 1129 in
1879 1076 2000 1146 ipsa

313 1161 614 1230 memoria,
640 1159 739 1214 ubi
771 1173 966 1227 sparsa
996 1157 1152 1227 prius
1183 1162 1236 1211 et
1257 1161 1514 1229 neglecta
1545 1161 1870 1230 latitabant,
1887 1164 2006 1234 jam

313 1251 584 1308 familiari
614 1246 916 1304 intentioni
946 1247 1110 1301 facile
1139 1255 1454 1304 occurrant.
1507 1252 1573 1306 Et
1615 1269 1789 1322 quam
1829 1255 2011 1309 multa

316 1338 651 1412 hujusmodi
683 1335 1155 1408 gestatmemoria
1175 1353 1301 1390 mea
1321 1353 1450 1408 qua
1463 1338 1585 1409 jam
1604 1340 1838 1395 inventa
1855 1348 2005 1410 sunt,

319 1434 376 1485 et
402 1430 548 1483 sicut
575 1425 711 1491 dixi,
761 1423 922 1495 quasi
968 1423 1038 1477 ad
1069 1440 1305 1478 manum
1335 1425 1538 1496 posita,
1579 1445 1708 1499 qua
1747 1429 2013 1484 didicisse

316 1522 374 1573 et
405 1531 569 1572 nosse
598 1513 871 1568 dicimur!
903 1513 1040 1577 Qua
1080 1513 1128 1566 si
1161 1514 1430 1568 modestis
1480 1519 1809 1587 temporum
1832 1518 2010 1573 inter-

318 1606 479 1660 vallis
516 1603 769 1657 recolere
811 1601 1085 1668 desivero,
1117 1601 1192 1655 ita
1241 1618 1440 1657 rursus
1478 1604 1911 1676 demerguntur,
1958 1610 2016 1661 et

319 1693 488 1765 quasi
533 1691 594 1746 in
625 1689 935 1744 remotiora
961 1689 1278 1759 penetralia
1319 1691 1672 1759 dilabuntur,
1712 1697 1777 1748 ut
1825 1695 2014 1749 denuo

319 1783 476 1836 velut
521 1795 665 1834 nova
693 1777 1064 1848 excogitanda
1093 1777 1206 1832 sint
1233 1778 1487 1833 indidem
1517 1779 1762 1836 iterum‘
1813 1784 2018 1854 (neque

322 1870 477 1926 enim
521 1872 602 1922 est
643 1867 753 1922 alia
797 1866 956 1937 regio
1020 1865 1262 1938 eorum),
1313 1871 1370 1921 et
1408 1869 1665 1940 cogenda
1708 1885 1906 1923 rursus
1953 1875 2018 1924 ut

321 1959 454 2013 sciri
491 1956 731 2029 possint,
756 1955 813 2010 id
835 1959 923 2009 est
962 1955 1119 2009 velut
1145 1971 1210 2010 ex
1241 1956 1488 2026 quadam
1516 1957 1870 2028 dispersione
1901 1960 2016 2013 col-

322 2047 568 2118 ligenda,
605 2044 755 2100 unde
803 2043 1018 2098 dictum
1050 2048 1135 2097 est
1179 2043 1450 2113 cogitare.
1485 2045 1628 2099 Nam
1658 2062 1799 2118 cogo
1834 2051 1892 2100 et
1921 2063 2012 2101 co-

321 2133 461 2204 gito,
489 2131 568 2185 sic
597 2136 683 2186 est
707 2134 772 2184 ut
806 2145 911 2200 ago
949 2134 1005 2184 et
1031 2130 1203 2201 agito,
1249 2130 1393 2184 facio
1425 2135 1482 2185 et
1507 2131 1724 2186 factito.
1769 2135 2009 2188 Verum-

325 2225 519 2274 tamen
549 2218 660 2273 sibi
689 2218 914 2272 animus
933 2217 1038 2271 hoc
1069 2218 1306 2272 verbum
1335 2219 1568 2290 proprie
1605 2220 1932 2290 vindicavit,
1957 2224 2022 2274 ut

325 2325 442 2364 non
474 2307 630 2380 quod
662 2307 819 2373 alibi,
853 2307 950 2361 sed
988 2307 1141 2378 quod
1170 2307 1232 2360 in
1272 2307 1466 2362 animo
1497 2309 1803 2381 colligitur,
1847 2309 1905 2364 id
1936 2313 2022 2364 est

326 2396 569 2469 cogitur,
599 2396 836 2468 cogitari
855 2395 1088 2466 proprie
1112 2395 1234 2466 jam
1265 2396 1512 2451 dicatur.

991 2503 1214 2558 CAPUT
1238 2503 1351 2557 ΧΙΙ.

655 2594 853 2648 Rerum
872 2593 1379 2647 Mathematicarum
1409 2595 1684 2646 memoria.

404 2686 488 2738 19.
523 2683 666 2737 Item
696 2680 950 2735 continet
977 2680 1254 2735 memoria
1292 2695 1668 2735 numerorum
1709 2680 2019 2736 dimensio-

332 2787 587 2842 numque
632 2769 884 2824 rationes
927 2773 984 2823 et
1029 2769 1180 2839 leges
1238 2767 1708 2836 innumerabiles,
1775 2785 2021 2840 quarum

328 2861 548 2915 nullam
589 2857 843 2928 corporis
887 2873 1085 2911 sensus
1111 2857 1429 2928 impressit;
1458 2856 1595 2928 quia
1629 2873 1732 2911 nec
1760 2857 1900 2928 ipsa
1931 2874 2024 2912 co-

326 2951 525 3004 lorata
553 2951 708 3015 sunt,
747 2950 850 3001 aut
878 2951 1102 3013 sonant,
1148 2950 1244 2999 aut
1286 2946 1459 3008 olent,
1510 2951 1608 2999 aut
1637 2950 1901 3017 gustata,
1929 2951 2030 3001 aut

325 3039 685 3092 contrectatae
705 3038 857 3088 sunt.
880 3033 1086 3088 Audivi
1109 3049 1278 3086 sonos
1301 3033 1604 3087 verborum
1627 3033 1836 3104 quibus
1857 3032 2029 3104 signi-

324 3125 566 3180 ﬁcantur
595 3139 725 3180 cum
758 3123 827 3176 de
843 3121 932 3176 his
954 3121 1281 3187 disseritur;
1313 3122 1412 3176 sed
1436 3121 1520 3175 illi
1539 3121 1658 3188 alii,
1678 3121 1803 3176 ista
1829 3125 2023 3176 autem

327 3213 454 3267 alia
472 3216 623 3266 sunt:
641 3226 775 3264 nam
790 3209 874 3262 illi
886 3209 1050 3263 aliter
1065 3225 1268 3279 graec,
1291 3209 1644 3264 aliterlatine
1661 3214 1887 3275 sonant;
1902 3210 2026 3264 ista

325 3317 458 3355 vero
486 3315 592 3353 nec
613 3313 813 3368 graca
831 3313 935 3350 nec
950 3297 1144 3350 latina
1165 3301 1320 3365 sunt,
1354 3313 1458 3352 nec
1478 3297 1634 3352 aliud
1664 3298 2026 3369 eloquiorum

325 3404 528 3460 genus.
559 3385 687 3440 Vidi
717 3385 894 3438 lineas
937 3384 1251 3450 fabrorum,
1295 3385 1382 3438 vel
1424 3385 1597 3439 etiam
1632 3386 2021 3454 tenuissimas,

326 3479 474 3531 sicut
500 3475 663 3529 ﬁlum
692 3489 952 3540 aranea;
987 3474 1084 3527 sed
1116 3473 1228 3526 illa
1260 3472 1387 3526 alia
1415 3478 1570 3540 sunt,
1595 3491 1711 3528 non
1730 3481 1864 3529 sunt
1888 3475 2028 3530 ima-

329 3565 492 3637 gines
524 3577 722 3618 earum
757 3577 898 3631 quas
939 3561 1085 3614 mihi
1114 3561 1400 3616 nuntiavit
1431 3562 1618 3616 carnis
1657 3565 1890 3618 oculus:
1920 3580 2026 3618 no-

325 3653 408 3708 vit
444 3669 538 3708 eas
586 3651 842 3724 quisquis
877 3649 1000 3705 sine
1047 3651 1165 3705 ulla
1214 3651 1561 3721 cogitatione
1595 3651 2026 3723 qualiscumque

325 3741 580 3813 corporis
603 3741 758 3794 intus
787 3739 1018 3811 agnovit
1046 3755 1161 3793 eas.
1206 3739 1370 3794 Sensi
1397 3739 1571 3793 etiam
1601 3755 1875 3794 numeros
1899 3756 2023 3794 om-

325 3830 497 3884 nibus
555 3828 808 3899 corporis
846 3827 1106 3881 sensibus
1155 3844 1299 3898 quos
1337 3843 1740 3894 numeramus;
1793 3829 1890 3883 sed
1943 3828 2028 3882 illi

325 3918 423 3974 alii
459 3921 592 3972 sunt
620 3917 828 3987 quibus
873 3931 1261 3983 numeramus,
1313 3931 1418 3970 nec
1464 3915 1747 3986 imagines
1779 3918 2025 3971 istorum

325 4011 480 4074 sunt,
529 4010 586 4061 et
621 4006 751 4060 ideo
799 4005 961 4059 valde
1013 4009 1164 4059 sunt.
1205 4005 1406 4060 Rideat
1453 4021 1544 4058 me
1594 4005 1702 4059 ista
1746 4005 2028 4060 dicentem

329 4095 432 4168 qui
460 4111 556 4149 eos
585 4110 701 4148 non
727 4092 901 4159 videt,
931 4097 987 4147 et
1014 4108 1122 4162 ego
1153 4093 1377 4147 doleam
1398 4093 1678 4147 ridentem
1702 4110 1814 4149 me.

979 4199 1206 4254 CAPUT
1236 4201 1376 4253 XIII.

626 4290 887 4343 Memoria
914 4290 1220 4342 meminisse
1248 4303 1345 4342 nos
1365 4289 1724 4341 meminimus.

399 4379 497 4433 20.
534 4376 665 4430 Hac
694 4375 888 4430 omnia
917 4375 1193 4429 memoria
1223 4380 1414 4444 teneo,
1447 4378 1502 4428 et
1529 4374 1821 4446 quomodo
1852 4390 1920 4429 ea
1946 4374 2026 4429 di-

333 4465 573 4520 dicerim
616 4465 894 4520 memoria
931 4468 1124 4518 teneo.
1175 4465 1350 4519 Multa
1394 4465 1563 4519 etiam
1602 4480 1731 4535 qua
1763 4464 2032 4519 adversus

333 4555 458 4609 hac
485 4554 787 4609 falsissime
816 4554 1182 4627 disputantur
1207 4553 1417 4621 audivi,
1448 4557 1504 4607 et
1530 4552 1809 4607 memoria
1836 4556 2026 4607 teneo:

332 4659 463 4714 qua
492 4642 719 4697 tametsi
748 4643 888 4698 falsa
926 4648 1078 4708 sunt,
1115 4647 1306 4697 tamen
1333 4659 1399 4696 ea
1427 4641 1756 4696 meminisse
1787 4657 1878 4696 me
1915 4657 2031 4695 non

333 4735 417 4785 est
442 4731 676 4798 falsum;
717 4737 774 4786 et
818 4732 1147 4786 discrevisse
1187 4747 1277 4785 me
1323 4731 1475 4785 inter
1521 4730 1619 4784 illa
1649 4746 1778 4784 vera
1809 4735 1866 4784 et
1910 4730 2030 4784 hac

331 4819 474 4874 falsa
519 4835 650 4891 qua
691 4821 1176 4888 contradicuntur,
1210 4825 1265 4875 et
1311 4820 1419 4875 hoc
1453 4819 1719 4881 memini;
1751 4819 2030 4890 aliterque

333 4923 488 4962 nunc
515 4907 678 4963 video
703 4909 1021 4963 discernere
1052 4926 1143 4963 me
1175 4909 1302 4976 ista,
1360 4907 1525 4962 aliter
1566 4912 1758 4962 autem
1789 4908 2031 4962 memini

334 5015 484 5070 sape
507 5015 600 5054 me
629 4999 956 5054 discrevisse
981 5017 1111 5055 cum
1142 5017 1208 5055 ea
1239 5016 1389 5070 sape
1417 4999 1755 5071 cogitarem.
1799 5001 1945 5070 Ergo
1976 5003 2032 5053 et

333 5086 677 5142 intellexisse
706 5103 800 5143 me
831 5088 1041 5159 sapius
1067 5089 1174 5143 ista
1194 5087 1431 5142 memini
1455 5105 1468 5153 ;
1494 5092 1549 5142 et
1575 5087 1728 5158 quod
1751 5103 1902 5142 nunc
1921 5087 2032 5142 dis-

333 5191 504 5232 cerno
551 5181 609 5231 et
649 5177 928 5248 intelligo,
978 5177 1224 5231 recondo
1267 5177 1331 5231 in
1378 5177 1679 5245 memoria,
1729 5181 1793 5232 ut
1834 5181 2034 5248 postea

337 5281 430 5321 me
460 5282 612 5321 nunc
639 5265 987 5320 intellexisse
1015 5265 1401 5320 meminerim.
1434 5267 1578 5337 Ergo
1618 5269 1674 5320 et
1701 5265 2033 5321 meminisse

398 5390 414 5423 ¹
446 5391 524 5438 Ita
555 5389 798 5439 meliores
828 5390 972 5449 Mss.,
1011 5392 1064 5438 et
1095 5389 1169 5438 sic
1197 5387 1480 5452 legendum
1527 5402 1641 5437 esse
1675 5389 1862 5451 probat
1893 5389 2034 5452 quod

333 5452 590 5522 sequitur,
612 5465 791 5522 aequ;
818 5452 1044 5501 enimest
1071 5451 1187 5522 alia
1208 5451 1593 5522 regioeprum,
1623 5463 1686 5499 ex
1709 5451 2036 5522 quoa-scilicet

335 5512 452 5588 cogi
485 5512 713 5588 possint:
741 5512 1427 5588 Quare-emendandiediti
1453 5513 1659 5563 codices
1697 5512 1787 5575 qui
1815 5512 2030 5573 habent,

336 5578 390 5625 et
411 5574 468 5624 in
487 5574 659 5636 idem
678 5575 782 5636 vel,
812 5580 862 5628 et
890 5575 1102 5627 ibidem.

1441 410 1444 414 I
1486 333 2024 392 CONFESSIONUM
2073 337 2127 393 S.
2187 337 2592 423 AUGUSTINL

3704 338 3815 389 788

2113 494 2203 531 me
2231 476 2500 544 memini;
2536 476 2680 530 sicut
2724 481 2920 548 postea
2969 477 3118 548 quod
3152 477 3274 531 hac
3320 473 3611 530 reminisci
3659 490 3818 529 nunc

2109 565 2274 636 potui
2303 565 2350 619 si
2379 565 2743 632 recordabor,
2782 564 2983 637 utique
3014 581 3119 636 per
3148 565 3264 619 vim
3290 563 3584 619 memoria
3615 579 3817 618 recor-

2111 655 2308 709 dabor.

2761 759 2986 812 CAPUT
3018 759 3153 814 XIV.

2111 846 2377 913 Quomodo
2415 849 2674 901 memoria
2714 867 2806 900 ('uu
2837 850 2946 900 ίιιρι
2987 847 3210 915 affectus
3256 848 3451 900 animi.
3501 848 3645 900 Lata
3708 860 3816 898 non

2576 937 2686 990 lati
2703 935 2962 1005 quomodo
2978 935 3342 989 recordamur.

2184 1027 2272 1078 21.
2305 1023 2646 1078 Affectiones
2689 1039 2917 1096 quoque
2943 1023 3122 1077 animi
3147 1023 3261 1077 mei
3289 1023 3491 1077 eadem
3533 1020 3813 1076 memoria

2114 1111 2396 1176 continet;
2429 1129 2545 1166 non
2577 1113 2675 1166 illo
2707 1112 2871 1166 modo
2902 1129 3015 1183 quo
3067 1128 3162 1166 eas
3209 1111 3381 1166 habet
3410 1111 3531 1183 ipse
3583 1111 3811 1165 animus

2117 1217 2245 1255 cum
2274 1200 2492 1272 patitur
2523 1217 2647 1268 eas;
2690 1199 2786 1254 sed
2815 1199 2929 1254 alio
2959 1200 3206 1254 multum
3235 1199 3479 1267 diverso,
3513 1199 3661 1253 sicut
3691 1215 3814 1252 sese

2118 1288 2291 1342 habet
2319 1287 2401 1341 vis
2421 1286 2736 1342 memoria.
2772 1288 2914 1342 Nam
2944 1291 3002 1341 et
3039 1288 3290 1341 latatum
3323 1303 3413 1341 me
3434 1287 3609 1341 fuisse
3638 1285 3813 1340 remi-

2120 1377 2306 1432 niscor
2325 1393 2443 1430 non
2464 1377 2647 1443 latus,
2671 1381 2726 1431 et
2743 1376 3032 1431 tristitiam
3054 1393 3242 1431 meam
3261 1375 3616 1447 prateritam
3629 1391 3821 1430 recor-

2120 1467 2223 1521 dor
2260 1481 2377 1518 non
2403 1465 2603 1542 tristis,
2631 1468 2686 1519 et
2716 1482 2808 1520 me
2847 1466 3156 1537 aliquando
3187 1465 3447 1520 timuisse
3474 1464 3660 1518 recolo
3687 1463 3813 1517 sine

2121 1552 2348 1618 timore,
2394 1556 2452 1606 et
2501 1553 2757 1624 pristina
2803 1553 3132 1624 cupiditatis
3161 1552 3284 1608 sine
3329 1553 3641 1624 cupiditate
3690 1568 3820 1606 sum

2125 1657 2374 1708 memor;
2397 1641 2705 1712 aliquando
2724 1659 2754 1696 e
2785 1643 3071 1697 contrario
3107 1641 3395 1696 tristitiam
3431 1657 3619 1695 meam
3643 1645 3826 1694 trans-

2123 1733 2309 1784 actam
2338 1730 2500 1784 latus
2529 1730 2888 1800 reminiscor,
2917 1735 2974 1784 et
3000 1730 3177 1784 triStis
3214 1729 3491 1784 latitiam.
3520 1729 3683 1794 Quod
3714 1727 3824 1781 mi-

2124 1819 2368 1872 randum
2425 1835 2539 1872 non
2587 1823 2669 1873 est
2715 1819 2785 1874 de
2847 1835 3114 1890 corpore:
3172 1819 3327 1873 aliud
3375 1817 3527 1872 enim
3575 1816 3825 1884 animus,

2126 1907 2277 1961 aliud
2308 1923 2528 1978 corpus.
2573 1909 2772 1978 Itaque
2803 1908 2849 1961 si
2879 1907 3236 1978 prateritum
3283 1907 3539 1962 dolorem
3569 1905 3827 1976 corporis

2127 1995 2381 2066 gaudens
2429 1995 2687 2062 memini,
2719 2013 2834 2050 non
2877 1996 2953 2050 ita
2985 1995 3196 2050 mirum
3229 1999 3336 2050 est.
3385 1995 3484 2050 Hic
3513 2011 3648 2048 vero
3693 2009 3828 2048 cum

2127 2082 2355 2137 animus
2381 2083 2452 2136 sit
2479 2083 2652 2137 etiam
2680 2083 2803 2154 ipsa
2833 2083 3138 2137 memoria:
3171 2099 3302 2136 nam
3341 2087 3399 2137 et
3427 2099 3557 2136 cum
3586 2081 3828 2136 manda-

2128 2185 2257 2223 mus
2286 2169 2503 2241 aliquid
2528 2175 2592 2224 ut
2611 2170 2946 2224 memoriter
2975 2169 3274 2236 habeatur,
3302 2167 3564 2234 dicimus,
3599 2167 3735 2221 Vide
3762 2170 3830 2221 ut

2128 2257 2268 2312 illud
2291 2258 2351 2312 in
2370 2257 2562 2312 animo
2610 2258 2849 2324 habeas;
2901 2263 3106 2312 etcum
3132 2256 3540 2322 obliviscimur,
3561 2255 3828 2322 dicimus,

2131 2347 2254 2401 Non
2281 2346 2388 2402 fuit
2425 2346 2485 2400 in
2529 2346 2750 2401 animo:
2802 2350 2878 2413 et,
2921 2347 3187 2416 Elapsum
3237 2350 3322 2400 est
3359 2345 3586 2415 animo;
3639 2344 3829 2415 ipsam

2129 2435 2470 2491 memoriam
2506 2439 2770 2490 vocantes
2803 2435 3090 2489 animum:
3126 2451 3257 2489 cum
3291 2450 3427 2506 ergo
3459 2434 3538 2488 ita
3558 2433 3650 2501 sit,
3682 2432 3827 2505 quid

2131 2528 2215 2578 est
2249 2524 2357 2578 hoc
2385 2523 2538 2596 quod
2573 2538 2706 2576 cum
2733 2521 3021 2576 tristitiam
3054 2537 3244 2575 meam
3267 2521 3622 2592 prateritam
3657 2522 3830 2576 latus

2131 2611 2391 2681 memini,
2439 2610 2663 2665 animus
2702 2610 2874 2665 habet
2908 2610 3187 2677 latitiam,
3220 2615 3276 2664 et
3317 2609 3597 2665 memoria
3642 2609 3826 2663 tristi-

2130 2701 2269 2756 tiam
2299 2718 2313 2768 ;
2348 2701 2624 2771 latusque
2655 2704 2741 2753 est
2765 2700 2991 2753 animus
3017 2715 3085 2754 ex
3101 2715 3169 2753 eo
3191 2699 3345 2770 quod
3365 2699 3516 2753 inest
3535 2697 3588 2753 ei
3611 2697 3834 2767 latitia,

2132 2790 2412 2844 memoria
2437 2805 2570 2843 vero
2600 2805 2670 2844 ex
2699 2805 2766 2843 eo
2798 2788 2951 2860 quod
2979 2788 3127 2842 inest
3158 2787 3211 2842 ei
3246 2786 3478 2841 tristitia
3503 2785 3681 2841 tristis
3710 2801 3838 2840 non

2133 2879 2253 2933 est?
2284 2879 2432 2933 Num
2460 2878 2605 2932 forte
2652 2893 2766 2932 non
2809 2877 3060 2948 pertinet
3107 2877 3175 2931 ad
3197 2876 3500 2930 animum?
3529 2874 3665 2940 Quis
3711 2874 3825 2928 hoc

2133 2967 2372 3023 dixerit?
2417 2965 2703 3021 Nimirum
2759 2981 2894 3037 ergo
2953 2965 3233 3020 memoria
3287 2963 3454 3036 quasi
3498 2967 3696 3018 venter
3744 2968 3840 3016 est

2134 3055 2334 3118 animi,
2366 3054 2567 3109 latitia
2602 3069 2736 3108 vero
2779 3059 2952 3125 atque
2982 3053 3216 3108 tristitia
3242 3053 3405 3124 quasi
3443 3051 3602 3106 cibus
3649 3050 3837 3106 dulcis

2135 3149 2192 3200 et
2218 3159 2477 3198 amarus:
2515 3159 2648 3197 cum
2675 3142 2973 3197 memoria
3003 3143 3481 3197 commendantur
3519 3139 3683 3212 quasi
3710 3144 3838 3194 tra-

2128 3233 2280 3303 jecta
2325 3233 2386 3286 in
2431 3235 2687 3286 ventrem
2725 3231 2956 3287 recondi
3005 3232 3123 3286 illic
3163 3234 3422 3303 possunt,
3471 3244 3670 3300 sapere
3715 3245 3837 3282 non

2133 3325 2392 3392 possunt.
2428 3321 2756 3376 Ridiculum
2794 3325 2880 3375 est
2923 3321 3046 3376 hac
3072 3320 3184 3375 illis
3221 3319 3434 3374 similia
3471 3324 3696 3390 putare,
3726 3333 3839 3372 nec

2132 3415 2328 3464 tamen
2348 3414 2483 3463 sunt
2512 3409 2844 3463 omnimodo
2873 3409 3190 3464 dissimilia.

2205 3501 2295 3553 22.
2327 3497 2437 3554 Sed
2467 3513 2593 3552 ecce
2633 3498 2702 3552 de
2741 3498 3022 3552 memoria
3067 3497 3322 3569 profero,
3353 3511 3484 3550 cum
3516 3494 3641 3550 dico
3687 3510 3835 3566 qua-

2135 3592 2268 3642 tuor
2284 3603 2405 3642 esse
2420 3586 2881 3659 perturbationes
2901 3586 3107 3653 animi;
3134 3584 3526 3656 cupiditatem,
3546 3583 3837 3649 latitiam',

2135 3679 2376 3746 metum,
2403 3675 2730 3730 tristitiam:
2764 3680 2821 3730 et
2851 3675 3134 3747 quidquid
3180 3675 3250 3729 de
3278 3673 3367 3728 his
3409 3673 3697 3745 disputare
3727 3688 3836 3744 po-

2134 3768 2321 3832 tuero,
2349 3764 2653 3820 dividendo
2684 3764 2912 3835 singula
2942 3780 3045 3835 per
3068 3762 3286 3834 species
3306 3761 3394 3816 sui
3423 3761 3696 3832 cujusque
3727 3775 3836 3831 ge-

2135 3854 2288 3908 neris
2327 3859 2382 3908 et
2423 3853 2777 3920 deﬁniendo;
2825 3853 2905 3908 ibi
2953 3852 3199 3908 invenio
3228 3851 3370 3923 quid
3407 3850 3612 3916 dicam,
3658 3852 3836 3918 atque

2135 3942 2269 3998 inde
2306 3943 2568 4014 profero:
2617 3958 2723 3997 nec
2767 3947 2958 3997 tamen
3001 3942 3121 3996 ulla
3169 3956 3366 3996 earum
3403 3937 3839 4011 perturbatione

2135 4032 2459 4103 perturbor,
2474 4048 2604 4087 cum
2619 4048 2715 4087 eas
2727 4031 3215 4087 reminiscendoro
3235 4044 3644 4094 commemoro;
3660 4031 3718 4081 et
3736 4042 3840 4079 an-

2136 4125 2372 4191 tequam
2396 4120 2834 4175 recolerentura
2862 4136 2954 4174 me
2983 4123 3040 4173 et
3059 4122 3518 4184 retractarentur,
3548 4116 3626 4171 ibi
3648 4118 3836 4182 erant;

2136 4214 2444 4282 propterea
2483 4209 2621 4264 inde
2649 4225 2756 4279 per
2783 4208 3244 4263 recordationem
3271 4210 3507 4278 potuere
3537 4202 3833 4276 depromi.

2140 4301 2304 4354 Forte
2336 4314 2494 4369 ergo,
2525 4299 2674 4352 sicut
2703 4299 2772 4354 de
2800 4301 2998 4351 ventre
3027 4296 3187 4350 cibus
3215 4295 3584 4360 ruminando,
3614 4292 3694 4347 sic
3728 4285 3843 4347 ista

2139 4389 2210 4444 de
2239 4386 2522 4443 memoria
2542 4386 2890 4441 recordando
2909 4385 3297 4456 proferuntur.
3325 4384 3437 4438 Cur
3456 4382 3634 4452 igitur
3657 4380 3717 4434 in
3739 4397 3844 4434 ore

2139 4477 2503 4548 cogitationis
2543 4492 2660 4531 non
2691 4475 2934 4529 sentitur
2959 4491 2992 4528 a
3030 4471 3377 4543 disputante,
3419 4471 3529 4523 hoc
3570 4473 3655 4522 est
3682 4485 3716 4522 a
3739 4485 3845 4523 re-

2137 4566 2494 4627 miniscente,
2526 4562 2739 4618 latitia
2771 4561 3014 4618 dulcedo
3039 4561 3125 4614 vel
3156 4557 3475 4612 amaritudo
3504 4555 3791 4612 maestitia
3813 4559 3848 4610 Ῥ

2138 4659 2224 4711 An
2250 4655 2311 4709 in
2335 4655 2441 4708 hoc
2471 4652 2747 4708 dissimile
2779 4655 2882 4717 est,
2907 4649 3058 4722 quod
3080 4663 3193 4702 non
3212 4646 3468 4717 undique
3498 4643 3684 4700 simile
3714 4649 3845 4701 est?

2138 4743 2274 4808 Quis
2302 4742 2457 4798 enim
2486 4741 2622 4796 talia
2661 4741 2856 4794 volens
2907 4739 3256 4808 loqueretur,
3292 4734 3341 4788 si
3379 4733 3606 4806 quoties
3658 4733 3837 4788 tristi-

2136 4832 2277 4886 tiam
2309 4835 2594 4885 metumve
2613 4829 3002 4895 nominamus,
3031 4824 3201 4879 toties
3232 4839 3472 4878 moerere
3492 4823 3583 4877 vel
3621 4822 3835 4878 timere

2138 4917 2510 4992 cogeremur?
2531 4921 2598 4973 Et
2621 4923 2816 4973 tamen
2846 4931 2960 4969 non
2990 4930 3057 4968 ea
3074 4913 3466 4985 loqueremur,
3489 4911 3602 4966 nisi
3629 4912 3690 4966 in
3723 4929 3841 4966 me-

2137 5009 2323 5065 moria
2351 5013 2549 5064 nostra
2575 5021 2693 5061 non
2721 5008 2947 5059 tantum
2984 5018 3154 5056 sonos
3182 5002 3487 5056 nominum
3527 5001 3838 5055 secundum

2139 5097 2420 5167 imagines
2455 5096 2761 5166 impressas
2796 5091 3057 5146 sensibus
3106 5090 3362 5162 corporis
3410 5088 3466 5158 ‘;
3516 5089 3614 5143 sed
3663 5089 3840 5142 etiam

2139 5199 2332 5240 rerum
2384 5183 2641 5254 ipsarum
2695 5179 2959 5235 notiones
3008 5178 3419 5246 inveniremus,
3486 5192 3627 5249 quas
3679 5176 3843 5229 nulla

2133 5275 2312 5345 janua
2335 5271 2521 5326 carnis
2561 5269 2901 5341 accepimus,
2935 5271 3029 5325 sed
3061 5285 3154 5324 eas
3201 5268 3324 5339 ipse
3353 5266 3581 5322 animus
3611 5280 3712 5336 per
3739 5280 3840 5319 ex-

2138 5360 2483 5434 perientiam
2521 5359 2854 5431 passionum
2917 5374 3156 5416 suarum
3221 5355 3474 5412 sentiens
3539 5354 3844 5409 memoria

2205 5515 2218 5548 ¹
2251 5513 2311 5576 In
2322 5512 2468 5576 prius
2479 5511 2632 5576 Edd.,
2650 5513 2939 5576 impressas
2951 5508 3456 5576 assumeret-geris
3472 5513 3554 5569 ;at
3574 5507 3629 5556 in
3650 5505 3846 5565 Mss.,a

2141 5571 2415 5627 sensibus"
2441 5601 2503 5612 —
2521 5575 2607 5626 Sic
2622 5571 2789 5626 etiam
2807 5575 3112 5626 Florentius
3129 5571 3324 5624 editio;
3335 5571 3404 5620 Μ.
