4058 6348
157 363 242 413 ῖδεο
1579 361 1642 414 LI
1652 361 1790 418 BER

1959 364 2088 418 LCIM
2101 365 2200 419 US.

153 478 568 537 commendavit,
601 482 702 533 aut
732 479 855 550 ipsa
884 477 990 533 sibi
1021 480 1143 534 haec
1173 481 1344 534 etiam
1379 497 1493 536 non
1544 498 1838 538 commen-

153 570 264 623 data
292 566 544 622 retinuit.

809 657 1036 711 CAPUT
1059 658 1164 711 XV.

514 745 702 798 Etiam
723 760 842 813 qua
869 745 1067 800 absunt
1095 749 1454 802 meminimus.

211 834 292 884 ‘23.
320 829 428 883 Sed
469 833 665 883 utrum
695 846 800 901 per
847 831 1145 901 imagines,
1195 849 1264 886 an
1317 850 1455 897 non,
1501 834 1629 905 quis
1677 834 1837 890 facile

153 917 388 973 dixerit?
417 917 665 972 Nomino
688 918 902 989 quippe
928 918 1195 990 lapidem,
1219 921 1454 975 nomino
1485 923 1682 990 solem,
1707 939 1837 977 cum

153 1023 228 1059 res
257 1007 388 1076 ipse
422 1022 543 1059 non
563 1007 773 1061 adsunt
800 1007 1060 1062 sensibus
1091 1009 1235 1062 meis
1259 1029 1274 1074 ;
1305 1009 1363 1063 in
1393 1011 1674 1065 memoria
1703 1029 1837 1067 sane

152 1112 262 1150 mea
288 1100 497 1166 priesto
524 1100 659 1149 sunt
686 1095 966 1165 imagines
1025 1113 1242 1152 earum.
1296 1099 1538 1153 Nomine
1577 1101 1836 1155 dolorem

149 1183 400 1254 corporis,
438 1199 542 1238 nec
573 1184 716 1238 mihi
744 1185 903 1239 adest
931 1186 1067 1240 dum
1097 1187 1244 1241 nihil
1275 1187 1466 1254 dolet;
1498 1189 1608 1242 nisi
1641 1195 1833 1244 tamen

152 1273 352 1326 adesset
380 1273 576 1343 imago
631 1273 755 1343 ejus
801 1273 861 1328 in
904 1275 1181 1328 memoria
1226 1291 1356 1330 mea
1385 1277 1666 1332 nescirem
1695 1279 1835 1348 quid

149 1362 396 1428 dicerem,
430 1378 535 1416 nec
567 1378 700 1416 eum
731 1361 791 1415 in
818 1362 1161 1434 disputando
1191 1380 1224 1418 a
1252 1366 1540 1436 voluptate
1560 1366 1836 1421 discerne-

149 1466 274 1504 rem.
305 1450 551 1504 Nomino
581 1452 823 1505 salutem
855 1453 1110 1522 corporis
1156 1469 1286 1507 cum
1325 1455 1510 1507 salvus
1537 1471 1662 1508 sum
1707 1472 1832 1508 cor-

150 1555 271 1609 pore
303 1557 315 1592 :
351 1539 514 1592 adest
543 1539 684 1593 mihi
717 1540 952 1610 quidem
989 1557 1081 1594 res
1112 1541 1232 1612 ipsa
1259 1559 1272 1609 ;
1303 1547 1699 1598 verumtamen
1724 1544 1832 1598 nisi

147 1626 391 1697 etimago
422 1627 550 1697 ejus
580 1627 791 1682 inesset
836 1629 894 1682 in
940 1630 1218 1684 memoria
1256 1647 1405 1699 mea,
1457 1633 1615 1686 nullo
1661 1633 1832 1686 modo

147 1715 460 1769 recordarer
490 1716 630 1786 quid
649 1717 822 1786 hujus
851 1717 1101 1771 nominis
1129 1718 1476 1788 signiﬁcaret
1505 1737 1695 1774 sonus.
1721 1722 1830 1774 Nec

149 1809 470 1874 zegrotantes
496 1809 875 1875 agnoscerent
930 1806 1114 1860 salute
1157 1808 1454 1861 nominata
1507 1809 1644 1879 quid
1685 1814 1832 1863 esset

149 1893 522 1959 dictum;nisi
576 1894 776 1948 eadem
833 1895 1022 1966 imago
1070 1895 1124 1949 vi
1172 1896 1464 1950 memoria:
1517 1901 1826 1964 teneretur,

151 1981 386 2053 quamvis
413 1981 542 2052 ipsa
571 1999 660 2036 res
691 1982 911 2038 abesset
947 2000 981 2037 a
1003 2001 1258 2055 corpore.
1285 1986 1530 2040 Nomine
1560 2002 1829 2040 numeros

150 2071 334 2142 quibus
362 2087 759 2141 numeramus,
792 2076 849 2126 et
879 2073 1088 2127 adsunt
1145 2074 1205 2127 in
1234 2076 1511 2128 memoria
1540 2091 1669 2128 mea
1714 2091 1827 2129 non

150 2159 405 2229 imagines
429 2176 653 2228 eorum,
689 2161 784 2214 sed
832 2161 960 2232 ipsi.
1015 2162 1260 2216 Nomine
1319 2163 1630 2234 imaginem
1671 2164 1822 2232 solis,

147 2251 193 2300 et
217 2246 326 2300 haec
355 2247 516 2300 adest
539 2247 599 2300 in
624 2247 902 2302 memoria
928 2263 1085 2302 mea:
1115 2265 1303 2319 neque
1334 2250 1488 2303 enim
1512 2250 1825 2321 imaginem

148 2335 383 2407 imaginis
413 2336 562 2406 ejus,
597 2337 695 2390 sed
738 2336 922 2407 ipsam
968 2337 1196 2403 recolo;
1231 2337 1354 2408 ipsa
1400 2339 1544 2392 mihi
1590 2339 1823 2394 remini-

145 2425 299 2479 scenti
317 2429 525 2496 praesto
547 2430 652 2480 est.
679 2426 924 2480 Nomine
944 2427 1306 2497 memoriam,
1329 2432 1384 2482 et
1397 2444 1642 2499 agnosco
1669 2429 1824 2501 quod

147 2514 374 2570 nomine.
421 2515 490 2568 Et
541 2513 643 2568 ubi
704 2531 970 2586 agnosco,
1045 2515 1156 2569 nisi
1211 2516 1271 2570 in
1328 2517 1450 2588 ipsa
1503 2517 1826 2572 memoria?

150 2604 275 2656 Nam
305 2607 360 2657 et
379 2603 504 2674 ipsa
535 2619 642 2675 per
668 2602 980 2674 imaginem
1021 2620 1184 2659 suam
1215 2605 1322 2660 sibi
1368 2606 1546 2674 adest,
1601 2623 1663 2660 ac
1710 2622 1824 2662 non

144 2707 229 2762 per
251 2692 486 2762 seipsam
508 2694 541 2746 ?

776 2781 1002 2836 CAPUT
1039 2782 1174 2836 XVI.

573 2872 648 2924 Et
673 2870 958 2924 oblivionis
986 2874 1241 2925 memoria
1270 2878 1367 2926 est.

199 2958 276 3010 24.
307 2957 474 3026 Quid,
506 2973 643 3011 cum
699 2958 1045 3013 oblivionem
1100 2960 1354 3027 nomino,
1409 2967 1580 3033 atque
1622 2963 1821 3017 itidem

147 3059 356 3112 agnosco
385 3046 543 3117 quod
576 3047 838 3113 nomino,
871 3049 1023 3102 unde
1053 3065 1421 3119 agnoscerem
1477 3050 1586 3104 nisi
1617 3051 1820 3106 memi-

148 3131 374 3187 nissem?
404 3135 533 3188 Non
559 3135 831 3189 eumdem
862 3152 1068 3190 sonum
1099 3138 1350 3192 nominis
1380 3138 1529 3204 dico,
1562 3140 1660 3193 sed
1702 3155 1817 3194 rem

150 3235 297 3289 quam
320 3222 638 3293 signiﬁcat;
665 3239 839 3294 quam
865 3224 912 3279 si
939 3225 1150 3280 oblitus
1179 3242 1360 3280 essem
1391 3243 1403 3293 ;
1437 3227 1573 3297 quid
1600 3228 1694 3281 ille
1725 3245 1819 3282 va-

152 3307 272 3362 leret
292 3327 479 3378 sonus,
509 3327 819 3382 agnoscere
850 3313 1048 3384 utique
1080 3331 1195 3368 non
1225 3316 1492 3369 valerem.
1518 3317 1660 3386 Ergo
1691 3332 1820 3369 cum

149 3399 453 3454 memoriam
485 3399 751 3469 memini,
780 3416 886 3471 per
919 3401 1162 3472 seipsam
1189 3403 1297 3456 sibi
1335 3409 1546 3474 praesto
1586 3409 1669 3458 est
1697 3404 1821 3474 ipsa

151 3486 394 3540 memoria
426 3508 441 3555 ;
470 3503 605 3542 cum
635 3504 772 3543 vero
801 3489 1040 3543 memini
1072 3491 1436 3558 oblivionem,
1469 3497 1522 3546 et
1543 3493 1822 3547 memoria

149 3580 328 3640 praasto
357 3582 439 3630 est
465 3582 524 3631 et
540 3576 747 3631 oblivio
771 3595 784 3645 ;
818 3578 1093 3632 memoria
1120 3596 1234 3650 qua
1265 3580 1649 3646 meminerim,
1682 3581 1821 3636 obli-

149 3663 219 3716 vio
243 3680 403 3734 quam
434 3665 823 3720 meminerim.
849 3667 960 3722 Sed
991 3666 1128 3738 quid
1168 3672 1254 3722 est
1297 3669 1524 3737 oblivio,
1557 3669 1669 3724 nisi
1699 3671 1817 3741 pri-

149 3751 272 3805 vatio
298 3754 632 3808 memorias"
662 3755 958 3819 Quomodo
989 3771 1122 3827 ergo
1149 3756 1309 3811 adest
1336 3762 1396 3812 ut
1441 3774 1568 3812 eam
1614 3760 1818 3814 memi—

150 3840 324 3909 nerim,
349 3843 580 3914 quando
607 3860 738 3897 cum
766 3843 928 3897 adest
949 3845 1274 3899 meminisse
1306 3862 1420 3900 non
1450 3849 1728 3918 possum?
1748 3851 1821 3903 At

150 3927 185 3980 si
208 3930 340 3998 quod
369 3931 741 3986 meminimus
770 3933 1044 3987 memoria
1081 3934 1433 4002 retinemus;
1469 3935 1816 3991 oblivionem

149 4024 311 4073 autem
342 4020 447 4074 nisi
478 4021 962 4088 meminissemus,
995 4039 1359 4095 nequaquam
1389 4041 1692 4095 possumus
1722 4042 1818 4080 au-

149 4104 246 4160 dito
282 4107 383 4163 isto
418 4109 675 4178 nomine,
699 4127 818 4164 rem
839 4127 967 4182 qua:
995 4111 1092 4166 illo
1115 4112 1466 4183 signiﬁcatur
1490 4130 1814 4184 agnoscere;

148 4197 391 4252 memoria
403 4199 686 4254 retinetur
705 4198 932 4254 oblivio.
955 4201 1126 4255 Adest
1153 4217 1288 4270 ergo
1308 4217 1378 4255 ne
1399 4201 1814 4268 obliviscamur,

147 4299 252 4352 qua:
278 4302 402 4340 cum
427 4288 590 4342 adest
641 4288 1050 4344 obliviscimur.
1106 4292 1193 4344 An
1223 4306 1289 4343 ex
1335 4290 1444 4344 hoc
1478 4291 1818 4362 intelligitur

149 4386 243 4426 non
268 4390 365 4444 per
392 4375 642 4447 seipsam
690 4376 872 4430 inesse
918 4377 1212 4432 memoriae
1261 4394 1390 4431 cum
1447 4395 1572 4432 eam
1614 4379 1816 4433 memi-

151 4461 333 4531 nimus,
361 4465 456 4519 sed
491 4481 598 4536 per
627 4465 938 4536 imaginem
965 4467 1168 4522 suam?
1198 4467 1334 4538 quia
1363 4467 1409 4521 si
1441 4485 1541 4538 per
1571 4469 1816 4539 sei-psam

149 4555 327 4616 praesto
359 4558 506 4607 esset
563 4553 794 4616 oblivio,
846 4570 963 4608 non
996 4559 1059 4608 ut
1113 4555 1589 4622 meminissemus,
1618 4558 1715 4611 sed
1757 4563 1816 4612 ut

151 4637 596 4696 oblivisceremur
625 4641 892 4696 efﬁceret.
931 4644 996 4698 Et
1042 4643 1147 4696 hoc
1185 4644 1313 4714 quis
1366 4645 1593 4700 tandem
1652 4645 1812 4700 inda-

150 4725 323 4792 gabit?
351 4729 476 4800 quis
508 4731 956 4800 comprehendet
981 4732 1269 4803 quomodo
1301 4732 1407 4786 sit?

204 4818 422 4886 25.Ego
453 4823 629 4884 certe,
662 4819 926 4886 Domine,
985 4820 1180 4873 laboro
1238 4818 1352 4887 hic,
1400 4825 1458 4874 et
1506 4821 1701 4875 laboro
1754 4821 1814 4875 in

148 4903 336 4974 meipso
366 4922 380 4959 :
413 4907 598 4960 factus
628 4924 754 4960 sum
787 4907 930 4962 mihi
960 4912 1111 4961 terra
1141 4907 1512 4977 difﬁcultatis,
1542 4914 1594 4962 et
1639 4910 1812 4964 sudo-

146 4990 207 5044 ris
234 4993 404 5048 nimii.
440 4997 636 5066 Neque
668 4995 822 5050 enim
854 5012 1006 5050 nunc
1035 5000 1357 5052 scrutamur
1411 4998 1607 5068 plagas
1663 4999 1807 5064 coeli,

144 5076 223 5124 aut
249 5074 492 5131 siderum
527 5079 825 5134 intervalla
882 5081 1249 5148 demetimur,
1307 5083 1396 5136 vel
1428 5087 1596 5136 terrm
1636 5082 1809 5137 libra-

147 5167 310 5216 menta
338 5167 686 5236 quaerimus:
717 5185 822 5239 ego
849 5185 975 5224 sum
1005 5170 1103 5241 qui
1139 5171 1394 5236 memini,
1428 5188 1532 5241 ego
1564 5171 1808 5226 animus.

148 5245 248 5302 Non
275 5252 349 5306 ita
373 5255 608 5322 mirum,
642 5257 690 5310 si
720 5274 750 5310 a
781 5274 872 5311 me
903 5259 1074 5329 longe
1105 5263 1188 5312 est
1217 5259 1497 5330 quidquid
1545 5277 1650 5331 ego
1698 5278 1813 5314 non

147 5351 266 5394 sum.
299 5342 439 5406 Quid
473 5350 666 5399 autem
697 5347 1078 5419 propinquius
1110 5347 1325 5420 meipso
1352 5349 1494 5403 mihi
1515 5350 1541 5402 ?
1573 5351 1636 5403 Et
1686 5367 1811 5404 ecce

147 5431 406 5485 memoriae
439 5449 586 5488 meas
615 5435 696 5488 vis
725 5452 840 5490 non
893 5437 1396 5508 comprehenditur
1451 5455 1484 5492 a
1529 5455 1638 5504 me,
1681 5456 1810 5493 cum

145 5509 307 5580 ipsum
334 5537 424 5576 me
456 5538 574 5577 non
605 5523 789 5578 dicam
820 5529 1027 5597 praeter
1056 5525 1231 5580 illam.
1261 5526 1407 5590 Quid
1447 5527 1601 5581 enim
1629 5527 1812 5582 dictu-

147 5615 224 5656 rus
248 5623 365 5663 sum
395 5612 630 5682 quando
659 5613 800 5667 mihi
825 5619 1044 5669 certum
1074 5620 1160 5670 est
1194 5615 1521 5672 meminisse
1553 5633 1643 5671 me
1665 5617 1808 5672 obli-

3537 375 3642 425 ’790

1950 485 2173 540 vionem
2194 489 2223 539 ‘?
2251 488 2336 540 An
2366 487 2621 542 dicturus
2653 505 2779 543 sum
2813 505 2924 543 non
2958 505 3078 543 esse
3109 491 3168 544 in
3199 491 3477 545 memoria
3515 508 3642 546 mea

1949 575 2102 643 quod
2133 575 2418 629 memini?
2447 593 2518 630 an
2551 577 2804 632 dicturus
2836 595 2962 630 sum
2995 579 3062 632 ad
3112 579 3218 632 hoc
3266 580 3447 632 inesse
3496 580 3639 634 obli-

1949 663 2173 717 vionem
2205 663 2262 717 in
2293 666 2570 719 memoria
2599 683 2743 730 mea,
2778 674 2840 720 ut
2869 683 2982 721 non
3037 667 3380 720 obliviscar?
3413 670 3639 722 Utrum-

1948 769 2058 822 que
2088 753 2558 808 absurdissimum
2590 761 2692 808 est.
2714 757 2858 820 Quid
2878 757 3016 811 illud
3037 757 3265 810 tertium
3287 759 3315 812 ‘?
3343 775 3455 828 quo
3478 763 3640 829 pacto

1947 841 2129 894 dicam
2158 842 2468 911 imaginem
2500 843 2798 897 oblivionis
2829 846 3008 898 teneri
3047 847 3320 900 memoria
3352 864 3497 913 mea,
3524 866 3640 902 non

1948 929 2128 999 ipsam
2165 930 2530 996 oblivionem,
2565 947 2693 983 cum
2750 949 2873 985 eam
2926 934 3206 986 memini?
3237 936 3356 998 Quo
3389 941 3552 1005 pacto
3585 943 3641 990 et

1947 1019 2051 1071 hoc
2084 1019 2290 1086 dicam,
2323 1020 2789 1090 quandoquidem
2820 1038 2946 1074 cum
2980 1022 3425 1092 imprimiturrei
3455 1026 3639 1095 cujus-

1947 1125 2057 1178 que
2092 1107 2279 1178 imago
2313 1108 2373 1161 in
2399 1109 2698 1175 memoria,
2731 1110 2889 1178 prius
2919 1127 3140 1163 necesse
3175 1117 3255 1164 est
3281 1118 3341 1166 ut
3371 1114 3520 1167 adsit
3551 1132 3638 1168 res

1945 1195 2066 1266 ipsa
2098 1198 2246 1250 unde
2281 1197 2376 1250 illa
2400 1197 2589 1268 imago
2611 1198 2787 1268 possit
2804 1198 3054 1268 imprimi
3078 1200 3104 1252 ‘?
3122 1200 3210 1253 Sic
3231 1203 3381 1255 enim
3405 1205 3635 1257 Cartha-

1944 1284 2091 1355 ginis
2125 1285 2380 1351 memini,
2417 1286 2492 1339 sic
2537 1287 2794 1340 omnium
2841 1289 3092 1341 locorum
3143 1289 3350 1358 quibus
3382 1290 3634 1358 interfui,

1945 1373 2022 1426 sic
2049 1373 2219 1426 facies
2250 1374 2549 1428 hominum
2581 1393 2720 1446 quas
2743 1375 2878 1444 vidi,
2910 1381 2963 1430 et
2993 1382 3328 1431 cmterorum
3367 1395 3633 1433 sensuum

1945 1463 2224 1526 nuntiata,
2260 1464 2336 1516 sic
2367 1464 2543 1533 ipsius
2595 1465 2850 1536 corporis
2905 1467 3145 1520 salutem
3195 1467 3306 1519 sive
3357 1468 3633 1522 dolorem.

1943 1552 2082 1604 Cum
2115 1559 2323 1621 praisto
2357 1558 2543 1607 essent
2572 1554 2696 1618 ista,
2723 1555 2872 1624 cepit
2896 1555 2966 1607 ab
2997 1555 3076 1608 eis
3107 1555 3384 1626 imagines
3418 1573 3634 1610 memo-

1942 1641 2026 1695 ria
2058 1656 2199 1710 quas
2247 1639 2502 1694 intuerer
2555 1647 2883 1712 praesentes,
2943 1647 2997 1696 et
3028 1648 3394 1697 retractarcm
3444 1646 3634 1699 animo

1940 1747 2066 1782 cum
2097 1729 2192 1782 illa
2207 1734 2261 1782 et
2277 1730 2532 1784 absentia
2546 1730 2957 1784 reminiscerer.
2973 1731 3025 1785 Si
3045 1747 3179 1800 ergo
3203 1747 3304 1802 per
3324 1732 3632 1802 imaginem

1942 1833 2102 1872 suam
2135 1834 2249 1871 non
2278 1835 2378 1889 per
2408 1818 2650 1889 seipsam
2698 1819 2756 1872 in
2807 1819 3083 1872 memoria
3125 1825 3350 1874 tenetur
3397 1822 3626 1889 oblivio,

1939 1905 2062 1976 ipsa
2090 1906 2288 1976 utique
2318 1907 2510 1960 aderat
2539 1913 2597 1960 ut
2627 1907 2749 1978 ejus
2778 1906 2966 1972 imago
3005 1914 3322 1977 caperetur.
3362 1911 3500 1962 Cum
3527 1926 3628 1963 au-

1939 1997 2055 2047 tem
2087 1995 2327 2061 adesset,
2371 1995 2658 2066 quomodo
2708 1994 3015 2065 imaginem
3047 2013 3208 2050 suam
3265 1997 3324 2050 in
3357 1998 3632 2052 memoria

1939 2083 2347 2148 conscribebat,
2379 2085 2606 2155 quando
2633 2085 2689 2138 id
2721 2085 2892 2138 etiam
2924 2085 3073 2154 quod
3096 2085 3216 2154 jam
3246 2090 3506 2139 notatum
3543 2087 3628 2140 in-

1935 2171 2112 2238 venit,
2169 2172 2469 2242 praesentia
2523 2190 2624 2226 sua
2672 2173 2820 2226 delet
2866 2173 3122 2228 oblivio?
3153 2175 3218 2228 Et
3263 2177 3449 2228 tamen
3485 2192 3623 2246 quo-

1937 2276 2182 2332 cumque
2217 2261 2409 2326 modo,
2467 2262 2597 2316 licet
2650 2261 2719 2314 sit
2749 2262 2951 2315 modus
2981 2261 3086 2316 iste
3141 2261 3626 2334 incomprehensi-

1932 2348 2064 2402 bilis
2095 2355 2152 2403 et
2181 2349 2611 2420 inexplicabilis.
2664 2350 2836 2404 etiam
2889 2350 3070 2422 ipsam
3127 2351 3470 2406 oblivionem
3502 2369 3626 2405 me-

1934 2436 2168 2491 minisse
2196 2454 2285 2492 me
2316 2441 2504 2492 certus
2533 2453 2679 2504 sum,
2728 2455 2842 2509 qua
2888 2437 2946 2492 id
2995 2439 3145 2509 quod
3195 2441 3628 2494 meminerimus

1935 2525 2215 2580 obruitur.

2568 2654 2791 2708 CAPUT
2821 2653 2978 2707 XVII.

1933 2759 2134 2827 Magna
2158 2761 2425 2813 memoriae
2453 2761 2552 2818 eis.
2588 2761 2683 2813 sed
2711 2761 2858 2813 ultra
2883 2761 3340 2829 progrediendum
3383 2766 3443 2816 ut
3466 2765 3630 2817 attin-

2607 2853 2771 2915 gatur
2797 2852 2952 2902 Deus.

2000 2956 2091 3007 26.
2125 2955 2325 3024 Magna
2377 2952 2460 3007 vis
2514 2959 2598 3008 est
2649 2955 2943 3008 memoriae
2997 2955 3184 3009 nescio
3219 2956 3357 3027 quid
3391 2957 3627 3011 horren-

1932 3043 2091 3106 dum,
2127 3044 2272 3096 Deus
2305 3058 2486 3110 meus,
2520 3044 2802 3114 profunda
2833 3048 2890 3098 et
2918 3044 3145 3098 inﬁnita
3192 3045 3625 3115 multiplicitas;

1931 3136 1986 3184 et
2014 3131 2120 3185 hoc
2149 3131 2377 3185 animus
2405 3137 2508 3198 est,
2539 3135 2594 3186 et
2646 3133 2752 3185 hoc
2784 3148 2889 3202 ego
2934 3133 3055 3204 ipse
3105 3149 3246 3188 sum.
3302 3134 3449 3199 Quid
3491 3151 3626 3206 ergo

1931 3236 2077 3283 sum,
2104 3221 2250 3273 Deus
2273 3236 2432 3275 meus
2451 3222 2480 3273 ‘?
2501 3237 2628 3291 quas
2647 3226 2848 3276 natura
2871 3238 2995 3275 sum
3016 3225 3044 3275 ‘?
3073 3223 3254 3288 Varia,
3291 3224 3628 3279 multimoda

1929 3308 2062 3374 vita,
2096 3314 2152 3361 et
2181 3309 2461 3363 immensa
2489 3311 2876 3365 vehementer.
2909 3313 3042 3365 Ecce
3076 3310 3134 3364 in
3163 3311 3457 3366 memoriae
3482 3328 3627 3367 mea).

1930 3397 2162 3468 campis,
2207 3402 2263 3451 et
2291 3397 2469 3452 antris
2501 3404 2557 3451 et
2601 3400 2854 3453 cavernis
2885 3399 3423 3467 innumerabilibus,
3458 3405 3627 3473 atque

1930 3484 2431 3540 innumerabiliter
2477 3487 2662 3556 plenis
2688 3487 3197 3542 innumerabilium
3229 3505 3421 3543 rerum
3450 3506 3624 3560 gene-

1929 3573 2107 3640 ribus,
2150 3575 2264 3628 sive
2322 3591 2426 3644 per
2475 3575 2777 3646 imagines,
2813 3576 2959 3630 sicut
2987 3577 3246 3632 omnium
3272 3595 3619 3648 corporum;

1929 3662 2044 3716 sive
2086 3679 2190 3734 per
2235 3664 2621 3734 prmsentiam,
2680 3664 2824 3719 sicut
2861 3665 3106 3728 artium;
3136 3666 3250 3720 sive
3290 3683 3393 3736 per
3435 3667 3625 3722 nescio

1929 3767 2070 3822 quas
2103 3752 2369 3806 notiones
2394 3754 2481 3806 vel
2540 3754 2881 3818 natationes,
2914 3755 3057 3807 sicut
3103 3755 3470 3810 affectionum
3509 3757 3628 3811 ani-

1928 3840 2007 3893 mi
2033 3857 2046 3906 ;
2077 3856 2218 3910 quas
2246 3846 2303 3893 et
2327 3857 2456 3893 cum
2487 3841 2712 3895 animus
2743 3859 2858 3895 non
2888 3842 3122 3912 patitur,
3142 3844 3419 3898 memoria
3446 3850 3621 3910 tenet,

1927 3945 2055 3982 cum
2091 3928 2151 3982 in
2182 3928 2373 3982 animo
2406 3929 2477 3982 sit
2501 3929 2778 4000 quidquid
2806 3935 2889 3984 est
2927 3930 2987 3983 in
3016 3931 3291 3985 memoria
3325 3949 3337 3986 :
3372 3950 3474 4004 per
3502 3935 3625 3989 haec

1927 4017 2122 4072 omnia
2147 4017 2402 4072 discurro
2417 4022 2473 4073 et
2497 4018 2698 4083 volito;
2727 4019 2971 4072 hacillac
2994 4024 3231 4090 penetro
3249 4021 3422 4075 etiam
3445 4038 3622 4092 quan-

1925 4110 2048 4160 tum
2080 4122 2332 4176 possum,
2357 4107 2553 4160 etﬁnis
2574 4123 2887 4178 nusquam;
2913 4112 3070 4161 tanta
3093 4107 3175 4161 vis
3192 4112 3276 4162 est
3298 4109 3619 4176 memerita,

1926 4199 2085 4248 tanta
2112 4195 2240 4249 vita:
2272 4195 2352 4248 vis
2382 4200 2466 4249 est
2487 4195 2546 4249 in
2578 4196 2809 4250 homine
2838 4195 3056 4251 vivente
3087 4197 3437 4250 mortaliter!
3477 4198 3622 4263 Quid

1928 4284 2103 4354 igitur
2128 4301 2313 4356 agam,
2347 4289 2406 4339 tu
2437 4302 2568 4338 vera
2598 4302 2726 4339 mea
2769 4285 2882 4339 vita
2919 4287 3064 4340 Deus
3109 4303 3270 4340 meus
3291 4289 3319 4342 ?
3347 4288 3622 4341 Transibo

1926 4379 1981 4427 et
2018 4374 2164 4428 hanc
2192 4373 2308 4428 vim
2340 4390 2526 4428 meam
2584 4391 2712 4444 quae
2742 4375 3022 4428 memoria
3078 4379 3334 4440 vocatur,
3365 4375 3618 4430 transibo

1925 4479 2050 4516 eam
2078 4467 2140 4515 ut
2193 4463 2529 4532 pertendam
2559 4463 2631 4517 ad
2685 4468 2759 4529 te,
2804 4463 2966 4518 dulce
3021 4463 3234 4516 lumen.
3280 4463 3427 4526 Quid
3484 4463 3624 4518 dicis

1923 4552 2113 4606 mihi?
2143 4552 2414 4622 Ecce'ego
2445 4552 2752 4606 ascendens
2790 4569 2893 4622 per
2930 4553 3187 4606 animum
3243 4569 3437 4606 meum
3466 4553 3536 4607 ad
3566 4558 3622 4607 te

1923 4641 2023 4712 qui
2079 4641 2324 4711 desuper
2373 4641 2514 4694 mihi
2567 4656 2780 4695 manes.
2843 4629 3115 4694 Transibo
3163 4645 3218 4694 te
3279 4639 3446 4695 istam
3508 4641 3618 4695 vim

1923 4746 2132 4798 meam,
2181 4746 2310 4799 quae
2354 4728 2631 4783 memoria
2683 4732 2936 4796 vocatur,
2987 4730 3180 4783 volens
3233 4733 3288 4784 et
3337 4730 3619 4800 attingere

1922 4819 2073 4872 unde
2108 4817 2308 4888 attingi
2340 4821 2520 4887 potes,
2562 4821 2617 4870 et
2675 4816 2952 4871 inhaerere
2998 4817 3103 4871 tibi
3136 4817 3286 4872 unde
3339 4818 3618 4872 inhaarere

1919 4907 2024 4961 tibi
2051 4910 2257 4977 potest.
2296 4906 2515 4960 Habent
2540 4905 2695 4960 enim
2715 4905 3050 4960 memoriam
3081 4910 3137 4960 et
3164 4922 3372 4977 pecora
3395 4911 3451 4960 et
3463 4923 3614 4973 aves,

1920 4994 2174 5066 alioquin
2230 5011 2348 5048 non
2389 4993 2599 5048 cubilia
2647 4993 2882 5048 nidosve
2934 4998 3274 5064 repeterent,
3328 5011 3444 5049 non
3502 4994 3614 5053 alia

1920 5085 2102 5137 multa
2131 5083 2339 5154 quibus
2369 5087 2721 5145 assuescunt,
2779 5099 2966 5155 neque
3004 5083 3158 5137 enim
3216 5088 3272 5138 et
3296 5097 3615 5136 assuescere

1921 5175 2175 5226 valerent
2207 5171 2334 5226 ullis
2379 5173 2548 5225 rebus
2603 5171 2715 5226 nisi
2767 5188 2869 5243 per
2924 5171 3278 5226 memoriam.
3339 5168 3614 5223 Transibo

1921 5278 2056 5332 ergo
2088 5267 2144 5315 et
2177 5261 2534 5330 memoriam,
2592 5265 2657 5315 ut
2685 5262 2966 5332 attingam
3019 5277 3149 5315 eum
3182 5259 3281 5331 qui
3329 5256 3616 5327 separavit

1920 5369 2010 5405 me
2041 5370 2072 5405 a
2093 5352 2579 5423 quadrupedibus,
2612 5357 2667 5406 et
2692 5353 3012 5406 volatilibus
3037 5350 3161 5404 cmli
3200 5346 3607 5418 sapientiorem

1918 5456 2008 5494 me
2031 5440 2184 5494 fecit.
2217 5439 2491 5494 Transibo
2521 5445 2576 5494 et
2598 5439 2962 5504 memoriam;
2993 5441 3048 5492 et
3078 5435 3174 5490 ubi
3206 5440 3259 5487 te
3289 5431 3601 5502 inveniam,

1919 5545 2050 5582 vere
2078 5528 2228 5582 bona
2258 5532 2316 5582 et
2357 5544 2554 5583 secura
2606 5527 2850 5581 suavitas
2872 5527 2898 5579 ?
2947 5528 3002 5578 et
3029 5522 3126 5577 ubi
3165 5527 3219 5575 te
3273 5519 3561 5575 inveniam
3584 5523 3614 5575 ?

1921 5617 1978 5672 Si
2007 5621 2215 5688 praeter
2244 5616 2579 5671 memoriam
2609 5630 2799 5670 meam
2829 5617 2884 5667 te
2915 5609 3164 5675 invenio,
3194 5608 3499 5664 immemor
3526 5608 3611 5665 tui
