4058 6344
388 337 487 388 791

392 468 538 507 sum.
575 454 639 507 Et
667 453 953 524 quomodo
984 452 1105 523 jam
1132 453 1420 508 inveniam
1465 457 1543 522 te,
1599 455 1647 509 si
1698 469 1921 508 memor
1963 468 2085 508 non

393 557 520 596 sum
550 540 682 594 tui?

1006 612 1230 668 CAPUT
1267 616 1460 671 XVIII.

501 702 618 756 Non
643 701 977 756 inveniretur
1005 717 1066 756 ea
1082 718 1166 758 res
1183 720 1302 772 quae
1328 704 1551 773 excidit,
1584 704 1696 758 nisi
1718 703 1980 756 memoria

635 781 639 785 ’
1103 795 1385 846 teneretur.

413 921 416 926 .
459 883 546 934 27.
581 879 917 934 Perdiderat
943 878 1097 934 enim
1124 881 1332 934 mulier
1359 880 1707 947 drachmam,
1740 883 1793 934 et
1825 878 2087 951 qumsivit

392 984 520 1023 eam
549 985 679 1022 cum
707 969 936 1022 lucerna
965 971 1110 1038 (Luc.
1157 985 1249 1036 xv,
1303 970 1376 1037 8),
1409 974 1466 1024 et
1521 969 1630 1022 nisi
1683 984 1909 1022 memor
1963 968 2086 1037 ejus

392 1061 557 1124 esset,
587 1073 703 1110 non
732 1057 1016 1112 inveniret
1067 1073 1214 1111 eam.
1244 1059 1386 1112 Cum
1441 1057 1597 1110 enim
1655 1061 1802 1110 esset
1831 1056 2082 1121 inventa,

390 1147 543 1201 unde
571 1146 740 1200 sciret
791 1151 984 1200 utrum
1029 1145 1152 1216 ipsa
1206 1150 1372 1210 esset,
1419 1146 1466 1198 si
1514 1161 1738 1199 memor
1793 1144 1915 1214 ejus
1968 1159 2086 1197 non

390 1238 582 1290 esset?
607 1236 777 1290 Multa
807 1234 1045 1288 memini
1073 1251 1166 1288 me
1194 1234 1419 1305 perdita
1447 1233 1714 1305 quaesisse
1737 1237 1910 1304 atque
1931 1231 2087 1286 inve-

390 1321 562 1376 nisse.
610 1321 747 1374 Inde
782 1321 931 1375 istud
973 1321 1107 1387 scio,
1151 1322 1286 1393 quia
1327 1337 1458 1376 cum
1496 1336 1816 1391 quaererem
1866 1318 2085 1390 aliquid

391 1425 612 1475 eorum,
645 1413 701 1462 et
731 1407 1014 1463 diceretur
1052 1409 1216 1476 mihi,
1268 1410 1415 1463 Num
1467 1408 1612 1462 forte
1669 1407 1777 1460 hoc
1815 1411 1914 1473 est,
1943 1421 2084 1460 num

390 1497 536 1552 forte
565 1497 710 1552 illud
731 1497 757 1550 ?
785 1496 1010 1550 tamdiu
1040 1497 1298 1551 dicebam
1330 1513 1343 1551 :
1379 1497 1501 1550 Non
1525 1501 1626 1561 est,
1657 1496 1835 1550 donec
1854 1495 1911 1549 id
1924 1496 2087 1549 offer-

390 1590 550 1640 retur
577 1585 730 1655 quod
763 1585 1110 1655 quaarebam.
1135 1586 1306 1656 Cujus
1328 1585 1435 1640 nisi
1454 1601 1674 1638 memor
1693 1601 1898 1651 essem,
1923 1584 2088 1655 quid-

392 1673 529 1744 quid
562 1674 702 1727 illud
735 1678 900 1739 esset,
932 1674 1103 1728 etiam
1134 1673 1181 1727 si
1210 1674 1350 1728 mihi
1374 1674 1694 1741 offerretur,
1723 1689 1838 1727 non
1868 1673 2086 1727 inveni-

391 1781 534 1831 rem,
565 1763 700 1834 quia
728 1780 844 1817 non
875 1780 1263 1834 agnoscerem.
1318 1767 1384 1819 Et
1439 1781 1664 1835 semper
1718 1763 1798 1818 ita
1825 1763 1911 1832 ﬁt,
1956 1779 2085 1817 cum

391 1853 610 1924 aliquid
638 1853 927 1922 perditum
958 1853 1270 1924 quaerimus
1313 1857 1369 1907 et
1396 1852 1750 1907 invenimus.
1790 1854 2086 1906 Verumta-

389 1958 523 1996 men
554 1941 601 1994 si
639 1941 784 1995 forte
813 1941 1029 2012 aliquid
1057 1941 1127 1996 ab
1161 1941 1339 1996 oculis
1372 1940 1538 2012 perit,
1582 1957 1696 1995 non
1725 1957 1760 1994 a
1788 1940 2084 2006 memoria,

395 2028 565 2083 veluti
595 2044 801 2099 corpus
829 2029 1126 2099 quodlibet
1155 2029 1398 2097 visibile,
1434 2033 1663 2082 tenetur
1690 2027 1845 2082 intus
1894 2028 2086 2098 imago

391 2117 537 2187 ejus,
570 2120 626 2170 et
655 2117 933 2187 quaeritur
963 2117 1142 2170 donec
1166 2118 1440 2171 reddatur
1460 2115 1728 2187 aspectui.
1769 2117 1927 2181 Quod
1957 2133 2088 2170 cum

389 2205 686 2259 inventum
711 2205 902 2272 fuerit,
927 2221 992 2259 ex
1011 2205 1262 2276 imagine
1291 2221 1419 2276 qua:
1449 2206 1602 2259 intus
1623 2210 1709 2259 est
1730 2205 2084 2276 recognosci-

389 2297 504 2346 tur.
540 2294 650 2347 Nec
676 2292 956 2347 invenisse
985 2310 1090 2347 nos
1119 2293 1360 2347 dicimus
1409 2293 1562 2364 quod
1595 2294 1860 2364 perierat,
1894 2293 1940 2346 si
1970 2310 2086 2347 non

391 2381 792 2452 agnoscimus;
825 2399 930 2436 nec
958 2395 1265 2452 agnoscere
1308 2398 1628 2453 possumus,
1663 2381 1710 2435 si
1740 2398 1858 2435 non
1884 2381 2088 2435 memi-

393 2469 584 2522 nimus
616 2486 630 2523 :
662 2470 760 2524 sed
788 2471 894 2524 hoc
915 2471 1162 2541 perierat
1187 2469 1418 2541 quidem
1447 2470 1646 2538 oculis,
1697 2470 1979 2526 memoria
2011 2475 2090 2524 te-

393 2556 657 2612 nebatur.

1052 2629 1278 2684 CAPUT
1297 2631 1428 2684 XIX.

954 2718 1102 2783 Quid
1134 2721 1208 2772 sit
1233 2720 1525 2773 reminisci.

458 2808 545 2860 28.
587 2805 735 2870 Quid
763 2822 890 2860 cum
947 2807 1072 2878 ipsa
1124 2807 1404 2862 memoria
1441 2806 1630 2877 perdit
1667 2805 1906 2877 aliquid,
1945 2805 2089 2860 sicut

388 2896 455 2950 ﬁt
484 2911 615 2949 cum
664 2895 1077 2962 obliviscimur,
1124 2900 1180 2950 et
1223 2896 1537 2968 quaerimus
1587 2899 1654 2950 ut
1681 2895 2089 2950 recordemur?

390 2984 495 3039 Ubi
523 2984 754 3038 tandem
783 2985 1096 3056 quaerimus
1126 2983 1236 3038 nisi
1263 2985 1323 3038 in
1380 2985 1506 3055 ipsa
1537 2985 1816 3038 memoria
1837 2983 1864 3038 ?
1916 2986 1980 3039 Et
2009 2985 2088 3038 ibi

383 3072 432 3126 si
459 3072 612 3127 aliud
658 3089 761 3143 pro
813 3072 924 3126 alio
955 3073 1102 3128 forte
1158 3074 1451 3140 offeratur,
1511 3072 1855 3144 respuimus,
1910 3073 2088 3127 donec

384 3161 526 3216 illud
556 3165 820 3216 occurrat
851 3162 1006 3232 quod
1025 3162 1370 3232 querimus:
1405 3167 1460 3216 et
1487 3178 1618 3216 cum
1647 3161 1915 3231 occurrit,
1947 3161 2088 3216 dici-

387 3265 532 3315 mus,
569 3251 684 3303 Hoc
709 3252 830 3316 est;
867 3249 1022 3320 quod
1053 3267 1172 3304 non
1217 3250 1534 3305 diceremus
1585 3250 1695 3304 nisi
1749 3267 2086 3321 agnoscere-

384 3352 533 3399 mus,
561 3351 667 3389 nec
723 3351 1158 3405 agnosceremus
1215 3337 1324 3391 nisi
1381 3337 1862 3392 meminiscemus.
1922 3339 2085 3392 Certe

387 3440 524 3494 ergo
555 3423 716 3478 obliti
738 3424 1046 3479 fueramus.
1077 3428 1165 3480 An
1189 3424 1207 3458 ¹
1230 3443 1346 3481 non
1368 3431 1548 3481 totum
1568 3426 1870 3493 exciderat,
1901 3427 1999 3480 sed
2019 3444 2086 3480 ex

387 3517 550 3584 parte
581 3529 695 3584 qua
723 3513 1026 3567 tenebatur
1045 3531 1177 3584 pars
1207 3515 1317 3569 alia
1345 3516 1738 3587 quaerebatur;
1769 3514 1908 3586 quia
1952 3532 2087 3568 sen-

383 3601 562 3656 tiebat
585 3618 642 3654 se
672 3600 949 3654 memoria
979 3617 1094 3656 non
1127 3602 1295 3657 simul
1325 3603 1552 3658 volvere
1589 3603 1744 3674 quod
1774 3604 1944 3657 simul
1995 3620 2086 3658 so-

385 3691 557 3757 lebat,
617 3694 674 3744 et
701 3690 866 3761 quasi
904 3689 1238 3744 detruncata
1276 3692 1687 3746 consuetudine
1742 3692 2082 3758 claudicans,

384 3779 547 3834 reddi
575 3779 727 3851 quod
757 3780 953 3834 deerat
980 3780 1318 3851 ﬂagitabat?
1347 3783 1642 3852 Tanquam
1692 3781 1739 3836 si
1768 3781 1944 3836 homo
1975 3799 2083 3835 no-

385 3873 478 3924 tus
502 3868 618 3923 sive
648 3868 1032 3940 conspiciatur
1061 3871 1260 3935 oculis,
1295 3871 1409 3925 sive
1439 3871 1743 3942 cogitetur,
1774 3875 1832 3925 et
1872 3887 2080 3925 nomen

385 3959 507 4030 ejus
537 3957 701 4012 obliti
727 3957 1108 4028 requiramus,
1142 3959 1424 4030 quidquid
1453 3959 1610 4014 aliud
1639 3959 1945 4014 occurrerit
1968 3977 2084 4014 non

383 4045 782 4101 connectitur:
817 4046 954 4116 quia
1005 4063 1120 4100 non
1168 4064 1300 4101 cum
1330 4048 1428 4101 illo
1485 4047 1722 4118 cogitari
1767 4047 2081 4112 consuevit,

381 4134 628 4205 ideoque
658 4133 946 4204 respuitur
977 4136 1157 4188 donec
1180 4134 1322 4189 illud
1351 4134 1518 4204 adsit,
1547 4135 1646 4190 ubi
1675 4134 1845 4189 simul
1893 4151 2083 4189 assue-

382 4223 531 4278 facta
579 4221 786 4276 notitia
841 4237 958 4275 non
1005 4222 1365 4293 inaequaliter
1420 4223 1756 4294 acquiescat.
1811 4224 1878 4277 Et
1928 4223 2082 4278 unde

382 4310 560 4377 adest,
604 4310 717 4364 nisi
764 4326 832 4363 ex
876 4310 1001 4380 ipsa
1038 4310 1364 4365 memoria?
1403 4311 1546 4364 Nam
1603 4315 1659 4364 et
1700 4326 1832 4364 cum
1867 4311 1936 4364 ab
1969 4312 2081 4366 alio

376 4397 708 4454 commoniti
727 4397 1208 4468 recognoscimus,
1233 4398 1364 4452 inde
1385 4399 1565 4453 adest.
1589 4399 1716 4453 Non
1745 4399 1900 4453 enim
1913 4399 2080 4471 quasi

383 4497 594 4534 novum
622 4483 927 4552 credimus,
969 4486 1066 4539 sed
1123 4487 1484 4542 recordantes
1540 4488 1926 4559 approbemus
1975 4488 2081 4542 hoc

380 4585 501 4622 esse
527 4571 682 4641 quod
712 4573 924 4628 dictum
957 4579 1058 4629 est.
1095 4575 1152 4629 Si
1183 4581 1374 4630 autem
1414 4577 1642 4648 penitus
1689 4577 1984 4631 abolentur
2016 4595 2080 4632 ex

380 4658 595 4730 animo,
617 4676 721 4714 nec
742 4662 1021 4718 admoniti
1041 4664 1482 4720 reminiscimur.
1510 4667 1704 4738 Neque
1721 4665 1875 4720 enim
1895 4667 2079 4720 omni-

379 4747 551 4800 modo
581 4748 765 4803 adhuc
796 4751 958 4806 obliti
988 4769 1204 4820 sumus,
1240 4755 1395 4825 quod
1423 4756 1507 4808 vel
1532 4755 1653 4826 jam
1689 4753 1714 4787 ²
1743 4755 1946 4809 oblitos
1976 4772 2079 4809 nos

381 4852 502 4891 esse
533 4837 920 4895 meminimus.
946 4843 1060 4896 Hoc
1088 4859 1225 4912 ergo
1261 4860 1364 4897 nec
1393 4844 1670 4899 amissum
1696 4860 1952 4916 quaerere
1972 4861 2080 4916 po-

376 4925 640 4994 terimus,
675 4928 830 4998 quod
855 4929 1089 4983 omnino
1121 4930 1282 4986 obliti
1315 4933 1614 4987 fuerimus.

487 5019 490 5022 “
1047 5019 1272 5074 CAPUT
1305 5022 1411 5075 XX.

383 5106 450 5159 Ut
475 5103 865 5158 beatitudinem
911 5121 1085 5161 omnes
1116 5114 1396 5177 appetant,
1428 5114 1633 5179 oportet
1661 5125 1777 5164 eam
1805 5112 2070 5164 noverint.

445 5195 534 5248 29.
569 5193 869 5257 Quomodo
899 5211 1036 5266 ergo
1067 5200 1121 5250 te
1154 5213 1368 5267 quaero,
1404 5197 1693 5252 Domine?
1724 5199 1868 5253 Cum
1917 5199 2072 5252 enim

376 5287 431 5336 te
454 5283 637 5336 Deum
656 5298 852 5336 meum
873 5300 1090 5355 quaero,
1122 5285 1296 5339 vitam
1326 5286 1549 5340 beatam
1573 5303 1789 5357 quaero.
1809 5287 2072 5350 Quazram

374 5376 432 5425 te
485 5375 549 5425 ut
584 5371 734 5425 vivat
790 5371 984 5426 anima
1013 5390 1161 5427 mea.
1225 5373 1374 5428 Vivit
1431 5375 1586 5430 enim
1631 5391 1836 5446 corpus
1877 5392 2071 5430 meum

376 5461 446 5514 de
478 5461 669 5515 anima
699 5477 846 5522 mea,
871 5468 928 5518 et
949 5463 1086 5518 vivit
1141 5464 1332 5518 anima
1360 5481 1488 5518 mea
1541 5465 1611 5519 de
1668 5469 1744 5520 te.
1778 5465 2069 5530 Quomodo

439 5550 458 5616 ξ
483 5548 657 5616 pluit,
686 5547 957 5616 fueramus
981 5568 994 5610 ;
1028 5564 1093 5602 ac
1118 5565 1280 5602 non...
1307 5553 1605 5616 ﬂagitabat.
1637 5553 1798 5612 Alias,
1828 5566 1972 5613 nam,
1999 5553 2065 5602 M.

436 5609 459 5642 ³
483 5610 542 5656 In
567 5610 622 5658 Β.
643 5609 836 5673 legitur
847 5625 984 5673 eam,
1020 5618 1280 5678 corrupte.
1307 5609 1385 5664 'M.

1577 333 1712 390 CON
1723 333 2120 391 FESSIONUM
2169 336 2224 389 S.
2285 335 2692 391 AUGUSTINI.

3786 336 3898 388 792

2196 471 2336 527 ergo
2364 471 2560 528 quaero
2590 455 2766 511 vitam
2795 456 3018 511 beatam
3038 456 3067 512 ?
3093 456 3232 529 quia
3257 472 3378 512 non
3404 461 3490 512 est
3517 457 3664 513 mihi
3708 458 3899 514 donec

2197 544 2382 599 dicam
2412 561 2425 600 :
2459 545 2557 599 Sat
2585 549 2690 606 est,
2721 544 2836 600 illic
2863 545 2958 601 ubi
2985 551 3212 618 oportet
3251 550 3315 601 ut
3341 546 3571 601 dicam?
3600 547 3898 618 quomodo

2196 649 2323 688 eam
2352 650 2548 705 quaero
2568 636 2597 688 ?
2623 635 2822 688 Utrum
2845 650 2949 706 per
2975 635 3428 690 recordationem
3457 640 3731 706 tanquam
3764 651 3896 689 eam

2199 723 2409 776 oblitus
2439 722 2568 790 sim,
2600 723 2955 796 oblitumque
2999 740 3092 778 me
3129 736 3252 780 esse
3282 724 3469 779 adhuc
3521 729 3787 790 teneam;
3820 741 3895 778 an

2197 827 2300 883 per
2323 811 2644 882 appetitum
2677 812 2929 866 discendi
2961 812 3336 883 incognitam,
3391 813 3509 868 sive
3539 829 3714 884 quam
3741 829 3895 867 nun-

2197 915 2372 972 quam
2401 899 2648 963 scierim,
2677 900 2791 954 sive
2816 918 2988 972 quam
3016 901 3094 955 sic
3119 901 3328 956 oblitus
3356 901 3562 956 fuerim
3585 906 3649 956 ut
3665 918 3759 956 me
3787 917 3897 957 nec

2198 986 2441 1041 oblitum
2473 1003 2593 1040 esse
2624 987 2988 1041 meminerim
3007 987 3034 1037 ?
3091 989 3289 1042 Nonne
3317 987 3442 1058 ipsa
3471 993 3556 1042 est
3582 989 3750 1042 beata
3777 988 3898 1042 vita

2198 1091 2369 1146 quam
2399 1092 2598 1130 omnes
2625 1077 2841 1143 volunt,
2875 1082 2931 1131 et
2960 1076 3196 1130 omnino
3243 1076 3343 1147 qui
3387 1077 3532 1132 nolit
3561 1093 3731 1131 nemo
3764 1079 3898 1130 est?

2199 1163 2304 1218 Ubi
2334 1169 2615 1219 noverunt
2652 1181 2794 1227 eam,
2843 1165 2994 1236 quod
3041 1164 3121 1219 sic
3139 1166 3342 1220 volunt
3383 1168 3559 1220 eam?
3602 1166 3708 1220 Ubi
3736 1166 3896 1220 vide-

2196 1257 2351 1318 runt,
2385 1257 2449 1307 ut
2467 1257 2725 1308 amarent
2749 1270 2876 1308 eam
2890 1256 2919 1308 ?
2949 1253 3231 1308 Nimirum
3251 1255 3528 1309 habemus
3553 1270 3683 1310 eam
3703 1255 3897 1309 nescio

2196 1343 2504 1412 quomodo.
2544 1345 2609 1397 Et
2661 1347 2744 1397 est
2770 1343 2914 1397 alius
2953 1343 3187 1414 quidam
3217 1343 3444 1411 modus,
3503 1360 3618 1414 quo
3648 1343 3897 1416 quisque

2198 1446 2327 1485 cum
2367 1432 2538 1485 habet
2567 1448 2716 1497 eam,
2773 1439 2910 1486 tunc
2957 1432 3158 1486 beatus
3215 1436 3340 1496 est;
3401 1437 3458 1486 et
3489 1437 3623 1486 sunt
3653 1433 3754 1504 qui
3794 1449 3896 1503 spe

2197 1521 2353 1576 beati
2400 1525 2551 1574 sunt.
2593 1519 2866 1575 Inferiore
2923 1521 3096 1575 modo
3138 1520 3231 1574 isti
3276 1521 3490 1576 habent
3531 1537 3680 1588 eam,
3716 1539 3894 1593 quam

2198 1607 2282 1662 illi
2315 1608 2415 1680 qui
2439 1609 2560 1678 jam
2593 1625 2652 1662 re
2682 1609 2804 1679 ipsa
2832 1609 2985 1663 beati
3024 1613 3195 1676 sunt;
3229 1609 3329 1663 sed
3383 1613 3576 1664 tamen
3629 1612 3898 1666 meliores

2198 1713 2373 1770 quam
2407 1697 2496 1751 illi
2527 1697 2626 1768 qui
2655 1714 2760 1751 nec
2789 1715 2850 1752 re
2876 1715 2979 1752 nec
3010 1714 3107 1768 spe
3137 1697 3292 1752 beati
3338 1704 3488 1753 sunt.
3552 1699 3658 1764 Qui
3701 1705 3898 1755 tamen

2199 1786 2374 1840 etiam
2403 1785 2513 1856 ipsi
2534 1785 2643 1840 nisi
2665 1785 2859 1857 aliquo
2890 1786 3060 1840 modo
3089 1785 3363 1839 haberent
3380 1801 3527 1849 eam,
3554 1801 3666 1840 non
3687 1787 3770 1842 ita
3785 1790 3898 1842 vel-

2199 1875 2320 1930 lent
2348 1875 2499 1929 beati
2525 1891 2668 1944 esse,
2687 1875 2842 1946 quod
2865 1890 2964 1929 eos
2990 1875 3134 1928 velle
3163 1873 3545 1928 certissimum
3568 1880 3671 1930 est.
3696 1877 3896 1931 Nescio

2199 1965 2488 2035 quomodo
2518 1969 2800 2019 noverunt
2815 1964 3219 2035 eam,ideoque
3249 1963 3458 2018 habent
3476 1980 3601 2019 eam
3623 1965 3682 2019 in
3702 1967 3896 2020 nescio

2199 2071 2312 2125 qua
2343 2053 2563 2116 notitia,
2583 2053 2652 2107 de
2681 2069 2794 2124 qua
2821 2057 3014 2122 satago
3028 2059 3222 2107 utrum
3253 2053 3312 2106 in
3342 2053 3620 2108 memoria
3637 2055 3739 2109 sit:
3761 2055 3898 2126 quia

2201 2142 2250 2196 si
2278 2141 2357 2195 ibi
2387 2146 2492 2201 est,
2508 2142 2628 2213 jam
2651 2142 2802 2196 beati
2821 2141 3034 2196 fuimus
3054 2142 3362 2213 aliquando
3387 2162 3402 2209 ;
3428 2147 3622 2196 utrum
3644 2143 3899 2215 singilla-

2199 2230 2305 2286 tim
2335 2247 2554 2294 omnes,
2588 2248 2659 2284 an
2687 2231 2746 2284 in
2775 2231 2872 2284 illo
2903 2230 3135 2285 homine
3165 2231 3264 2302 qui
3293 2231 3514 2301 primus
3543 2233 3819 2302 peccavit,
3837 2233 3896 2287 in

2203 2334 2316 2389 quo
2350 2323 2406 2372 et
2454 2334 2655 2372 omnes
2703 2317 2921 2372 mortui
2946 2334 3162 2384 sumus,
3193 2321 3253 2372 et
3295 2318 3363 2372 de
3394 2334 3507 2388 quo
3536 2334 3736 2372 omnes
3764 2335 3896 2372 cum

2200 2406 2434 2461 miseria
2461 2407 2582 2461 nati
2609 2423 2826 2473 sumus,
2882 2423 3001 2460 non
3054 2422 3273 2476 quaero,
3323 2422 3512 2473 nunc;
3546 2406 3646 2461 sed
3696 2423 3895 2478 quaaro

2200 2499 2398 2550 utrum
2423 2495 2480 2548 in
2505 2495 2783 2549 memoria
2811 2494 2884 2550 sit
2900 2495 3064 2549 beata
3087 2494 3224 2551 vita.
3263 2497 3456 2566 Neque
3487 2495 3641 2550 enim
3671 2511 3896 2551 amare-

2199 2601 2328 2639 mus
2357 2600 2484 2637 eam
2511 2583 2624 2637 nisi
2655 2600 2970 2638 nossemus.
2999 2583 3278 2638 Audimus
3297 2599 3510 2639 nomen
3534 2584 3664 2650 hoc,
3693 2588 3751 2639 et
3771 2601 3899 2640 rem

2198 2673 2384 2744 ipsam
2415 2687 2614 2726 omnes
2644 2688 2750 2726 nos
2789 2678 3058 2743 appetere
3091 2672 3376 2740 fatemur;
3407 2689 3523 2726 non
3553 2672 3709 2728 enim
3757 2689 3904 2728 sono

2199 2762 2565 2816 delectamur.
2600 2762 2740 2816 Nam
2770 2761 2878 2816 hoc
2909 2777 3037 2816 cum
3074 2762 3242 2816 latine
3293 2763 3453 2817 audit
3483 2764 3730 2830 Graecus,
3781 2780 3904 2818 non

2200 2851 2533 2920 delectatur,
2561 2850 2696 2922 quia
2741 2850 2970 2922 ignorat
3019 2850 3160 2921 quid
3187 2850 3404 2906 dictum
3431 2852 3537 2920 sit;
3565 2869 3670 2906 nos
3699 2858 3903 2907 autem

2199 2939 2570 3005 delectamur,
2604 2939 2751 2994 sicut
2803 2939 2976 2993 etiam
3032 2940 3129 2994 ille
3182 2939 3231 2993 si
3263 2956 3446 3010 graece
3488 2941 3596 2996 hoc
3647 2942 3904 2997 audierit

2200 3027 2476 3097 quoniam
2497 3045 2586 3082 res
2609 3027 2732 3099 ipsa
2760 3044 2866 3082 nec
2892 3043 3076 3098 grazca
3105 3044 3208 3082 nec
3239 3027 3419 3082 latina
3463 3033 3567 3091 est,
3595 3029 3688 3082 cui
3717 3029 3905 3100 adipi-

2200 3116 2421 3170 scenda:
2448 3116 2628 3171 Graeci
2663 3115 2961 3188 Latinique
2992 3117 3235 3181 inhiant,
3290 3122 3739 3189 caaterarumque
3791 3119 3904 3173 lin-

2199 3221 2442 3276 guarum
2468 3205 2754 3262 homines.
2785 3206 2928 3260 Nota
2955 3209 3040 3260 est
3075 3205 3254 3276 igitur
3299 3206 3584 3273 omnibus,
3633 3207 3736 3279 qui
3779 3224 3904 3262 una

2197 3309 2330 3348 voce
2371 3295 2417 3348 si
2446 3294 2792 3366 interrogari
2823 3300 3076 3366 possent,
3108 3299 3303 3350 utrum
3330 3295 3483 3350 beati
3511 3312 3634 3350 esse
3661 3298 3902 3368 vellent,

2198 3382 2320 3436 sine
2355 3382 2474 3436 ulla
2503 3382 2874 3449 dubitatione,
2926 3384 3070 3438 velle
3101 3385 3530 3455 responderent.
3565 3386 3724 3449 Quod
3775 3403 3901 3442 non

2196 3471 2382 3540 ﬁeret,
2422 3471 2532 3526 nisi
2563 3489 2652 3526 res
2681 3473 2806 3543 ipsa
2835 3473 2996 3544 cujus
3019 3474 3128 3528 hoc
3159 3475 3373 3530 nomen
3407 3479 3510 3542 est,
3543 3489 3743 3528 eorum
3769 3491 3900 3529 me-

2196 3560 2380 3615 moria
2407 3565 2718 3616 teneretur.

2835 3669 3064 3724 CAPUT
3113 3669 3246 3725 XXI.

2409 3764 2678 3836 Quomodo
2706 3769 2960 3820 memoria
2989 3766 3199 3820 beatam
3229 3767 3396 3821 vitam
3426 3769 3678 3822 continet.

2268 3865 2355 3917 30.
2381 3863 2672 3934 Numquid
2695 3863 2773 3918 ita
2796 3868 2861 3918 ut
2881 3864 3148 3919 meminit
3177 3865 3580 3936 Carthaginem
3607 3864 3705 3936 qui
3723 3865 3904 3922 vidit?

2198 3952 2360 4006 Non:
2398 3952 2509 4006 vita
2535 3952 2688 4007 enim
2737 3953 2902 4008 beata
2931 3969 3049 4007 non
3095 3953 3317 4008 videtur
3373 3954 3550 4009 oculis
3593 3955 3727 4026 quia
3775 3971 3902 4011 non

2194 4043 2278 4093 est
2296 4055 2520 4111 corpus.
2547 4040 2834 4113 Numquid
2859 4040 3004 4096 sicut
3028 4041 3398 4096 meminimus
3412 4043 3720 4098 numeros?
3743 4043 3896 4100 Non:

2193 4128 2298 4182 hos
2328 4129 2484 4182 enim
2531 4129 2630 4200 qui
2685 4129 2856 4184 habet
2899 4131 2959 4184 in
3002 4131 3227 4197 notitia,
3262 4147 3406 4214 .non
3454 4131 3640 4186 adhuc
3685 4133 3905 4202 quaerit

2193 4215 2472 4286 adipisci;
2503 4217 2678 4272 vitam
2707 4233 2839 4272 vero
2870 4218 3096 4273 beatam
3117 4219 3391 4274 habemus
3408 4219 3467 4273 in
3484 4219 3708 4282 notitia,
3736 4219 3904 4274 ideo-

2194 4320 2304 4375 que
2334 4321 2593 4360 amamus
2621 4323 2770 4374 eam,
2801 4312 2856 4361 et
2880 4311 3072 4362 tamen
3099 4309 3286 4364 adhuc
3314 4308 3548 4379 adipisci
3581 4325 3708 4362 eam
3727 4310 3900 4362 volu-

2193 4410 2320 4448 mus
2360 4400 2423 4449 ut
2449 4395 2601 4450 beati
2629 4397 2827 4450 simus.
2863 4397 3151 4466 Numquid
3181 4397 3324 4451 sicut
3352 4396 3719 4451 meminimus
3772 4399 3897 4452 elo-

2191 4483 2528 4552 quentiam?
2563 4485 2687 4538 Non
2723 4501 2736 4538 :
2770 4483 3030 4554 quamvis
3069 4484 3224 4538 enim
3253 4485 3361 4538 hoc
3415 4483 3649 4537 nomine
3687 4486 3898 4542 audito

2190 4572 2766 4643 recordenturipsam
2787 4589 2909 4626 rem
2939 4573 3040 4644 qui
3069 4572 3239 4626 etiam
3288 4572 3550 4625 nondum
3583 4578 3720 4626 sunt
3770 4577 3898 4629 elo-

2190 4665 2453 4729 quentes,
2490 4661 2770 4732 multique
2803 4677 2922 4714 esse
2972 4661 3224 4731 cupiant,
3279 4661 3431 4714 unde
3464 4667 3704 4731 apparet
3758 4681 3894 4720 eam

2191 4749 2402 4803 essein
2455 4765 2656 4804 eorum
2697 4749 2937 4816 notitia;
2976 4753 3168 4802 tamen
3219 4765 3321 4820 per
3376 4750 3633 4819 corporis
3689 4769 3896 4808 sensus

2190 4838 2332 4892 alios
2360 4841 2694 4910 eloquentes
2726 4838 3251 4893 animadverterunt
3280 4843 3336 4893 et
3361 4839 3624 4894 delectati
3654 4847 3789 4896 sunt
3833 4849 3897 4898 et

2186 4927 2295 4981 hoc
2327 4943 2448 4982 esse
2479 4928 2801 4982 desiderant
2829 4928 3179 4998 (quanquam
3231 4928 3344 4982 nisi
3373 4945 3437 4982 ex
3478 4929 3751 4984 interiore
3779 4947 3890 4985 no-

2187 5015 2311 5071 titia
2343 5015 2361 5047 ¹
2389 5033 2508 5070 non
2535 5017 2972 5082 delectarentur,
3007 5032 3196 5088 neque
3226 5017 3332 5071 hoc
3384 5034 3506 5072 esse
3531 5020 3740 5072 vellent
3767 5020 3889 5076 nisi

2187 5104 2685 5174 delectarentur);
2719 5104 2945 5158 beatam
2991 5121 3124 5158 vero
3165 5106 3336 5160 vitam
3369 5108 3526 5160 nullo
3556 5123 3724 5160 sensu
3754 5124 3885 5161 cor—

2183 5192 2340 5263 poris
2371 5192 2432 5246 in
2469 5192 2594 5247 aliis
2623 5192 2969 5264 experimur.
3011 5195 3299 5267 Numquid
3333 5197 3480 5250 sicut
3511 5184 3888 5251 meminimus

2183 5280 2506 5351 gaudium?
2539 5283 2793 5336 Fortasse
2832 5281 2932 5338 ita.
2965 5285 3105 5338 Nam
3133 5285 3407 5356 gaudium
3460 5300 3654 5339 meum
3706 5284 3886 5341 etiam

2180 5369 2357 5424 tristis
2385 5369 2646 5437 memini,
2678 5369 2822 5425 sicut
2841 5371 3017 5427 vitam
3046 5373 3269 5428 beatam
3300 5373 3511 5427 miser:
3549 5390 3734 5445 neque
3767 5390 3883 5430 un-

2181 5474 2354 5530 quam
2374 5459 2626 5532 corporis
2656 5477 2823 5516 sensu
2856 5463 3130 5534 gaudium
3160 5477 3354 5517 meum
3382 5464 3466 5518 vel
3495 5463 3627 5528 vidi,
3661 5463 3746 5518 vel
3774 5480 3883 5520 au-

2245 5552 2258 5584 ¹
2289 5549 2373 5600 Sic
2399 5550 2515 5620 Arn:
2545 5550 2676 5601 Arn.
2713 5555 2765 5601 et
2787 5553 2909 5601 Mss.
2933 5569 2946 5613 ;
2969 5556 3023 5602 at
3038 5553 3124 5601 Er.
3155 5556 3208 5602 et
3235 5553 3305 5601 Lo
3409 5551 3620 5611 habent,
3651 5555 3706 5601 in
3731 5559 3881 5604 exte-

2181 5615 2326 5663 riore
2353 5614 2564 5663 notitia.
