4058 6352
152 334 248 386 793

149 453 278 522 divi,
323 454 410 508 vel
440 454 709 508 odoratus
754 471 900 522 sum,
932 456 1018 509 vel
1065 458 1310 527 gustavi,
1358 459 1446 512 vel
1494 457 1695 529 tetigi;
1738 459 1836 513 sed

149 547 406 613 expertus
436 559 563 597 sum
613 543 674 597 in
705 543 896 598 animo
926 561 1054 599 meo
1084 546 1314 617 quando
1339 547 1560 602 laetatus
1601 564 1750 612 sum,
1783 552 1841 602 et

149 631 382 685 adhaesit
423 631 544 701 ejus
583 631 788 686 notitia
829 633 1121 687 memoriae
1151 649 1313 700 mea),
1348 639 1410 690 ut
1435 635 1495 690 id
1547 635 1840 691 reminisci

149 721 359 774 valeam
389 719 698 790 aliquando
727 735 858 773 cum
902 721 1322 791 aspernatione,
1351 722 1659 794 aliquando
1707 740 1838 778 cum

149 808 442 872 desiderio,
476 823 582 877 pro
611 824 808 862 earum
838 818 1033 862 rerIIm
1063 809 1385 865 diversitate
1413 811 1483 866 de
1513 812 1722 883 quibus
1743 829 1836 867 me

150 891 400 961 gavisum
455 907 577 944 esse
615 890 874 944 memini.
920 892 1062 944 Nam
1110 898 1167 946 et
1217 894 1287 947 de
1322 894 1583 965 turpibus
1620 895 1831 966 gaudio

147 979 388 1051 quodam
419 979 684 1049 perfusus
715 995 862 1047 sum,
895 981 1050 1051 quod
1073 997 1226 1035 nunc
1255 983 1560 1037 recordans
1581 984 1831 1038 detestor

148 1074 309 1138 atque
336 1083 632 1134 exsecror;
657 1067 963 1138 aliquando
989 1068 1057 1122 de
1087 1069 1249 1123 bonis
1280 1075 1336 1124 et
1374 1071 1647 1137 honestis,
1681 1073 1837 1144 quod

147 1155 466 1211 desiderans
511 1157 720 1216 recolo,
749 1156 974 1210 tametsi
1001 1156 1144 1211 forte
1186 1175 1305 1213 non
1344 1160 1571 1228 adsunt,
1607 1166 1664 1216 et
1709 1163 1836 1217 ideo

147 1245 316 1299 tristis
342 1244 618 1314 gaudium
649 1244 961 1314 pristinum
991 1249 1199 1302 recolo.

210 1339 291 1388 3t.
337 1335 444 1388 Ubi
482 1351 618 1404 ergo
650 1339 706 1388 et
729 1335 959 1406 quando
990 1341 1256 1406 expertus
1298 1354 1424 1392 sum
1447 1339 1622 1394 vitam
1650 1357 1836 1395 meam

146 1424 363 1477 beatam
393 1427 458 1476 ut
478 1423 743 1477 recorder
771 1439 919 1490 eam,
943 1429 1001 1478 et
1030 1441 1219 1480 amem
1249 1431 1306 1480 et
1334 1425 1689 1482 desiderem?
1721 1430 1832 1483 Nec

146 1529 244 1583 ego
270 1517 517 1576 tantum,
553 1517 797 1566 autcum
825 1513 1040 1583 paucis,
1073 1515 1169 1569 sed
1195 1515 1348 1569 beati
1376 1532 1606 1586 prorsus
1638 1534 1836 1571 omnes

143 1617 252 1654 esse
279 1601 563 1654 volumus.
596 1601 755 1665 Quod
785 1601 896 1655 nisi
925 1607 1077 1656 certa
1117 1603 1317 1657 notitia
1347 1620 1665 1672 nossemus,
1719 1622 1833 1660 non

143 1694 251 1743 tam
279 1694 433 1743 certa
460 1690 746 1763 voluntate
776 1691 1068 1744 vellemus.
1106 1691 1214 1746 Sed
1245 1692 1381 1763 quid
1413 1698 1498 1747 est
1544 1694 1649 1748 hoc
1678 1696 1834 1766 quod

145 1778 187 1830 si
233 1785 526 1848 quazratur
555 1794 588 1831 a
618 1777 860 1845 duobus,
909 1785 1103 1833 utrum
1161 1779 1411 1834 militare
1457 1781 1654 1849 velint,
1711 1782 1838 1836 ﬁeri

144 1871 325 1937 posset
355 1868 371 1903 ¹
414 1872 480 1922 ut
508 1868 651 1921 alter
699 1883 898 1922 eorum
940 1869 1084 1922 velle
1115 1886 1195 1934 se,
1229 1870 1372 1923 alter
1413 1871 1566 1924 nolle
1599 1887 1835 1942 respon-

146 1953 289 2006 deat:
335 1952 382 2006 si
437 1959 631 2007 autem
681 1953 748 2006 ab
806 1953 888 2006 eis
931 1959 1241 2025 quaeratur,
1277 1960 1473 2010 utrum
1529 1957 1680 2011 beati
1714 1975 1834 2011 esse

143 2041 324 2108 velint,
358 2041 486 2096 ﬁeri
505 2041 684 2113 possit
714 2045 776 2096 ut
803 2045 824 2076 ³
853 2047 1095 2114 uterque
1126 2043 1318 2098 statim
1348 2061 1406 2098 se
1435 2045 1558 2098 sine
1589 2047 1706 2099 ulla
1729 2047 1828 2100 du-

144 2129 408 2183 bitatione
439 2129 589 2183 dicat
613 2133 838 2200 optare;
867 2146 969 2184 nec
995 2131 1066 2184 ob
1087 2131 1244 2186 aliud
1266 2132 1403 2186 velit
1435 2132 1528 2187 ille
1555 2133 1827 2202 militare,

143 2233 235 2271 nec
258 2219 328 2272 ob
359 2218 518 2272 aliud
547 2218 652 2273 iste
683 2218 844 2285 nolit,
872 2219 984 2273 niSI
1017 2225 1077 2274 ut
1109 2220 1260 2274 beati
1280 2221 1430 2286 sint?
1461 2223 1603 2276 Nam
1633 2227 1654 2258 ³
1682 2223 1830 2277 forte

141 2308 402 2376 quoniam
433 2307 579 2361 alius
607 2307 759 2375 hinc,
791 2307 936 2361 alius
964 2308 1096 2363 inde
1143 2309 1383 2378 gaudet;
1415 2309 1494 2363 ita
1523 2327 1582 2365 se
1631 2326 1832 2366 omnes

141 2394 324 2450 beatos
353 2412 478 2450 esse
506 2396 651 2451 velle
681 2401 1014 2462 consonant,
1048 2398 1542 2468 quemadmodum
1561 2416 1834 2454 consona-

141 2491 278 2553 rent,
307 2485 353 2538 si
383 2485 494 2540 hoc
521 2485 1034 2556 interrogarentur,
1079 2503 1138 2540 se
1167 2487 1311 2541 velle
1340 2488 1609 2558 gaudere,
1658 2494 1830 2560 atque

139 2575 311 2645 ipsum
335 2573 618 2645 gaudium
638 2574 809 2627 vitam
840 2575 1068 2628 beatam
1095 2579 1316 2629 vocant.
1347 2575 1511 2640 Quod
1530 2576 1638 2631 etsi
1687 2577 1832 2631 alius

142 2663 282 2723 hinc,
314 2662 460 2716 alius
479 2662 639 2716 illinc
654 2661 996 2733 assequitur,
1022 2678 1204 2717 unum
1233 2667 1321 2718 est
1341 2669 1536 2719 tamen
1556 2682 1669 2736 quo
1701 2682 1829 2736 per-

138 2752 317 2806 venire
346 2766 548 2805 omnes
567 2750 828 2806 nituntur
855 2755 920 2805 ut
940 2751 1245 2821 gaudeant.
1273 2753 1411 2816 Quae
1443 2754 1722 2824 quoniam
1743 2770 1831 2808 res

143 2845 218 2894 est
243 2856 416 2910 quam
447 2857 508 2894 se
534 2844 833 2910 expertum
865 2856 980 2894 non
1008 2857 1130 2896 esse
1172 2857 1344 2895 nemo
1379 2847 1571 2913 potest
1620 2843 1827 2911 dicere,

141 2934 430 3000 propterea
449 2935 680 2999 reperta
717 2928 777 2982 in
807 2928 1088 2984 memoria
1119 2930 1566 3000 recognoscitur,
1599 2932 1830 3002 quando

141 3017 308 3071 beata:
338 3016 472 3072 vitas
498 3032 712 3072 nomen
741 3017 988 3071 auditur.

770 3107 994 3163 CAPUT
1031 3107 1189 3164 XXII.

633 3197 802 3249 Beata
827 3197 945 3248 vita
973 3210 1112 3263 quae,
1136 3200 1187 3249 et
1217 3195 1330 3249 ubi.

205 3286 286 3339 32.
317 3283 500 3346 Absit,
533 3283 794 3351 Domine,
825 3283 973 3338 absit
1000 3300 1034 3338 a
1062 3283 1229 3338 corde
1259 3283 1405 3338 servi
1420 3283 1530 3354 tui,
1551 3283 1652 3356 qui
1693 3299 1830 3338 con-

140 3372 320 3427 fitetur
362 3371 500 3438 tibi;
553 3371 698 3426 absit
743 3376 807 3426 ut
851 3387 1213 3444 quocumque
1252 3372 1460 3443 gaudio
1523 3372 1824 3444 gaudeam,

137 3460 354 3515 beatum
374 3476 469 3515 me
491 3464 711 3530 putem.
734 3461 827 3514 Est
855 3459 1012 3514 enim
1031 3461 1309 3531 gaudium
1335 3461 1489 3532 quod
1508 3478 1627 3515 non
1655 3462 1822 3516 datur

138 3547 316 3618 impiis
347 3550 500 3618 (Isai.
535 3565 725 3614 XLVIII,
755 3549 874 3619 22),
905 3549 1006 3603 sed
1035 3549 1117 3604 eis
1157 3549 1257 3622 qui
1281 3553 1334 3604 te
1381 3549 1558 3619 gratis
1607 3550 1825 3620 colunt,

139 3653 366 3708 quorum
398 3637 678 3710 gaudium
718 3641 782 3692 tu
827 3638 951 3708 ipse
999 3653 1078 3694 es.
1124 3639 1188 3692 Et
1234 3638 1358 3709 ipsa
1401 3641 1458 3692 et
1499 3637 1667 3693 beata
1711 3638 1826 3692 vita

139 3726 370 3794 gaudere
403 3726 479 3781 ad
509 3731 584 3792 te,
612 3725 682 3780 de
707 3729 782 3792 te,
820 3730 1054 3797 propter
1077 3730 1168 3791 te;
1210 3725 1337 3796 ipsa
1365 3730 1466 3792 est,
1519 3730 1576 3780 et
1599 3743 1714 3780 non
1742 3731 1826 3780 est

140 3814 319 3869 altera.
371 3814 482 3879 Qui
513 3818 705 3869 autem
753 3814 923 3868 aliam
948 3818 1156 3884 putant
1180 3830 1322 3881 esse,
1354 3813 1512 3869 aliud
1539 3818 1827 3869 sectantur

139 3902 419 3972 gaudium,
450 3919 641 3974 neque
671 3902 860 3973 ipsum
887 3918 1108 3958 verum.
1134 3903 1219 3957 Ab
1251 3903 1443 3974 aliqua
1458 3907 1652 3957 tamen
1671 3903 1822 3958 ima-

140 3989 256 4062 gine
283 3991 483 4064 gaudii
511 3992 774 4046 voluntas
802 4007 1004 4046 eorum
1036 4008 1149 4046 non
1180 3991 1474 4046 avertitur.

213 4151 216 4154 .
752 4087 980 4145 CAPUT
1009 4089 1194 4142 XXIII.

297 4170 431 4222 Item
458 4168 808 4238 prosequitur
841 4183 959 4236 qua
985 4169 1058 4222 sit
1089 4168 1246 4222 beata
1269 4169 1405 4235 vita,
1424 4171 1488 4222 .et
1514 4167 1635 4222 ubi.

202 4259 282 4311 33.
316 4258 444 4310 Non
489 4271 625 4326 ergo
654 4260 870 4310 certum
922 4261 1009 4310 est
1055 4257 1210 4327 quod
1253 4271 1451 4309 omnes
1495 4271 1615 4310 esse
1665 4255 1819 4310 beati

132 4343 336 4410 volunt,
369 4344 650 4416 quoniam
679 4343 777 4415 qui
806 4359 923 4398 non
953 4344 1021 4398 de
1069 4347 1124 4398 te
1150 4344 1399 4414 gaudere
1443 4344 1647 4398 volunt
1692 4361 1821 4415 qua:

137 4433 242 4486 sola
265 4433 380 4488 vita
410 4433 580 4487 beata
610 4437 715 4498 est,
748 4448 863 4486 non
891 4432 1090 4503 utique
1119 4432 1297 4486 vitam
1340 4431 1570 4486 beatam
1600 4432 1814 4487 volunt.

132 4522 210 4574 An
236 4538 436 4576 omnes
465 4522 572 4576 hoc
595 4521 830 4575 volunt?
860 4521 970 4576 Sed
1009 4521 1284 4591 quoniam
1313 4538 1443 4576 caro
1471 4521 1818 4593 concupiscit

134 4611 382 4666 adversus
433 4611 723 4683 spiritum,
767 4615 824 4665 et
869 4610 1101 4682 spiritus
1147 4611 1417 4666 adversus
1464 4627 1698 4665 carnem
1755 4615 1818 4666 ut

133 4715 236 4753 non
264 4700 476 4755 faciant
517 4701 673 4771 quod
700 4700 899 4753 volunt
944 4698 1148 4768 (Galat.
1184 4716 1230 4761 ν,
1269 4700 1374 4767 l7),
1403 4699 1612 4754 cadunt
1654 4699 1716 4753 in
1756 4699 1817 4754 id

134 4789 270 4859 quod
294 4789 508 4855 valent,
529 4804 713 4859 eoque
731 4787 984 4842 contenti
1012 4791 1172 4853 sunt;
1207 4787 1342 4858 quia
1359 4787 1502 4842 illud
1524 4787 1677 4858 quod
1698 4803 1818 4842 non

132 4877 324 4944 valent,
353 4895 472 4932 non
487 4881 712 4932 tantum
731 4878 948 4941 volunt,
973 4880 1254 4948 quantum
1277 4880 1363 4930 sat
1381 4880 1465 4930 est
1483 4880 1548 4931 ut
1568 4878 1795 4931 valeant

136 4968 263 5024 Nam
301 4986 502 5042 quaero
549 4970 620 5024 ab
659 4970 925 5024 omnibus
977 4974 1174 5024 utrum
1219 4969 1422 5024 malint
1462 4970 1532 5024 de
1577 4969 1816 5025 veritate

133 5074 291 5127 quam
316 5061 386 5114 de
427 5060 672 5114 falsitate
702 5059 981 5129 gaudere:
1029 5063 1150 5113 tam
1180 5075 1295 5113 non
1337 5058 1601 5113 dubitant
1629 5058 1816 5113 dicere

130 5145 189 5200 de
208 5149 441 5204 veritate
473 5165 532 5203 se
549 5149 739 5216 malle,
761 5163 936 5220 quam
967 5163 1084 5201 non
1115 5145 1380 5202 dubitant
1406 5146 1592 5202 dicere
1619 5147 1816 5201 beatos

130 5251 238 5291 esse
290 5255 348 5292 se
405 5238 569 5292 velle.
629 5239 800 5291 Beata
850 5235 1066 5308 quippe
1137 5235 1251 5290 vita
1306 5235 1688 5307 estgaudium
1743 5237 1814 5291 de

130 5325 366 5381 veritate.
419 5328 536 5381 Hoc
564 5330 650 5380 est
691 5325 846 5380 enim
876 5324 1148 5395 gaudium
1195 5325 1264 5379 de
1296 5328 1351 5378 te
1379 5324 1478 5396 qui
1509 5325 1716 5379 veritas
1755 5341 1816 5378 es

182 5416 197 5448 ¹
230 5413 426 5465 Somm.
456 5415 608 5464 Mart.
640 5414 775 5464 Flor.
808 5417 861 5462 et
884 5412 1051 5476 Rond.
1080 5412 1268 5476 legunt
1291 5408 1408 5476 ﬁeri
1428 5415 1604 5476 possit.
1634 5412 1703 5461 M.

181 5477 200 5510 ³
329 5477 498 5552 Ιτυδεὶ.
523 5476 659 5527 Dub.
687 5477 837 5526 Mart.
863 5474 1032 5526 Rond.
1061 5470 1181 5524 cum
1206 5479 1255 5523 11
1287 5470 1410 5526 Mss.
1428 5470 1686 5526 omittunt
1702 5470 1814 5539 ﬁeri

125 5543 274 5598 possit
303 5544 380 5590 ut.
417 5541 491 5588 M.

181 5603 200 5636 ³
227 5601 308 5651 Er.
337 5601 507 5666 Lugd.
533 5600 670 5649 Dub.
697 5601 846 5651 Mart.
877 5600 1051 5651 Rond.
1082 5613 1204 5650 cum
1235 5603 1287 5650 tl
1325 5600 1469 5658 Mss.,
1496 5611 1641 5650 num.
1663 5599 1732 5648 Μ.

1599 338 1813 394 LIBER
1870 337 2204 393 DECIMUS.

3547 343 3654 400 ’794

1951 457 2128 529 (Joan.
2182 474 2293 523 χεν,
2345 459 2418 527 6),
2469 461 2616 514 Deus
2658 457 3007 513 illuminatio
3059 475 3213 525 mea,
3286 461 3438 515 salus
3483 461 3648 516 faciei

1949 563 2091 602 mea:
2131 549 2292 618 (Psal.
2323 564 2475 615 xxvi,
2509 548 2586 618 l),
2614 549 2761 602 Deus
2801 563 2985 602 meus.
3020 548 3174 601 Hanc
3202 547 3377 602 vitam
3425 549 3647 605 beatam

1947 653 2150 692 omnes
2176 637 2393 701 volunt,
2423 638 2568 691 hanc
2597 637 2771 691 vitam
2804 653 2934 708 quae
2967 637 3089 690 sola
3117 637 3283 690 beata
3318 641 3402 691 est
3453 654 3650 692 omnes

1943 725 2161 792 volunt,
2213 725 2489 796 gaudium
2540 725 2610 780 de
2647 725 2884 780 veritate
2935 741 3137 780 omnes
3184 726 3398 780 volunt.
3446 727 3648 780 Multos

1945 820 2214 884 expertus
2244 830 2372 868 sum
2397 814 2498 885 qui
2525 814 2734 867 vellent
2764 814 2996 880 fallere;
3027 814 3126 884 qui
3149 818 3342 868 autem
3370 814 3510 880 falli,
3543 831 3643 868 ne—

1942 902 2178 958 minem.
2213 902 2315 957 Ubi
2343 918 2480 971 ergo
2512 907 2792 956 noverunt
2827 902 2973 956 hanc
3012 902 3186 956 vitam
3230 903 3476 970 beatam,
3530 903 3645 958 nisi

1941 991 2043 1045 ubi
2072 996 2353 1045 noverunt
2381 990 2555 1044 etiam
2573 989 2907 1044 veritatem?
2936 996 3143 1047 Amant
3171 991 3326 1046 enim
3356 997 3411 1046 et
3436 992 3643 1062 ipsam,

1944 1079 2080 1150 quia
2108 1079 2228 1133 falli
2258 1079 2483 1134 nolunt.
2532 1081 2597 1132 Et
2625 1095 2756 1133 cum
2784 1083 2978 1133 amant
3006 1081 3230 1134 beatam
3275 1080 3453 1134 vitam
3488 1081 3648 1151 quod

1942 1183 2062 1221 non
2089 1171 2174 1221 est
2186 1167 2342 1222 aliud
2366 1183 2540 1238 quam
2565 1169 2633 1222 de
2662 1167 2896 1222 veritate
2916 1168 3210 1237 gaudium,
3231 1168 3429 1239 utique
3451 1174 3648 1224 amant

1943 1256 2117 1310 etiam
2146 1256 2466 1325 veritatem,
2500 1273 2601 1310 nec
2631 1262 2891 1311 amarent
2920 1256 3030 1310 nisi
3059 1262 3207 1311 esset
3229 1257 3419 1328 aliqua
3439 1257 3650 1312 notitia

1944 1346 2067 1416 ejus
2097 1346 2156 1400 in
2189 1347 2465 1400 memoria
2488 1362 2706 1400 eorum.
2734 1346 2846 1399 Cur
2865 1363 3002 1417 ergo
3019 1363 3136 1400 non
3156 1347 3225 1400 de
3242 1346 3340 1400 illa
3361 1346 3651 1417 gaudent?

1944 1451 2045 1490 cur
2072 1451 2191 1490 non
2210 1435 2363 1490 beati
2393 1438 2564 1489 sunt?
2603 1435 2747 1500 Quia
2777 1435 2983 1489 fortius
3014 1440 3366 1506 occupantur
3411 1435 3471 1489 in
3523 1434 3650 1489 aliis

1943 1540 2073 1595 quin
2107 1523 2296 1594 potius
2341 1540 2437 1577 eos
2485 1524 2699 1578 faciunt
2745 1524 3001 1591 miseros,
3045 1541 3220 1594 quam
3270 1524 3412 1578 illud
3452 1525 3648 1578 beatos

1943 1613 2099 1683 quod
2145 1612 2397 1668 tenuiter
2446 1612 2853 1668 meminerunt.
2907 1613 3106 1667 Adhuc
3155 1613 3305 1667 enim
3355 1613 3651 1666 modicum

1944 1700 2140 1754 lumen
2165 1705 2249 1755 est
2279 1701 2338 1754 in
2368 1701 2730 1761 hominibus;
2765 1702 3078 1768 ambulent,
3114 1702 3429 1763 ambulent,
3452 1717 3523 1754 ne
3555 1716 3650 1754 eos

1944 1790 2197 1844 tenebrae
2236 1791 2728 1860 comprehendant
2760 1794 2932 1858 (Joan.
2963 1807 3061 1854 xu,
3096 1792 3208 1860 35).

2016 1879 2102 1932 34.
2138 1880 2252 1931 cur
2281 1883 2472 1931 autem
2503 1878 2709 1932 veritas
2737 1878 2890 1947 parit
2918 1879 3136 1946 odium,
3187 1881 3242 1931 et
3269 1877 3536 1932 inimicus
3567 1877 3647 1931 eis

1941 1966 2122 2020 factus
2149 1971 2232 2020 est
2263 1968 2435 2020 homo
2465 1971 2598 2021 tuus
2627 1983 2827 2021 verum
2853 1967 3196 2036 prmdicans,
3227 1983 3358 2021 cum
3411 1972 3641 2021 ametur

1942 2053 2109 2108 beata
2138 2055 2273 2124 vita,
2294 2072 2422 2125 quae
2447 2072 2562 2109 non
2593 2061 2679 2109 est
2708 2055 2816 2109 nisi
2846 2056 3122 2126 gaudium
3139 2056 3208 2108 de
3230 2054 3502 2110 veritate:
3535 2053 3646 2110 nisi

1945 2143 2082 2214 quia
2112 2143 2191 2196 sic
2222 2150 2448 2197 amatur
2489 2144 2717 2211 veritas,
2749 2151 2810 2198 ut
2838 2145 3184 2217 quicumque
3232 2145 3389 2198 aliud
3429 2149 3645 2209 amant,

1941 2232 2050 2285 hoc
2092 2233 2245 2303 quod
2295 2249 2464 2287 aman
2514 2235 2690 2287 velint
2719 2250 2838 2287 esse
2868 2233 3204 2300 veritatem;
3240 2239 3296 2287 et
3340 2233 3476 2304 quia
3524 2232 3647 2288 falli

1942 2320 2166 2386 nolunt,
2223 2322 2429 2375 nolunt
2462 2321 2724 2375 convinci
2753 2322 2906 2393 quod
2935 2321 3062 2375 falsi
3088 2320 3235 2375 sint?
3264 2323 3459 2392 Itaque
3504 2338 3646 2392 pro-

1941 2412 2070 2479 pter
2097 2425 2224 2464 eam
2262 2426 2384 2464 rem
2417 2410 2663 2465 oderunt
2699 2411 3017 2473 veritatem,
3052 2426 3226 2482 quam
3255 2426 3359 2481 pro
3409 2411 3647 2467 veritate

1939 2503 2152 2551 amant.
2202 2501 2412 2554 Amant
2461 2515 2586 2552 eam
2624 2500 2932 2564 lucentem,
2979 2500 3224 2554 oderunt
3277 2516 3404 2554 eam
3451 2501 3645 2555 redar-

1940 2593 2234 2658 guentem.
2284 2587 2427 2652 Quia
2474 2589 2626 2642 enim
2663 2590 2784 2643 falli
2830 2590 3036 2643 nolunt
3084 2594 3141 2643 et
3195 2589 3392 2644 fallere
3421 2590 3644 2658 volunt,

1940 2682 2140 2732 amant
2159 2693 2288 2732 eam
2321 2693 2450 2730 cum
2477 2694 2536 2732 se
2566 2678 2691 2748 ipsa
2721 2678 2954 2746 indicat,
2989 2683 3044 2732 et
3073 2679 3317 2733 oderunt
3343 2695 3471 2733 eam
3515 2695 3646 2733 cum

1941 2782 2036 2819 eos
2064 2766 2218 2835 ipsos
2248 2766 2460 2820 indicat
2491 2767 2530 2821 ί.
2564 2767 2703 2822 Inde
2728 2768 3008 2822 retribuet
3037 2768 3141 2832 eis,
3173 2772 3238 2821 ut
3267 2767 3368 2838 qui
3391 2784 3450 2822 se
3479 2768 3548 2821 ab
3575 2783 3644 2822 ea

1940 2854 2295 2908 manifestari
2335 2856 2562 2922 nolunt,
2593 2860 2649 2909 et
2679 2871 2775 2908 eos
2806 2856 3063 2909 nolentes
3095 2855 3438 2920 manifestat,
3481 2860 3540 2908 et
3561 2854 3644 2908 eis

1937 2941 2060 3012 ipsa
2089 2942 2299 3006 nonsit
2331 2941 2650 3005 manifesta,
2680 2942 2770 2996 Sic
2799 2943 2877 2995 sic
2903 2942 3095 3008 etiam,
3150 2943 3230 2996 sic
3259 2942 3484 2996 animus
3524 2943 3640 2997 hu-

1938 3047 2163 3097 manus,
2199 3030 2372 3084 etiam
2423 3030 2500 3084 sic
2529 3047 2711 3084 circus
2757 3036 2813 3084 et
2859 3030 3187 3101 languidus,
3237 3031 3420 3100 turpis
3468 3035 3641 3102 atque

1934 3119 2206 3174 indecens
2236 3121 2410 3174 latere
2436 3121 2589 3187 vult;
2625 3139 2684 3176 se
2725 3126 2917 3176 autem
2947 3127 3012 3175 ut
3059 3123 3231 3175 lateat
3253 3119 3470 3192 aliquid
3515 3137 3638 3174 non

1936 3210 2074 3263 vult.
2104 3209 2314 3263 Contra
2351 3209 2438 3264 illi
2461 3211 2723 3264 redditur
2753 3217 2814 3264 ut
2835 3211 2955 3280 ipse
2974 3226 3090 3264 non
3119 3211 3296 3264 lateat
3314 3209 3635 3274 veritatem,

1936 3296 2127 3368 ipsum
2159 3302 2347 3352 autem
2379 3298 2584 3352 veritas
2605 3299 2796 3354 lateat.
2831 3301 3044 3353 Tamen
3075 3297 3245 3352 etiam
3277 3296 3356 3350 sic
3375 3295 3512 3350 dum
3538 3295 3642 3349 mi-

1936 3402 2027 3440 ser
2055 3390 2160 3455 est,
2191 3387 2334 3440 veris
2357 3389 2571 3442 mavult
2591 3388 2841 3458 gaudere
2869 3404 3043 3458 quam
3063 3385 3239 3450 falsis.
3274 3387 3474 3440 Beatus
3497 3400 3634 3456 ergo

1936 3473 2065 3540 erit,
2099 3473 2146 3527 si
2175 3474 2331 3528 nulla
2360 3475 2760 3546 interpellante
2787 3476 3066 3540 molestia,
3098 3476 3166 3530 de
3188 3475 3312 3544 ipsa
3343 3489 3446 3544 per
3466 3489 3640 3544 quam

1935 3578 2067 3617 vera
2098 3568 2239 3618 sunt
2271 3565 2484 3632 omnia,
2517 3565 2640 3619 sola
2667 3565 2904 3619 veritate
2936 3564 3225 3636 gaudebit.

2571 3660 2797 3714 CAPUT
2828 3661 3010 3715 XXIV.

2006 3739 2330 3794 Gratulatur
2351 3739 2495 3807 quod
2513 3755 2614 3794 sua
2635 3742 2693 3793 in
2713 3742 2968 3794 memoria
2995 3743 3128 3794 Deus
3151 3741 3322 3794 locum
3351 3739 3565 3792 habeat.

2001 3831 2087 3882 35.
2127 3829 2260 3881 Ecce
2313 3833 2594 3898 quantum
2628 3828 2902 3899 spatiatus
2939 3843 3066 3881 sum
3095 3827 3154 3881 in
3186 3826 3462 3881 memoria
3479 3842 3628 3893 mea,

1933 3931 2195 3984 quaerens
2243 3921 2320 3980 te,
2365 3916 2626 3979 Domine,
2673 3921 2730 3970 et
2783 3933 2897 3970 non
2938 3920 2992 3970 te
3041 3915 3234 3970 inveni
3275 3921 3435 3969 extra
3484 3931 3633 3968 eam.

1933 4004 2127 4073 Neque
2160 4003 2317 4058 enim
2347 4004 2567 4075 aliquid
2600 4004 2670 4058 de
2703 4009 2756 4057 te
2781 4003 2975 4058 inveni
3006 4004 3159 4075 quod
3189 4020 3302 4058 non
3338 4003 3635 4057 meminis-
3700 4020 3702 4022 ·

1931 4107 2050 4145 sem
2082 4107 2149 4145 ex
2181 4109 2296 4163 quo
2331 4092 2501 4146 didici
2530 4097 2605 4147 te.
2637 4095 2777 4148 Nam
2799 4109 2864 4147 ex
2895 4110 3008 4164 quo
3041 4093 3210 4147 didici
3244 4098 3320 4158 te,
3361 4109 3476 4146 non
3507 4108 3635 4146 sum

1931 4180 2148 4235 oblitus
2199 4181 2306 4236 tui.
2359 4182 2464 4236 Ubi
2515 4182 2670 4237 enim
2729 4183 2925 4238 inveni
2963 4175 3280 4248 veritatem,
3303 4181 3384 4236 ibi
3447 4180 3638 4235 inveni

1931 4270 2112 4323 Deum
2139 4286 2336 4328 meum
2363 4271 2547 4342 ipsam
2579 4272 2897 4338 veritatem,
2933 4287 3130 4344 quam,
3163 4287 3231 4324 ex
3271 4286 3385 4342 quo
3433 4267 3626 4333 didici,

1930 4374 2046 4412 non
2086 4375 2214 4414 sum
2243 4360 2470 4415 oblitus.
2507 4362 2703 4432 Itaque
2734 4378 2802 4415 ex
2847 4378 2961 4433 quo
2991 4360 3161 4415 didici
3204 4365 3279 4426 te,
3329 4373 3528 4412 manes
3574 4357 3637 4410 in

1927 4447 2208 4501 memoria
2237 4465 2385 4515 mea,
2417 4454 2475 4503 et
2517 4449 2633 4504 illic
2660 4455 2714 4503 te
2737 4448 2989 4514 invenio,
3021 4465 3151 4504 cum
3197 4446 3531 4502 reminiscor
3546 4445 3634 4500 tui

1927 4541 1982 4590 et
2019 4537 2269 4591 delector
2298 4538 2355 4591 in
2387 4543 2460 4592 te.
2499 4541 2596 4592 Hae
2627 4544 2758 4592 sunt
2803 4543 3010 4592 sanctae
3035 4537 3256 4592 deliciae
3278 4553 3442 4604 meae,
3487 4552 3632 4606 quas

1927 4625 2149 4680 donasti
2177 4626 2319 4680 mihi
2343 4625 2733 4681 misericordia
2761 4631 2858 4680 tua
2898 4625 3207 4697 respiciens
3233 4629 3634 4697 paupertatem

1927 4729 2135 4767 meam.

2583 4804 2808 4859 CAPUT
2833 4804 2982 4858 XXV.

2174 4892 2237 4944 In
2268 4907 2372 4960 quo
2403 4894 2667 4947 memoria
2687 4892 2865 4959 gradu
2887 4894 3202 4962 reperiatur
3224 4895 3383 4947 Deus.

1997 4981 2082 5034 36.
2116 4979 2224 5033 Sed
2267 4979 2364 5034 ubi
2415 4997 2610 5035 manes
2640 4981 2701 5036 in
2733 4982 3011 5036 memoria
3044 4999 3190 5051 mea,
3230 4981 3489 5043 Domine,
3532 4980 3628 5034 ubi

1925 5065 2044 5121 illic
2075 5067 2312 5122 manes?
2341 5069 2516 5134 Quale
2550 5071 2738 5124 cubile
2774 5070 3067 5125 fabricasti
3110 5071 3226 5125 illic
3264 5071 3410 5125 tibi?
3459 5071 3631 5140 quale

1924 5155 2320 5212 sanctuarium
2353 5156 2377 5191 ²
2405 5159 2697 5214 tediﬁcasti
2725 5159 2881 5214 tibi?
2905 5163 2987 5216 Tu
3011 5160 3215 5215 dedisti
3245 5160 3392 5213 hanc
3423 5158 3623 5226 digna-

1924 5244 2148 5300 tionem
2197 5248 2493 5302 memoriaa
2525 5265 2669 5304 mea:
2694 5255 2761 5304 ut
2789 5266 3021 5305 maneas
3045 5249 3105 5305 in
3131 5265 3229 5315 ea;
3276 5247 3373 5301 sed
3421 5246 3481 5298 in
3515 5261 3630 5317 qua

1924 5334 2045 5404 ejus
2091 5341 2258 5406 parte
2301 5354 2554 5406 maneas,
2604 5340 2713 5394 hoc
2749 5334 3423 5394 considero.’l‘ranscendi
3474 5335 3631 5391 enim

1921 5428 2114 5492 partes
2135 5429 2276 5493 ejus,
2303 5444 2445 5499 quas
2476 5428 2692 5484 habent
2713 5433 2769 5483 et
2795 5429 3012 5495 bestiae,
3057 5440 3187 5479 cum
3207 5427 3261 5478 te
3293 5423 3627 5485 recordarer

1987 5532 2013 5596 ‘_
2041 5532 2164 5596 ζέον.
2175 5571 2187 5589 ,
2204 5535 2434 5596 judicat.

1997 5593 2018 5628 ε
2044 5595 2105 5644 In
2133 5593 2337 5660 aliquot
2363 5599 2508 5656 Mss.,
2541 5599 2873 5648 sacrarium.
