4058 6346
345 325 449 376 795

342 447 479 520 quia
501 462 619 502 non
647 443 727 500 ibi
755 449 811 500 te
835 444 1198 500 inveniebam
1216 445 1365 502 inter
1391 445 1672 519 imagines
1701 462 1894 502 rerum
1923 463 2040 501 cor-

345 535 652 609 poralium,
711 538 770 589 et
797 533 928 588 veni
975 535 1045 590 ad
1073 539 1266 606 partes
1323 535 1465 606 ejus,
1500 536 1601 590 ubi
1643 536 2040 591 commendavi

346 624 671 681 affectiones
707 623 886 678 animi
913 625 1048 689 mei,
1075 641 1179 678 nec
1214 624 1332 678 illic
1362 624 1556 678 inveni
1598 629 1680 680 te.
1735 626 1800 678 Et
1835 625 2040 680 intravi

347 715 420 770 ad
449 713 628 785 ipsius
654 711 833 766 animi
866 711 979 766 mei
1009 712 1223 780 sedem,
1265 729 1396 784 qua:
1433 713 1517 767 illi
1547 717 1634 767 est
1672 712 1733 767 in
1763 713 2043 767 memoria

348 820 497 866 mea,
528 801 804 873 quoniam
821 801 908 855 sui
927 817 1157 872 quoque
1187 801 1448 856 meminit
1469 802 1712 868 animus,
1741 818 1844 856 nec
1872 801 1952 856 ibi
1979 805 2043 856 tu

351 892 502 947 eras:
537 890 673 962 quia
699 890 846 944 sicut
873 906 990 944 non
1011 906 1071 944 es
1098 891 1290 960 imago
1322 891 1654 962 corporalis,
1684 907 1789 946 nec
1822 891 2041 945 alfectio

349 978 609 1043 viventis,
659 977 843 1049 qnalis
873 982 956 1031 est
983 993 1113 1031 cum
1155 979 1434 1041 laetamur,
1469 978 1890 1045 contristamur,
1943 995 2042 1032 cu-

351 1067 562 1140 pimus,
598 1065 926 1132 metuimus,
959 1066 1348 1134 meminimus,
1370 1066 1780 1136 obliviscimur,
1804 1072 1859 1121 et
1874 1067 2043 1138 quid-

354 1155 491 1227 quid
534 1154 864 1226 hujusmodi
915 1159 1027 1222 est;
1071 1155 1150 1210 ita
1199 1173 1302 1210 nec
1345 1155 1464 1227 ipse
1494 1156 1718 1210 animus
1773 1173 1852 1221 es,
1911 1157 2044 1228 quia

353 1245 629 1301 Dominus
685 1246 832 1298 Deus
888 1243 1068 1298 animi
1105 1250 1168 1300 tu
1222 1262 1300 1313 es,
1345 1250 1402 1299 et
1457 1250 1880 1300 commutantur
1925 1246 2047 1300 haec

354 1332 568 1399 omnia,
608 1336 670 1386 tu
693 1337 886 1387 autem
915 1332 1395 1387 incommutabilis
1424 1349 1619 1387 manes
1639 1350 1810 1404 super
1831 1334 2044 1400 omnia,

356 1426 413 1476 et
439 1421 708 1491 dignatus
731 1437 791 1475 es
820 1421 1078 1475 habitare
1102 1422 1160 1475 in
1191 1422 1469 1477 memoria
1497 1438 1627 1476 mea
1655 1439 1721 1476 ex
1745 1439 1860 1494 quo
1890 1427 1944 1477 te
1969 1423 2049 1477 di-

352 1507 483 1563 dici.
527 1511 592 1564 Et
619 1509 755 1580 quid
787 1527 985 1582 quaero
1016 1527 1128 1582 quo
1159 1512 1280 1566 loco
1310 1512 1433 1582 ejus
1461 1511 1701 1579 habites,
1734 1512 1896 1583 quasi
1916 1528 2049 1568 vero

355 1598 480 1652 loca
509 1597 588 1652 ibi
615 1599 765 1653 sint?
793 1600 1021 1654 Habitas
1049 1604 1200 1654 certe
1230 1600 1290 1654 in
1337 1617 1423 1667 ea,
1475 1601 1749 1673 quoniam
1797 1601 1882 1656 tui
1929 1617 2048 1655 me-

357 1685 502 1740 mini
527 1703 596 1740 ex
624 1703 738 1758 quo
772 1691 827 1742 te
857 1687 1047 1755 didici,
1083 1693 1140 1743 et
1166 1688 1226 1743 in
1255 1706 1322 1743 ea
1349 1695 1406 1744 te
1433 1689 1663 1745 invenio
1694 1705 1826 1744 cum
1865 1705 2050 1745 recor-

358 1775 464 1830 dor
491 1778 568 1829 te.

983 1865 1209 1920 CAPUT
1246 1867 1422 1920 XXVI.

913 1953 1017 2008 Ubi
1033 1957 1309 2009 invenitur
1336 1958 1495 2010 Deus.

432 2063 521 2115 37.
556 2059 662 2116 Ubi
682 2077 819 2132 ergo
853 2066 910 2116 te
938 2061 1213 2116 inveniut
1244 2061 1521 2117 discerem
1541 2062 1635 2117 te?
1658 2064 1850 2136 Neque
1897 2065 2052 2118 enim

353 2149 477 2219 jam
509 2164 634 2203 eras
677 2149 736 2204 in
765 2149 1044 2204 memoria
1089 2166 1220 2204 mea
1263 2151 1600 2222 priusquam
1651 2155 1706 2205 te
1754 2152 2050 2208 discerem.

361 2237 466 2290 Ubi
495 2253 631 2308 ergo
662 2238 851 2292 inveni
882 2242 936 2292 te
961 2243 1024 2293 ut
1050 2239 1324 2293 discerem
1354 2244 1411 2294 te
1432 2239 1543 2294 nisi
1570 2241 1631 2294 in
1653 2244 1709 2294 te
1730 2257 1903 2310 supra
1923 2259 2015 2296 me
2029 2247 2055 2296 1â€™

360 2326 428 2379 Et
473 2341 760 2396 nuspuam
807 2327 985 2393 locus,
1035 2333 1092 2382 et
1125 2328 1463 2395 recedimus,
1505 2323 1567 2382 et
1611 2329 1949 2396 accedimus,
1999 2336 2057 2386 et

361 2429 646 2484 nusquam
688 2415 866 2469 locus.
913 2415 1156 2487 Ubique,
1200 2417 1428 2484 veritas,
1460 2417 1733 2488 praesides
1789 2419 2057 2474 omnibus

362 2503 796 2556 consulentibus
826 2507 902 2568 te,
927 2503 1212 2576 simulque
1239 2507 1544 2577 respondes
1575 2506 1840 2560 omnibus
1885 2509 2056 2562 etiam

363 2589 585 2644 diversa
610 2591 1061 2646 consulentibus.
1088 2591 1326 2663 Liquide
1356 2598 1415 2646 tu
1455 2593 1784 2665 respondes,
1815 2593 1911 2648 sed
1942 2610 2058 2647 non

362 2676 576 2749 liquide
598 2694 795 2733 omnes
816 2679 1082 2735 audiunt.
1113 2681 1323 2736 Omnes
1343 2682 1495 2736 unde
1517 2683 1714 2736 volunt
1729 2683 2056 2743 consulunt.

365 2766 465 2821 sed
490 2783 609 2820 non
635 2783 864 2838 semper
887 2769 1043 2840 quod
1063 2770 1265 2824 volunt
1291 2771 1551 2824 audiunt.
1585 2771 1844 2842 Optimus
1891 2771 2061 2825 mini-

363 2859 478 2909 ster
506 2860 638 2910 tuus
678 2861 794 2922 est,
813 2857 913 2928 qui
941 2873 1059 2912 non
1085 2858 1267 2929 magis
1297 2859 1553 2914 intuetur
1583 2861 1692 2914 hoc
1711 2864 1821 2914 ate
1861 2859 2058 2914 audire

365 2945 519 3015 quod
545 2944 665 3016 ipse
685 2946 945 3012 voluerit,
979 2946 1078 3002 sed
1106 2947 1295 3018 potius
1319 2947 1424 3003 hoc
1455 2948 1596 3003 velle
1637 2947 1790 3020 quod
1817 2955 1928 3002 ate
1957 2965 2058 3002 au-

367 3033 554 3088 dierit.

980 3126 1206 3180 CAPUT
1238 3127 1450 3180 XXVII.

572 3212 840 3277 Quomodo
871 3213 1134 3267 hominem
1165 3217 1354 3283 rapiat
1375 3217 1468 3269 Dei
1487 3216 1856 3284 pulchritudo.

440 3301 529 3354 38.
561 3299 698 3353 Sero
728 3304 784 3353 te
813 3300 1018 3367 amavi,
1050 3302 1414 3370 pulchritudo
1446 3307 1563 3355 tam
1589 3303 1827 3373 antiqua
1856 3308 1911 3356 et
1948 3306 2063 3356 tam

370 3391 549 3441 nova!
583 3402 711 3440 sero
731 3391 787 3441 te
819 3388 1033 3441 amavi!
1070 3391 1135 3443 Et
1166 3406 1292 3443 ecce
1314 3390 1466 3443 intus
1495 3406 1640 3456 eras,
1675 3396 1733 3444 et
1762 3407 1868 3461 ego
1903 3391 2061 3458 foris,

369 3479 427 3530 et
455 3474 534 3529 ibi
586 3479 640 3528 te
667 3475 1027 3544 quaerebam;
1079 3482 1136 3531 et
1188 3477 1247 3531 in
1286 3478 1392 3531 ista
1412 3477 1662 3532 formosa
1705 3495 1834 3550 qua:
1863 3478 2064 3547 fecisti,

369 3562 641 3618 deformis
670 3563 979 3620 irruebam.
1013 3567 1226 3621 Mecum
1259 3583 1402 3630 eras,
1437 3572 1492 3621 et
1522 3572 1708 3622 tecum
1739 3585 1854 3622 non
1884 3585 2064 3622 eram.

372 3653 448 3707 Ea
477 3668 570 3707 me
601 3654 868 3708 tenebant
894 3654 1064 3726 longe
1091 3673 1123 3708 a
1152 3661 1228 3725 te,
1260 3673 1388 3727 quae
1430 3657 1475 3710 si
1515 3657 1576 3710 in
1625 3661 1678 3710 te
1709 3673 1826 3711 non
1856 3662 2062 3723 essent,

373 3757 490 3796 non
519 3747 726 3796 essent.
754 3743 994 3810 Vocasti,
1028 3748 1084 3798 et
1109 3745 1385 3812 clamasti,
1422 3750 1474 3800 et
1505 3745 1708 3817 rupisti
1729 3747 2067 3801 surditatem

375 3845 583 3886 meam.
632 3831 970 3895 Coruscasti,
1013 3833 1374 3904 splenduisti,
1406 3839 1462 3888 et
1500 3835 1709 3906 fugasti
1755 3835 2066 3889 caecitatem

375 3933 579 3974 meam.
641 3921 926 3992 Fragrasti
956 3923 996 3988 á½·,
1030 3926 1087 3975 et
1124 3922 1261 3976 duxi
1294 3923 1580 3993 spiritum,
1615 3928 1671 3978 et
1708 3924 1912 3978 anhelo
1940 3923 2064 3978 tibi.

377 4007 624 4074 Gustavi,
653 4012 710 4063 et
747 4010 960 4076 esurio,
985 4015 1043 4064 et
1071 4010 1220 4065 sitio.
1261 4011 1520 4082 Tetigisti
1549 4027 1662 4079 me,
1693 4017 1750 4066 et
1777 4011 1960 4066 exarsi
2007 4011 2069 4065 in

375 4111 576 4166 pacem
596 4101 773 4151 tuam.

978 4187 1204 4241 CAPUT
1235 4188 1465 4241 XXVIII.

921 4277 1154 4330 Misem'ae
1183 4277 1349 4345 hujus
1375 4280 1519 4332 vitae.

452 4383 540 4436 39.
576 4381 717 4435 Cum
747 4381 1028 4435 inhmsero
1069 4381 1170 4434 tibi
1211 4398 1279 4436 ex
1313 4382 1471 4436 omni
1500 4399 1612 4450 me,
1653 4399 1936 4454 nusquam
1966 4384 2076 4439 erit

380 4467 523 4522 mihi
554 4469 720 4523 dolor
747 4474 803 4523 et
831 4469 1025 4535 labor;
1054 4475 1112 4524 et
1148 4471 1274 4526 viva
1303 4471 1411 4526 erit
1437 4472 1554 4526 vita
1583 4489 1730 4538 mea,
1762 4477 1881 4526 tota
1907 4474 2076 4544 plena

379 4561 464 4611 te.
522 4558 682 4612 Nunc
729 4562 921 4611 autem
955 4559 1229 4629 quoniam
1261 4576 1433 4631 quem
1463 4565 1524 4614 tu
1571 4560 1795 4632 imples,
1820 4563 2077 4616 sublevas

383 4662 543 4711 eum;
577 4645 852 4716 quoniam
891 4646 975 4701 tui
1003 4649 1205 4718 plenus
1237 4665 1352 4703 non
1383 4666 1530 4716 sum,
1566 4650 1724 4704 oneri
1752 4650 1894 4705 mihi
1923 4667 2072 4705 sum.

383 4735 748 4790 Contendunt
778 4735 987 4792 laetitiae
1011 4753 1150 4794 mea:
1178 4739 1383 4794 ï¬‚endae
1413 4756 1544 4795 cum
1581 4741 1840 4796 laetandis
1866 4758 2072 4795 mcero-

382 4823 577 4890 ribus;
598 4827 653 4877 et
681 4839 745 4878 ex
771 4841 886 4896 qua
922 4831 1081 4897 parte
1113 4832 1219 4882 stet
1263 4829 1499 4883 victoria
1524 4830 1732 4884 nescio.
1769 4830 1871 4884 Hei
1899 4830 2070 4884 mihi!

384 4911 646 4978 Domine,
695 4911 965 4967 miserere
1025 4915 1157 4971 mei.
1213 4916 1581 4972 Contendant
1643 4935 1915 4974 maerores
1960 4919 2075 4974 mei

383 5000 520 5054 mali
553 5017 681 5056 cum
713 5001 937 5072 gaudiis
961 5002 1146 5070 bonis,
1180 5009 1235 5059 et
1263 5022 1329 5060 ex
1360 5023 1474 5078 qua
1511 5012 1670 5079 parte
1702 5012 1812 5061 stet
1837 5008 2076 5062 victoria

382 5089 594 5146 nescio.
630 5089 731 5144 Hei
763 5089 930 5146 mihi!
969 5092 1226 5160 Domine,
1280 5094 1551 5151 miserere
1591 5096 1724 5153 mei.
1760 5097 1860 5151 Hei
1895 5097 2068 5152 mihi!

381 5193 507 5264 ecce
539 5179 773 5233 vulnera
802 5195 930 5235 mea
975 5197 1089 5234 non
1137 5183 1447 5238 abscondo:
1491 5185 1745 5239 medicus
1797 5203 1874 5247 es,
1922 5203 2076 5257 aeger

384 5282 539 5334 sum;
587 5268 906 5323 misericors
938 5287 1016 5336 es,
1048 5270 1218 5324 miser
1246 5289 1390 5327 sum.
1422 5274 1712 5346 Numquid
1741 5291 1859 5329 non
1890 5280 2072 5330 tenta-

383 5353 462 5408 tio
486 5361 566 5410 est
597 5357 712 5412 vita
739 5358 992 5414 humana
1022 5377 1192 5431 super
1222 5365 1433 5416 terram
1479 5364 1620 5433 (Job.
1672 5380 1767 5426 vn,
1817 5364 1900 5433 l)?
1939 5365 2075 5430 Quis

383 5443 516 5499 velit
545 5447 832 5502 molestias
855 5453 912 5503 et
938 5448 1337 5505 difficultates?
1360 5451 1610 5506 Tolerari
1628 5452 1797 5524 jubes
1819 5469 1933 5521 eas,
1955 5469 2073 5508 non

451 5589 461 5622 '
493 5587 772 5652 Flagrasti,
792 5591 947 5656 juxta
973 5593 1058 5643 Er.
1091 5595 1255 5659 Lugd.
1282 5595 1419 5646 Flor.
1448 5596 1516 5646 M.

1550 320 2090 378 CONFESSIONUM
2131 323 2185 378 S.
2246 323 2652 380 AUGUSTINI.

3753 324 3784 372 7
3795 324 3869 372 9t;

2149 447 2350 502 amari.
2385 449 2561 502 Nemo
2600 446 2756 518 quod
2785 448 2994 500 tolerat
3023 450 3196 512 amat,
3243 445 3348 500 etsi
3379 445 3622 500 tolerare
3675 448 3872 498 amat.

2148 535 2416 600 Quamvis
2441 535 2596 589 enim
2620 534 2866 605 gaudeat
2886 549 2946 588 se
2974 535 3239 601 tolerare,
3267 534 3484 588 mavult
3504 537 3698 587 tamen
3735 549 3864 586 non

2151 638 2271 678 esse
2299 623 2455 694 quod
2483 624 2706 677 toleret.
2739 625 3018 694 Prospera
3047 622 3105 676 in
3154 622 3402 677 adversis
3436 621 3718 688 desidero,
3759 621 3874 674 ad-

2150 729 2308 766 versa
2364 712 2425 766 in
2478 711 2764 783 prosperis
2822 712 3020 767 timeo.
3075 711 3212 776 Quis
3253 715 3404 765 inter
3460 712 3584 765 hazc
3632 709 3873 764 medius

2151 804 2329 869 locus,
2357 803 2457 858 ubi
2486 820 2604 858 non
2635 804 2706 858 sit
2735 804 2987 858 humana
3012 802 3125 857 vita
3150 803 3388 857 tentatio
3417 801 3480 856 â€˜?
3502 803 3873 873 Vaaprospe-

2151 891 2414 946 ritatibus
2444 893 2654 958 saeculi,
2688 893 2862 946 semel
2885 896 2940 945 et
2966 891 3196 958 iterum,
3231 907 3264 944 a
3310 891 3518 945 timore
3549 889 3877 944 adversita-

2149 981 2241 1046 tis,
2265 986 2321 1035 et
2347 998 2380 1034 a
2399 981 2760 1051 corruptione
2779 980 3014 1035 laetitiae!
3040 980 3134 1033 Î³Ï‰
3157 979 3588 1033 adversitatibus
3644 977 3874 1032 saeculi.

2154 1069 2329 1122 semel
2368 1073 2423 1122 et
2441 1068 2647 1122 iterum
2679 1072 2735 1121 et
2762 1066 2949 1132 tertio,
2975 1065 3300 1120 adesiderio
3333 1064 3756 1136 prosperitatis,
3807 1066 3869 1115 et

2153 1157 2296 1228 quia
2317 1157 2440 1228 ipsa
2469 1154 2775 1209 adversitas
2791 1155 2934 1208 dura
2954 1159 3056 1220 est,
3080 1158 3136 1208 et
3157 1154 3455 1223 naufragat
3471 1150 3790 1206 tolerantia
3805 1154 3831 1186 Â²
3863 1171 3880 1216 Í¾

2155 1244 2438 1316 numquid
2471 1260 2586 1297 non
2615 1242 2852 1297 tentatio
2879 1245 2966 1296 est
2985 1241 3100 1294 vita
3131 1242 3384 1295 humana
3424 1255 3597 1310 super
3638 1243 3874 1292 terram

2157 1333 2278 1388 sine
2309 1335 2426 1388 ullo
2456 1330 2806 1387 interstitio?

2783 1419 3009 1473 CAPUT
3042 1419 3214 1472 XXIX.

2753 1510 2816 1562 In
2846 1511 2949 1562 Deo
2975 1522 3092 1575 spes
3127 1511 3261 1561 tota.

2226 1601 2316 1656 40.
2355 1599 2420 1653 Et
2445 1601 2564 1652 tota
2595 1613 2721 1668 spes
2751 1612 2879 1650 mea
2908 1611 3022 1649 non
3075 1594 3185 1648 nisi
3216 1594 3275 1647 in
3324 1609 3532 1663 magna
3560 1591 3724 1645 valde
3757 1591 3882 1644 mi-

2160 1686 2474 1743 sericordia
2520 1691 2638 1740 tua.
2696 1687 2775 1739 Da
2820 1683 2974 1755 quod
3018 1683 3210 1753 jubes,
3257 1687 3314 1736 et
3355 1682 3490 1752 jube
3537 1680 3692 1751 quod
3760 1679 3878 1732 vis.

2158 1777 2412 1847 Imperas
2453 1774 2614 1828 nobis
2642 1771 3072 1828 continentiam.
3131 1774 3200 1824 Et
3229 1785 3347 1823 cum
3376 1771 3587 1834 scirem,
3621 1767 3695 1820 sit
3725 1767 3874 1837 qui-

2161 1863 2314 1927 dam,
2339 1865 2470 1932 quia
2498 1878 2646 1916 nemo
2672 1865 2846 1932 potest
2875 1876 2984 1914 esse
3009 1861 3283 1913 continens
3313 1859 3423 1911 nisi
3470 1860 3612 1912 Deus
3645 1856 3764 1908 det:
3824 1861 3881 1908 et

2163 1952 2258 2006 hoc
2297 1954 2472 2021 ipsum
2511 1958 2628 2005 erat
2661 1952 2940 2019 sapientiae
2982 1947 3119 2002 scire
3155 1947 3310 2015 cujus
3355 1950 3488 2000 esset
3545 1946 3638 1998 hoc
3662 1944 3885 1997 donum

2161 2041 2314 2109 (Sap.
2358 2057 2471 2104 vm,
2526 2040 2638 2107 2i).
2683 2039 2788 2091 Per
2831 2035 3241 2090 continentiam
3280 2033 3494 2104 quippe
3535 2029 3887 2099 colligimur

2164 2133 2219 2183 et
2245 2128 2564 2200 redigimur
2594 2128 2652 2181 in
2681 2143 2882 2193 unum,
2938 2142 2970 2179 a
3013 2141 3127 2195 quo
3159 2123 3218 2176 in
3264 2123 3444 2177 multa
3486 2118 3877 2174 deï¬‚uximUs.

2163 2217 2344 2272 Minus
2375 2217 2529 2270 enim
2579 2221 2631 2270 te
2669 2220 2822 2269 amat
2865 2213 2962 2284 qui
2994 2219 3182 2267 tecum
3238 2210 3454 2281 aliquid
3506 2212 3659 2261 amat
3704 2207 3878 2278 quod

2162 2323 2282 2361 non
2322 2310 2560 2376 propter
2603 2309 2659 2358 te
2702 2307 2874 2357 amat.
2911 2303 2954 2358 ÎŸ
2993 2316 3156 2355 amor
3209 2300 3310 2371 qui
3357 2313 3552 2367 sempe
3599 2296 3764 2351 ardes
3824 2300 3889 2349 et

2166 2410 2468 2464 nunquam
2527 2391 2928 2462 exstingueris!
3003 2389 3260 2444 Charitas
3315 2389 3463 2441 Deus
3529 2402 3712 2451 meus,
3783 2401 3887 2438 ac-

2167 2483 2343 2540 cende
2402 2497 2514 2536 me.
2561 2479 2983 2534 Continentiam
3030 2479 3226 2548 jubes;
3278 2477 3350 2531 da
3380 2474 3535 2546 quod
3580 2474 3769 2545 jubes,
3827 2478 3890 2528 et

2163 2572 2304 2644 jube
2333 2570 2487 2642 quod
2513 2568 2616 2622 vis.

2817 2637 3042 2692 CAPUT
3071 2637 3218 2690 XXX.

2169 2729 2466 2801 Conï¬tetur
2519 2734 2581 2782 ut
2617 2744 2672 2783 se
2701 2729 2859 2783 habet
2887 2726 2962 2780 ad
2981 2725 3297 2780 tentationes
3327 2725 3566 2778 carnalis
3597 2724 3883 2779 libidinis.

2239 2823 2328 2873 41.
2357 2818 2529 2872 Jubes
2557 2821 2706 2871 certe
2745 2820 2810 2870 ut
2826 2814 3154 2870 contineam
3193 2828 3227 2865 a
3248 2812 3703 2883 concupiscentia
3743 2829 3876 2865 car-

2169 2907 2278 2972 nis,
2309 2911 2368 2960 et
2397 2904 2853 2976 concupiscentia
2877 2903 3198 2966 oculorum,
3235 2905 3291 2954 et
3313 2901 3621 2955 ambitione
3671 2900 3876 2955 saeculi

2173 2998 2337 3066 (Joan
2381 3013 2441 3049 Î¹Î¹.
2495 2995 2599 3065 l6).
2632 2992 2857 3048 Jussisti
2886 3008 2920 3045 a
2956 2989 3296 3055 concubitu;
3346 2994 3401 3042 et
3443 2990 3513 3043 de
3562 2989 3683 3059 ipso
3731 3005 3877 3042 con-

2165 3083 2327 3155 jugio
2375 3083 2578 3136 melius
2633 3081 2843 3153 aliquid
2903 3094 3077 3150 quam
3121 3078 3443 3132 concessisti
3477 3076 3772 3132 monuisti.
3814 3079 3886 3130 Et

2173 3172 2449 3245 quoniam
2480 3171 2705 3237 dedisti,
2738 3171 2950 3224 factum
2981 3172 3068 3222 est
3092 3171 3150 3220 et
3181 3171 3487 3237 antequam
3514 3166 3883 3234 dispensator

2173 3259 2513 3314 sacramenti
2536 3259 2623 3313 tui
2649 3258 2868 3312 fierem.
2902 3256 3010 3311 Sed
3039 3255 3226 3309 adhuc
3255 3255 3443 3307 vivant
3483 3253 3543 3306 in
3591 3252 3884 3306 memoria

2176 3365 2322 3416 mea,
2354 3349 2423 3403 de
2454 3365 2568 3420 qua
2597 3347 2777 3401 multa
2805 3347 3026 3400 locutus
3048 3361 3195 3410 sum,
3221 3343 3419 3397 talium
3449 3357 3640 3394 rerum
3671 3339 3877 3410 imagi-

2174 3453 2293 3502 nes,
2318 3453 2460 3508 quas
2487 3436 2567 3490 ibi
2589 3435 2940 3490 consuetudo
2965 3449 3096 3488 mea
3125 3433 3277 3497 ï¬xit;
3303 3436 3360 3484 et
3392 3433 3691 3483 occursant
3722 3428 3870 3481 mihi

2175 3525 2434 3596 vigilanti
2485 3525 2718 3596 quidem
2757 3530 3016 3578 carentes
3062 3521 3297 3584 viribus,
3321 3519 3380 3572 in
3413 3517 3627 3572 somnis
3675 3523 3875 3570 autem

2177 3631 2294 3669 non
2321 3615 2507 3668 solum
2552 3629 2731 3685 usque
2751 3613 2822 3667 ad
2859 3610 3318 3675 delectationem,
3358 3608 3454 3662 sed
3492 3607 3666 3661 etiam
3688 3621 3876 3676 usque

2176 3705 2247 3758 ad
2283 3703 2718 3758 consensionem
2764 3702 3090 3772 factumque
3138 3698 3516 3752 simillimum.
3552 3697 3617 3750 Et
3641 3699 3870 3748 tantum

2177 3794 2323 3847 valet
2351 3791 2617 3862 imaginis
2645 3790 2836 3845 illusio
2860 3789 2921 3843 in
2948 3789 3144 3843 anima
3173 3803 3301 3841 mea
3341 3790 3398 3839 et
3427 3785 3486 3838 in
3527 3801 3692 3838 carne
3721 3799 3874 3849 mea,

2179 3886 2244 3936 ut
2299 3881 2608 3936 dormienti
2644 3880 2786 3934 falsa
2829 3878 2948 3933 visa
2985 3876 3366 3948 persuadeant
3407 3873 3564 3945 quod
3608 3871 3872 3942 vigilanti

2178 3986 2314 4024 vera
2340 3986 2457 4024 non
2486 3973 2744 4040 possunt.
2786 3966 3077 4037 Numquid
3119 3969 3255 4019 tunc
3285 3980 3390 4036 ego
3418 3979 3537 4018 non
3581 3977 3729 4027 sum,
3765 3962 3881 4014 Do-

2179 4059 2335 4113 mine
2370 4059 2516 4113 Deus
2562 4060 2769 4112 meus?
2811 4059 2876 4112 Et
2916 4061 3112 4112 tamen
3159 4059 3382 4109 tantum
3444 4052 3680 4106 interest
3729 4050 3886 4103 inter

2180 4147 2461 4218 meipsum
2501 4151 2558 4202 et
2586 4147 2891 4218 meipsum,
2924 4145 3078 4200 intra
3104 4146 3465 4198 momentum
3500 4155 3614 4210 quo
3646 4137 3776 4190 hinc
3810 4137 3883 4191 ad

2181 4252 2445 4307 soporem
2470 4241 2716 4303 transeo,
2747 4236 2837 4290 vel
2858 4235 2970 4290 huc
2998 4233 3131 4287 inde
3153 4228 3470 4286 retranseo!
3501 4226 3602 4282 Ubi
3631 4231 3712 4279 est
3742 4230 3886 4279 tunc

2181 4325 2350 4392 ratio,
2381 4342 2510 4397 quae
2532 4325 2740 4379 talibus
2769 4321 3231 4395 suggestionibus
3259 4318 3479 4374 resistit
3501 4315 3784 4386 vigilans?
3820 4317 3885 4369 Et

2183 4415 2229 4468 si
2244 4431 2333 4469 res
2350 4415 2491 4486 ipsae
2511 4415 2864 4485 ingerantur,
2889 4412 3260 4465 inconcussus
3285 4422 3491 4461 maneo
3514 4403 3555 4458 â¸.
3587 4404 3881 4474 Numquid

2182 4505 2466 4560 clauditur
2493 4520 2625 4558 cum
2653 4502 2871 4557 oculis?
2901 4498 3179 4570 numquid
3205 4496 3426 4568 sopitur
3455 4510 3584 4548 cum
3618 4492 3884 4546 sensibus

2183 4595 2472 4665 corporis?
2504 4595 2570 4647 Et
2595 4591 2744 4645 unde
2774 4605 2924 4661 saepe
2955 4589 3127 4642 etiam
3173 4587 3234 4640 in
3283 4583 3501 4638 somnis
3540 4579 3884 4645 resistimus,

2184 4683 2477 4754 nostrique
2506 4680 2784 4752 propositi
2816 4693 3121 4742 memores,
3167 4680 3338 4745 atque
3377 4673 3436 4726 in
3467 4687 3532 4725 eo
3564 4668 3882 4724 castissime

2184 4776 2605 4844 permanentes,
2630 4771 2852 4824 nullum
2880 4767 3090 4821 talibus
3117 4763 3399 4818 illecebris
3417 4760 3754 4815 adhibemus
3787 4775 3879 4810 as-

2183 4863 2448 4915 sensum?
2500 4862 2564 4914 Et
2610 4863 2804 4913 tamen
2851 4861 3076 4910 tantum
3123 4852 3378 4917 interest,
3427 4855 3493 4904 ut
3530 4863 3658 4902 cum
3707 4845 3877 4899 aliter

2183 4950 2407 5010 accidit,
2452 4948 2784 5018 evigilantes
2832 4944 2903 4998 ad
2958 4941 3320 4996 conscientiae
3361 4939 3621 5010 requiem
3677 4934 3878 4988 redea-

2247 5041 2260 5073 Â¹
2295 5038 2418 5086 Bad.
2449 5037 2562 5085 Am.
2580 5036 2646 5084 Er
2665 5038 2718 5082 et
2746 5035 2890 5090 Lov.,
2910 5031 3159 5080 humana:
3177 5037 3299 5094 Ï…Î¹á¿‘Î¹Ï„Î¾
3313 5031 3563 5094 tentatio.
3581 5050 3644 5062 â€”
3665 5022 3795 5094 liuic
3811 5021 3886 5094 le-

2183 5084 2711 5159 ctionisulfragantur
2723 5084 2920 5144 Somm.
2934 5096 2986 5159 et
2996 5093 3226 5159 1_Mss,_in
3241 5085 3800 5159 ed_iti_one_Florentina.
3816 5084 3886 5159 ÎœÎ£

2244 5164 2264 5197 9
2290 5161 2414 5209 Bad.
2441 5164 2491 5208 et
2513 5149 2688 5220 plures
2704 5171 2731 5206 e
2771 5155 3145 5205 vetustioribus
3166 5155 3209 5203 Îœ
3220 5155 3492 5202 ss.hubent
3510 5156 3560 5199 et
3579 5149 3887 5210 nefrangat

2185 5224 2551 5273 tolerantiam.

2243 5287 2262 5320 3
2289 5286 2494 5346 Septem
2526 5281 3006 5346 Mss.ti_nconcussa
3027 5280 3227 5346 manet:
3252 5282 3388 5346 recte
3406 5271 3784 5346 referendohad
3804 5283 3888 5346 ra-

2181 5331 2471 5397 tionem.7-iâ€”
2486 5331 2987 5397 Editio'Floreutina,
3010 5342 3090 5389 cui
3120 5341 3378 5390 accedunt
3397 5342 3593 5389 Somm.
3622 5340 3672 5384 et
3693 5331 3888 5397 Rond.,

2183 5396 2818 5467 meliorumquecodicum
2850 5396 3158 5469 auctOritate
3190 5416 3302 5469 sese
3323 5403 3508 5469 fretam
3543 5396 3888 5469 portendens,

2183 5473 2258 5521 sic
2287 5469 2441 5532 legit:
2478 5459 2568 5518 Ubi
2585 5471 2658 5517 est
2677 5471 2805 5532 tunc
2821 5467 2966 5532 ratio
2988 5480 3089 5529 qua
3106 5465 3333 5532 vigilans
3348 5459 3574 5532 animus,
3622 5459 3855 5530 talipasu
3870 5498 3882 5509 .

2180 5524 2529 5583 inconcussus
2541 5529 2867 5585 mueLSed,
2885 5535 2937 5594 ty
2943 5524 3278 5594 pographoru
3280 5541 3330 5574 m
3343 5526 3474 5574 forte
3486 5524 3634 5587 lapsu
3645 5560 3655 5580 ,
3661 5524 3890 5586 priorem

2184 5596 2325 5646 illius
2343 5594 2586 5645 lectionis
2609 5596 2809 5657 partem
2832 5589 3201 5656 praetermittit.
3232 5589 3300 5638 Îœ.
