4058 6352
47 339 125 386 70‘.
1520 330 1732 386 LIBER
1781 331 2111 387 DECIMUS.

47 472 190 519 mus;
223 454 479 526 ipsaque
510 451 783 508 distantia
829 452 1180 523 reperiamus
1227 467 1327 506 nos
1374 468 1491 506 non
1522 451 1740 520 fecisse,

47 543 189 615 quod
215 547 425 598 tamen
455 541 519 597 in
548 540 711 596 nobis
757 557 989 613 quoquo
1035 539 1209 595 modo
1239 540 1451 597 factum
1495 557 1618 597 esse
1647 542 1754 597 do-

48 637 283 685 leamus.

106 723 196 776 42.
232 719 541 792 Numquid
572 735 687 774 non
715 721 918 790 potens
948 722 1034 774 est
1072 735 1280 774 manus
1312 724 1424 782 tua,
1455 721 1604 776 Deus
1633 737 1754 777 om-

48 811 336 880 nipotens,
370 825 574 862 sanare
603 825 804 863 omnes
834 809 1140 879 languores
1156 808 1364 864 animxe
1385 825 1549 875 meae,
1581 814 1755 882 atque

48 897 472 953 abundantiore
525 895 707 968 gratia
754 901 852 951 tua
908 895 1142 951 lascivos
1187 901 1376 953 motus
1430 900 1603 952 etiam
1642 897 1757 953 mei

49 987 260 1059 soporis
309 985 721 1056 exstinguere?
767 985 1040 1057 Augebis,
1092 985 1350 1053 Domine,
1389 986 1574 1057 magis
1629 1002 1751 1041 ma-

52 1078 241 1147 gisque
274 1075 344 1129 in
375 1091 470 1129 me
495 1090 736 1128 munera
755 1077 873 1140 tua,
901 1077 965 1127 ut
984 1072 1176 1128 anima
1201 1090 1330 1128 mea
1359 1078 1632 1145 sequatur
1662 1090 1754 1129 me

56 1167 114 1219 ad
142 1171 216 1232 te,
249 1163 739 1234 concupiscentia:
783 1161 934 1216 visco
979 1161 1262 1232 expedita,
1311 1167 1376 1218 ut
1412 1179 1529 1216 non
1558 1162 1628 1216 sit
1657 1179 1754 1216 re-

57 1253 202 1306 bellis
232 1251 375 1318 sibi,
409 1257 581 1322 atque
615 1255 678 1304 ut
706 1250 767 1304 in
796 1249 1011 1303 somnis
1041 1249 1230 1315 etiam,
1266 1267 1384 1305 non
1419 1251 1606 1305 solum
1633 1266 1754 1305 non

59 1345 344 1413 perpetret
373 1340 512 1394 istas
557 1339 1015 1409 corruptelarum
1060 1338 1445 1410 turpitudines
1481 1355 1587 1410 per
1610 1339 1755 1393 ima-

58 1433 202 1501 gines
233 1429 527 1484 animales
563 1444 742 1500 usque
770 1428 839 1482 ad
870 1427 1055 1482 carnis
1081 1429 1322 1495 ﬂuxum,
1358 1428 1457 1482 sed
1505 1445 1578 1482 ne
1619 1445 1757 1482 con-

63 1519 255 1574 sentiat
299 1518 563 1590 quidem.
618 1519 760 1572 Nam
788 1522 852 1571 ut
889 1517 1033 1572 nihil
1058 1517 1170 1571 tale
1197 1517 1286 1571 vel
1315 1517 1607 1572 tantillum
1636 1517 1656 1550 ί
1688 1516 1757 1571 Ιί-

64 1612 193 1675 beat,
227 1607 585 1679 quantulum
615 1605 797 1677 possit
824 1610 968 1660 nutu
997 1605 1272 1672 cohiberi,
1312 1605 1487 1660 etiam
1519 1605 1580 1660 in
1604 1609 1758 1659 casto

66 1696 397 1753 dormientis
425 1696 648 1763 all‘ectu,
671 1711 789 1749 non
821 1699 1045 1750 tantum
1069 1695 1129 1748 in
1151 1694 1259 1748 hac
1286 1694 1420 1761 vita,
1453 1694 1551 1749 sed
1581 1694 1755 1748 etiam

66 1788 113 1840 in
141 1787 246 1840 hac
277 1788 476 1852 aetate,
505 1801 623 1838 non
643 1799 917 1854 magnum
939 1788 1022 1838 est
1049 1783 1453 1854 omnipotenti,
1483 1782 1585 1854 qui
1608 1782 1760 1836 vales

66 1878 234 1930 facere
255 1889 440 1945 supra
461 1889 634 1944 quam
653 1872 904 1943 petimus
933 1875 990 1926 et
1018 1871 1393 1943 intelligimus
1425 1873 1640 1942 (Ephes.
1675 1887 1756 1936 xxx,

69 1965 167 2033 ‘20).
197 1965 368 2018 Nunc
392 1967 586 2017 tamen
616 1960 756 2033 quid
786 1960 974 2015 adhuc
1016 1961 1122 2015 sim
1149 1961 1208 2014 in
1249 1961 1355 2015 hoc
1382 1975 1591 2030 genere
1622 1957 1760 2012 mali

67 2053 186 2119 mei,
217 2052 339 2107 dixi
373 2050 620 2107 Domino
642 2050 793 2104 bono
819 2065 970 2112 meo,
1002 2049 1292 2104 exsultans
1332 2065 1464 2103 cum
1510 2052 1759 2102 tremore

71 2144 224 2211 (Psal.
259 2159 317 2207 xx,
357 2140 454 2210 11)
483 2140 543 2194 in
572 2155 639 2193 eo
666 2139 823 2211 quod
853 2137 1077 2194 donasti
1101 2137 1266 2204 mihi,
1294 2141 1350 2191 et
1372 2139 1575 2208 lugens
1600 2136 1662 2190 in
1690 2152 1757 2190 eo

70 2232 208 2302 quod
228 2231 729 2286 inconsummatus
748 2244 896 2295 sum,
921 2243 1156 2298 sperans
1176 2231 1198 2263 ³
1214 2226 1598 2297 perfecturum
1624 2229 1678 2279 te
1700 2225 1761 2279 in

72 2337 151 2374 me
194 2318 622 2375 misericordias
669 2322 794 2373 tuas
843 2332 1024 2387 usque
1073 2315 1143 2370 ad
1175 2330 1376 2385 pacem
1419 2314 1759 2386 plenariam,

74 2425 233 2478 quam
271 2413 470 2464 tecum
516 2406 812 2462 habebunt
858 2404 1134 2460 interiora
1181 2408 1239 2458 et
1284 2403 1567 2458 exteriora
1606 2419 1757 2470 mea,

75 2516 191 2554 cum
240 2499 515 2568 absorpta
549 2495 725 2552 fuerit
767 2510 922 2550 mors
968 2494 1032 2548 in
1075 2493 1372 2548 victoriam
1419 2494 1464 2563 (Ι
1514 2494 1632 2550 Cor.
1670 2509 1760 2547 xv.

77 2591 172 2642 54).

138 2589 172 2658 )’
700 2655 925 2711 CAPUT
959 2655 1132 2709 xxxx.

443 2749 510 2801 Ut
537 2760 592 2800 se
617 2747 759 2812 gerit
783 2743 857 2798 ad
887 2745 1202 2797 tentationes
1232 2745 1391 2811 gulae.

139 2839 223 2893 43.
259 2838 355 2891 Est
384 2835 498 2890 alia
525 2833 744 2888 malitia
787 2831 923 2898 diei,
967 2847 1095 2902 qua:
1135 2829 1355 2884 utinam
1405 2829 1648 2884 suﬂiciat
1685 2829 1758 2884 ei.

88 2925 372 2980 Reﬁcimus
405 2917 559 2979 enim
585 2921 943 2992 quotidianas
961 2919 1155 2973 ruinas
1174 2918 1429 2989 corporis
1459 2918 1680 2973 edendo
1705 2922 1763 2972 et

85 3014 335 3079 bibendo,
378 3012 717 3084 priusquam
759 3025 912 3064 escas
944 3012 1000 3063 et
1029 3012 1289 3063 ventrem
1319 3007 1596 3074 destruas,
1629 3022 1763 3060 cum

86 3101 341 3156 occideris
367 3100 748 3169 indigentiam
770 3114 958 3153 meam
987 3098 1243 3152 satietate
1271 3095 1534 3160 miriﬁca,
1565 3101 1620 3150 et
1648 3111 1766 3150 cor-

86 3191 341 3262 ruptibile
361 3191 469 3246 hoc
489 3188 745 3244 indueris
766 3187 1194 3257 incorruptione
1215 3184 1560 3256 sempiterna
1581 3183 1762 3251 (Ibid,

88 3285 186 3349 53).
220 3282 380 3335 Nunc
408 3285 602 3334 autem
630 3278 814 3332 suavis
842 3281 928 3332 est
964 3275 1106 3330 mihi
1135 3273 1455 3339 necessitas,
1488 3278 1543 3327 et
1571 3273 1767 3327 adver-

88 3386 170 3422 sus
197 3369 360 3423 istam
377 3367 710 3422 suavitatem
733 3381 927 3436 pugno
945 3381 1016 3419 ne
1037 3363 1259 3435 capiar;
1281 3367 1337 3417 et
1365 3361 1768 3434 quotidianum

90 3458 283 3511 bellum
304 3473 441 3529 gero
463 3457 525 3510 in
543 3455 800 3526 jejuuiis,
823 3453 1032 3524 saepius
1060 3453 1120 3506 in
1150 3451 1482 3506 servitutem
1503 3449 1767 3520 redigens

90 3563 280 3616 corpus
307 3562 504 3600 meum
533 3545 573 3614 (Ι
606 3546 722 3601 Cor.
757 3560 832 3609 xx,
855 3543 977 3611 27);
1005 3545 1063 3596 et
1090 3541 1312 3596 dolores
1334 3539 1447 3594 mei
1477 3539 1767 3608 voluptate

90 3635 381 3705 pelluntur.
431 3636 576 3689 Nam
619 3632 796 3686 fames
835 3635 890 3686 et
919 3629 1043 3686 sitis
1091 3628 1324 3700 quidam
1354 3628 1576 3682 dolores
1603 3629 1767 3692 sunt;

90 3727 268 3790 urunt,
311 3727 368 3778 et
396 3723 540 3777 sicut
570 3721 740 3776 febris
767 3724 994 3789 necant,
1045 3718 1154 3773 nisi
1200 3717 1605 3772 alimentorum
1648 3731 1766 3769 me-

92 3813 259 3867 dicina
286 3816 596 3868 succurrat.
619 3811 755 3876 Quae
785 3809 1060 3882 quoniam
1084 3812 1294 3879 praesto
1329 3811 1435 3872 est,
1467 3822 1532 3860 ex
1563 3821 1767 3859 conso-

95 3900 283 3954 latione
303 3915 614 3954 munerum
629 3903 884 3963 tuorum,
910 3896 971 3950 in
986 3896 1197 3968 quibus
1218 3899 1430 3949 nostra:
1447 3890 1770 3946 inﬁrmitati

96 3991 223 4042 terra
251 3994 310 4044 et
345 4005 498 4060 aqua
537 3992 596 4043 et
638 3987 845 4042 coelum
892 3984 1165 4051 serviunt,
1216 3981 1509 4038 calamitas
1553 3979 1769 4036 deliciae

99 4083 345 4132 vocantur
366 4083 409 4132 ³.

151 4167 232 4221 44.
278 4169 393 4221 Hoc
435 4180 529 4220 me
577 4163 819 4220 docuisti
865 4167 927 4217 ut
985 4159 1473 4234 quemadmodum
1530 4157 1772 4212 medica-

105 4259 287 4321 menta,
314 4255 395 4308 sic
425 4253 698 4308 alimenta
727 4255 1061 4322 sumpturus
1091 4249 1374 4303 accedam.
1407 4245 1512 4302 Sed
1543 4245 1680 4300 dum
1701 4245 1772 4299 ad

105 4341 328 4410 quietem
359 4342 636 4398 satietatis
666 4357 732 4395 ex
763 4337 1098 4411 indigentiae
1137 4335 1397 4391 molestia
1436 4338 1682 4402 transeo,
1711 4333 1773 4387 in

107 4427 203 4499 ipso
229 4432 473 4487 transitu
500 4431 641 4486 mihi
669 4428 974 4484 insidiatur
1000 4427 1239 4498 laqueus
1267 4422 1763 4494 concupiscentiae.

109 4517 204 4586 Ipse
232 4521 386 4574 enim
406 4519 681 4575 transitus
700 4518 961 4588 voluptas
977 4519 1080 4581 est,
1111 4519 1168 4568 et
1195 4530 1312 4568 non
1343 4516 1428 4566 est
1449 4511 1594 4565 alius
1615 4508 1638 4542 ⁸
1661 4524 1776 4580 qua

109 4608 398 4664 transeatur
427 4625 542 4681 quo
561 4611 582 4644 ⁸
610 4607 851 4662 transire
886 4604 1042 4676 cogit
1070 4602 1392 4658 necessitas.
1430 4602 1495 4654 Et
1524 4615 1655 4654 cum
1685 4614 1776 4652 sa-

108 4695 171 4748 lus
192 4698 258 4753 sit
283 4715 456 4753 causa
476 4697 682 4753 edendi
701 4701 759 4751 et
778 4693 1036 4760 bibendi,
1057 4697 1116 4747 et
1136 4690 1398 4762 adjungit
1417 4705 1476 4744 se
1496 4693 1774 4759 tanquam

111 4786 411 4860 pedissequa
433 4787 753 4858 periculosa
765 4783 1114 4856 jucunditas,
1130 4785 1186 4836 et
1208 4781 1547 4851 plerumque
1567 4775 1773 4848 praeire

111 4881 331 4947 conatur,
359 4883 424 4932 ut
457 4877 582 4948 ejus
610 4892 780 4931 causa
807 4875 909 4930 ﬁat
933 4872 1090 4945 quod
1118 4869 1315 4926 salutis
1349 4883 1520 4922 causa
1558 4882 1648 4920 me
1691 4866 1774 4919 fa-

112 4974 209 5017 cere
233 4967 318 5020 vel
355 4967 505 5033 dico,
533 4965 624 5020 vel
667 4965 813 5018 volo.
859 4964 972 5017 Nec
1014 4961 1167 5016 idem
1212 4957 1418 5014 modus
1474 4954 1775 5026 utriusque

115 5054 204 5105 est:
235 5069 364 5109 nam
394 5053 549 5127 quod
568 5052 739 5107 saluti
764 5051 898 5106 satis
927 5055 1034 5117 est,
1061 5045 1424 5104 delectationi
1439 5059 1647 5117 parum
1667 5046 1771 5097 est.

160 5168 172 5231 ξ
200 5168 503 5231 tantulum,
528 5167 684 5231 juxta
711 5165 882 5231 30nd.
913 5177 1034 5214 cum
1063 5161 1372 5231 H_l_tlss._l§i.

159 5228 176 5293 ξ
198 5230 259 5293 ει
279 5223 698 5293 δρεναηέ,⁷]ιιχιδ
728 5228 896 5293 Band.
928 5240 990 5293 ex
1011 5239 1102 5293 sex
1125 5226 1247 5293 Mss.
1283 5223 1352 5272 Μ.

160 5289 176 5319 ³
198 5283 406 5343 Αω.Ἐι-,
430 5297 486 5342 et
510 5283 662 5346 L'ov.,
686 5290 1031 5340 calamitates
1051 5285 1249 5338 delicia:
1275 5286 1560 5342 vocantur;
1579 5287 1631 5332 at
1653 5283 1778 5332 Mss.

119 5348 312 5415 Dlﬁfique
335 5358 388 5404 et
416 5356 564 5410 Arn,
595 5353 901 5415 calamitas.
933 5349 1098 5400 Priori
1128 5347 1344 5399 lectioni
1372 5347 1553 5396 favent
1577 5346 1774 5395 Somm.

121 5413 157 5456 et
174 5412 324 5464 Rond.
355 5431 476 5465 cum
509 5419 534 5465 4
567 5416 690 5464 Mss.
723 5414 789 5462 Μ.

164 5476 367 5550 istius.
391 5477 781 5550 iamiam:
813 5479 878 5550 ει.
897 5473 1069 5550 Βοιξά-
1093 5486 1212 5550 φφ
1231 5475 1269 5550 ἓ
1298 5471 1515 5550 Mes-Ps

129 5594 135 5602 ,
166 5537 182 5567 ⁵
199 5537 252 5602 l_n
271 5533 515 5590 omnibus
540 5539 673 5589 Edd.
696 5541 818 5586 ante
851 5537 976 5587 Arn.
999 5535 1273 5602 legebatur
1297 5547 1469 5602 quam
1489 5545 1594 5602 quo
1605 5533 1777 5602 trans-

123 5594 196 5645 ire.
207 5598 526 5664 Expunctum
537 5605 619 5652 est
627 5611 791 5664 quam
800 5637 813 5660 ,
827 5594 1136 5650 auctoritate
1147 5598 1270 5647 Mss.
1283 5594 1336 5647 e't
1344 5594 1512 5646 sensu
1513 5594 1772 5659 exigente.

3454 337 3559 389 ’798

1870 453 1935 508 Ει
1957 468 2105 524 saepe
2133 453 2416 508 incertum
2444 453 2512 527 fit
2537 457 2735 509 utrum
2753 453 2939 508 adhuc
2967 455 3282 509 necessaria
3307 455 3561 525 corporis

1867 558 2004 597 cura
2025 541 2345 597 subsidium
2366 546 2542 613 petat,
2565 559 2639 597 an
2656 541 2979 613 voluptaria
3002 542 3328 613 cupiditatis
3343 543 3564 597 fallacia

1866 631 2251 686 ministerium
2293 635 2578 702 suppetat.
2609 633 2695 686 Ad
2721 632 2826 686 hoc
2856 629 3138 686 incertum
3167 630 3454 685 hilarescit
3474 631 3560 686 in-

1867 720 2003 776 felix
2045 720 2260 787 anima,
2301 725 2359 774 et
2382 719 2442 774 iu
2476 737 2543 774 eo
2576 725 2863 792 praeparat
2899 718 3278 774 excusationis
3315 719 3560 791 patroci-

1869 809 2050 876 nium,
2073 810 2328 882 gaudens
2352 825 2470 863 non
2487 825 2760 880 apparere
2777 809 2915 881 quid
2936 809 3070 863 satis
3091 808 3166 863 sit
3182 807 3562 862 moderationi

1866 898 2227 962 valetudinis,
2253 901 2316 953 ut
2337 898 2577 952 obtentu
2605 897 2799 951 salutis
2821 898 3126 952 obumbret
3155 896 3452 967 negotium
3473 913 3565 951 vo-

1867 987 2122 1060 luptatis.
2166 987 2262 1042 His
2298 985 2712 1041 tentationibus
2757 986 3010 1057 quotidie
3047 1002 3226 1040 conor
3271 986 3560 1051 resistere,

1869 1081 1924 1132 et
1954 1077 2153 1131 invoco
2184 1076 2477 1132 dexteram
2508 1080 2665 1128 tuam
2697 1074 2768 1128 ad
2798 1075 3040 1128 salutem
3066 1090 3277 1141 meam,
3309 1078 3364 1128 et
3392 1073 3463 1127 ad
3507 1077 3562 1127 te

1867 1167 2051 1222 refero
2075 1170 2244 1220 aestus
2264 1181 2441 1232 meos,
2468 1163 2601 1236 quia
2619 1163 2922 1218 consilium
2943 1163 3087 1218 mihi
3107 1164 3176 1217 de
3194 1163 3300 1217 hac
3329 1179 3388 1216 re
3420 1178 3560 1216 non-

1869 1256 2008 1310 dum
2036 1259 2164 1310 stat.

1939 1347 2036 1400 45.
2073 1343 2256 1399 Audio
2283 1358 2474 1398 vocem
2517 1340 2774 1412 jubentis
2814 1339 2916 1394 Dei
2943 1338 3094 1393 mei:
3128 1341 3245 1394 Non
3272 1343 3568 1407 graventur

1868 1433 2032 1487 corda
2079 1437 2260 1488 vestra
2300 1434 2359 1485 in
2410 1431 2637 1500 crapula
2691 1434 2743 1484 et
2791 1430 3044 1484 ebrietate
3089 1428 3240 1499 (Luc.
3297 1445 3407 1493 xxx,
3451 1425 3561 1496 34).

1869 1520 2123 1576 Ebrietas
2159 1520 2327 1591 longe
2370 1523 2454 1574 est
2491 1535 2525 1572 a
2554 1535 2675 1584 me;
2713 1515 3096 1582 misereberis,
3133 1532 3206 1570 ne
3247 1515 3564 1587 appropin-

1870 1615 2007 1686 quet
2066 1609 2228 1664 mihi.
2276 1609 2518 1680 Crapula
2571 1612 2766 1662 autem
2835 1621 3252 1676 nonnunquam
3311 1603 3569 1674 subrepit

1870 1718 2032 1757 servo
2049 1705 2178 1767 tuo;
2203 1696 2582 1764 misereberis,
2614 1700 2677 1750 ut
2696 1697 2863 1765 longe
2882 1696 2981 1748 ﬁat
3009 1709 3166 1748 ame.
3202 1694 3379 1747 Nemo
3409 1691 3563 1746 enim

1869 1793 2054 1860 potest
2082 1804 2204 1842 esse
2236 1785 2557 1849 continens,
2602 1784 2712 1838 nisi
2743 1789 2806 1837 tu
2837 1784 2954 1838 des.
3001 1781 3172 1836 Multa
3203 1781 3369 1836 nobis
3394 1796 3563 1834 oran—

1870 1878 2025 1932 tibus
2053 1875 2289 1942 tribuis;
2319 1879 2376 1928 et
2416 1871 2697 1944 quidquid
2740 1871 2878 1926 boni
2918 1875 3227 1941 antequam
3271 1885 3567 1923 oraremus

1871 1964 2212 2035 accepimus,
2243 1967 2346 2017 ate
2379 1960 2730 2032 accepimus;
2755 1964 2812 2013 et
2827 1962 2891 2012 ut
2916 1958 3026 2012 hoc
3047 1962 3244 2029 postea
3263 1971 3566 2027 cognosce-

1869 2071 2083 2120 remus,
2119 2069 2153 2107 a
2194 2057 2250 2107 te
2288 2051 2624 2122 accepimus.
2673 2048 2935 2103 Ebriosus
2978 2063 3276 2119 nunquam
3321 2045 3423 2113 fui,
3467 2045 3565 2100 sed

1873 2143 2127 2198 ebriosos
2153 2159 2184 2194 a
2212 2145 2269 2196 te
2313 2139 2532 2194 sobrios
2579 2138 2757 2192 factos
2797 2153 2902 2207 ego
2952 2136 3106 2190 novi.
3153 2137 3297 2206 Ergo
3328 2151 3360 2188 a
3395 2139 3452 2188 te
3479 2133 3566 2187 fa-

1871 2237 2027 2286 ctum
2059 2235 2144 2284 est
2184 2234 2249 2284 ut
2273 2229 2381 2283 hoc
2411 2243 2526 2281 non
2557 2230 2747 2281 essent
2776 2225 2876 2296 qui
2909 2240 3204 2294 nunquam
3250 2223 3500 2288 fuerunt,
3533 2239 3569 2276 a

1875 2337 1989 2394 quo
2011 2321 2225 2375 factum
2246 2323 2331 2374 est
2361 2321 2422 2372 ut
2452 2317 2558 2371 hoc
2578 2331 2696 2370 non
2726 2329 2951 2385 semper
2980 2317 3167 2368 essent
3184 2313 3284 2384 qui
3310 2313 3566 2378 fuerunt,

1873 2427 1907 2465 a
1926 2426 2042 2482 quo
2063 2409 2232 2463 etiam
2249 2407 2464 2463 factum
2483 2409 2568 2460 est
2589 2409 2656 2459 ut
2685 2403 2896 2458 scirent
2914 2402 3143 2472 utrique
3165 2418 3199 2456 a
3214 2418 3330 2473 quo
3355 2401 3566 2456 factum

1874 2504 1980 2555 est.
2023 2496 2227 2552 Audivi
2275 2495 2446 2550 aliam
2483 2509 2678 2548 vocem
2726 2497 2922 2547 tuam:
2955 2495 3081 2546 Post
3114 2492 3570 2560 concupiscentias

1875 2595 1996 2644 tuas
2015 2603 2122 2642 non
2141 2602 2251 2651 eas,
2275 2589 2324 2639 et
2343 2601 2378 2638 a
2397 2585 2671 2638 voluntate
2691 2587 2787 2636 tua
2809 2585 3048 2635 avertere
3067 2580 3251 2650 (Eccli.
3277 2595 3430 2644 xvxxx,
3459 2578 3570 2647 30).

1873 2675 2077 2732 Audivi
2097 2679 2152 2729 et
2178 2674 2335 2728 illam
2368 2689 2436 2726 ex
2465 2686 2705 2726 munere
2736 2675 2833 2724 tuo
2859 2685 3034 2740 quam
3068 2669 3313 2723 multum
3343 2667 3529 2721 amavi
3554 2682 3568 2720 :

1875 2769 2056 2835 Neque
2083 2765 2133 2817 si
2156 2761 2682 2827 manducaverimus,
2724 2757 3151 2821 abundabimus;
3179 2771 3346 2824 neque
3388 2757 3440 2809 si
3465 2770 3572 2807 non

1873 2852 2399 2912 manducarerimus,
2457 2847 2627 2901 deerit
2682 2847 2833 2899 nobis
2878 2847 2918 2913 (Ι
2969 2846 3088 2901 Cor.
3151 2861 3269 2910 vxxx,
3323 2845 3399 2911 8).
3454 2843 3572 2895 Hoc

1876 2939 2199 3006 estdicere,
2233 2938 2342 2990 Nec
2389 2935 2486 2988 illa
2513 2949 2603 2987 res
2633 2948 2723 2986 me
2762 2931 3056 3001 copiosum
3105 2929 3292 2994 faciet,
3331 2944 3434 2982 nec
3473 2927 3571 2981 illa

1877 3042 2284 3082 aerumnosum.
2326 3022 2531 3078 Audivi
2562 3027 2620 3076 et
2652 3022 2928 3074 alteram:
2962 3022 3074 3086 Ego
3120 3020 3260 3072 enim
3299 3017 3472 3070 didici
3512 3019 3570 3070 in

1877 3117 2072 3186 quibus
2115 3131 2234 3169 sum
2275 3115 2538 3181 sufﬁciens
2578 3126 2723 3176 esse;
2752 3114 2803 3164 et
2837 3108 3116 3162 abundare
3138 3108 3284 3174 novi,
3315 3110 3366 3158 et
3392 3120 3569 3174 penu-

1876 3210 2017 3261 riam
2041 3206 2162 3275 pati
2205 3205 2349 3256 novi.
2393 3203 2588 3257 Omnia
2631 3215 2848 3269 possum
2876 3201 2935 3251 in
2961 3214 3018 3251 eo
3048 3199 3144 3266 qui
3185 3211 3266 3249 me
3299 3197 3568 3260 confortat

1881 3296 2142 3365 (Philipp.
2189 3309 2260 3358 xv,
2291 3294 2484 3360 1H3).
2516 3291 2650 3344 Ecce
2685 3288 2846 3342 miles
2881 3291 3196 3340 castrorum
3235 3282 3573 3348 caelestium,

1877 3400 1993 3438 non
2007 3381 2192 3453 pulvis
2203 3380 2351 3452 quod
2366 3395 2468 3433 nos
2481 3394 2696 3431 sumus.
2710 3376 2818 3431 Sed
2835 3379 3146 3435 memento,
3164 3371 3423 3437 Domine,
3441 3369 3578 3436 quia

1877 3471 2064 3544 pulvis
2105 3485 2323 3528 sumus.
2354 3471 2410 3522 et
2437 3467 2508 3521 de
2555 3467 2788 3536 pulvere
2828 3463 3011 3518 fecisti
3055 3461 3351 3516 hominem
3401 3460 3569 3528 (Psal.

1879 3578 1970 3624 cxx,
2005 3562 2097 3624 14;
2142 3563 2193 3612 et
2238 3558 2368 3612 Gen.
2400 3573 2481 3624 ιιι,
2518 3555 2622 3622 l9),
2667 3558 2722 3607 et
2768 3552 3037 3623 perierat,
3079 3554 3135 3604 et
3177 3549 3445 3604 inventus
3493 3552 3579 3600 est

1881 3650 2031 3721 (Luc.
2074 3665 2164 3715 xv,
2195 3647 2281 3710 24,
2315 3644 2424 3714 32).
2472 3645 2583 3697 Nec
2629 3642 2724 3696 ille
2771 3640 2828 3694 in
2877 3657 2935 3693 se
2982 3638 3193 3709 potuit,
3243 3637 3378 3708 quia
3423 3635 3576 3690 idem

1879 3737 2062 3808 pulvis
2090 3734 2220 3801 fuit,
2255 3748 2428 3805 quem
2464 3731 2600 3785 talia
2639 3729 2922 3784 dicentem
2964 3727 3158 3780 afﬂatu
3187 3729 3301 3779 tua:
3332 3722 3576 3794 inspira-

1879 3824 2051 3882 tionis
2098 3822 2390 3878 adamavi:
2443 3822 2637 3876 Omnia
2671 3833 2912 3889 possum,
2957 3815 3164 3885 inquit,
3195 3815 3254 3867 in
3284 3829 3342 3868 eo
3371 3814 3468 3881 qui
3496 3827 3578 3864 me

1879 3917 2169 3981 con/artat.
2203 3911 2468 3966 Conforta
2498 3924 2610 3974 me,
2641 3913 2706 3961 ut
2734 3905 2966 3977 possim.
3002 3905 3081 3957 Da
3118 3902 3276 3973 quod
3297 3901 3487 3971 jubes,
3521 3904 3578 3954 et

1874 4005 2012 4076 jube
2042 4001 2195 4073 quod
2223 3999 2324 4053 vis.
2370 3999 2479 4052 Iste
2521 4013 2579 4050 se
2621 3994 2898 4066 accepisse
2947 3992 3273 4056 conﬁtetur,
3320 3995 3378 4045 et
3421 3988 3575 4060 quod

1880 4091 2178 4163 gloriatur,
2202 4087 2263 4142 in
2286 4085 2528 4141 Domino
2563 4083 2842 4156 gloriatur
2868 4083 2885 4116 ¹
2906 4084 2947 4150 (Ι
2977 4082 3096 4137 Cor.
3132 4098 3168 4147 ι,
3205 4081 3292 4144 30,
3326 4078 3432 4146 31).
3461 4079 3576 4131 Au-

1882 4179 1998 4236 divi
2029 4178 2206 4232 alium
2237 4179 2537 4247 rogantem
2575 4177 2634 4227 ut
2661 4171 2933 4242 accipiat:
2969 4170 3147 4236 Aufer
3170 4184 3204 4221 a
3233 4183 3334 4234 me,
3365 4164 3574 4237 inquit,

1881 4268 2338 4338 concupiscentias
2367 4265 2575 4320 ventris
2616 4261 2804 4333 (Eccli.
2836 4275 2994 4325 xxxix,
3026 4261 3100 4328 6).
3133 4256 3289 4312 Unde
3319 4258 3576 4326 apparet,

1884 4361 2074 4412 sancte
2117 4357 2264 4410 Deus
2311 4369 2493 4416 meus,
2542 4355 2596 4406 te
2647 4351 2803 4416 dare,
2853 4364 2984 4403 cum
3029 4347 3095 4401 fit
3137 4344 3288 4417 quod
3333 4343 3581 4415 imperas

1883 4445 2026 4502 ﬁeri.

1955 4538 2044 4590 46.
2070 4533 2317 4589 Docuisti
2347 4547 2459 4597 me,
2493 4533 2659 4586 Pater
2680 4528 2850 4593 bone,
2876 4524 3070 4583 Omnia
3098 4523 3302 4578 munda
3330 4521 3578 4590 mundis;

1884 4625 1978 4680 sed
2007 4625 2212 4678 malum
2245 4637 2364 4675 esse
2411 4620 2616 4675 homini
2643 4619 2740 4686 qui
2773 4633 2869 4686 per
2907 4615 3246 4683 offensionem
3288 4611 3584 4665 manducat

1883 4714 2058 4786 (Rom.
2109 4728 2219 4778 xxv,
2269 4710 2392 4779 20);
2431 4713 2489 4763 et
2530 4722 2762 4762 omnem
2806 4707 3123 4757 creaturam
3172 4705 3331 4754 tuam
3371 4699 3582 4752 bonam

1884 4818 2025 4867 esse,
2057 4802 2303 4868 nihilque
2332 4797 2698 4867 abjiciendum
2727 4793 2871 4863 quod
2895 4807 3012 4846 cum
3038 4791 3351 4861 gratiarum
3377 4791 3584 4843 actione

1883 4891 2187 4960 percipitur
2226 4889 2265 4954 (Ι
2313 4888 2452 4941 Tim.
2494 4902 2568 4950 xv,
2593 4885 2681 4952 4);
2713 4887 2769 4936 et
2811 4880 2946 4952 quia
2993 4895 3113 4934 esca
3155 4894 3250 4933 nos
3291 4895 3396 4932 non
3442 4893 3582 4932 com-

1880 4978 2100 5033 mendat
2137 4979 2241 5031 Deo
2283 4976 2324 5043 (Ι
2362 4976 2480 5030 Cor.
2523 4989 2642 5040 vxxx,
2674 4974 2748 5038 8).
2785 4975 2842 5024 et
2869 4973 2935 5023 ut
2966 4983 3116 5022 nemo
3153 4983 3248 5023 nos
3271 4967 3484 5036 judicet
3517 4968 3575 5018 in

1885 5069 2000 5123 cibo
2019 5068 2188 5121 autin
2215 5069 2346 5134 potu
2369 5063 2596 5132 (Coloss.
2621 5077 2680 5122 xx,
2709 5060 2821 5126 16);
2854 5063 2910 5112 et
2932 5063 2995 5112 ut
3020 5061 3117 5128 qui
3144 5056 3438 5110 manducat
3474 5069 3580 5106 non

1885 5156 2298 5212 manducantem
2322 5167 2428 5207 non
2455 5153 2705 5222 spernat;
2738 5153 2787 5202 et
2818 5150 2915 5217 qui
2941 5164 3049 5202 non
3076 5147 3387 5210 manducat,
3426 5156 3580 5194 man-

1886 5247 2170 5300 ducantem
2202 5258 2308 5296 non
2348 5240 2553 5312 judicet
2594 5241 2766 5308 (Rom.
2803 5253 2916 5303 xxv,
2955 5238 3025 5304 3).
3058 5233 3237 5290 Didici
3267 5232 3415 5296 haec;
3448 5243 3577 5298 gra-

1890 5334 1997 5388 tias
2017 5331 2142 5394 tibi,
2176 5331 2376 5386 laudes
2404 5329 2511 5384 tibi
2534 5329 2648 5383 Deo
2668 5343 2822 5392 meo,
2848 5325 3116 5396 magistro
3139 5336 3288 5384 meo,
3307 5314 3581 5388 pulsatori

1891 5421 2117 5478 aurium
2146 5436 2430 5487 mearum,
2464 5416 2796 5473 illustratori
2816 5413 3001 5469 cordis
3029 5409 3142 5465 mei
3166 5423 3181 5461 :
3210 5407 3366 5475 eripe
3398 5420 3488 5458 me
3510 5403 3581 5457 ab

1952 5525 2228 5640 :ugthquuotd
2247 5527 2550 5639 Igloriatur.
2580 5526 2632 5574 in
2671 5523 2889 5572 Domino
2915 5515 3203 5579 glorietur,
3218 5510 3374 5574 juxta
3397 5513 3424 5558 5
3446 5509 3574 5560 Mss.

1893 5591 2034 5656 apud
2066 5591 2217 5640 Mart.
2247 5591 2316 5640 Μ.
