4058 6346
439 333 544 382 799

440 448 601 503 omni
616 447 949 502 tentatione.
975 448 1102 500 Non
1120 461 1226 516 ego
1244 444 1669 500 immunditiam
1692 444 1915 498 obsonii
1935 444 2132 511 timeo,

440 538 538 592 sed
564 535 994 591 immunditiam
1033 534 1378 605 cupiditatis.
1419 533 1543 588 Scio
1592 535 1706 587 Noe
1745 549 1914 586 omne
1953 534 2137 587 carnis

441 641 623 695 genus
670 624 825 696 quod
873 623 998 678 cibo
1045 629 1192 677 esset
1234 623 1362 676 usui
1413 622 1755 676 manducare
1795 622 2136 691 permissum

444 715 593 783 (Gen.
616 729 688 782 1x,
710 715 739 764 ‘2
753 755 766 780 ,
791 713 873 782 3);
905 712 1082 766 Eliam
1099 712 1225 766 cibo
1243 712 1430 765 carnis
1450 712 1722 765 refectum
1742 711 1838 782 (Ill
1858 715 1985 778 Reg.
2005 728 2135 777 xvu,

445 804 532 870 6);
564 805 843 857 Joannem
875 802 1123 856 mirabili
1151 802 1498 856 abstinentia
1525 801 1850 870 praeditum,
1883 801 2139 855 animali-

445 891 573 950 bus.
606 891 714 944 hoc
741 895 825 944 est
855 891 1101 955 locustis,
1132 890 1190 944 in
1218 906 1404 943 escam
1442 889 1771 944 cedentibus
1814 890 2022 957 (Matth.
2053 906 2134 955 Ill,

442 981 499 1048 4)
531 995 648 1032 non
677 979 851 1032 fuisse
874 978 1181 1048 pollutum.
1218 979 1281 1031 Et
1310 977 1426 1031 scio
1459 979 1600 1031 Esau
1623 977 1906 1030 lenticulas
1929 993 2137 1031 concu-

437 1066 717 1138 piscentia
757 1068 1058 1137 deceptum
1102 1066 1250 1135 (Gen.
1279 1082 1404 1131 xxv,
1446 1067 1570 1134 34);
1603 1069 1659 1119 et
1698 1065 1866 1118 David
1905 1071 2140 1136 propter

438 1173 603 1227 aqua:
625 1155 976 1210 desiderium
1005 1170 1038 1207 a
1067 1155 1252 1224 seipso
1287 1155 1694 1225 reprehensum
1726 1155 1792 1223 (ll
1824 1157 1950 1220 Reg.
1984 1171 2137 1221 xxm,

442 1246 658 1311 lii-l7);
693 1247 748 1296 et
782 1244 993 1314 Regem
1017 1248 1279 1296 nostrum
1303 1259 1419 1296 non
1442 1243 1511 1296 de
1539 1259 1725 1305 carne,
1762 1242 1858 1296 sed
1890 1242 1958 1296 de
1993 1259 2140 1313 pane

439 1348 560 1385 esse
586 1335 874 1385 tentatum
914 1333 1130 1398 (Matth.
1178 1348 1248 1395 ιν,
1289 1332 1364 1400 3).
1411 1332 1655 1402 Ideoque
1700 1335 1756 1384 et
1793 1332 2041 1401 populus
2080 1332 2141 1385 in

440 1436 657 1489 eremo,
694 1437 811 1473 non
859 1419 995 1490 quia
1046 1435 1241 1472 carnes
1291 1419 1647 1488 desideravit,
1693 1419 1789 1472 sed
1820 1418 1955 1488 quia
1997 1433 2139 1471 escae

436 1508 720 1562 desiderio
752 1509 1018 1562 adversus
1047 1509 1351 1561 Dominum
1377 1507 1771 1573 murmuravit,
1802 1506 2010 1561 meruit
2035 1505 2136 1560 im-

438 1595 672 1665 probari
707 1597 884 1663 (Num.
917 1596 1011 1662 xi).

509 1685 596 1736 47.
622 1684 685 1736 In
729 1683 817 1736 his
861 1699 996 1753 ergo
1047 1683 1460 1737 tentationibus
1504 1682 1741 1753 positus,
1790 1686 1944 1736 certo
1990 1697 2139 1753 quo-

436 1771 577 1825 tidie
591 1771 862 1825 adversus
874 1771 1394 1841 concupiscentiam
1410 1771 1792 1825 manducandi
1809 1775 1863 1824 et
1874 1771 2138 1826 bibendi:

435 1877 553 1914 non
592 1860 749 1914 enim
790 1865 876 1914 est
909 1862 1062 1932 quod
1104 1861 1277 1914 semel
1309 1861 1617 1930 praecidere
1649 1867 1704 1915 et
1743 1861 1981 1915 ulterius
2023 1877 2137 1914 non

437 1949 718 2020 attingere
752 1950 1075 2015 decernam,
1109 1949 1254 2003 sicut
1284 1950 1352 2004 de
1382 1950 1685 2004 concubitu
1718 1950 1898 2020 potui.
1935 1951 2129 2020 Itaque

434 2038 581 2092 freni
610 2039 857 2108 gutturis
889 2044 1205 2110 temperata
1243 2039 1591 2092 relaxatione
1635 2043 1690 2093 et
1729 2039 2129 2093 constrictione

434 2126 670 2180 tenendi
699 2130 851 2180 sunt.
890 2128 952 2180 Et
991 2127 1118 2198 quis
1157 2132 1260 2192 est,
1298 2126 1555 2192 Domine,
1601 2127 1700 2196 qui
1729 2144 1845 2180 non
1884 2127 2142 2198 rapiatur

437 2214 858 2285 aliquantulum
894 2220 1050 2268 extra
1091 2220 1272 2268 metas
1314 2215 1700 2268 necessitatis?
1726 2215 1990 2286 Quisquis
2021 2220 2122 2282 est,

440 2318 686 2373 magnus
717 2306 835 2369 est;
863 2303 1194 2373 magnificet
1218 2320 1426 2357 nomen
1449 2308 1632 2358 tuum.
1658 2305 1771 2374 Ego
1801 2309 1990 2358 autem
2023 2319 2139 2358 non

439 2405 589 2457 sum,
620 2390 757 2460 quia
783 2395 1046 2460 peccator
1077 2392 1248 2444 homo
1278 2407 1426 2445 sum.
1458 2391 1564 2446 Sed
1605 2398 1664 2445 et
1693 2408 1797 2462 ego
1826 2391 2132 2462 magniﬁco

438 2494 650 2531 nomen
702 2483 896 2545 tuum;
951 2484 1005 2532 et
1053 2479 1380 2551 interpellat
1436 2484 1490 2534 te
1547 2497 1650 2550 pro
1706 2481 1949 2550 peccatis
1997 2479 2138 2534 meis

439 2567 614 2636 (Rom.
661 2583 774 2632 vm,
826 2569 932 2635 34),
975 2567 1073 2638 qui
1119 2568 1250 2622 vicit
1293 2569 1563 2622 saeculum
1613 2569 1797 2639 (Joan.
1849 2586 1960 2638 xvr,
2021 2569 2132 2640 33),

444 2669 752 2707 numerans
774 2670 865 2708 me
881 2655 1032 2709 inter
1049 2654 1280 2709 inﬁrma
1309 2657 1567 2711 membra
1595 2657 1846 2728 corporis
1869 2658 1976 2724 sui,
2001 2658 2138 2728 quia

439 2746 498 2796 et
526 2741 926 2811 imperfectum
976 2744 1425 2812 ejus‘viderunt
1469 2746 1617 2799 oculi
1665 2746 1768 2815 tui,
1822 2751 1878 2801 et
1905 2746 1965 2800 in
1990 2746 2135 2801 libro

440 2833 541 2884 tuo
573 2845 770 2884 omnes
800 2831 1116 2886 scribentur
1146 2832 1311 2902 (Psat.
1336 2851 1592 2902 cxxxvm,
1629 2837 1740 2905 16).

1054 2920 1277 2974 CAPUT
1313 2922 1516 2975 XXXlI.

796 3010 862 3062 Ut
893 3023 948 3062 se
977 3011 1120 3076 gerit
1147 3009 1221 3062 ad
1249 3010 1472 3064 odorum
1501 3012 1777 3066 illecebras

510 3099 598 3151 48.
653 3098 730 3151 De
774 3096 1040 3150 illecebra
1088 3098 1329 3152 odorum
1379 3116 1494 3153 non
1536 3107 1732 3171 satago
1763 3100 1955 3155 nimis.
1993 3103 2133 3156 Cum

437 3186 661 3250 absunt,
695 3201 814 3238 non
846 3185 1107 3256 requiro;
1141 3203 1270 3240 cum
1300 3187 1524 3253 adsunt,
1557 3205 1669 3241 non
1693 3204 1920 3258 respuo,
1959 3205 2132 3258 para-

439 3278 532 3326 tus
557 3273 731 3327 etiam
761 3272 840 3326 eis
861 3290 1086 3344 semper
1113 3292 1322 3329 carere.
1349 3277 1430 3329 Ita
1453 3276 1596 3330 mihi
1626 3276 1820 3329 videor
1842 3293 1856 3342 ;
1891 3277 2128 3330 fortasse

436 3362 620 3416 fallor.
653 3363 796 3416 Sunt
823 3363 974 3416 enim
1005 3368 1060 3418 et
1089 3363 1212 3417 istae
1243 3365 1584 3434 plangendus
1612 3365 1881 3429 tenebrae,
1911 3364 1971 3417 in
2003 3364 2132 3434 qui-

436 3450 542 3504 bus
564 3466 655 3504 me
686 3451 823 3504 latet
850 3452 1085 3506 facultas
1120 3469 1248 3507 mea
1281 3470 1410 3524 qum
1451 3453 1510 3506 in
1541 3469 1631 3506 me
1661 3457 1780 3506 est:
1815 3457 1878 3505 ut
1905 3453 2134 3506 animus

437 3555 600 3592 meus
629 3539 697 3592 de
723 3539 938 3593 viribus
969 3541 1083 3594 suis
1105 3540 1224 3611 ipse
1247 3558 1305 3594 se
1328 3542 1683 3611 interrogans
1703 3556 1820 3594 non
1840 3540 2002 3594 facile
2025 3541 2133 3594 sibi

439 3627 786 3682 credendum
813 3629 1119 3696 existimet;
1155 3629 1286 3700 quia
1316 3634 1372 3682 et
1402 3628 1556 3699 quod
1585 3629 1756 3696 inest,
1793 3630 2130 3701 plerumque

437 3717 716 3771 occultum
750 3722 854 3784 est,
887 3718 996 3771 nisi
1027 3717 1380 3788 experientia
1418 3717 1830 3772 manifestetur.
1867 3720 1933 3773 Et
1960 3735 2130 3773 nemo

436 3821 666 3860 securus
692 3822 812 3860 esse
839 3807 1008 3861 debet
1036 3807 1095 3860 in
1130 3806 1238 3859 ista
1264 3805 1400 3871 vita,
1431 3822 1559 3877 qua:
1591 3810 1709 3860 tota
1745 3807 1986 3861 tentatio
2027 3824 2130 3861 no-

436 3893 689 3947 minatur
719 3894 856 3961 (Job.
884 3909 982 3958 vn,
1018 3893 1095 3959 l),
1133 3895 1327 3945 utrum
1368 3892 1467 3963 qui
1498 3891 1623 3946 fieri
1652 3893 1838 3962 potuit
1875 3909 1943 3947 ex
1975 3894 2131 3948 dete-

436 3981 586 4036 riore
616 3982 839 4049 melior,
873 3998 986 4035 non
1018 3981 1118 4034 ﬁat
1145 3981 1317 4034 etiam
1348 3998 1411 4036 ex
1446 3982 1679 4036 meliore
1711 3982 1978 4038 deterior.
2012 3985 2132 4037 Una

439 4087 587 4140 spes,
610 4086 725 4124 una
760 4069 990 4136 fiducia,
1017 4085 1134 4124 una
1170 4068 1334 4122 firma
1379 4069 1706 4140 promissio,
1740 4071 2134 4127 misericordia

437 4163 556 4213 ω’
1039 4228 1262 4283 CAPUT
1299 4229 1527 4284 XXXIII.

787 4319 856 4371 Ut
873 4332 928 4371 se
955 4319 1098 4384 gerit
1125 4317 1199 4371 ad
1222 4318 1522 4387 voluptates
1547 4323 1782 4373 aurium.

508 4407 598 4459 49.
631 4404 961 4474 Voluptates
985 4405 1213 4458 aurium
1244 4405 1497 4459 tenacius
1516 4421 1607 4460 me
1629 4405 2058 4477 implicaverant
2079 4414 2133 4463 et

440 4492 913 4564 subjugaverant;
960 4493 1055 4548 sed
1102 4493 1400 4560 resolvisti,
1444 4498 1500 4548 et
1546 4494 1795 4548 liberasti
1825 4511 1938 4549 me.
1973 4497 2132 4551 Nunc

442 4580 503 4634 in
532 4581 683 4635 sonis
715 4597 860 4653 quos
887 4582 1146 4636 animant
1175 4583 1401 4654 eloquia
1427 4588 1548 4648 tua,
1575 4599 1705 4638 cum
1733 4583 1889 4637 suavi
1918 4589 1974 4638 et
2002 4586 2134 4640 arti-

443 4669 637 4724 ficiosa
654 4687 789 4724 voce
810 4676 1132 4739 cantantur,
1146 4672 1346 4735 fateor,
1363 4672 1782 4744 aliquantulum
1804 4673 2128 4744 acquiesco;

440 4775 560 4812 non
607 4759 841 4830 quidem
869 4766 934 4814 ut
980 4761 1251 4827 haeream,
1299 4760 1397 4815 sed
1443 4765 1505 4815 ut
1552 4777 1782 4831 surgam
1826 4778 1956 4817 cum
1982 4765 2128 4818 volo.

441 4850 706 4903 Attamen
734 4865 864 4902 cum
890 4849 1026 4920 ipsis
1045 4849 1341 4904 sententiis
1372 4849 1580 4920 quibus
1602 4851 1817 4918 vivunt,
1840 4857 1906 4906 ut
1931 4853 2135 4907 admit-

440 4941 636 4990 tantur
665 4938 732 4992 ad
763 4954 875 5005 me,
921 4943 1188 5009 quaerunt
1224 4939 1283 4992 in
1313 4939 1480 4994 corde
1511 4955 1638 4993 meo
1675 4940 2009 4995 nonnullius
2047 4941 2132 4996 di-

441 5025 676 5097 gnitatis
705 5025 916 5092 locum,
952 5034 1008 5081 et
1036 5027 1126 5081 vix
1157 5027 1238 5080 eis
1280 5028 1510 5097 praebeo
1548 5034 1981 5099 congruentem.
2007 5029 2131 5083 Ali-

441 5115 670 5186 quando
717 5115 869 5168 enim
900 5116 1030 5185 plus
1077 5116 1220 5170 mihi
1249 5116 1445 5170 videor
1482 5117 1716 5171 honoris
1755 5117 1837 5171 eis
1884 5117 2134 5172 tribuere

440 5220 613 5275 quam
640 5204 819 5270 decet,
853 5204 990 5258 dum
1020 5203 1158 5274 ipsis
1187 5204 1393 5258 sanctis
1427 5204 1587 5258 dictis
1615 5205 1934 5276 religiosius
1961 5211 2017 5260 et
2043 5223 2133 5260 ar-

441 5293 668 5348 dentius
713 5292 895 5348 sentio
946 5293 1165 5347 moveri
1210 5293 1432 5348 animos
1479 5297 1705 5348 nostros
1745 5293 1806 5348 in
1842 5295 2134 5350 ﬂammam

505 5403 518 5436 ³
550 5399 676 5449 Bad.
702 5400 823 5449 Am.
859 5401 943 5449 Er.
983 5404 1036 5449 et
1063 5401 1208 5453 Lov..
1249 5401 1619 5462 Imperfectum
1645 5413 1827 5462 meum
1845 5417 1858 5461 ;
1879 5401 1970 5450 sed
1999 5403 2124 5450 Mss.

439 5476 560 5510 cum
581 5462 726 5527 Arn..
749 5462 1127 5527 imperfectum
1144 5463 1292 5524 ejus;
1320 5461 1515 5512 Scilicet
1534 5461 1743 5527 Christi,
1766 5477 1830 5512 ex
1849 5463 2000 5522 cujus
2023 5477 2135 5527 per-

439 5537 572 5589 sona
597 5525 927 5589 versiculum
943 5525 1104 5573 istum
1137 5529 1512 5589 interpretatur
1526 5525 1871 5589 Augustinus,
1894 5525 2131 5576 Enarrat.

441 5586 494 5638 in
519 5585 707 5647 psalm.
730 5589 840 5641 t38.
870 5601 923 5635 n.
956 5590 1034 5636 23.

1645 324 2185 381 CONFESSIONUM
2235 325 2294 378 ὃ.
2338 321 2748 379 AUGUSTINI.

3844 320 3956 371 800

2249 444 2501 515 pietatis,
2522 457 2652 497 cum
2683 441 2764 496 ita
2795 443 3118 508 cantantur,
3140 454 3313 510 quam
3333 438 3381 492 si
3405 455 3520 492 non
3544 438 3622 492 ita
3636 442 3954 493 cantaren-

2245 538 2370 600 tur;
2405 537 2460 587 et
2491 548 2692 587 omnes
2715 531 2950 584 affectus
2987 529 3221 600 spiritus
3261 527 3441 582 nostri
3473 545 3573 599 pro
3603 527 3692 581 sui
3715 526 3733 560 ί
3762 527 3953 582 diver-

2246 622 2408 676 sitate
2453 621 2662 675 habere
2703 619 2966 690 proprios
3012 617 3212 671 modos
3260 617 3320 670 in
3367 633 3504 670 voce
3547 620 3716 686 atque
3752 621 3949 681 cantu,

2246 726 2493 780 quorum
2538 707 2727 762 nescio
2759 723 2874 778 qua
2901 707 3120 760 occulta
3166 705 3551 760 familiaritate
3601 705 3946 758 excitentur.

2246 799 2353 854 Sed
2392 797 2689 853 delectatio
2720 795 2907 850 carnis
2937 811 3098 860 mere,
3135 795 3226 848 cui
3258 799 3509 847 mentem
3559 795 3950 848 enervandam

2248 905 2365 942 non
2394 893 2618 960 oportet
2645 887 2788 952 dari,
2819 903 2970 957 saaqe
3009 902 3100 940 me
3131 884 3293 950 fallit,
3327 885 3464 938 dum
3497 884 3781 936 rationem
3817 899 3949 936 sen-

2246 993 2339 1030 sus
2367 993 2484 1030 non
2514 977 2594 1030 ita
2633 975 2935 1030 comitatur
2962 980 3023 1028 ut
3063 973 3346 1044 patienter
3372 973 3444 1026 sit
3485 972 3806 1042 posterior;
3851 971 3952 1024 sed

2246 1069 2468 1119 tantum
2495 1065 2628 1137 quia
2658 1068 2891 1134 propter
2921 1063 3076 1117 illam
3102 1062 3311 1115 meruit
3335 1061 3580 1128 admitti,
3599 1061 3774 1114 etiam
3807 1076 3956 1130 pra:—

2247 1170 2474 1209 currere
2504 1171 2567 1208 ac
2593 1155 2799 1208 ducere
2834 1158 3092 1206 conatur.
3128 1154 3210 1205 lta
3240 1150 3297 1204 iu
3330 1150 3416 1203 his
3455 1166 3626 1220 pecco
3663 1166 3784 1204 non
3815 1165 3952 1202 sen-

2245 1244 2412 1310 tiens,
2442 1244 2540 1296 sed
2563 1246 2758 1313 postea
2785 1241 2984 1295 sentio.

2319 1334 2406 1385 50.
2443 1330 2763 1401 Aliquando
2806 1334 2998 1383 autem
3029 1328 3175 1382 hanc
3205 1328 3388 1398 ipsam
3419 1327 3698 1382 fallaciam
3737 1325 3951 1380 immo-

2247 1420 2495 1476 deratius
2522 1435 2742 1484 cavens,
2771 1434 2896 1472 erro
2924 1417 3104 1471 nimia
3151 1415 3480 1471 severitate:
3513 1416 3609 1469 sed
3653 1415 3817 1468 valde
3869 1414 3953 1467 iu-

2249 1510 2496 1570 terdum,
2525 1513 2588 1562 ut
2608 1510 2786 1562 melos
2807 1524 2977 1562 omne
3007 1507 3421 1560 cantilenarum
3449 1504 3712 1557 suavium
3735 1503 3952 1573 quibus

2251 1598 2579 1653 Davidicum
2610 1595 2947 1651 Psalterium
2988 1596 3401 1666 frequentatur,
3435 1594 3506 1646 ab
3536 1593 3774 1645 auribus
3807 1591 3953 1645 meis

2250 1689 2528 1743 removeri
2594 1688 2786 1754 velim,
2842 1691 3011 1757 atque
3078 1685 3257 1755 ipsius
3312 1683 3602 1748 Ecclesiae;
3649 1683 3952 1752 tutiusque

2250 1777 2394 1831 mihi
2415 1777 2636 1830 videtur
2657 1774 2810 1846 quod
2839 1776 2906 1828 de
2925 1773 3309 1828 Alexandrino
3340 1772 3605 1842 episeopo
3629 1771 3951 1825 Athanasio

2252 1883 2401 1936 saepe
2429 1865 2570 1919 mihi
2600 1865 2813 1918 dictum
2844 1861 3234 1928 commemini,
3267 1861 3366 1932 qui
3398 1865 3513 1914 tam
3546 1859 3766 1913 modico
3798 1862 3951 1912 tlexu

2249 1955 2399 2008 vocis
2429 1954 2668 2007 faciebat
2699 1968 2898 2006 sonare
2929 1952 3202 2004 lectorem
3225 1949 3447 2018 psalmi,
3467 1953 3529 2001 ut
3550 1947 3955 2017 pronuntianti

2249 2042 2491 2097 vicinior
2520 2046 2666 2096 esset
2713 2057 2886 2112 quam
2915 2039 3159 2093 canenti.
3203 2039 3630 2104 Verumtamen,
3681 2053 3814 2090 cum
3859 2053 3955 2089 re-

2249 2131 2520 2185 miniscor
2556 2131 2831 2199 lacrymas
2871 2144 3044 2192 meas,
3091 2143 3229 2198 quas
3266 2125 3391 2179 fudi
3432 2125 3498 2178 ad
3531 2129 3731 2177 cantus
3763 2123 3953 2176 Eccle-

2250 2220 2347 2273 siae
2378 2223 2490 2272 tum
2520 2219 2578 2271 in
2602 2217 2929 2289 primordiis
2957 2220 3308 2286 recuperatae
3340 2214 3472 2267 tidei
3511 2230 3676 2280 meae,
3708 2217 3766 2265 et
3794 2228 3954 2265 nunc

2249 2308 2372 2378 ipso
2403 2308 2557 2378 quod
2585 2323 2814 2361 moveor
2835 2309 2876 2375 ²,
2908 2321 3027 2358 non
3069 2309 3258 2367 cantu,
3304 2303 3404 2355 sed
3433 2302 3603 2354 rebus
3648 2316 3777 2371 qua:
3809 2316 3951 2353 ean-

2247 2399 2460 2462 tantur,
2485 2411 2615 2449 cum
2657 2394 2878 2465 liquida
2901 2409 3035 2447 voce
3063 2396 3118 2445 et
3159 2388 3699 2445 convenientissima
3738 2388 3950 2441 modu-

2245 2484 2459 2537 latione
2489 2487 2808 2547 cantantur,
2859 2496 3128 2551 magnam
3158 2477 3404 2532 instituti
3433 2477 3604 2546 hujus
3633 2476 3946 2530 utilitatem

2245 2588 2441 2626 rursus
2470 2587 2737 2642 agnoseo.
2761 2571 2845 2622 Ita
2873 2569 3086 2621 fluctuo
3112 2567 3263 2620 inter
3294 2565 3613 2636 periculum
3633 2563 3945 2634 voluptatis

2245 2664 2301 2714 et
2329 2658 2782 2729 experimentum
2800 2654 3177 2721 salubritatis;
3201 2653 3499 2723 magisque
3532 2652 3794 2718 adducor,
3829 2667 3950 2706 non

2245 2748 2478 2818 quidem
2492 2745 2962 2801 irretractabilem
2985 2741 3324 2797 sententiam
3343 2742 3658 2811 proferens,
3676 2741 3950 2795 cantandi

2243 2835 2714 2890 consuetudinem
2742 2833 3062 2904 approbare
3091 2831 3150 2885 in
3184 2830 3452 2897 Ecclesia;
3486 2836 3550 2884 ut
3575 2846 3678 2900 per
3701 2830 3951 2884 oblecta-

2245 2930 2440 2979 menta
2477 2924 2707 2978 aurium
2746 2921 3028 2977 infirmior
3071 2918 3296 2973 animus
3335 2919 3392 2972 in
3420 2919 3686 2973 affectum
3715 2918 3946 2989 pietatis

2243 3018 2519 3085 assurgat.
2569 3015 2800 3077 Tamen,
2853 3026 2985 3065 cum
3024 3008 3168 3062 mihi
3204 3007 3406 3062 accidit
3455 3012 3518 3060 ut
3556 3023 3649 3061 me
3695 3007 3948 3078 amplius

2241 3107 2459 3169 cantus,
2507 3119 2681 3173 quam
2727 3117 2818 3155 res
2861 3115 2991 3171 quae
3040 3098 3284 3162 canitur,
3333 3101 3588 3162 moveat;
3641 3097 3951 3166 pmnaliter

2245 3209 2333 3245 me
2380 3208 2611 3262 peccare
2665 3190 2963 3254 confiteor,
3016 3191 3072 3241 et
3117 3191 3255 3240 tunc
3296 3186 3527 3238 mallem
3575 3201 3690 3238 non
3742 3185 3949 3238 audire

2243 3286 2589 3334 cantantem.
2627 3281 2766 3333 Ecce
2804 3278 2904 3331 ubi
2951 3291 3116 3329 sum:
3158 3276 3288 3328 flete
3331 3289 3576 3339 mecum,
3630 3277 3686 3326 et
3709 3289 3817 3342 pro
3851 3290 3950 3328 me

2242 3368 2393 3433 ﬂete,
2418 3364 2518 3436 qui
2539 3364 2755 3435 aliquid
2780 3362 2918 3417 boni
2943 3352 3240 3416 vobiscum
3262 3360 3416 3415 intus
3435 3359 3602 3430 agitis
3627 3359 3774 3412 unde
3797 3360 3951 3414 facta

2240 3455 2581 3526 procedunt.
2606 3453 2747 3506 Nam
2778 3450 2876 3523 qui
2898 3467 3013 3504 non
3039 3450 3227 3522 agitis,
3256 3466 3376 3504 non
3403 3465 3499 3502 vos
3529 3449 3647 3502 haec
3679 3454 3942 3502 movent.

2239 3545 2322 3598 Tu
2367 3546 2579 3606 autem,
2636 3539 2875 3594 Domine
2915 3540 3062 3593 Deus
3111 3555 3294 3604 meus,
3339 3537 3582 3602 exaudi;
3613 3536 3852 3608 respice,
3887 3543 3949 3592 et

2239 3632 2364 3686 vide
2387 3636 2428 3697 ³,
2460 3635 2516 3684 et
2551 3629 2840 3694 miserere,
2882 3632 2939 3682 et
2969 3644 3106 3681 sana
3135 3644 3246 3694 me,
3276 3627 3338 3680 in
3379 3626 3541 3696 cujus
3581 3625 3758 3679 oculis
3796 3625 3944 3680 mihi

2241 3719 2482 3791 quaestio
2512 3719 2690 3774 factus
2721 3733 2868 3783 sum,
2892 3721 2950 3772 et
2976 3717 3098 3787 ipse
3129 3721 3212 3771 est
3240 3717 3482 3785 languor
3509 3730 3692 3769 meus.

2862 3806 3086 3862 CAPUT
3125 3805 3326 3859 XXXIV

2563 3899 2629 3951 Ut
2657 3911 2711 3950 se
2739 3897 2881 3963 gerit
2909 3895 2982 3949 ad
3011 3896 3282 3948 oculorum
3312 3892 3610 3947 illecebras.

2311 3989 2398 4040 51.
2431 3987 2628 4040 Restat
2651 3986 2912 4055 voluptas
2945 3983 3239 4038 oculorum
3285 3981 3526 4035 istorum
3556 3981 3741 4035 carnis
3771 3996 3940 4048 meae,

2241 4076 2313 4130 de
2343 4092 2459 4147 qua
2487 4076 2690 4146 loquar
2711 4078 2732 4110 ι
2757 4073 3138 4128 confessiones
3165 4087 3305 4142 quas
3333 4070 3571 4124 audiant
3601 4085 3763 4122 aures
3792 4073 3947 4123 tem-

2239 4164 2323 4235 pli
2360 4163 2465 4232 tui,
2509 4179 2675 4218 aures
2717 4163 2982 4216 fraterna
3013 4177 3078 4215 ac
3118 4160 3250 4232 piae,
3289 4163 3352 4212 ut
3383 4159 3786 4212 concludamus
3813 4162 3948 4213 ten-

2239 4253 2482 4307 tationes
2525 4250 2995 4322 concupiscentiae
3041 4249 3249 4316 carnis,
3299 4264 3428 4318 quae
3463 4263 3556 4301 me
3595 4247 3778 4301 adhuc
3802 4249 3944 4318 pul-

2241 4347 2367 4396 sant
2391 4341 2882 4411 ingemiscentem,
2915 4342 2972 4393 et
3012 4337 3399 4392 habitaculum
3438 4352 3653 4399 meum,
3687 4336 3839 4406 quod
3871 4337 3943 4391 de

2239 4431 2382 4484 caelo
2425 4435 2528 4496 est,
2585 4428 2919 4499 superindui
2965 4426 3293 4497 cupientem
3342 4425 3406 4493 (ΙΙ
3458 4425 3575 4477 Cor.
3606 4439 3659 4488 v,
3689 4427 3769 4493 2).
3804 4427 3943 4479 Pul-

2239 4521 2400 4574 cbras
2448 4520 2656 4573 formas
2699 4522 2756 4571 et
2801 4516 3005 4582 varias,
3055 4514 3264 4569 nitidos
3310 4517 3365 4566 et
3410 4527 3666 4565 ammnos
3719 4513 3941 4569 colores

2239 4615 2433 4664 amant
2453 4609 2623 4664 oculi.
2653 4609 2775 4662 Non
2799 4611 3030 4660 teneant
3049 4606 3171 4659 haec
3193 4603 3444 4657 animam
3476 4616 3666 4654 meam
3692 4618 3705 4654 :
3741 4607 3945 4660 teneat

2241 4715 2368 4752 eam
2396 4701 2544 4753 Deus
2566 4696 2664 4768 qui
2695 4695 2829 4750 fecit
2857 4696 2996 4758 haec,
3025 4694 3177 4747 bona
3201 4689 3432 4762 quidem
3457 4689 3616 4743 valde
3641 4706 3654 4755 ;
3691 4691 3787 4745 sed
3814 4692 3940 4762 ipse

2242 4793 2328 4842 est
2350 4788 2568 4842 bonum
2593 4801 2810 4849 meum,
2828 4800 2942 4838 non
2965 4785 3104 4836 haec.
3131 4782 3196 4834 Et
3214 4783 3460 4849 tangunt
3478 4795 3568 4833 me
3599 4777 3936 4850 vigilantem

2241 4877 2374 4930 totis
2405 4876 2624 4938 diebus,
2657 4891 2762 4928 nec
2789 4871 3015 4943 requies
3053 4869 3123 4923 ab
3149 4869 3229 4923 eis
3257 4869 3424 4923 datur
3458 4867 3625 4934 mihi,
3668 4868 3812 4922 sicut
3835 4869 3939 4923 da-

2240 4971 2336 5020 tur
2381 4983 2414 5019 a
2457 4964 2692 5018 vocibus
2737 4958 2980 5023 canoris,
3028 4957 3336 5029 aliquando
3359 4957 3429 5011 ab
3460 4957 3743 5017 omnibus,
3775 4956 3838 5009 in
3867 4958 3941 5011 si-

2243 5053 2438 5110 lentio.
2479 5052 2606 5123 Ipsa
2634 5049 2789 5104 enim
2815 5047 3014 5116 regina
3036 5048 3296 5101 colorum
3327 5046 3424 5100 lux
3443 5045 3565 5107 ista,
3591 5045 3940 5116 perfundens

2241 5145 2444 5197 cuncta
2471 5157 2599 5211 qua:
2628 5136 2940 5204 cernimus,
2969 5135 3170 5190 ubiubi
3198 5152 3304 5206 per
3337 5134 3488 5190 diem
3516 5136 3695 5201 fuero,
3736 5134 3939 5189 multi-

2243 5230 2413 5285 modo
2447 5230 2664 5299 allapsu
2686 5225 2979 5281 blanditur
3001 5225 3145 5280 mihi
3167 5225 3320 5280 aliud
3345 5224 3557 5294 agenti,
3593 5227 3650 5277 et
3672 5239 3800 5277 eam
3820 5239 3942 5280 non

2306 5339 2625 5394 1Seuerum,
2663 5335 2815 5397 juxta
2849 5347 3019 5397 unum
3057 5333 3150 5382 Ms.
3199 5331 3521 5397 apud__Mart.
3564 5333 3752 5381 Suavi.
3786 5330 3942 5394 juxta

2242 5399 2425 5448 alium.
2462 5403 2588 5455 Sua,
2615 5394 2770 5460 juxta
2794 5396 2961 5460 ltond.
2991 5409 3063 5460 ex
3086 5409 3192 5444 uno
3215 5396 3311 5443 Ms.
3343 5394 3410 5460 Μ.

2303 5465 2324 5497 2
2348 5461 2519 5509 Editio
2536 5458 2737 5516 Moreti,
2760 5459 2897 5516 apud
2920 5458 3109 5514 Rond.,
3132 5462 3184 5507 et
3200 5469 3344 5506 nunc
3370 5459 3480 5516 ipse
3497 5467 3846 5505 commoveor.
3869 5458 3937 5506 Μ.

2303 5474 2324 5497 ²
2351 5474 2519 5509 [δαιιιο
2536 5474 2737 5516 moreu,
2760 5474 2788 5506 tl
2811 5474 2897 5506 )lltl
2920 5474 3109 5514 “000.,
3132 5474 3184 5507 ει
3200 5474 3344 5506 nunc
3370 5474 3480 5516 Ipse
3497 5474 3662 5503 comm

2301 5525 2324 5559 3
2350 5524 2546 5573 Somm.
2570 5526 2621 5572 et
2648 5474 2839 5581 Ronqu
2861 5523 3066 5582 respice
3091 5524 3144 5570 et
3172 5518 3401 5573 exaudi;
3428 5517 3560 5582 vide.
3593 5518 3662 5582 at.

2305 5588 2328 5622 δ
2360 5589 2584 5648 Loquor,
2606 5584 2755 5647 juxta
2777 5580 2972 5634 80mm“.
2997 5587 3050 5633 et
3080 5583 3231 5633 Mart.
3261 5593 3380 5629 cum
3405 5582 3434 5627 6
3463 5580 3586 5628 Mss.
3615 5580 3684 5627 Μ.
