4058 6384
74 306 147 357 sol
1479 292 1691 348 LIBER
1762 290 2097 350 DECIMUS.

74 417 368 477 advertenti.
409 416 673 472 lnsinuat
712 418 906 470 autem
945 431 1005 469 se
1033 414 1114 471 ita
1158 414 1549 483 vehementer,
1589 419 1655 468 nt
1680 413 1728 468 si

74 513 268 582 repente
290 505 675 573 subtrahatur,
712 520 842 560 cum
875 504 1157 559 desiderio
1185 503 1550 576 requiratur:
1582 507 1639 559 et
1677 503 1725 557 si

72 599 147 653 diu
172 596 326 663 absit,
357 593 688 648 contristati
714 592 997 648 animum.

125 690 204 740 5'2.
239 685 279 739 Ο
309 684 400 737 lux
428 698 601 755 quam
630 680 860 736 videbat
887 680 1114 750 Tobias,
1143 696 1271 735 cum
1318 681 1522 736 clausis
1550 680 1728 736 oculis

69 773 170 827 istis
185 771 359 825 ﬁlium
376 770 616 825 docebat
643 769 776 825 vitae
806 769 979 837 viam,
1008 774 1064 824 et
1092 769 1145 823 ei
1175 770 1420 840 prmibat
1437 769 1582 841 pede
1600 770 1729 823 cha-

70 861 221 915 ritatis
242 875 519 930 nusquam
559 874 756 913 errans
803 857 1094 929 (Tob..1v).
1144 860 1258 912 Aut
1287 874 1460 930 quam
1502 857 1731 912 videbat

70 952 196 1005 Isaac
221 948 582 1021 prtegravatis
604 951 669 1002 et
689 946 899 1019 opertis
927 951 1218 1002 senectute
1247 947 1467 1002 carneis
1494 945 1726 1001 lumini-

69 1040 173 1107 bus,
201 1053 320 1092 cum
347 1036 497 1091 ﬁlios
516 1052 633 1091 non
659 1035 1021 1107 agnoscendo
1046 1034 1400 1102 benedicere,
1430 1035 1526 1089 sed
1555 1034 1728 1089 bene-

72 1127 273 1182 dicendo
325 1141 633 1197 agnoscere
698 1123 913 1179 meruit
961 1125 1109 1193 (Gen.
1168 1126 1355 1192 xxvn).
1410 1126 1522 1178 Aut
1555 1138 1729 1193 quam

70 1217 261 1271 videbat
284 1214 469 1281 Jacob,
495 1230 625 1269 cum
677 1218 734 1267 et
762 1213 884 1284 ipse
926 1230 1046 1284 pra1
1092 1213 1298 1284 grandi
1341 1216 1505 1267 aetate
1534 1216 1731 1283 captus

71 1305 233 1371 oculis,
264 1304 319 1357 in
345 1303 479 1358 ﬁliis
505 1302 856 1373 praesignata
888 1302 1066 1356 futuri
1092 1301 1291 1373 populi
1322 1317 1535 1371 genera
1558 1300 1729 1355 lumi-

73 1410 187 1449 noso
215 1392 370 1446 corde
403 1390 670 1458 radiavit;
720 1395 776 1445 et
814 1390 1118 1461 nepotibus
1148 1389 1263 1443 suis
1305 1406 1370 1443 ex
1413 1389 1622 1460 Joseph
1652 1388 1732 1443 di-

73 1498 206 1536 vexas
248 1479 480 1551 mystice
528 1495 754 1546 manus,
807 1495 922 1534 non
962 1479 1109 1533 sicut
1153 1482 1316 1548 pater
1353 1494 1553 1532 eorum
1597 1477 1732 1533 foris

72 1569 368 1640 corrigebat,
401 1568 506 1623 sed
530 1568 673 1622 sicut
701 1567 823 1637 ipse
857 1566 1015 1622 intus
1044 1566 1425 1633 discernebat,
1458 1565 1735 1637 imposuit

73 1660 200 1725 (Gen.
228 1675 405 1725 XLvm,
440 1658 609 1727 xux).
650 1658 779 1727 Ipsa
812 1660 895 1710 est
932 1656 1048 1721 lux,
1098 1671 1214 1709 una
1251 1659 1336 1710 est
1371 1654 1415 1719 ’,
1454 1658 1512 1708 et
1549 1668 1732 1708 unum

72 1761 239 1802 omnes
257 1747 350 1819 qui
369 1745 566 1802 vident
593 1750 649 1800 et
676 1749 873 1799 amant
901 1761 1049 1799 eam.
1083 1746 1159 1798 At
1181 1742 1289 1797 ista
1318 1741 1632 1813 corporalis
1663 1742 1732 1796 de

71 1854 161 1908 qua
187 1836 466 1908 loquebar,
490 1836 818 1890 illecebrosa
832 1850 896 1889 ac
908 1833 1228 1904 periculosa
1257 1830 1559 1887 dulcedine
1589 1846 1729 1884 con-

73 1926 139 1979 dit
171 1925 330 1980 vitam
376 1924 574 1979 saeculi
602 1924 763 1978 caecis
794 1922 1158 1977 amatoribus.
1199 1920 1307 1986 Qui
1338 1924 1528 1975 autem
1564 1923 1620 1973 et
1663 1919 1733 1973 de

72 2015 172 2084 ipsa
203 2013 423 2068 laudare
477 2018 531 2067 te
557 2016 793 2078 norunt,
827 2013 976 2066 Deus
1006 2014 1231 2065 creator
1261 2009 1542 2074 omnium,
1575 2024 1732 2061 assu-

74 2108 211 2156 munt
247 2118 363 2157 eam
393 2102 456 2156 in
484 2102 701 2172 hymno
753 2106 876 2169 tuo,
907 2116 1019 2154 non
1066 2099 1450 2153 absumuntur
1478 2096 1547 2151 ab
1578 2112 1645 2149 ea
1673 2095 1734 2149 in

76 2207 259 2245 sommo
304 2206 442 2247 suo:
496 2190 577 2244 sic
621 2206 740 2244 esse
791 2188 980 2259 cupio.
1036 2186 1258 2242 Resisto
1313 2184 1735 2240 seductionibus

76 2279 351 2345 oculorum,
377 2294 448 2332 ne
469 2277 837 2348 implicentur
857 2276 1033 2347 pedes
1051 2274 1183 2338 mei,
1213 2274 1419 2346 quibus
1444 2271 1738 2343 ingredior

76 2368 197 2422 viam
220 2371 407 2435 tuam;
459 2373 518 2421 et
547 2366 706 2436 erigo
757 2366 825 2420 ad
868 2370 924 2419 te
961 2364 1278 2419 invisibiles
1313 2363 1527 2429 oculos,
1559 2365 1622 2415 ut
1672 2366 1736 2413 tu

75 2455 247 2508 evellas
298 2455 365 2508 de
419 2454 629 2525 laqueo
660 2454 834 2525 pedes
890 2469 1049 2507 meos
1101 2452 1262 2522 (Psal.
1295 2468 1447 2516 xxnv,
1495 2449 1605 2520 15).
1655 2450 1738 2503 Tu

76 2543 279 2598 subinde
304 2543 499 2598 erellis
528 2559 647 2613 eos,
680 2558 813 2597 nam
849 2542 1261 2613 illaqueantur.
1298 2541 1383 2595 Tu
1412 2554 1529 2593 non
1555 2553 1737 2592 cessas

77 2632 301 2698 evellere,
332 2648 436 2702 ego
499 2636 692 2686 autem
727 2630 928 2685 crebro
968 2631 1157 2684 haereo
1187 2628 1247 2682 in
1277 2627 1490 2698 ubique
1528 2624 1739 2696 sparsis

74 2719 297 2774 insidiis:
353 2719 627 2792 quoniam
667 2736 785 2773 non
834 2718 1106 2787 dormies,
1144 2732 1333 2788 neque
1377 2713 1735 2780 dormitabis,

76 2809 155 2877 qui
182 2809 416 2863 custodis
436 2809 611 2863 Israel
645 2808 807 2877 (Psal.
842 2823 961 2874 cxx,
993 2808 1073 2875 4).

134 2899 207 2952 53.
235 2898 405 2962 Quam
430 2895 896 2963 innumerabilia,
928 2895 1097 2951 variis
1122 2892 1340 2947 artlbus
1388 2896 1445 2946 et
1474 2890 1736 2960 opiﬁciis,

76 2984 125 3037 in
148 2986 395 3053 vestibus,
442 2985 860 3052 calceamentis,
896 2983 1062 3049 vasis,
1117 2988 1175 3037 et
1200 2979 1622 3052 cujuscemodi'
1649 2979 1739 3032 fa-

72 3072 440 3130 bricationibus
484 3073 724 3145 picturis
771 3073 964 3137 etiam,
1015 3070 1367 3141 diversisque
1423 3067 1736 3140 ﬁgmentis,

76 3168 218 3233 atque
240 3164 324 3217 his
351 3180 519 3218 usum
545 3162 927 3217 necessarium
948 3166 1116 3231 atque
1134 3160 1495 3215 moderatum
1509 3161 1566 3210 et
1581 3155 1735 3227 piam

75 3250 517 3321 signiﬁcationem
572 3252 743 3322 longe
797 3248 1365 3320 transgredientibus,
1397 3245 1742 3301 addiderunt

77 3338 302 3394 homines
331 3340 398 3394 ad
420 3339 716 3394 illecebras
737 3338 1032 3393 oculorum
1056 3354 1069 3405 ;
1092 3336 1246 3392 foras
1266 3337 1565 3405 sequentes
1587 3332 1740 3403 quod

77 3426 280 3494 faciunt,
301 3428 451 3482 intus
481 3427 871 3498 relinquentes
900 3443 933 3481 a
961 3442 1076 3497 quo
1103 3424 1232 3479 facti
1264 3426 1418 3492 sunt,
1452 3425 1508 3476 et
1554 3425 1739 3475 exter-

75 3515 322 3571 minantes
345 3516 502 3588 quod
531 3516 662 3570 facti
692 3520 859 3571 sunt!
895 3518 967 3569 At
1007 3530 1135 3584 ego,
1165 3514 1314 3567 Deus
1334 3526 1518 3577 meus,
1550 3514 1609 3563 et
1638 3508 1737 3563 de-

77 3619 156 3656 cus
178 3621 379 3672 meum,
412 3606 586 3659 etiam
614 3604 749 3659 hinc
777 3604 901 3658 dico
938 3602 1044 3658 tibi
1072 3604 1374 3673 hymnum,
1405 3604 1463 3654 et
1486 3597 1740 3652 sacriﬁco

78 3691 273 3747 laudem
301 3692 664 3748 sacriﬁcatori
694 3708 824 3746 meo
855 3697 875 3728 ⁴
900 3708 914 3758 ;
942 3690 1215 3762 quoniam
1242 3688 1482 3760 pulchra
1508 3686 1745 3756 trajecta

76 3794 159 3848 per
183 3781 393 3836 animas
413 3782 472 3835 in
497 3797 703 3836 manus
722 3779 1075 3846 artiﬁciosas,
1109 3778 1181 3832 ab
1196 3776 1295 3832 illa
1316 3772 1744 3847 pulchritudine

74 3868 298 3938 veniunt,
342 3887 472 3941 qua:
515 3885 687 3939 super
715 3868 935 3922 animas
964 3872 1071 3935 est,
1120 3866 1212 3922 cui
1260 3864 1509 3935 suspirat
1555 3861 1748 3916 anima

75 3970 181 4009 mea
217 3957 302 4011 die
351 3971 435 4011 ac
462 3962 648 4011 nocte.
695 3955 801 4013 Sed
844 3954 1343 4026 pulchritudinum
1399 3949 1746 4005 exteriorum

73 4050 365 4113 operatores
399 4052 458 4100 et
487 4050 794 4099 sectatores
823 4044 955 4098 inde
985 4043 1220 4097 trahunt
1242 4038 1598 4111 approbandi
1629 4054 1747 4091 mo-

72 4129 208 4198 dum,
233 4149 346 4187 non
377 4139 575 4187 autem
614 4132 746 4186 inde
777 4132 1010 4186 trahunt
1049 4129 1247 4184 utendi
1278 4128 1538 4183 modum.
1571 4127 1637 4180 Et
1667 4124 1747 4179 ibi

71 4224 154 4285 est,
181 4226 233 4275 et
258 4238 374 4276 non
402 4222 601 4276 vident
646 4237 800 4283 eum,
834 4224 895 4274 ut
924 4236 1044 4274 non
1080 4222 1214 4273 eant
1257 4216 1502 4286 longius,
1547 4219 1602 4269 et
1630 4213 1745 4268 for-

73 4307 347 4363 titudinem
408 4325 574 4364 suam
626 4309 694 4363 ad
759 4314 814 4363 te
878 4307 1201 4362 custodiant
1258 4305 1418 4373 (Psal.
1465 4319 1595 4370 Lvn,
1647 4304 1746 4366 10),

71 4410 158 4449 nec
185 4412 305 4451 eam
334 4399 610 4468 spargant
639 4395 701 4449 in
731 4394 1025 4450 deliciosas
1053 4392 1442 4447 lassitudines.
1483 4391 1598 4461 Ego
1646 4405 1746 4443 au-

71 4486 169 4538 tem
195 4484 309 4539 haec
335 4487 576 4557 loquens
606 4489 776 4555 atque
808 4483 1136 4538 discernens
1152 4480 1325 4535 etiam
1348 4478 1468 4533 istis
1497 4476 1751 4549 pulchris

72 4587 302 4639 gressum
340 4574 610 4640 innecto;
665 4572 760 4626 sed
790 4575 854 4626 tu
899 4569 1112 4640 evellis,
1146 4568 1410 4635 Domine,
1441 4565 1635 4621 evellis
1664 4569 1747 4632 tu,

72 4662 318 4729 quoniam
348 4660 745 4716 misericordia
768 4663 869 4715 tua
895 4664 1024 4714 ante
1055 4658 1247 4713 oculos
1278 4672 1438 4711 meos
1469 4660 1554 4709 est
1582 4654 1748 4726 (Psal.

71 4762 174 4815 xxv,
213 4750 287 4818 3).
341 4752 485 4805 Nam
519 4754 571 4805 et
601 4766 707 4819 ego
737 4749 934 4820 capior
964 4744 1387 4811 miserabiliter,
1421 4748 1478 4798 et
1506 4747 1568 4797 tu
1597 4742 1749 4797 evel-

71 4834 128 4889 lis
176 4838 656 4904 misericorditer;
706 4837 1012 4909 aliquando
1055 4852 1174 4891 non
1220 4833 1581 4898 sentientem,
1616 4830 1753 4901 quia

70 4927 377 4995 suspensius
425 4926 773 4994 incideram;
828 4924 1137 4996 aliquando
1184 4937 1315 4977 cum
1365 4920 1585 4989 dolore,
1616 4918 1752 4990 quia

64 5011 169 5081 jam
198 5014 566 5071 inhmseram.

124 5105 136 5166 τ
169 5105 469 5163 Contristel,
496 5103 650 5166 juxta
678 5102 878 5152 Somm.
906 5105 959 5152 et
984 5100 1157 5166 Band.
1188 5099 1363 5166 cum_2
1395 5097 1517 5146 Mss.
1545 5095 1626 5166 _lt_l_.

120 5165 139 5198 ²
163 5165 270 5215 Una
298 5171 396 5226 est,
416 5156 711 5216 εέᾱιὶαηοπ
724 5172 816 5225 est,
825 5166 980 5228 juxta
992 5165 1079 5213 Er.
1106 5162 1272 5227 Lugd.
1294 5161 1491 5211 Somm.
1509 5162 1562 5207 et
1578 5156 1751 5207 ltond.

71 5229 1196 5356 eum:cmodifqabf'imtianibus;
1212 5285 1303 5356 sed
1317 5285 1437 5334 MSS-
1449 5282 1650 5356 habent
1660 5294 1755 5332 αι’

62 5347 333 5416 Ῑηεεςθῃοᾶέ
354 5347 509 5415 {quo
531 5347 786 5416 vocabulo
817 5351 1063 5416 frequens
1090 5347 1626 5416 utitur_Au_gus_t_inus.
1657 5358 1753 5416 prno

74 5412 367 5522 iuquibuscu
375 5409 535 5477 m'que
548 5428 561 5472 ;
576 5413 731 5476 idque
741 5413 851 5477 jam
864 5409 1189 5462 restituimus
1202 5411 1257 5460 in
1268 5409 1430 5473 hujus
1441 5409 1559 5457 libri
1570 5420 1683 5470 cap.
1707 5410 1753 5466 8,

392 5536 745 5602 Edd.’plures,
771 5534 1165 5595 sancti/icatori
1177 5546 1306 5586 meo.
1334 5530 1494 5582 Pauci
1516 5542 1756 5589 vero,sa-

3429 304 3535 357 802

2455 420 2682 475 CAPUT
2713 419 2911 475 XXXV.

1842 509 1908 562 Ut
1953 522 2008 562 se
2053 506 2213 561 habet
2252 506 2327 560 ad
2362 508 2653 563 secundum
2697 510 3009 562 tentationis
3047 522 3236 579 genus,
3278 510 3422 579 quod
3456 517 3537 566 est

2506 598 2856 651 curiositatis.

1909 684 1996 738 54.
2027 684 2146 738 Huc
2177 683 2395 738 accedit
2422 684 2536 739 alia
2563 686 2750 740 forma
2794 684 3126 740 tentationis
3156 686 3533 757 multiplicius

1837 772 2177 843 periculosa.
2195 774 2424 827 ‘Praeter
2439 788 2567 827 eam
2588 774 2741 827 enim
2780 773 3301 844 concupiscentiam
3324 776 3534 843 carnis,

1840 876 1968 932 qua:
2007 860 2158 915 inest
2185 860 2247 915 in
2276 860 2653 915 delectatione
2689 863 2946 919 omnium
2978 877 3248 917 sensuum
3280 867 3340 917 et
3368 863 3539 917 volu-

1836 952 2081 1019 ptatum,
2113 948 2206 1003 cui
2234 947 2542 1003 servientes
2568 949 2881 1020 depereunt
2906 952 3005 1023 qui
3031 952 3200 1022 longe
3229 966 3289 1004 se
3318 950 3540 1013 faciunt

1840 1056 1872 1094 a
1900 1046 1977 1106 te,
2004 1039 2151 1094 inest
2171 1039 2379 1094 anima:
2398 1056 2503 1111 per
2528 1040 2754 1096 eosdem
2778 1058 2974 1098 sensus
2998 1043 3251 1114 corporis
3271 1042 3538 1114 quaedam

1839 1144 1953 1184 non
1987 1145 2045 1183 se
2085 1129 2404 1184 oblectandi
2444 1129 2502 1183 in
2548 1146 2739 1196 carne,
2783 1131 2881 1187 sed
2913 1130 3242 1201 experiendi
3274 1147 3377 1202 per
3414 1146 3538 1186 car-

1841 1233 1973 1271 nem
2004 1232 2150 1270 vana
2168 1221 2224 1270 et
2248 1217 2474 1272 curiosa
2502 1218 2804 1288 cupiditas,
2838 1218 3071 1272 nomine
3114 1218 3453 1289 cognitionis
3483 1224 3542 1274 et

1841 1304 2091 1359 scientiae
2114 1306 2366 1376 palliata.
2405 1306 2543 1370 Quae
2573 1306 2847 1377 quoniam
2879 1307 2938 1361 in
2970 1307 3231 1378 appetitu
3263 1308 3538 1362 noscendi

1842 1395 1943 1451 est,
1975 1391 2123 1445 oculi
2152 1396 2344 1446 autem
2394 1397 2527 1447 sunt
2572 1393 2640 1447 ad
2681 1395 3143 1464 cognoscendum
3184 1393 3245 1448 in
3275 1394 3536 1448 sensibus

1842 1479 2149 1550 principes.
2184 1482 2611 1549 concupiscentia
2649 1483 2921 1536 oculorum
2951 1480 3181 1552 eloquio
3215 1480 3407 1535 divino
3437 1497 3539 1551 ap-

1842 1568 2051 1637 pellata
2083 1572 2169 1621 est
2213 1568 2253 1638 (Ι
2282 1570 2451 1623 Joan.
2494 1586 2553 1635 ιι,
2599 1569 2705 1639 16),
2738 1570 2822 1624 Ad
2863 1571 3058 1624 oculos
3114 1568 3269 1623 enim
3308 1568 3544 1639 proprie

1842 1655 2035 1710 videre
2060 1656 2328 1727 pertinet.
2364 1657 2588 1711 Utimur
2607 1663 2799 1712 autem
2820 1658 2928 1713 hoc
2957 1658 3130 1712 verbo
3159 1657 3331 1711 etiam
3355 1656 3417 1711 in
3435 1673 3542 1711 cae-

1843 1744 1980 1799 teris
2007 1745 2288 1812 sensibus,
2320 1760 2450 1799 cum
2472 1762 2567 1800 eos
2593 1746 2663 1800 ad
2687 1746 3142 1816 cognoscendum
3162 1745 3537 1800 intendimus.

1845 1833 2041 1902 Neque
2081 1832 2236 1886 enim
2275 1832 2535 1900 dicimus,
2569 1833 2716 1887 Audi
2762 1833 2901 1905 quid
2938 1833 3173 1900 rutilet;
3218 1836 3334 1900 aut,
3387 1833 3544 1888 Olfac

1844 1936 2016 1992 quam
2053 1920 2271 1989 niteat;
2300 1926 2416 1988 aut,
2449 1923 2621 1977 Gusta
2645 1937 2818 1992 quam
2846 1921 3141 1993 splendeat
3171 1938 3185 1989 ;
3218 1926 3334 1988 aut,
3365 1921 3544 1992 Palpa

1844 2026 2018 2080 quam
2047 2010 2292 2082 fulgeat:
2324 2010 2504 2065 videri
2546 2010 2700 2065 enim
2733 2010 3007 2065 dicuntur
3046 2010 3169 2065 haec
3198 2010 3410 2063 omnia.
3446 2008 3542 2062 Di-

1844 2098 2026 2153 cimus
2055 2103 2245 2153 autem
2275 2116 2389 2153 non
2415 2099 2623 2168 solum,
2656 2099 2795 2154 Vide
2827 2099 2966 2170 quid
3005 2098 3211 2166 luceat,
3252 2098 3405 2168 quod
3434 2096 3543 2150 soli

1846 2187 1997 2242 oculi
2033 2187 2244 2242 sentire
2274 2193 2547 2259 possunt;
2596 2188 2695 2242 sed
2719 2187 2931 2255 .etiam,
2969 2187 3105 2242 Vide
3153 2187 3291 2258 quid
3339 2190 3539 2251 sonet;

1846 2276 1971 2331 vide
2000 2276 2136 2348 quid
2167 2277 2351 2344 oleat;
2382 2277 2509 2331 vide
2537 2277 2675 2346 quid
2710 2276 2933 2347 sapiat;
2963 2276 3092 2331 vide
3116 2291 3289 2346 quam
3333 2275 3544 2329 durum

1848 2365 1937 2420 sit.
1970 2366 2217 2437 Ideoque
2242 2366 2525 2438 generalis
2571 2365 2929 2437 experientia
2961 2381 3233 2420 sensuum
3282 2362 3549 2434 concupi-

1848 2455 2082 2523 scentia,
2121 2454 2266 2509 sicut
2291 2455 2507 2509 dictum
2536 2460 2642 2524 est,
2676 2455 2972 2509 oculorum
3002 2459 3274 2520 vocatur;
3305 2453 3440 2524 quia
3469 2452 3552 2506 vi-

1849 2543 2023 2598 dendi
2050 2542 2304 2597 ofﬁcium
2339 2543 2407 2597 in‘
2448 2559 2563 2615 quo
2594 2543 2903 2613 primatum
2934 2542 3083 2597 oculi
3113 2546 3328 2605 tenent,
3374 2540 3546 2595 etiam

1848 2632 2039 2685 caeteri
2064 2648 2263 2687 sensus
2301 2631 2407 2686 tibi
2435 2633 2504 2686 de
2534 2631 2908 2687 similitudine
2950 2637 3249 2702 usurpant,
3282 2645 3412 2684 cum
3443 2628 3548 2683 ali-

1849 2721 1987 2792 quid
2009 2720 2353 2792 cognitionis
2383 2722 2702 2793 explorant.

1920 2812 2006 2863 55.
2040 2810 2112 2863 Ex
2136 2809 2243 2863 hoc
2289 2813 2482 2863 autem
2538 2809 2852 2864 evidentius
2908 2807 3252 2863 discernitur
3280 2805 3421 2878 quid
3446 2821 3546 2858 vo-

1850 2897 2106 2968 luptatis,
2156 2896 2293 2968 quid
2338 2896 2683 2951 curiositatis
2731 2902 2933 2968 agatur
2968 2912 3074 2967 per
3117 2911 3354 2949 sensus:
3391 2892 3548 2965 quod

1849 2988 2108 3057 voluptas
2155 2986 2415 3056 pulchra,
2470 3000 2700 3051 canora,
2761 2983 2973 3046 suavia,
3024 2983 3240 3054 sapida,
3284 2982 3432 3035 lenia
3463 2994 3550 3034 se-

1850 3078 2034 3127 ctatur
2057 3089 2070 3139 ;
2103 3072 2427 3126 cursiositas
2455 3077 2649 3126 autem
2674 3071 2846 3126 etiam
2874 3070 2963 3125 bis
2979 3068 3265 3124 contraria
3287 3068 3551 3123 tentandi

1852 3178 2042 3231 causa,
2071 3177 2190 3215 non
2218 3161 2291 3215 ad
2348 3161 2699 3215 subeundam
2733 3158 3072 3224 molestiam,
3100 3158 3195 3212 sed
3222 3155 3553 3227 experiendi

1853 3249 2235 3321 noscendique
2265 3248 2530 3303 libidine.
2564 3247 2708 3312 Quid
2739 3248 2893 3301 enim
2924 3245 3233 3316 voluptatis
3264 3238 3551 3299 habet'vi-

1851 3339 1984 3394 dere
2014 3338 2075 3392 in
2111 3337 2326 3392 laniato
2362 3338 2633 3393 cadavere
2679 3336 2831 3408 quod
2870 3336 3213 3400 exhorreas;
3264 3340 3322 3387 et
3358 3337 3554 3388 tamen

1853 3427 2031 3482 sicubi
2080 3428 2283 3498 jaceat,
2330 3429 2679 3481 concurrunt
2723 3411 2797 3479 ut
2834 3423 3261 3487 contristentur,
3314 3427 3380 3476 ut
3422 3421 3554 3492 pal-

1853 3519 2023 3572 leant.
2057 3516 2283 3571 Timent
2313 3515 2485 3569 etiam
2512 3531 2583 3569 ne
2610 3514 2671 3569 in
2700 3513 2919 3568 somnis
2949 3513 3058 3567 hoc
3095 3512 3359 3578 videant;
3392 3509 3553 3580 quasi

1854 3606 2156 3677 quisquam
2187 3622 2283 3658 eos
2307 3604 2609 3674 vigilantes
2638 3602 2831 3657 videre
2871 3600 3137 3670 coegerit,
3165 3604 3264 3653 aut
3289 3596 3553 3669 pulchri-

1854 3693 2070 3747 tudinis
2105 3692 2221 3747 ulla
2249 3692 2402 3746 fama
2432 3690 2796 3761 persuaserit.
2833 3691 2917 3743 lta
2946 3694 3003 3741 et
3028 3688 3090 3741 in
3124 3686 3343 3741 caneris
3375 3684 3552 3738 sensi-

1854 3782 1980 3849 bus,
2004 3798 2133 3853 quae
2161 3780 2430 3851 persequi
2460 3780 2697 3850 longum
2723 3783 2824 3832 est.
2861 3778 2937 3832 Ex
2967 3777 3075 3830 hoc
3098 3774 3298 3828 morbo
3330 3772 3553 3844 cupidi-

1855 3870 2005 3937 tatis,
2055 3870 2116 3924 in
2172 3868 2511 3941 spectaculis
2549 3867 2891 3921 exhibentur
2948 3877 3194 3934 quaeque
3250 3859 3548 3915 miracula.

1860 3961 1996 4013 Hinc
2025 3957 2097 4012 ad
2152 3955 2559 4029 perscrutanda
2591 3958 2811 4008 natura:
2866 3953 3015 4024 (quae
3054 3954 3264 4021 praeter
3296 3965 3402 4004 nos
3448 3948 3553 4017 est)

1857 4051 2056 4117 operta
2084 4045 2412 4117 proceditur
2440 4046 2478 4108 ί,
2513 4059 2643 4114 quas
2689 4041 2831 4096 scire
2871 4040 3016 4095 nihil
3055 4039 3289 4110 prodest
3326 4042 3383 4091 et
3411 4036 3555 4090 nihil

1857 4136 2010 4190 aliud
2041 4150 2213 4206 quam
2226 4134 2366 4188 scire
2378 4131 2642 4187 homines
2670 4130 2932 4201 cupiunt.
2964 4128 3105 4183 Hinc
3126 4126 3320 4189 etiam,
3348 4125 3396 4179 si
3416 4124 3557 4196 quid

1858 4225 2061 4280 eodem
2088 4239 2369 4294 perversze
2393 4220 2645 4276 scientim
2674 4220 2788 4274 ﬁne
2817 4234 2921 4290 per
2944 4220 3095 4271 artes
3124 4214 3374 4286 magicas
3404 4229 3556 4284 qum-

1861 4311 2023 4367 ritur.
2050 4311 2191 4365 Hinc
2212 4310 2385 4365 etiam
2405 4309 2464 4364 in
2494 4308 2620 4379 ipsa
2646 4307 2928 4379 religione
2954 4307 3102 4361 Deus
3120 4307 3396 4371 tentatur,
3423 4318 3554 4356 cum

1859 4400 2023 4471 signa
2043 4403 2098 4454 et
2117 4397 2382 4469 prodigia
2404 4398 2758 4468 ﬂagitantur,
2782 4412 2900 4451 non
2920 4394 2992 4450 ad
3012 4392 3263 4465 aliquam
3283 4391 3524 4445 salutem
3539 4429 3553 4456 ,

1861 4490 1958 4544 sed
1980 4489 2049 4543 ad
2073 4489 2257 4543 solam
2286 4485 2701 4557 experientiam
2733 4483 3073 4539 desiderata.

1932 4582 2019 4633 56.
2053 4558 2118 4632 lu
2147 4577 2254 4631 hac
2281 4580 2400 4629 tam
2427 4574 2710 4644 immensa
2737 4572 2878 4626 silva
2904 4572 3077 4642 plena
3121 4568 3463 4624 insidiarum
3503 4570 3564 4622 et

1860 4665 2266 4737 periculorum,
2299 4679 2425 4717 ccce
2450 4662 2633 4716 multa
2661 4660 2685 4694 ³
2704 4659 3060 4732 ρτωοὶὁθτίω
3089 4662 3147 4713 et
3174 4675 3207 4712 a
3234 4673 3363 4711 meo
3387 4656 3560 4712 corde

1864 4752 2219 4826 dispulerim,
2270 4751 2415 4806 sicut
2469 4748 2695 4805 donasti
2749 4764 2843 4803 me
2892 4746 3099 4814 facere,
3156 4746 3307 4800 Deus
3362 4744 3561 4799 salutis

1862 4859 2044 4909 meas;
2093 4846 2344 4895 attamen
2391 4838 2620 4910 quando
2669 4836 2851 4892 audeo
2885 4835 3093 4901 dicere,
3136 4850 3267 4888 cum
3311 4832 3557 4887 circum-

1864 4948 2090 5004 quaque
2122 4928 2513 5002 quotidianam
2543 4926 2717 4981 vitam
2744 4928 2996 4980 nostram
3025 4927 3143 4978 tam
3174 4922 3357 4978 multa
3384 4922 3558 4993 hujus

1865 5021 2090 5092 generis
2126 5036 2320 5075 rerum
2349 5018 2822 5085 circumstrepent
2853 5031 2867 5082 ;
2899 5013 3127 5085 quando
3157 5013 3337 5069 audeo
3367 5010 3555 5065 dicere

1864 5110 2020 5164 nulla
2049 5126 2109 5163 re
2138 5108 2238 5163 tali
2263 5124 2355 5162 me
2385 5106 2664 5160 intentum
2684 5102 2809 5158 ﬁeri
2828 5102 2898 5157 ad
2919 5103 3308 5173 spectandum.
3337 5104 3395 5154 et
3413 5112 3557 5150 vana

1864 5215 1999 5253 cura
2027 5196 2372 5269 capiendum
2394 5198 2422 5250 ‘?
2451 5195 2599 5250 Sane
2639 5209 2732 5248 me
2753 5192 2875 5264 jam
2904 5192 3125 5247 theatra
3151 5205 3271 5247 non
3298 5184 3551 5258 rapiunt,

1866 5304 1970 5345 nec
1998 5304 2133 5342 curo
2162 5303 2323 5341 nosse
2352 5284 2623 5340 transitus
2651 5282 2925 5348 siderum,
2957 5296 3060 5335 nec
3076 5278 3268 5334 anima
3297 5290 3424 5330 mea
3447 5288 3559 5326 un-

1928 5405 1943 5439 1
1977 5403 2055 5452 Ita
2076 5402 2198 5451 Mss.
2220 5414 2342 5451 cum
2354 5399 2480 5450 Arn.
2504 5402 2584 5461 ;at
2598 5398 2725 5448 Bad.
2757 5397 2870 5448 Am.
2888 5397 2973 5446 Er.
2986 5399 3039 5447 et
3061 5390 3525 5461 Lov.,adperscru
3540 5413 3559 5423 -

1869 5465 2033 5540 (unde
2059 5466 2265 5514 naturae
2283 5459 2645 5525 secreta,'qu.:e
2671 5464 2873 5525 praeter
2898 5470 3001 5509 nos
3026 5459 3103 5509 est
3125 5459 3366 5518 operata,
3381 5461 3566 5515 prece.

1866 5529 2118 5651 d'izufbv,
2152 5588 2213 5637 In
2238 5586 2334 5638 hoc
2360 5588 2536 5637 tamen
2562 5586 2898 5635 immensa...
2929 5594 3042 5633 ecce
3064 5590 3220 5644 quam
3242 5575 3436 5626 multa.
