4058 6344
469 280 572 334 803

470 415 642 469 quam
673 410 944 466 responsa
972 393 1233 465 quaesivit
1260 393 1633 461 umbrarum;
1675 395 1869 448 omnia
1891 394 2164 465 sacrilega

469 488 822 539 sacramenta
867 484 1133 537 detestor.
1163 485 1210 536 Α
1249 486 1326 550 te,
1377 481 1615 535 Domine
1668 483 1814 536 Deus
1843 499 2026 551 meus,
2073 481 2163 537 cui

470 573 746 628 humilem
776 571 1113 626 famulatum
1142 585 1206 623 ac
1222 569 1538 641 simplicem
1562 570 1762 638 debeo,
1787 571 2014 642 quantis
2041 587 2162 624 me-

470 677 599 714 cum
638 659 1074 730 suggestionum
1108 657 1631 712 machinationibus
1659 659 1780 728 agit
1807 659 2070 712 inimicm
2105 664 2164 710 ut

471 749 697 818 signum
745 747 975 818 aliquod
1024 749 1217 815 petam
1241 746 1270 798 ?
1308 746 1419 800 Sed
1464 747 1697 801 obsecro
1730 752 1784 800 te
1814 763 1920 817 per
1949 748 2166 816 Regem

472 841 750 899 nostrum,
807 840 862 889 et
911 833 1157 904 patriam
1193 835 1509 888 Jerusalem
1553 835 1890 906 simplicem,
1930 841 2162 903 castam,

467 929 532 979 ut
559 923 1042 995 quemadmodum
1067 938 1100 975 a
1128 938 1221 976 me
1251 922 1423 993 longe
1459 927 1545 977 est
1579 923 1689 977 ista
1735 923 2054 990 consensio,
2086 924 2165 978 ita

468 1013 540 1067 sit
563 1027 788 1082 semper
817 1010 983 1081 longe
1009 1014 1178 1082 atque
1210 1011 1458 1082 longius.
1491 1013 1600 1065 Pro
1631 1011 1811 1066 salute
1840 1017 2029 1066 autem
2061 1027 2161 1065 cu-

459 1101 731 1171 jusquam
757 1115 889 1153 cum
918 1104 972 1153 te
993 1115 1150 1170 rogo,
1185 1099 1329 1154 alius
1342 1100 1590 1154 multum
1615 1099 1881 1154 differens
1912 1100 2042 1154 finis
2081 1105 2164 1156 est

467 1187 800 1243 intentionis
832 1203 1003 1254 meae;
1034 1193 1090 1242 et
1121 1193 1175 1241 te
1205 1187 1507 1242 facientem
1541 1188 1692 1258 quod
1722 1187 1826 1254 vis,
1862 1188 1960 1242 das
2000 1189 2160 1252 mihi,

469 1281 524 1331 et
554 1276 712 1332 dabis
742 1277 986 1330 libenter
1013 1275 1195 1346 sequi.

535 1372 620 1421 57.
655 1367 1058 1420 Verumtamen
1099 1365 1158 1419 in
1204 1382 1376 1436 quam
1430 1366 1627 1420 multis
1677 1366 2074 1420 minutissimis
2107 1370 2164 1420 et

463 1452 988 1523 contemptibilibus
1023 1452 1189 1506 rebus
1210 1452 1506 1506 curiositas
1536 1453 1796 1523 quotidie
1825 1459 2018 1507 nostra
2048 1458 2164 1505 teu-

465 1547 620 1596 tatur
645 1543 685 1608 ί,
713 1545 768 1595 et
798 1556 970 1610 quam
1001 1556 1151 1610 saepe
1182 1539 1464 1605 labamur,
1499 1541 1626 1611 quis
1646 1543 1988 1595 enumerat?
2018 1541 2164 1604 Quo-

465 1632 568 1686 ties
599 1634 893 1684 narrantes
917 1628 1130 1694 inania,
1164 1627 1352 1697 primo
1373 1628 1540 1698 quasi
1569 1629 1878 1684 toleramus
1894 1645 1966 1684 ne
1983 1629 2162 1683 offen-

466 1719 668 1773 damus
684 1717 959 1780 inﬁrmos,
988 1715 1194 1770 deinde
1214 1717 1488 1786 paulatim
1519 1716 1765 1771 libenter
1785 1718 2164 1772 advertimus?

465 1807 674 1859 Canem
703 1809 1028 1858 currentem
1060 1807 1190 1872 post
1216 1803 1472 1873 leporem
1492 1804 1616 1874 jam
1644 1820 1760 1858 non
1789 1809 1999 1876 specto,
2031 1820 2159 1858 cum

462 1892 524 1946 in
549 1893 696 1946 circo
727 1892 824 1946 tit:
858 1897 915 1945 at
941 1907 1073 1944 vero
1104 1891 1160 1944 in
1195 1907 1354 1962 agro,
1389 1891 1435 1946 si
1456 1908 1591 1946 casu
1621 1897 1928 1962 transeam,
1959 1893 2163 1947 avertit

465 1997 554 2035 me
583 1980 835 2035 fortassis
863 1989 920 2033 et
946 1980 1016 2032 ab
1048 1979 1240 2050 aliqua
1269 1996 1479 2050 magna
1499 1980 1867 2050 cogitatione,
1895 1986 2068 2052 atque
2092 1981 2160 2036 ad

463 2085 521 2122 se
548 2067 827 2121 convertit
857 2066 950 2120 illa
977 2067 1236 2131 venatio;
1279 2083 1398 2120 non
1428 2067 1656 2122 deviare
1685 2083 1894 2136 cogens
1925 2084 2161 2135 corpore

454 2156 728 2227 jumenti,
761 2155 858 2210 sed
885 2153 1070 2208 cordis
1099 2154 1491 2210 inclinatione.
1525 2157 1590 2210 Et
1607 2155 1717 2210 nisi
1739 2157 1862 2226 jam
1897 2156 2040 2211 mihi
2070 2157 2162 2211 de-

467 2241 1126 2298 monstrataintirmitate
1155 2241 1429 2310 mea,cito
1457 2242 1786 2310 admoneas,
1810 2247 1906 2297 aut
1936 2260 2000 2297 ex
2038 2243 2161 2314 ipsa

463 2333 680 2386 visione
710 2347 813 2402 per
841 2330 1094 2400 aliquam
1123 2329 1638 2384 considerationem
1670 2331 1730 2384 in
1755 2336 1810 2384 te
1841 2348 2157 2402 assurgere,

465 2425 564 2475 aut
599 2424 786 2474 totum
816 2422 1180 2472 contemnere
1209 2423 1380 2488 atque
1400 2417 1664 2485 transire,
1697 2435 1874 2472 vanus
1895 2419 2156 2474 hebesco.

466 2508 612 2572 Quid
643 2522 774 2561 cum
803 2521 894 2560 me
938 2505 1091 2559 domi
1120 2505 1411 2559 sedentem
1441 2506 1624 2560 stellio
1656 2523 1877 2562 muscas
1905 2512 2158 2578 captans,

467 2597 552 2650 vel
583 2611 791 2650 aranea
815 2595 1030 2649 retibus
1059 2594 1174 2648 suis
1202 2593 1483 2649 irruentes
1515 2595 1835 2666 implicans,
1873 2613 2022 2667 saepe
2065 2596 2157 2650 in-

467 2689 687 2739 tentum
705 2683 838 2738 facit
853 2685 882 2737 ‘?
913 2684 1060 2737 Num
1085 2681 1221 2753 quia
1234 2699 1406 2753 parva
1425 2689 1559 2737 sunt
1574 2683 1863 2750 animalia,
1894 2685 2024 2740 ideo
2044 2701 2158 2739 non

465 2789 554 2827 res
586 2771 785 2826 eadem
825 2771 1078 2839 geritur?
1105 2770 1430 2841 Pergoinde
1457 2772 1524 2826 ad
1541 2771 1888 2827 laudandum
1910 2777 1986 2840 te,
2009 2789 2158 2827 crea-

463 2867 641 2916 torem
675 2860 980 2915 miriticum
1019 2864 1189 2930 atque
1220 2859 1604 2914 ordinatorem
1649 2876 1843 2914 rerum
1873 2861 2154 2929 omnium,

462 2951 559 3006 sed
590 2966 706 3004 non
735 2949 868 3003 inde
897 2948 1152 3002 intentus
1181 2964 1300 3002 esse
1331 2947 1564 3019 incipio.
1597 2949 1765 3003 Aliud
1790 2954 1874 3004 est
1903 2949 2012 3004 cito
2043 2966 2157 3004 sur-

461 3055 619 3111 gere,
648 3037 823 3093 alliud
849 3041 933 3091 est
962 3053 1076 3090 non
1106 3037 1326 3091 cadere.
1364 3037 1427 3090 Et
1455 3037 1662 3091 talibus
1689 3037 1802 3092 vita
1831 3055 1956 3092 mea
1986 3039 2156 3109 plena

463 3133 561 3192 est,
597 3132 654 3182 et
680 3143 795 3181 una
823 3141 950 3196 spes
983 3141 1110 3179 mea
1149 3141 1361 3195 magna
1407 3126 1568 3180 valde
1614 3126 2005 3180 misericordia
2035 3132 2153 3182 tua.

461 3221 605 3273 Cum
629 3214 782 3269 enim
812 3212 1203 3283 hujuscemodi
1233 3229 1426 3266 rerum
1447 3215 1914 3283 conceptaculum
1937 3219 1958 3250 ²
1977 3215 2042 3268 fit
2061 3231 2156 3268 cor

461 3309 737 3369 nostrum,
773 3307 825 3356 et
853 3305 1040 3372 portat
1067 3305 1088 3335 ³
1121 3301 1367 3370 copiosas
1405 3302 1670 3355 vanitatis
1701 3307 1969 3357 catervas.
2023 3303 2157 3358 hinc

461 3398 520 3446 et
539 3390 826 3445 orationes
857 3393 1064 3442 nostra:
1103 3384 1253 3458 saepe
1291 3389 1790 3460 interrumpuntur
1817 3395 1989 3461 atque
2036 3395 2155 3445 tur-

461 3481 684 3543 bantur,
720 3482 775 3532 et
801 3482 930 3532 ante
957 3481 1318 3547 conspectum
1353 3483 1518 3532 tuum
1550 3477 1687 3532 dum
1719 3479 1788 3533 ad
1832 3495 1998 3533 aures
2029 3485 2154 3533 tuas

461 3584 656 3624 vocem
695 3567 880 3622 cordis
935 3565 1306 3630 intendimus,
1360 3565 1551 3620 nescio
1605 3567 1755 3621 unde
1804 3567 2155 3623 irruentibus

463 3655 776 3728 nugatoriis
807 3653 1248 3724 cogitationibus
1277 3669 1367 3707 res
1392 3658 1550 3708 tanta
1580 3655 1926 3726 praeciditur.

1065 3760 1291 3814 CAPUT
1317 3761 1542 3816 XXXVI.

567 3853 632 3905 Ut
650 3865 704 3904 se
733 3849 890 3904 habet
910 3848 984 3903 ad
1005 3851 1223 3903 tertium
1246 3852 1556 3904 tentationis
1588 3866 1774 3918 genus,
1808 3851 1952 3920 quod
1971 3857 2049 3906 est

1163 3938 1443 4006 superbiai.
1640 3996 1647 4001 ,

529 4031 617 4082 58.
654 4026 943 4097 Numquid
965 4024 1138 4079 etiam
1166 4025 1274 4080 hoc
1303 4025 1453 4079 inter
1482 4027 1901 4082 contemnenda
1921 4028 2156 4099 deputa-

459 4115 670 4181 bimus,
702 4121 803 4168 aut
829 4113 1043 4184 aliquid
1076 4130 1178 4167 nos
1206 4115 1440 4169 reducet
1467 4115 1528 4168 in
1559 4131 1740 4185 spem,
1772 4115 1884 4169 nisi
1909 4121 2032 4171 tota
2053 4117 2156 4171 mi-

459 4203 764 4257 sericordia
791 4207 892 4257 tua
921 4208 961 4266 ⁸,
1007 4201 1278 4272 quoniam
1325 4203 1544 4273 cmpisti
1573 4208 1796 4257 mutare
1828 4220 1932 4258 nos
1953 4206 1981 4258 ?
2010 4209 2066 4259 et
2092 4210 2153 4259 tu

458 4292 566 4344 sris
595 4296 806 4361 quanta
836 4306 902 4344 ex
932 4294 1092 4360 parte
1122 4290 1666 4361 mutaveris,quime
1695 4291 1960 4362 primitus
1990 4309 2154 4347 sanas

457 4395 490 4432 a
517 4377 752 4431 libidine
788 4375 1117 4430 vindicandi
1147 4391 1258 4441 me,
1299 4379 1364 4429 ut
1390 4375 1672 4446 propitius
1715 4377 1818 4431 ﬁas
1855 4377 2029 4432 etiam
2051 4395 2156 4434 cae-

457 4466 594 4521 teris
623 4465 889 4519 omnibus
919 4463 1296 4535 inquitatibus
1327 4463 1490 4530 meis,
1523 4468 1578 4518 et
1608 4481 1770 4519 sanes
1799 4481 1996 4520 omnes
2032 4469 2153 4522 lan-

457 4569 662 4623 guores
685 4569 864 4621 meos,
894 4557 951 4607 et
980 4553 1228 4607 redimas
1258 4553 1328 4607 de
1353 4554 1716 4624 corruptione
1746 4554 1920 4609 vitam
1942 4572 2150 4624 meam,

455 4647 512 4697 et
530 4659 763 4696 corones
792 4659 883 4697 me
903 4642 964 4696 in
985 4641 1351 4696 miseratione
1383 4646 1438 4696 et
1461 4642 1872 4710 misericordia,
1895 4648 1952 4698 et
1981 4644 2154 4699 saties

456 4731 517 4784 in
537 4730 700 4784 bonis
729 4729 1077 4785 desiderium
1106 4747 1302 4786 meum
1333 4732 1502 4798 (Psal.
1534 4748 1624 4798 cu,
1658 4735 1772 4801 3-5)
1800 4751 1815 4799 ;
1845 4733 1945 4804 qui
1966 4730 2154 4788 “com-

458 4818 709 4889 pressisti
739 4836 770 4872 a
799 4819 1003 4873 timore
1032 4824 1131 4874 tuo
1162 4819 1488 4890 superbiam
1509 4835 1719 4889 meam,
1751 4825 1807 4875 et
1828 4821 2150 4877 mansuefe-

455 4908 581 4962 eisti
595 4908 736 4978 jugo
766 4912 862 4961 tuo
893 4908 1165 4963 cervicem
1197 4924 1405 4963 meam.
1441 4910 1506 4963 Et
1535 4925 1686 4963 nunc
1714 4914 1878 4979 porto
1908 4909 2068 4976 illud,
2098 4915 2154 4965 et

457 4999 581 5052 lene
611 5001 695 5050 est
721 4994 885 5063 mihi,
917 4997 1192 5067 quoniam
1214 4997 1291 5050 sic
1311 4996 1625 5067 promisisti
1649 5002 1706 5052 et
1727 4996 1909 5052 fecisti
1932 4999 2147 5068 (Matth.

519 5142 532 5173 ¹
566 5140 832 5195 Tenletur,
854 5136 1009 5199 juxta
1036 5137 1916 5188 Mart.cum6Mss.etRond.cunili
1934 5139 2056 5189 Mss.
2081 5140 2146 5189 M.

516 5202 537 5235 δ’
560 5200 716 5248 Juxta
745 5199 1362 5262 Rond..reccptaculum.
1395 5201 1462 5249 M.

514 5265 535 5297 ³
558 5262 758 5333 ξὶς-οος
785 5264 1046 5333 nostrum,
1070 5263 1118 5333 et
1142 5262 1469 5323 portet,etc.,
1482 5262 1637 5326 juxta
1667 5262 1837 5314 Rond.
1870 5277 1934 5313 ex
1962 5267 1990 5314 5
2024 5265 2146 5314 Mss.

453 5324 592 5388 apud
621 5324 772 5372 Mart.
805 5323 1050 5371 laudatis.
1073 5323 1142 5370 M.
1485 5323 1497 5326 '

465 5447 478 5458 Δ
496 5389 536 5458 ,ξ
565 5386 692 5458 Μεεἶ
727 5384 972 5458 nonnulli
1001 5398 1123 5434 cum
1152 5384 1298 5442 Arn.,
1327 5384 1436 5434 nisi
1457 5389 1591 5436 nota
1625 5385 2000 5440 misericordia
2032 5391 2144 5441 tua.

451 5447 612 5504 Alias,
632 5449 743 5498 nisi
769 5450 898 5498 tota.

514 5514 534 5544 δ
559 5511 708 5570 Quia,
735 5509 890 5573 juxta
919 5508 1118 5561 80mm.
1150 5512 1204 5560 et
1230 5507 1401 5560 Rond.
1433 5523 1496 5559 ex
1522 5513 1551 5559 9
1581 5511 1703 5562 Mss.
1729 5512 1798 5563 M.

1683 268 2219 326 CONFESSIONUM
2261 270 2315 325 S.
2359 268 2765 326 AUGUSTINI.

3879 267 3994 319 804

2276 409 2359 457 xt,
2384 395 2474 463 30)
2499 410 2512 460 ;
2547 398 2604 447 et
2629 407 2760 447 vere
2789 391 2868 446 sic
2897 396 3038 458 erat,
3071 395 3128 446 et
3147 390 3467 446 nesciebam
3498 391 3728 462 quando
3755 390 3817 445 id
3853 392 3992 445 sub-

2274 481 2356 536 ire
2387 481 2733 538 metuebam.
2765 480 2876 535 Sed
2906 479 3204 551 numquid,
3240 479 3500 545 Domine,
3531 480 3626 550 qui
3657 479 3818 533 solus
3851 480 3985 533 sine

2273 571 2447 641 typho
2476 569 2810 637 dominaris,
2842 570 2978 641 quia
2997 570 3149 624 solus
3179 585 3344 624 verus
3368 567 3644 622 Dominus
3659 568 3835 640 esqui
3866 585 3990 622 non

2275 659 2448 714 habes
2477 659 2775 713 dominum
2801 675 2814 726 ;
2837 658 3123 728 numquid
3142 659 3250 712 hoc
3271 673 3501 729 quoque
3529 657 3769 711 tertium
3790 661 3987 711 tenta-

2272 748 2446 804 tionis
2478 765 2658 820 genus
2697 747 2934 802 cessavit
2970 765 3003 802 a
3030 745 3182 814 me‘,
3233 750 3333 801 aut
3360 762 3578 800 cessare
3609 745 3670 800 in
3699 746 3809 800 hac
3860 749 3988 800 tota

2271 835 2388 889 vita
2417 838 2646 906 potest?

2345 927 2428 977 59.
2459 923 2673 978 Timeri
2702 927 2759 977 et
2787 922 2968 977 amari
2996 923 3141 976 velle
3174 921 3243 976 ab
3274 921 3626 988 hominibus,
3677 937 3802 976 non
3844 938 3986 992 pro-

2272 1016 2402 1080 pter
2429 1011 2606 1077 aliud,
2653 1012 2750 1066 sed
2802 1016 2866 1066 ut
2910 1011 3043 1066 inde
3094 1010 3164 1065 sit
3199 1010 3498 1081 gaudium,
3547 1010 3702 1082 quod
3732 1026 3856 1065 non
3901 1015 3991 1065 est

2273 1100 2549 1170 gaudium
2581 1103 2622 1167 ²,
2653 1100 2865 1154 misera
2893 1100 3008 1154 vita
3035 1103 3139 1170 est,
3169 1104 3228 1154 et
3253 1099 3404 1154 foeda
3426 1099 3716 1170 jactantia.
3743 1099 3892 1153 Hinc
3920 1099 3985 1153 ﬁt

2277 1189 2358 1242 vel
2391 1189 2635 1242 maxime
2665 1205 2782 1243 non
2810 1205 3002 1243 amare
3031 1193 3110 1254 te,
3141 1203 3245 1242 nec
3275 1193 3422 1242 caste
3463 1187 3667 1241 timere
3696 1191 3773 1241 te.
3814 1189 3980 1242 Ideo-

2274 1293 2384 1347 que
2414 1282 2477 1331 tu
2509 1276 2768 1347 superbis
2798 1277 3030 1344 resistis,
3052 1276 3365 1331 humilibus
3394 1281 3585 1329 autem
3601 1276 3700 1330 das
3727 1275 3980 1346 gratiam

2275 1368 2432 1435 (Petr.
2467 1383 2518 1431 γ,
2553 1369 2640 1435 5);
2677 1371 2734 1420 et
2788 1365 3015 1420 intonas
3046 1381 3221 1436 super
3275 1364 3614 1420 ambitiones
3663 1364 3886 1430 saeculi,
3926 1371 3983 1419 et

2273 1459 2638 1509 contremunt
2659 1454 3026 1508 fundamenta
3055 1453 3361 1509 montium.
3396 1455 3591 1525 Itaque
3623 1454 3811 1520 nobis,
3840 1471 3985 1526 quo-

2275 1543 2429 1597 niam
2459 1548 2693 1614 propter
2722 1543 2986 1612 quasdam
3016 1543 3285 1596 humana:
3315 1541 3601 1597 societatis
3632 1542 3823 1597 ofﬁcia
3873 1559 3981 1597 ne-

2273 1631 2582 1686 cessarium
2624 1637 2706 1686 est
2753 1631 2932 1686 amari
2986 1635 3042 1685 et
3083 1631 3274 1684 timeri
3303 1631 3375 1684 ab
3417 1630 3767 1691 hominibus,
3802 1631 3985 1684 instat

2275 1719 2630 1774 adversarius
2659 1736 2804 1775 veras
2816 1718 3187 1774 beatitudinis
3201 1719 3664 1790 nostrm,ubique
3696 1735 3982 1791 spargens

2274 1808 2331 1862 in
2354 1808 2591 1880 laqueis,
2621 1810 2954 1879 Euge,euge
2981 1825 2993 1862 :
3034 1812 3094 1862 ut
3131 1807 3265 1862 dum
3299 1807 3462 1862 avide
3492 1807 3981 1878 colligimus,'in-

2272 1903 2432 1952 caute
2463 1897 2776 1967 capiamur,
2810 1901 2864 1951 et
2907 1912 2939 1950 a
2980 1896 3217 1950 veritate
3262 1900 3363 1950 tua
3393 1896 3665 1966 gaudium
3709 1902 3979 1952 nostrum

2273 1987 2645 2057 deponamus,
2699 1991 2869 2056 atque
2919 1986 2978 2039 in
3030 1985 3333 2040 hominum
3387 1985 3606 2040 fallacia
3645 2001 3975 2056 ponamus;

2271 2075 2556 2146 libeatque
2586 2091 2688 2128 nos
2719 2074 2898 2128 amari
2947 2079 3002 2128 et
3031 2073 3242 2140 timeri,
3286 2090 3403 2129 non
3450 2078 3686 2146 propter
3732 2079 3810 2140 te,
3872 2076 3975 2130 sed

2270 2179 2375 2233 pro
2402 2167 2456 2218 te
2479 2183 2494 2230 ;
2521 2167 2690 2233 atque
2720 2162 2827 2217 isto
2857 2163 3026 2217 modo
3051 2163 3138 2217 sui
3170 2163 3382 2216 similes
3421 2163 3596 2218 factos
3644 2179 3837 2218 secum
3869 2165 3978 2218 ha-

2268 2250 2419 2316 beat,
2452 2267 2568 2304 non
2614 2251 2680 2305 ad
2735 2251 3098 2306 concordiam
3136 2251 3450 2318 charitatis,
3482 2252 3579 2306 sed
3609 2251 3679 2306 ad
3729 2269 3976 2307 consor-

2269 2339 2414 2393 tium
2446 2339 2733 2410 supplicii,
2765 2341 2864 2412 qui
2894 2341 3293 2395 statuitsedem
3320 2356 3480 2395 suam
3493 2356 3708 2411 ponere
3729 2341 3790 2394 in
3812 2342 3979 2413 aqui-

2269 2428 2420 2494 lone,
2454 2434 2519 2482 ut
2544 2435 2598 2482 te
2650 2445 2914 2500 perversa
2970 2434 3025 2483 et
3069 2429 3307 2483 distorta
3335 2429 3426 2483 via
3481 2429 3732 2483 imitanti
3757 2433 3778 2464 ³
3809 2430 3971 2499 (Isai.

2270 2532 2379 2581 xxv,
2412 2519 2624 2585 13-45),
2643 2517 2930 2572 tenebrosi
2952 2517 3260 2589 {rigidique
3281 2518 3578 2573 servirent.
3610 2520 3722 2572 Nos
3748 2523 3971 2584 autem,

2270 2605 2531 2671 Domine,
2565 2606 2807 2676 pusillus
2829 2621 2965 2676 grex
2983 2612 3116 2660 tuus
3137 2622 3264 2660 ecce
3291 2623 3487 2661 sumus
3513 2605 3668 2676 (Luc.
3690 2623 3811 2676 xm,
3837 2610 3927 2677 32)
3955 2625 3969 2674 ;

2269 2697 2332 2746 tu
2357 2709 2460 2747 nos
2486 2693 2738 2764 posside.
2775 2695 3070 2749 Praetende
3093 2695 3209 2749 alas
3237 2699 3385 2762 tuas,
3419 2700 3476 2750 et
3519 2695 3804 2766 fugiamus
3859 2697 3971 2751 sub

2268 2798 2387 2836 eas.
2427 2783 2616 2837 Gloria
2646 2787 2835 2837 nostra
2862 2789 2926 2838 tu
2953 2788 3071 2837 esto
3095 2788 3360 2855 ;propter
3387 2789 3442 2838 te
3462 2799 3744 2852 amemur,
3773 2788 3829 2838 et
3845 2801 3974 2838 ver-

2267 2871 2403 2926 bum
2433 2875 2598 2926 tuum
2627 2871 2899 2926 timeatur
2925 2872 2985 2926 in
3016 2872 3203 2927 nobis.
3240 2873 3347 2936 Qui
3373 2872 3592 2926 laudari
3621 2873 3741 2927 vult
3768 2873 3840 2927 ab
3867 2874 3974 2927 ho-

2267 2958 2519 3013 minibus
2542 2960 2899 3030 vituperante
2929 2964 3004 3023 te,
3032 2976 3148 3014 non
3177 2959 3513 3014 defendetur
3531 2960 3601 3014 ab
3633 2960 3968 3015 hominibus

2260 3047 2553 3119 judicante
2581 3053 2658 3115 te,
2690 3064 2794 3102 nec
2832 3047 3108 3119 eripietur
3133 3048 3440 3102 damnante
3469 3053 3543 3103 te.
3578 3049 3721 3104 Cum
3767 3055 3966 3104 autem

2266 3149 2386 3186 non
2417 3138 2676 3203 peccator
2705 3133 2971 3188 laudatur
2999 3133 3056 3186 in
3085 3133 3382 3188 desideriis
3423 3134 3631 3189 animas
3663 3151 3803 3201 suae,
3854 3152 3963 3190 nec

2266 3220 2366 3291 qui
2396 3220 2593 3292 iniqua
2613 3222 2763 3291 gerit
2786 3221 3140 3276 benedicitur
3180 3222 3353 3291 (Psal.
3387 3239 3441 3290 x,
3467 3225 3538 3291 3),
3567 3224 3662 3277 sed
3693 3223 3966 3278 laudatur

2265 3310 2439 3363 homo
2472 3315 2704 3381 propter
2730 3311 2960 3381 aliquod
2993 3312 3393 3382 donum'quod
3423 3311 3629 3366 dedisti
3659 3312 3747 3379 ei;
3779 3318 3837 3368 at
3861 3313 3964 3369 ille

2265 3398 2394 3469 plus
2433 3399 2642 3468 gaudet
2671 3399 2778 3453 sibi
2808 3399 3027 3454 laudari
3057 3415 3137 3466 se,
3171 3415 3342 3470 quam
3370 3400 3561 3471 ipsum
3597 3401 3810 3455 donum
3854 3401 3964 3456 ha-

2264 3487 2398 3541 bere
2429 3488 2579 3542 unde
2611 3488 2911 3542 laudatur:
2945 3489 3114 3542 etiam
3147 3488 3251 3543 iste
3281 3493 3338 3543 te
3367 3489 3724 3560 vituperante
3753 3489 3964 3544 lauda-

2264 3579 2394 3642 tur;
2424 3579 2479 3630 et
2508 3575 2713 3630 melior
2756 3575 2876 3646 jam
2930 3575 3024 3630 ille
3072 3575 3172 3646 qui
3201 3576 3468 3640 laudavit,
3501 3592 3675 3647 quam
3706 3576 3810 3630 iste
3857 3579 3964 3647 qui

2265 3663 2526 3718 laudatus
2547 3667 2648 3719 est.
2685 3663 2771 3718 Illi
2795 3664 2948 3719 enim
2979 3664 3192 3735 placuit
3216 3664 3277 3718 in
3307 3664 3542 3719 homine
3571 3665 3787 3718 donum
3813 3665 3915 3718 Dei
3943 3683 3958 3731 ;

2263 3753 2395 3808 huic
2425 3753 2672 3824 amplius
2700 3753 2917 3824 placuit
2945 3753 3161 3807 donum
3191 3753 3442 3808 hominis
3468 3770 3640 3825 quam
3673 3753 3792 3808 Dei.

2863 3861 3086 3915 CAPUT
3115 3861 3362 3916 XXXVII.

2657 3950 2722 4003 Ut
2749 3954 2988 4002 movetur
3017 3948 3270 4003 laudibus
3304 3949 3575 4004 humanis.

2335 4058 2422 4110 60.
2453 4056 2762 4110 Tentamur
2791 4054 2879 4109 his
2917 4055 3327 4110 tentationibus
3358 4056 3630 4127 quotidie,
3687 4055 3958 4125 Domine;

2265 4142 2386 4197 sine
2415 4143 2726 4198 cessatione
2752 4148 3062 4198 tentamur.
3094 4144 3644 4208 Quotidianat‘ornax
3663 4149 3853 4199 nostra
3872 4153 3964 4201 est

2264 4231 2517 4286 humana
2545 4232 2761 4303 lingua.
2796 4233 3046 4304 Imperas
3067 4232 3233 4287 nobis
3264 4237 3319 4287 et
3341 4233 3401 4287 in
3422 4234 3526 4287 hoc
3538 4249 3746 4304 genere
3775 4235 3960 4288 conti-

2266 4321 2557 4375 nentiam:
2592 4321 2665 4376 da
2690 4321 2842 4391 quod
2857 4321 3048 4391 jubes,
3080 4324 3136 4374 et
3171 4307 3311 4390 jube
3347 4321 3499 4391 quod
3529 4321 3631 4376 vis.
3675 4323 3753 4376 Tu
3803 4325 3961 4377 nosti

2263 4408 2333 4464 de
2361 4409 2467 4464 hac
2496 4425 2556 4464 re
2588 4409 2660 4464 ad
2689 4413 2743 4463 te
2770 4408 3049 4479 gemitum
3077 4408 3260 4462 cordis
3291 4408 3424 4474 mei,
3458 4413 3513 4461 et
3542 4409 3782 4463 flumina
3820 4426 3959 4464 ocu-

2262 4497 2452 4552 lorum
2490 4514 2767 4552 meorum.
2797 4498 2991 4568 Neque
3021 4496 3175 4551 enim
3201 4496 3363 4550 facile
3393 4496 3596 4565 colligo
3633 4513 3806 4566 quam
3847 4499 3960 4554 sim

2264 4584 2333 4640 ab
2361 4585 2468 4640 ista
2496 4591 2656 4657 peste
2699 4585 3045 4653 mundatior,
3104 4590 3159 4639 et
3203 4585 3450 4638 multum
3507 4583 3681 4638 timeo
3737 4590 3961 4644 occulta

2261 4690 2391 4728 mea
2439 4676 2606 4743 (Psal.
2656 4692 2812 4744 xvm,
2849 4675 2956 4746 l3),
2989 4689 3118 4745 qua:
3147 4677 3360 4727 norunt
3383 4671 3533 4726 oculi
3562 4673 3668 4741 tui,
3709 4676 3823 4730 mei
3854 4695 3947 4732 au-

2261 4766 2378 4817 tem
2400 4779 2537 4817 non.
2568 4765 2663 4818 Est
2691 4765 2844 4818 enim
2889 4761 3320 4834 qualiscumque
3368 4761 3429 4816 in
3477 4761 3602 4816 aliis
3646 4763 3956 4833 generibus

2261 4851 2641 4906 tentationum
2672 4851 2814 4906 mihi
2843 4851 3074 4910 facultas
3097 4849 3424 4921 explorandi
3447 4866 3567 4918 me;
3597 4850 3656 4904 in
3676 4851 3784 4906 hoc
3804 4868 3954 4922 pene

2261 4941 2421 4995 nulla
2449 4945 2553 4997 est.
2584 4942 2724 4995 Nam
2755 4944 2812 4995 et
2835 4957 2868 4994 a
2894 4938 3284 5008 voluptatibus
3317 4939 3521 5006 carnis,
3555 4944 3610 4994 et
3651 4955 3685 4993 a
3713 4939 3953 4995 curiosi-

2261 5033 2373 5083 tate
2403 5044 2817 5100 supervacanea
2848 5027 3247 5098 cognoscendi,
3281 5028 3442 5083 video
3473 5031 3751 5099 quantum
3796 5044 3952 5084 asse-

2261 5120 2423 5171 cutus
2452 5118 2561 5172 sim
2601 5133 2768 5188 posse
2806 5117 3094 5172 refrenare
3125 5116 3384 5174 animum
3427 5133 3641 5179 meum,
3689 5131 3818 5172 cum
3867 5119 3950 5172 eis

2321 5261 2336 5292 ¹
2371 5258 2605 5322 Cessabil
2631 5272 2669 5322 ᾳ
2694 5271 2804 5322 me,
2819 5257 2973 5322 juxta
2996 5259 3146 5308 Mart.
3171 5273 3292 5309 cum
3326 5263 3354 5309 6
3384 5260 3505 5309 Mss.
3542 5260 3608 5308 M.

2317 5321 2556 5396 ?Somm.
2589 5325 2641 5369 et
2660 5319 2833 5370 Rondl
2849 5323 2890 5394 .9
2913 5322 3034 5370 Mss.
3059 5321 3174 5396 fulti
3197 5322 3426 5396 phrasin:
3448 5323 3521 5370 sic
3543 5319 3794 5396 inchoent
3816 5323 3950 5396 κήδειςί

2255 5382 3951 5518 causaaut;aegrassargz’saaaé'éza‘mz;

2259 5514 2347 5561 tur
2367 5508 2642 5569 imitandi,
2673 5512 2765 5559 aut
2791 5510 3019 5590 imitati:
3050 5509 3228 5558 minus
3255 5509 3406 5570 bene,
3431 5511 3489 5558 ut
3517 5508 3850 5559 arbitramur.
