4058 6348
86 261 190 312 805

87 380 260 434 rebus
292 393 478 442 careo,
509 375 598 428 vel
647 375 958 440 voluntate,
1005 374 1089 427 vel
1137 389 1266 428 cum
1310 371 1586 428 absunt‘.
1636 375 1793 429 Tunc

86 469 243 522 enim
275 482 370 521 me
418 465 734 535 interrogo,
767 479 940 534 quam
971 462 1152 533 magis
1198 463 1457 517 minusve
1497 463 1640 517 mihi
1674 480 1796 518 mo-

88 559 306 620 lestum,
331 556 403 609 sit
433 570 549 607 non
579 553 810 607 habere.
845 551 1068 605 Divitiae
1122 567 1253 606 vero
1299 569 1428 622 quas
1458 553 1530 607 ob
1560 553 1669 607 hoc
1699 568 1797 607 ex-

86 651 380 717 petuntur,
406 649 470 698 ut
484 641 656 696 alicui
673 641 913 694 istarum
935 640 1112 695 trium
1130 640 1533 711 cupiditatum,
1559 642 1642 695 vel
1659 641 1796 695 dua-

86 737 430 799 busearum,
461 733 549 785 vel
573 729 843 784 omnibus
868 729 1136 795 serviant,
1167 728 1214 783 si
1242 729 1656 798 persentiscere
1679 745 1797 783 non

87 828 280 896 potest
293 821 522 876 animus
545 825 740 873 utrum
765 835 860 872 eas
884 818 1464 884 habenscontemnat,
1489 823 1731 888 possunt
1744 821 1802 872 et

91 911 306 968 dimitti
339 915 404 964 ut
431 925 490 964 se
513 909 741 979 probet.
781 907 966 961 Laude
996 923 1130 960 vero
1180 911 1245 960 ut
1273 923 1587 973 careamus,
1632 911 1800 977 atque

94 1002 149 1055 in
180 1016 248 1053 eo
271 997 642 1068 experiamur
671 994 807 1066 quid
855 1010 1185 1064 possumus,
1229 994 1512 1065 numquid
1544 993 1691 1048 male
1721 993 1802 1047 vi-

94 1087 346 1142 vendum
376 1090 481 1151 est,
513 1089 570 1139 et
601 1089 718 1137 tam
741 1082 960 1154 perdite
983 1087 1154 1153 atque
1183 1081 1515 1136 immaniter
1544 1086 1608 1136 ut
1631 1098 1800 1137 nemo

98 1195 196 1232 nos
228 1174 457 1230 noverit
483 1172 584 1244 qui
615 1188 731 1226 non
757 1172 1110 1226 detestetur?
1132 1172 1269 1235 Quae
1301 1171 1486 1240 major
1513 1171 1803 1226 dementia

99 1267 203 1321 dici
232 1270 335 1318 aut
359 1263 595 1334 cogitari
625 1262 853 1332 potest?
877 1263 948 1314 At
977 1261 1023 1313 si
1051 1261 1219 1314 bonae
1249 1260 1378 1314 vitae
1404 1261 1802 1332 bonorumque

102 1369 339 1425 operum
367 1367 557 1406 comes
591 1355 649 1405 et
679 1350 823 1404 solet
842 1355 899 1404 et
931 1349 1098 1403 debet
1127 1365 1248 1402 esse
1274 1349 1548 1415 laudatio,
1581 1353 1698 1404 tam
1715 1366 1804 1403 co-

103 1443 368 1497 mitatum
396 1440 544 1510 ejus,
576 1455 752 1510 quam
787 1438 968 1509 ipsam
996 1438 1209 1492 bonam
1240 1437 1414 1490 vitam
1459 1435 1644 1491 deseri
1687 1451 1804 1490 non

103 1535 342 1601 oportet.
398 1529 525 1582 Non
573 1532 769 1581 autem
815 1525 1000 1580 sentio
1031 1525 1154 1579 sine
1199 1541 1313 1596 quo
1347 1541 1470 1578 esse
1512 1529 1611 1578 aut
1640 1541 1804 1595 aequo

107 1619 316 1684 animo,
349 1622 456 1672 aut
485 1632 638 1686 aegre
668 1616 901 1688 possim,
935 1614 1044 1668 nisi
1075 1630 1206 1668 cum
1233 1613 1492 1668 abfuerit.

171 1712 257 1762 6t.
292 1706 444 1771 Quid
475 1706 655 1776 igitur
683 1705 787 1759 tibi
819 1704 879 1758 in
909 1705 1018 1758 hoc
1049 1720 1257 1775 genere
1314 1701 1667 1772 tentationis,
1700 1703 1809 1756 Do-

110 1796 278 1862 mine,
311 1795 639 1848 conﬁteor?
662 1794 829 1860 Quid,
855 1792 965 1847 nisi
997 1791 1264 1847 delectari
1292 1790 1687 1858 melaudibus;
1712 1791 1808 1844 sed

110 1885 350 1955 amplius
381 1883 507 1954 ipsa
547 1882 781 1937 veritate
820 1898 994 1953 quam
1043 1880 1307 1934 laudibus
1330 1882 1358 1933 ?
1388 1880 1530 1933 Nam
1579 1878 1625 1932 si
1669 1878 1810 1932 mihi

113 1977 470 2044 proponatur
500 1977 692 2026 utrum
723 1971 919 2025 malim
951 1971 1166 2032 furens,
1199 1972 1296 2022 aut
1339 1967 1400 2021 in
1430 1966 1696 2020 omnibus
1720 1982 1808 2019 re-

116 2062 212 2114 bus
244 2077 466 2123 erraus,
522 2060 592 2114 ab
622 2059 889 2114 omnibus
920 2057 1251 2112 hominibus
1281 2055 1540 2122 laudari;
1573 2071 1645 2108 an
1675 2071 1809 2108 con-

116 2154 280 2220 stans,
311 2155 368 2204 et
397 2149 461 2203 in
489 2149 727 2204 veritate
757 2147 1127 2213 certissimus,
1185 2146 1253 2200 ab
1283 2144 1552 2198 omnibus
1588 2142 1810 2213 vitupe-

114 2237 253 2303 rari;
288 2237 458 2291 video
490 2237 627 2309 quid
657 2237 884 2306 eligam.
919 2237 1325 2291 Verumtamen
1375 2233 1591 2286 nollem
1630 2237 1696 2286 ut
1724 2232 1811 2286 vel

119 2329 342 2396 augeret
371 2325 517 2379 mihi
548 2325 824 2395 gaudium
845 2323 1146 2395 cujuslibet
1173 2321 1309 2377 boni
1333 2320 1446 2375 mei
1480 2320 1810 2390 sutfragatio

118 2415 219 2466 oris
257 2413 452 2467 alieni.
486 2413 599 2467 Sed
627 2417 820 2483 auget,
872 2413 1088 2478 fateor;
1122 2427 1236 2464 non
1270 2410 1479 2475 solum,
1513 2409 1613 2463 sed
1644 2413 1701 2462 et
1731 2408 1812 2461 vi-

119 2503 386 2574 tuperatio
420 2502 654 2556 minuit.
680 2503 897 2556 Etcum
921 2501 1031 2555 ista
1060 2498 1288 2554 miseria
1319 2514 1447 2552 mea
1483 2496 1811 2568 perturbor,

124 2588 395 2642 subintrat
443 2587 587 2642 mihi
634 2587 937 2653 excusatio,
994 2602 1124 2657 quae
1180 2584 1366 2656 qualis
1415 2583 1507 2650 sit,
1567 2587 1627 2637 tu
1682 2583 1810 2650 scis,

124 2678 258 2731 Deus
287 2694 301 2744 ;
331 2693 472 2730 nam
493 2691 585 2730 me
617 2675 896 2731 incertum
925 2675 1076 2729 facit.
1109 2673 1252 2738 Quia
1267 2672 1421 2727 enim
1445 2671 1610 2726 nobis
1633 2670 1817 2742 impe-

131 2765 256 2818 rasti
282 2779 400 2818 non
431 2768 657 2818 tantum
687 2761 1120 2827 continentiam,
1151 2761 1211 2814 id
1232 2765 1333 2827 est,
1360 2777 1392 2814 a
1413 2759 1618 2831 quibus
1648 2759 1817 2812 rebus

130 2869 374 2906 amorem
405 2852 799 2918 cohibeamus,
835 2867 1033 2904 verum
1064 2849 1236 2904 etiam
1280 2847 1589 2918 justitiam,
1620 2846 1680 2900 id
1709 2851 1814 2913 est,

127 2958 227 3012 quo
255 2958 386 2995 eum
416 2941 810 3007 conferamus;
843 2956 947 2994 nec
967 2943 1019 2993 te
1046 2942 1271 2993 tantum
1310 2935 1539 2991 voluisti
1569 2952 1601 2989 a
1629 2935 1815 3001 nobis,

126 3045 306 3083 verum
346 3030 524 3083 etiam
549 3029 877 3099 proximum
900 3027 1099 3098 diligi:
1133 3041 1284 3097 saepe
1322 3023 1467 3078 mihi
1512 3024 1710 3078 videor
1747 3024 1816 3078 de

127 3119 366 3188 profectu
404 3122 508 3172 aut
533 3134 632 3188 spe
660 3116 908 3188 proximi
938 3115 1231 3181 delectari,
1273 3130 1403 3168 cum
1421 3113 1565 3167 bene
1595 3111 1814 3166 intelli-

130 3206 300 3275 gentis
334 3207 504 3262 laude
534 3206 812 3272 delector;
843 3209 899 3259 et
928 3221 1125 3260 rursus
1143 3205 1264 3275 ejus
1285 3203 1437 3257 malo
1469 3200 1814 3268 contristari,

131 3312 248 3350 cum
276 3313 407 3349 eum
435 3295 610 3350 audio
641 3295 963 3365 vituperare
993 3293 1146 3363 quod
1167 3297 1266 3346 aut
1294 3292 1547 3362 ignorat,
1593 3294 1693 3344 aut
1721 3290 1818 3344 bo-

133 3400 255 3438 num
286 3389 386 3438 est.
424 3385 568 3439 Nam
591 3388 646 3437 et
675 3383 980 3436 contristor
1009 3381 1336 3452 galiquando
1365 3379 1631 3434 laudibus
1653 3379 1813 3444 meis,

135 3489 249 3526 cum
280 3474 364 3527 vel
395 3489 464 3526 ea
513 3471 818 3526 laudantur
868 3471 932 3524 in
978 3486 1093 3539 me,
1148 3470 1208 3523 in
1259 3469 1468 3540 quibus
1509 3467 1632 3538 ipse
1675 3467 1819 3521 mihi

140 3560 430 3631 displiceo;
457 3561 544 3614 vel
577 3560 750 3614 etiam
781 3559 931 3612 bona
959 3557 1180 3612 minora
1209 3561 1262 3610 et
1293 3555 1436 3610 levia
1467 3555 1652 3625 pluris
1667 3555 1818 3608 aesti-

138 3655 348 3704 mantur
377 3666 555 3722 quam
585 3648 919 3703 aestimanda
943 3651 1096 3702 sunt.
1123 3645 1231 3700 Sed
1261 3661 1476 3710 rursus,
1510 3643 1661 3698 unde
1703 3643 1818 3697 scio

140 3755 204 3791 an
227 3744 530 3809 propterea
559 3738 637 3791 sic
667 3735 908 3802 afﬁcior,
941 3735 1078 3807 quia
1116 3735 1251 3788 nolo
1301 3733 1370 3788 de
1403 3733 1619 3802 meipso
1664 3748 1697 3785 a
1728 3747 1818 3785 me

136 3825 418 3882 dissentire
440 3826 799 3881 laudatorem
827 3840 1020 3878 meum
1045 3843 1060 3890 ;
1089 3839 1206 3877 non
1232 3822 1368 3894 quia
1388 3822 1542 3876 illius
1570 3820 1819 3874 utilitate

136 3929 366 3982 moveor,
387 3916 486 3970 sed
508 3914 644 3985 quia
664 3913 864 3968 eadem
888 3913 1040 3967 bona
1066 3928 1195 3982 qua:
1216 3910 1359 3964 mihi
1380 3909 1439 3964 in
1459 3925 1551 3964 me
1572 3909 1818 3980 placent,

131 4002 455 4070 jucundiora
479 4003 626 4056 mihi
658 4006 791 4056 sunt
818 4017 948 4055 cum
972 4005 1028 4055 et
1048 3998 1210 4053 alteri
1235 3997 1507 4069 placent?
1528 3996 1818 4060 Quodam-

139 4093 289 4146 modo
309 4093 464 4147 enim
495 4107 612 4146 non
641 4107 746 4161 ego
774 4089 998 4156 laudor,
1022 4104 1152 4142 cum
1181 4087 1250 4142 de
1271 4102 1362 4140 me
1385 4084 1667 4140 sententia
1691 4099 1822 4138 mea

139 4195 239 4234 non
267 4181 572 4250 laudatur;
605 4178 1069 4251 quandoquidem
1101 4180 1198 4231 aut
1229 4176 1325 4230 illa
1355 4174 1661 4228 laudantur
1691 4189 1820 4244 qua:

140 4269 264 4323 mihi
289 4270 610 4342 displicent,
633 4273 730 4323 aut
758 4268 858 4347 illa
882 4266 1128 4338 amplius
1158 4281 1287 4336 quin
1318 4263 1460 4318 mihi
1481 4261 1674 4318 minus
1696 4263 1820 4333 pla—

139 4363 272 4412 cent.
303 4360 525 4430 Ergone
553 4358 622 4412 de
652 4357 759 4411 hoc
787 4357 1037 4410 incertus
1066 4371 1194 4410 sum
1221 4352 1385 4407 mei?

201 4449 282 4501 62.
314 4448 448 4501 Ecce
479 4446 542 4500 in
570 4450 644 4512 te,
671 4444 910 4511 Veritas,
932 4443 1096 4498 video
1125 4457 1242 4496 non
1267 4457 1360 4495 me
1389 4439 1653 4496 laudibus
1680 4438 1822 4494 meis

138 4538 354 4606 propter
383 4551 499 4601 me,
531 4534 625 4589 sed
681 4537 917 4605 propter
953 4529 1201 4603 proximi
1247 4528 1558 4584 utilitatem
1607 4527 1824 4582 moveri

142 4628 414 4690 oportere.
451 4625 519 4678 Et
547 4627 743 4676 utrum
782 4622 862 4676 ita
891 4621 965 4675 sit
994 4619 1204 4674 nescio.
1238 4617 1422 4673 Minus
1451 4616 1598 4671 mihi
1627 4617 1686 4670 in
1720 4617 1824 4671 hac

143 4724 193 4762 re
219 4715 380 4764 notus
409 4727 538 4764 sum
568 4710 688 4781 ipse
719 4726 893 4781 quam
921 4712 986 4764 tu
1009 4707 1049 4763 ².
1071 4708 1314 4762 Obsecro
1343 4711 1420 4766 te.
1453 4706 1603 4760 Deus
1634 4721 1820 4774 meus,

143 4798 193 4847 et
218 4797 496 4867 meipsum
527 4797 668 4851 mihi
698 4795 890 4850 indica
915 4799 979 4849 ut
1004 4794 1282 4849 conﬁtear
1311 4791 1558 4846 oraturis
1594 4807 1701 4862 pro
1731 4807 1824 4845 me

147 4881 395 4938 fratribus
422 4883 568 4940 meis
586 4883 741 4956 quod
762 4882 823 4937 in
837 4899 929 4937 me
947 4881 1202 4936 saucium
1226 4894 1577 4950 comperero.
1609 4879 1826 4933 Iterum

201 5007 212 5040 ¹
235 5007 431 5057 Somm.
445 5045 458 5064 .
476 5009 561 5059 vel
577 5007 850 5058 voluntate
873 5019 996 5057 cum
1011 5005 1232 5063 adsunt,
1254 5003 1342 5055 vet
1369 5003 1687 5053 necessitate
1706 5015 1826 5051 cum

145 5067 337 5182 gigni.
365 5070 459 5181 LSiic
489 5071 646 5120 etiam
678 5069 871 5130 Rond.,
893 5067 1261 5118 substituendo
1291 5071 1470 5116 tamen
1495 5065 1687 5115 absunt
1709 5065 1826 5113 loco

263 5146 292 5180 η
324 5168 337 5180 .
421 5169 433 5181 .

263 5146 337 5181 ηι.
365 5146 433 5181 Μ.

199 5193 219 5225 ²
247 5193 382 5253 Lov.,
415 5207 580 5254 quam
608 5194 696 5242 tibi
722 5209 734 5252 ;
766 5193 854 5243 sed
885 5192 1074 5243 melius
1105 5191 1428 5254 antiquiores
1447 5188 1580 5238 Edd.
1606 5191 1660 5246 et
1683 5189 1826 5248 Mss,

151 5266 303 5322 quam
325 5254 524 5322 tu,_1l_ic
542 5257 792 5304 nimirum
811 5257 859 5304 id
874 5254 1302 5322 confiteturquod
1316 5266 1476 5322 supra
1499 5265 1613 5315 cap.
1639 5254 1688 5322 ξ’),
1708 5265 1828 5322 cum

149 5311 319 5389 diceret
342 5333 353 5364 :
377 5319 503 5389 .tlihi
523 5332 638 5366 sum
656 5322 962 5389 prmsentior
995 5329 1161 5380 quam
1178 5311 1315 5389 χειή..
1331 5311 1596 5389 etin-inerit
1611 5388 1617 5389 γ
1633 5317 1682 5364 te
1701 5311 1830 5389 inopi

151 5377 284 5427 nullo
294 5379 448 5442 modo
456 5375 834 5442 posseviolari;
848 5392 942 5442 ego
959 5375 1076 5429 vero
1093 5377 1284 5442 quibus
1298 5375 1831 5442 tentationtbusresis-

155 5442 248 5487 lere
259 5437 1301 5505 valeani,quibusvenonbaleamhtescio.
1316 5437 1579 5488 —Somm.
1593 5437 1825 5487 etRond.

155 5512 257 5549 cum
283 5507 308 5551 7
344 5501 690 5567 Mss.,'quam
725 5501 839 5563 tibi,
866 5504 943 5553 uti
973 5503 1094 5552 Lov.
1127 5502 1196 5551 Μ.

1557 255 1768 311 LIBER
1819 255 2149 313 DECIMUS.

3496 273 3601 326 806

1904 391 1996 429 me
2022 375 2352 446 diligentius
2385 377 2758 448 interrogem.
2807 379 2865 435 Si
2907 381 3152 437 utilitate
3181 385 3428 454 proximi
3470 405 3592 442 mo-

1907 481 2042 518 veor
2071 465 2128 518 in
2157 465 2418 520 laudibus
2445 468 2609 536 meis,
2630 484 2732 521 cur
2748 468 3204 535 minusmoveor,
3228 473 3273 526 si
3291 474 3594 544 quisquam

1907 553 2054 608 alius
2083 553 2291 624 injuste
2323 555 2691 626 vituperetur,
2723 573 2896 627 quam
2926 559 2973 611 si
3004 560 3149 628 ego?
3177 576 3278 614 cur
3308 578 3375 616 ea
3397 569 3600 617 contu-

1911 643 2081 700 melia
2110 643 2290 714 magis
2321 645 2584 698 mordeor
2607 662 2735 716 quas
2763 647 2822 700 in
2847 663 2959 715 me,
2983 664 3156 717 quam
3176 665 3305 720 quas
3333 650 3392 703 in
3423 652 3599 706 alium

1910 732 2108 787 eadem
2137 732 2437 803 iniquitate
2469 749 2657 786 coram
2689 750 2780 788 me
2793 735 3043 805 jacitur?
3071 740 3156 790 An
3184 743 3239 791 et
3261 739 3367 792 hoc
3381 741 3602 794 nescio?

1914 820 2171 876 Etiamne
2204 818 2259 873 id
2292 824 2467 873 restat
2495 825 2558 873 ut
2586 821 2706 890 ipse
2731 839 2822 876 me
2853 823 3139 891 seducam,
3170 830 3226 878 et
3253 841 3451 880 verum
3485 843 3600 881 non

1911 906 2114 961 faciam
2162 923 2355 961 coram
2395 912 2449 962 te
2492 907 2552 962 in
2591 910 2758 963 corde
2791 917 2847 963 et
2877 911 3071 982 lingua
3102 917 3272 968 mea?
3313 915 3600 970 Insaniam

1912 995 2096 1055 istam,
2133 995 2390 1063 Domine,
2423 997 2593 1066 longe
2628 999 2714 1051 fac
2742 1015 2776 1052 a
2821 1015 2931 1065 me,
2965 1017 3035 1054 ne
3067 1004 3257 1056 oleum
3287 1005 3601 1072 peccatoris

1912 1084 2056 1139 mihi
2115 1083 2185 1138 sit
2214 1102 2276 1139 os
2308 1101 2499 1139 meum
2548 1087 2616 1140 ad
2670 1087 3148 1159 impinguaudum
3197 1096 3368 1161 caput
3403 1108 3601 1147 meum

1914 1174 2078 1243 (Psal.
2110 1190 2225 1232 CXL,

2495 1263 2721 1317 CAPUT
2751 1266 3020 1319 XXXVlll.

2211 1355 2278 1406 Et
2309 1354 2504 1405 virtuti
2528 1353 2828 1420 periculum
2857 1371 2892 1404 (ι
2921 1371 3065 1407 mna
3091 1357 3292 1421 gloria.

1984 1444 2071 1494 (53.
2103 1441 2324 1510 Egerius
2357 1445 2412 1493 et
2432 1456 2650 1510 pauper
2672 1456 2777 1510 ego
2809 1458 2958 1510 sum,
2981 1449 3036 1496 et
3065 1445 3268 1498 melior
3296 1445 3354 1499 in
3387 1449 3604 1502 occulto

1915 1527 2134 1598 gemitu
2176 1527 2480 1598 displicens
2509 1527 2672 1598 mihi,
2721 1534 2778 1582 et
2841 1547 3102 1600 quaerens
3158 1534 3604 1590 misericordiam

1917 1623 2098 1684 tuam,
2143 1617 2323 1671 donec
2364 1616 2652 1671 reficiatur
2689 1617 2939 1672 defectus
2971 1636 3151 1687 meus,
3198 1626 3254 1676 et
3281 1624 3609 1693 perﬁciatur

1918 1721 2098 1775 usque
2129 1703 2186 1757 in
2215 1720 2413 1774 pacem
2452 1721 2621 1775 quam
2660 1705 2838 1758 nescit
2881 1708 3201 1776 arrogantis
3230 1711 3445 1764 oculus.
3479 1711 3605 1764 Ser-

1919 1809 2013 1846 mo
2045 1797 2236 1846 autem
2284 1809 2379 1846 ore
2422 1793 2755 1862 procedens,
2799 1798 2856 1847 et
2896 1795 3040 1847 facta
3083 1811 3211 1866 quin
3241 1796 3610 1852 innotescunt

1919 1882 2265 1946 hominibus,
2313 1881 2525 1936 habent
2559 1882 2930 1936 tentationem
2974 1883 3507 1952 periculosissimam
3539 1887 3608 1940 ab

1920 1985 2114 2024 amore
2173 1969 2373 2032 laudis,
2419 1969 2489 2022 ad
2533 1968 2810 2039 privatam
2855 1971 3163 2040 quamdam
3215 1975 3608 2029 excellentiam

1920 2057 2204 2112 contrahit
2234 2056 2586 2112 emendicata
2614 2057 2914 2126 sutt'ragia;
2952 2063 3131 2114 tentat
3163 2056 3180 2090 ⁴
3203 2066 3258 2114 et
3281 2078 3412 2116 cum
3442 2079 3474 2116 a
3517 2077 3609 2116 me

1921 2148 1981 2201 in
2011 2163 2102 2201 me
2134 2147 2422 2217 arguitur,
2465 2162 2532 2200 eo
2561 2146 2685 2216 ipso
2714 2163 2828 2217 quo
2861 2149 3148 2215 arguitur;
3172 2154 3230 2203 et
3258 2167 3406 2221 saepe
3441 2151 3613 2204 homo

1921 2238 1989 2292 de
2020 2236 2145 2306 ipso
2163 2252 2322 2289 vanae
2342 2233 2540 2306 gloriae
2565 2239 2896 2305 contemptu
2914 2236 3113 2291 vanius
3137 2238 3439 2308 gloriatur;
3462 2240 3612 2294 ideo-

1923 2342 2033 2397 que
2057 2341 2177 2379 non
2211 2325 2332 2396 jam
2367 2323 2436 2378 de
2481 2323 2605 2394 ipso
2648 2328 2983 2394 contemptu
3013 2323 3037 2357 ³
3065 2325 3263 2395 gloriae
3310 2328 3614 2399 gloriatur,

1924 2431 2040 2469 non
2071 2413 2228 2470 enim
2257 2429 2380 2468 eam
2402 2413 2736 2475 contemnit,
2762 2429 2892 2466 cum
2921 2414 3201 2483 gloriatur
3228 2417 3400 2472 intus.

2529 2501 2753 2555 CAPUT
2786 2503 3000 2556 XXXIX.

2321 2591 2540 2644 Amoris
2567 2591 2785 2658 proprii
2807 2593 2890 2644 vis
2921 2596 2971 2645 et
2996 2597 3214 2648 natura.

1996 2679 2083 2733 64.
2117 2677 2298 2731 Etiam
2328 2677 2481 2731 intus
2515 2681 2598 2730 est
2628 2677 2780 2731 aliud
2804 2677 2866 2731 in
2885 2678 3088 2732 eodem
3117 2696 3325 2749 genere
3351 2681 3616 2735 tentatio-

1927 2767 2013 2820 nis
2045 2767 2278 2831 malum,
2336 2781 2449 2835 quo
2495 2765 2829 2818 inanescunt
2876 2766 2974 2836 qui
3023 2767 3250 2836 placent
3295 2769 3404 2823 sibi
3433 2770 3502 2824 de
3535 2786 3614 2834 se,

1928 2853 2186 2926 quamvis
2215 2853 2342 2906 aliis
2379 2855 2465 2906 vel
2499 2868 2616 2906 non
2644 2853 2904 2922 placeant
2933 2852 2975 2915 ⁵,
3003 2856 3089 2907 vel
3122 2855 3480 2926 displiceant,
3514 2874 3615 2910 nec

1927 2945 2150 3014 placere
2197 2942 2460 2995 affectent
2501 2941 2738 2994 caeteris.
2775 2941 2880 2994 Sed
2912 2941 3018 2996 sibi
3048 2944 3336 3011 placentes
3370 2946 3616 2999 multum

1927 3031 2030 3085 tibi
2060 3030 2380 3101 displicent,
2406 3045 2517 3082 non
2548 3033 2772 3082 tantum
2803 3029 2872 3083 de
2901 3046 3018 3083 non
3049 3031 3215 3084 bouis
3244 3032 3407 3102 quasi
3427 3033 3615 3100 bonis,

1929 3136 2126 3173 verum
2152 3119 2322 3172 etiam
2353 3118 2422 3172 de
2445 3117 2608 3172 bonis
2637 3117 2751 3172 tuis
2777 3117 2941 3188 quasi
2968 3119 3117 3184 suis;
3146 3124 3244 3174 aut
3273 3120 3444 3175 etiam
3472 3121 3616 3174 sicut

1929 3209 1997 3263 de
2018 3209 2150 3275 tuis,
2182 3207 2281 3262 sed
2311 3211 2585 3277 tanquam
2615 3223 2682 3260 ex
2713 3206 2932 3260 meritis
2964 3207 3117 3274 suis;
3145 3213 3244 3262 aut
3272 3209 3444 3263 etiam
3473 3210 3616 3263 sicut

1929 3315 1992 3352 ex
2018 3303 2116 3351 tua
2147 3295 2328 3366 gratia
2357 3293 2401 3361 ⁸,
2435 3311 2552 3348 non
2580 3299 2772 3347 tamen
2804 3294 3089 3349 socialiter
3133 3297 3468 3367 gaudentes,
3521 3298 3617 3352 sed

1930 3384 2054 3438 aliis
2085 3383 2404 3437 invidentes
2435 3398 2520 3435 ea.
2570 3383 2630 3434 ln
2661 3381 2749 3435 bis
2781 3382 3048 3436 omnibus
3076 3388 3246 3454 atque
3291 3385 3621 3456 bujusmodi

1929 3472 2198 3544 periculis
2237 3476 2292 3525 et
2323 3470 2611 3524 laboribus
2641 3470 2798 3524 vides
2827 3475 3133 3526 tremorem
3175 3473 3360 3528 cordis
3391 3474 3534 3540 mei;
3567 3479 3623 3526 et

1931 3562 2164 3614 vulnera
2210 3576 2337 3614 mea
2367 3559 2550 3630 magis
2580 3559 2818 3614 subinde
2854 3577 2887 3613 a
2917 3565 2971 3615 te
3002 3561 3212 3629 sanari,
3257 3579 3429 3633 quam
3479 3563 3620 3617 mihi

1930 3665 2042 3703 non
2067 3648 2252 3718 intligi
2283 3647 2488 3701 sentio.
3181 3669 3185 3673 -

2600 3737 2824 3790 CAPUT
2853 3736 2957 3790 XL.

2073 3822 2226 3895 Quod
2253 3826 2310 3876 in
2338 3838 2393 3877 se
2411 3828 2460 3877 et
2482 3826 2687 3877 caeteris
2716 3823 2872 3876 rebus
2900 3826 3064 3878 Deum
3086 3826 3454 3892 investigarit.

2001 3916 2087 3967 65.
2115 3912 2220 3965 Ubi
2239 3927 2356 3966 non
2373 3927 2597 3966 mecum
2614 3911 2942 3977 ambulasti,
2965 3913 3201 3979 Veritas,
3233 3914 3444 3968 docens
3482 3915 3618 3986 quid

1929 4017 2158 4056 caveam
2220 4005 2276 4055 et
2335 4000 2475 4070 quid
2538 4007 2824 4070 appetam,
2885 4017 3016 4055 cum
3085 4001 3155 4055 ad
3221 4007 3276 4055 te
3345 4003 3619 4056 referrem

1931 4092 2048 4145 visa
2102 4106 2230 4144 mea
2286 4106 2413 4160 quae
2470 4089 2659 4160 potui,
2718 4095 2889 4160 teque
2935 4089 3334 4144 consulerem?
3365 4091 3620 4146 Lustravi

1931 4179 2211 4234 mundum
2243 4178 2382 4233 foris
2408 4194 2574 4232 sensu
2607 4195 2719 4248 quo
2751 4178 2933 4249 potui,
2977 4184 3032 4232 et
3057 4180 3271 4234 attendi
3294 4180 3468 4235 vitam
3499 4197 3622 4234 cor-

1929 4267 2085 4339 poris
2108 4268 2223 4322 mei
2262 4267 2332 4321 de
2365 4283 2476 4334 me,
2509 4283 2824 4338 sensusque
2850 4267 3001 4338 ipsos
3032 4284 3208 4323 meos.
3244 4268 3381 4322 Inde
3408 4268 3625 4340 ingres-

1931 4373 2025 4411 sus
2055 4373 2182 4410 sum
2212 4356 2270 4410 in
2306 4372 2558 4411 recessus
2587 4355 2882 4409 memoria).
2930 4372 3094 4422 meas,
3129 4355 3473 4427 multiplices
3503 4374 3628 4412 ani-

1930 4453 2238 4525 plitudines
2268 4454 2465 4524 plenas
2503 4452 2663 4506 miris
2702 4452 2887 4506 modis
2911 4452 3207 4523 copiarum
3238 4453 3627 4508 innumerabi-

1931 4543 2106 4608 lium;
2149 4547 2206 4595 et
2246 4540 2624 4609 consideravi,
2675 4546 2732 4595 et
2761 4541 2976 4612 expavi,
3009 4545 3064 4595 et
3090 4541 3235 4596 nihil
3267 4558 3471 4598 eorum
3508 4543 3624 4598 dis-

1997 4633 2009 4666 1
2030 4629 2238 4684 Am,Er.
2253 4637 2304 4678 et
2325 4630 2468 4686 Lov.,
2490 4629 2794 4692 ronlrafiere
2807 4628 3134 4692 emendicata
3152 4628 3411 4692 su/I‘ragia
3434 4634 3628 4688 tentat:

1932 4696 2119 4742 etcum
2136 4704 2171 4741 a
2188 4705 2270 4739 me
2287 4688 3138 4753 Som.,contrabit,etemendicata
3151 4688 3415 4753 suﬂrabia
3431 4699 3626 4745 tentat:

1933 4757 1977 4803 et
1997 4766 2113 4804 cum
2126 4766 2160 4801 α
2175 4766 2278 4802 me.
2302 4752 2638 4815 Praetulimus
2651 4751 2928 4815 lectionem
2941 4755 3084 4810 Mss.,
3099 4751 3396 4815 quinetiam
3408 4761 3488 4804 est
3500 4758 3602 4815 Bad
3613 4794 3624 4805 .

1935 4820 1986 4864 et
2000 4818 2123 4925 Art/1.
2141 4817 2299 4864 Porro
2325 4815 2378 4862 in
2393 4813 2634 4876 sequenti
2659 4814 2918 4862 sententia
2938 4813 3249 4877 plures—Mss.
3276 4814 3629 4868 omittuutno-

1936 4891 2054 4925 men
2098 4890 2249 4925 zomo.

1936 4891 2054 4926 men
2081 4890 2249 4931 nomo.

1997 4941 2018 4973 ²
2046 4939 2158 5009 Am.
2182 4939 2266 4986 Er.
2281 4937 2623 5009 Lov.,de‘ipso
2634 4949 2789 4986 vana?
2802 4936 2984 5009 gtoria:
3010 4940 3333 5009 contemptu.
3357 4943 3515 5009 Abest
3533 4956 3627 4992 ra-

1937 5016 2056 5051 naea
2084 5002 2452 5063 Mss.,quorum
2472 5000 2630 5048 etiam
2652 5000 2896 5048 nonnulli
2918 5003 3078 5050 verba
3090 5000 3364 5064 sequentia
3375 5005 3448 5052 sic
3476 5005 3631 5052 inter-

1937 5066 2212 5127 pungunt:
2238 5066 2348 5112 Νοη
2383 5064 2671 5127 enimram
2698 5067 2986 5114 contemnit
3011 5077 3131 5114 cum
3163 5066 3444 5126 gloriatur.
3485 5069 3629 5115 Intus

1937 5123 2115 5177 Etim—it:
2143 5127 2282 5173 intus
2298 5128 2374 5174 est
2395 5123 2564 5173 aliud.

2001 5187 2134 5298 gustic
2159 5186 2386 5250 potiores
2410 5187 2532 5235 Mss.
2551 5187 2675 5236 Lov.
2705 5200 2850 5248 vero,
2874 5188 3068 5251 absque
3097 5189 3394 5251 negatione,
3412 5189 3626 5249 rcipia-

1938 5262 2063 5298 cea-n
2073 5262 2110 5298 ι.

2001 5309 2185 5381 {Edd.
2221 5310 2457 5381 plerique
2492 5311 2664 5381 locum
2692 5311 2909 5381 huncce
2931 5310 3384 5381 itainterpolatpm
3407 5309 3623 5381 habent:

1939 5371 2386 5422 Autetiam'ﬂcut'
2401 5386 2468 5423 ea:
2491 5377 2585 5424 tua
2608 5374 2910 5436 gralia,sed
2926 5388 3031 5436 non
3053 5371 3378 5429 sua‘merita,
3398 5384 3516 5421 non
3543 5375 3626 5436 tq-

1939 5448 2083 5508 ῃιεη,
2100 5436 2541 5547 θῑοὶῐὶῆωογὶωυε
2554 5434 2714 5486 verba
2737 5435 3028 5494 istbiec,sed
3037 5447 3144 5484 non
3157 5444 3259 5483 sua
3272 5436 3482 5489 merita.
3501 5434 3628 5495 quia

1941 5512 2003 5546 us
2028 5509 2182 5546 caren
2287 5511 2358 5547 ss.

1941 5512 2003 5546 IIS
2028 5509 2208 5546 carent
2234 5509 2358 5547 MSS.
