4058 6408
384 278 486 330 807

384 412 620 452 cernere
642 393 812 466 potui
837 392 958 446 sine
986 395 1065 458 te,
1093 394 1149 445 et
1177 390 1322 445 nihil
1364 405 1566 445 eorum
1610 405 1730 444 esse
1769 392 1823 442 te
1867 386 2082 441 inveni.

385 486 498 539 Nec
523 501 631 554 ego
660 484 782 553 ipse
820 481 1081 534 inventor
1108 479 1209 550 qui
1230 480 1529 550 peragravi
1557 476 1770 543 omnia,
1801 480 1857 530 et
1886 476 2086 530 distin-

389 588 563 644 guere
593 577 651 625 et
671 587 775 641 pro
806 570 921 623 suis
950 585 1194 640 quasque
1225 569 1598 638 dignitatibus
1619 565 1902 620 aestimare
1922 580 2086 618 cona-

387 664 480 713 tus
512 657 1092 728 sum;excipiensalia
1123 657 1520 711 nuntiantibus
1543 654 1819 719 sensibus,
1845 653 2083 707 etinler-

389 763 598 817 rogans
626 747 737 801 alia
763 762 984 800 mecum
1013 746 1323 799 commixta
1347 743 1611 807 sentiens,
1645 743 1911 813 ipsosque
1941 758 2081 795 nun-

389 835 496 889 tios
515 835 850 906 dignoscens
870 840 1040 906 atque
1059 837 1462 896 dinumerans,
1490 832 1724 902 jamque
1763 831 1825 884 in
1855 845 2080 883 memo-

389 925 490 979 rite
516 922 680 980 ‘latis
712 927 915 997 opibus
930 927 1042 980 alia
1068 928 1436 996 pertractans,
1471 922 1583 976 alia
1613 921 1944 988 recondens,
1972 920 2084 973 alia

391 1030 616 1068 eruens.
651 1016 761 1069 Nec
787 1031 892 1084 ego
921 1015 1042 1083 ipse
1067 1027 1196 1066 cum
1217 1013 1339 1066 haec
1365 1026 1616 1082 agerem,
1649 1009 1706 1065 id
1729 1013 1816 1063 est
1843 1008 1925 1061 vis
1957 1024 2082 1062 mea

390 1119 503 1174 qua
531 1103 589 1158 id
623 1105 880 1174 agebam,
912 1117 1016 1156 nec
1035 1101 1160 1171 ipsa
1189 1117 1312 1154 eras
1344 1104 1428 1168 tu,
1474 1098 1609 1170 quia
1639 1098 1735 1151 lux
1773 1114 1834 1152 es
1864 1090 1918 1151 tu
1952 1113 2081 1168 per-

390 1209 625 1246 manens
672 1209 844 1262 quam
884 1191 953 1245 de
1000 1190 1266 1244 omnibus
1317 1188 1682 1243 consulebam
1739 1203 1810 1240 an
1872 1191 2078 1252 essent,

388 1282 526 1353 quid
557 1285 762 1347 essent,
814 1279 1013 1350 quanti
1070 1279 1371 1349 pandenda
1417 1282 1632 1331 essent:
1668 1279 1725 1330 et
1776 1274 2078 1329 audiebam

388 1369 683 1423 docentem
714 1384 775 1420 ac
797 1367 1116 1436 jubentem.
1150 1368 1214 1420 Et
1241 1383 1390 1436 saepe
1424 1364 1577 1418 istud
1626 1364 1799 1429 facio;
1835 1363 1944 1417 hoc
1990 1379 2079 1416 me

385 1457 646 1523 delectat,
694 1460 750 1510 et
794 1456 864 1510 ab
915 1455 1228 1509 actionibus
1275 1452 1627 1508 necessitatis
1665 1457 1943 1523 quantum
1989 1467 2079 1505 re-

385 1545 561 1600 laxari
588 1561 839 1614 possum,
863 1545 931 1598 ad
961 1543 1128 1597 istam
1157 1544 1502 1614 voluptatem
1524 1539 1762 1610 refugio.
1796 1541 1989 1610 Neque
2019 1539 2080 1594 in

383 1635 473 1688 his
501 1634 780 1698 omnibus,
829 1649 957 1705 qum
986 1650 1254 1704 percurro
1287 1632 1587 1687 consulens
1615 1633 1692 1696 te,
1725 1628 1954 1683 invenio
1986 1634 2076 1682 tu-

382 1728 505 1778 tum
535 1723 724 1777 locum
772 1724 978 1777 animae
1027 1738 1170 1776 mese
1202 1721 1312 1775 nisi
1344 1721 1405 1774 in
1452 1725 1528 1785 te,
1571 1735 1685 1789 quo
1733 1718 2079 1788 colligantur

383 1828 578 1882 sparsa
607 1827 753 1878 mea,
782 1827 883 1866 nec
903 1830 935 1866 a
963 1816 1018 1865 te
1047 1811 1362 1882 quidquam
1395 1808 1626 1885 reqedat
1653 1823 1720 1860 ex
1743 1823 1854 1861 me.
1882 1808 1946 1860 Et
1979 1807 2078 1860 ali-

383 1901 610 1971 quando
633 1900 966 1954 intromittis
989 1917 1079 1954 me
1101 1899 1158 1953 in
1182 1900 1446 1953 allectum
1469 1897 1716 1950 multum
1738 1895 2076 1950 inusitatum

380 1988 662 2042 introrsus
691 1989 760 2042 ad
789 1990 979 2043 nescio
1018 2005 1189 2060 quam
1223 1987 1602 2052 dulcedinem,
1652 2002 1782 2056 quas
1829 1985 1875 2037 si
1905 1985 2075 2056 perli-

381 2075 560 2131 ciatur
589 2077 648 2130 in
679 2093 789 2145 me,
824 2077 1014 2131 nescio
1043 2077 1180 2147 quid
1207 2076 1315 2130 erit
1344 2075 1496 2147 quod
1523 2075 1636 2128 vita
1662 2073 1770 2127 ista
1800 2090 1915 2128 non
1947 2073 2071 2128 erit.

380 2165 490 2218 Sed
520 2166 706 2219 recide
736 2165 796 2218 in
836 2167 957 2219 haec
999 2165 1336 2219 aerumnosis
1380 2163 1749 2234 ponderibus,
1791 2167 1848 2216 et
1888 2179 2074 2216 resor-

379 2255 518 2309 beor
546 2255 747 2324 solitis,
781 2260 837 2308 et
879 2261 1094 2320 teneor,
1128 2259 1185 2307 et
1227 2254 1474 2307 multum
1519 2255 1649 2319 ﬂeo,
1695 2253 1795 2306 sed
1824 2253 2072 2305 multum

377 2349 594 2399 teneor.
626 2346 868 2399 Tantum
892 2343 1320 2398 consuetudinis
1352 2342 1571 2396 sarcina
1593 2341 1864 2411 degravat
1889 2344 1936 2396 ἐ
1977 2341 2074 2394 Hic

380 2449 499 2487 esse
547 2435 727 2500 valeo,
782 2448 885 2487 nec
934 2433 1097 2498 volo;
1137 2431 1254 2485 illic
1318 2431 1457 2492 volo,
1499 2447 1603 2484 nec
1649 2431 1843 2496 valeo;
1900 2429 2074 2484 miser

377 2522 704 2593 utrobique.

1038 2591 1260 2647 CAPUT
1289 2591 1416 2644 XLI.

949 2682 1170 2750 Triplex
1204 2681 1497 2749 cupiditas.

449 2773 534 2824 66.
562 2769 808 2840 Ideoque
831 2770 1184 2824 considerari
1206 2771 1510 2840 languores
1525 2772 1886 2838 peccatorum
1907 2783 2069 2820 meo-

377 2874 505 2911 rum
532 2858 591 2911 in
620 2858 930 2928 cupiditate
963 2857 1170 2926 triplici
1198 2878 1212 2924 ;
1245 2857 1606 2911 etdexteram
1626 2861 1784 2910 tuam
1811 2855 2073 2910 invocavi

378 2945 449 3000 ad
480 2946 720 3000 salutem
754 2962 961 3000 meam.
992 2945 1119 3000 Vidi
1148 2945 1301 2998 enim
1324 2945 1685 3015 splendorem
1707 2950 1870 2997 tuum
1907 2943 2071 2997 corde

379 3034 590 3102 saucio,
622 3039 680 3088 et
708 3051 1075 3104 repercussus
1105 3035 1220 3089 dixi
1251 3051 1262 3088 :
1298 3034 1436 3098 Quis
1478 3032 1615 3086 illuc
1658 3033 1886 3102 potest?
1931 3033 2068 3085 Pro-

370 3123 556 3192 jectus
585 3139 713 3177 sum
743 3141 772 3177 a
803 3123 944 3178 facie
970 3125 1267 3176 oculorum
1300 3128 1530 3176 tuorum
1565 3122 1731 3188 (Psal.
1776 3138 1908 3183 xxx,
1940 3123 2062 3191 23).

375 3211 458 3265 'I‘u
491 3228 549 3264 es
580 3210 796 3264 Veritas
817 3227 988 3282 super
1013 3211 1207 3265 omnia
1234 3211 1544 3281 prmsidens
1577 3227 1589 3264 :
1623 3217 1681 3264 at
1701 3227 1807 3280 ego
1821 3227 1924 3281 per
1949 3228 2072 3265 ava-

376 3298 566 3352 ritiam
599 3315 783 3352 meam
814 3316 930 3352 non
960 3301 1219 3354 amittere
1250 3305 1304 3354 te
1337 3300 1507 3365 volui,
1542 3300 1640 3353 sed
1680 3299 1832 3352 volui
1880 3304 2070 3354 tecum

378 3387 668 3455 possidere
699 3386 1095 3451 mendacium;
1127 3387 1271 3440 sicut
1302 3403 1470 3441 nemo
1500 3388 1619 3440 vult
1647 3386 1724 3440 ita
1753 3387 1959 3440 falsum
1989 3387 2072 3441 di-

376 3489 523 3541 cere,
565 3478 630 3527 ut
650 3473 861 3527 nesciat
888 3474 1008 3545 ipse
1039 3473 1175 3544 quid
1213 3490 1411 3528 verum
1440 3474 1532 3528 sit.
1567 3476 1767 3545 Itaque
1797 3475 1963 3528 amisi
1989 3479 2066 3541 te,

377 3562 513 3634 quia
542 3579 659 3618 non
688 3563 941 3634 dignaris
979 3579 1108 3616 cum
1140 3564 1436 3617 mendacio
1466 3563 1768 3633 possideri.

1014 3671 1237 3724 CAPUT
1269 3671 1428 3725 XLII.

375 3759 636 3816 Nonnulli
665 3758 738 3812 ad
759 3759 1018 3812 daemones
1049 3763 1308 3829 tanquam
1341 3759 1604 3814 redeundi
1647 3760 1722 3813 ad
1763 3763 1930 3815 Deum
1959 3777 2069 3815 mc—

729 3849 965 3902 diutorcs
1017 3850 1308 3914 infelicilm'
1351 3855 1712 3904 recurrcrunt.

447 3939 534 3990 67.
564 3936 743 4000 Quem
772 3937 1085 3991 invenirem
1115 3937 1214 4008 qui
1240 3953 1333 3992 me
1356 3939 1747 3992 reconciliaret
1773 3939 1922 3992 tibi?
1941 3941 2070 3992 Am-

375 4022 649 4078 biendum
683 4029 704 4060 ³
731 4025 872 4079 mihi
909 4025 1016 4079 fuit
1047 4026 1116 4079 ad
1149 4027 1441 4095 Angelos?
1471 4027 1591 4090 Qua
1621 4029 1832 4096 prece?
1862 4027 2068 4097 quibus

376 4113 742 4166 sacramentis
769 4115 797 4166 ?
827 4114 983 4166 Multi
1013 4120 1281 4167 conantes
1313 4115 1383 4167 ad
1413 4118 1467 4166 te
1500 4115 1707 4181 redire,
1752 4131 1937 4186 neque
1967 4132 2070 4185 per

375 4200 592 4268 seipsos
621 4201 892 4265 valentes,
925 4201 1071 4254 sicut
1098 4202 1287 4266 audio,
1320 4207 1683 4256 tentavcrunt
1711 4203 1851 4269 haec,
1886 4208 1942 4257 et
1973 4203 2068 4258 in—

374 4287 716 4341 cideruntin
747 4288 1092 4342 desiderium
1120 4289 1788 4355 curiosarumvisionum,
1821 4297 1877 4345 et
1910 4291 2069 4360 digni

373 4375 551 4429 habiti
585 4380 718 4429 sunt
748 4376 1128 4433 illusiouibus.
1165 4378 1305 4431 Elati
1337 4378 1490 4432 enim
1525 4383 1576 4432 te
1606 4379 1939 4449 quaarebant
1968 4382 2067 4435 do-

375 4463 572 4517 ctrinae
598 4465 768 4533 fastu,
782 4469 1077 4519 exerentes
1089 4465 1280 4536 potius
1292 4482 1463 4536 quam
1492 4468 1796 4521 tundentes
1817 4473 2063 4539 pectora,

375 4558 433 4606 et
461 4552 817 4607 adduxerunt
845 4554 951 4608 sibi
976 4571 1078 4625 per
1113 4555 1546 4610 similitudinem
1593 4557 1778 4610 cordis
1813 4557 1901 4611 sui
1931 4574 2065 4611 con-

375 4641 652 4711 spirantes
671 4647 727 4697 et
751 4643 930 4698 socias
959 4644 1240 4715 superbia:
1280 4660 1397 4698 sua:
1426 4649 1731 4714 potestates
1779 4646 1925 4699 aeris
1956 4647 2064 4700 hu-

368 4729 464 4799 jus
491 4729 705 4800 (Ephcs.
739 4749 798 4798 ιι,
821 4733 901 4802 2),
931 4749 965 4786 a
993 4733 1202 4805 quibus
1232 4749 1335 4803 per
1363 4733 1646 4804 potentias
1688 4733 1936 4804 magicas
1966 4734 2063 4790 de-

374 4819 715 4889 ciperentur,
746 4827 1066 4892 quaerentes
1093 4823 1471 4877 mediatorem
1515 4839 1620 4894 per
1649 4840 1820 4894 quem
1852 4840 2063 4895 purga-

372 4913 592 4975 rentur,
626 4914 822 4963 etnon
853 4916 994 4966 erat.
1029 4911 1291 4966 Diabolus
1322 4911 1476 4967 enim
1501 4917 1623 4966 erat
1649 4913 2065 4985 transﬁgurans

372 5012 430 5048 se
457 4994 518 5048 in
559 4997 842 5066 Angelum
888 4998 1030 5051 lucis
1072 4998 1142 5068 (II
1187 5000 1330 5065 Cor.,
1363 5017 1440 5064 x1,
1503 5000 1693 5069 14).Ει
1721 5002 1966 5055 multum
1995 5002 2062 5055 il-

370 5081 506 5135 lexit
529 5083 834 5153 superbam
864 5101 1113 5151 carnem,
1147 5087 1296 5158 quod
1323 5103 1528 5142 carneo
1559 5089 1930 5160 corporeipse
1950 5107 2064 5143 non

371 5175 535 5225 esset.
569 5171 906 5227 Erantenim
925 5173 1009 5227 illi
1025 5177 1293 5230 mortales
1309 5182 1364 5230 et
1385 5181 1710 5247 peccatores
1735 5183 1827 5244 ;tu
1847 5184 2059 5247 autem,

433 5281 450 5346 ξ
483 5279 630 5346 bovi,
653 5282 709 5330 in
740 5282 1002 5346 memoria
1027 5281 1408 5346 elqtisiopibus.

429 5341 453 5375 9
482 5341 540 5389 Iu
576 5342 699 5390 Mss.
723 5343 989 5401 omnibus,
1017 5343 1163 5393 nullo
1189 5341 1294 5393 fere
1317 5349 1563 5401 excepto:
1601 5347 1826 5398 Tantum
1850 5362 2062 5400 consue-

368 5402 572 5468 tudinis
586 5405 801 5468 sarcina
835 5406 1002 5468 digna
1029 5409 1117 5456 cst.
1152 5407 1229 5455 Ita
1257 5407 1411 5455 etiam
1445 5402 1568 5458 Bad.

429 5468 450 5499 ³
474 5465 558 5533 Sig
582 5467 723 5533 Mss,
747 5465 965 5531 excepto
982 5469 1199 5533 Lyrensi
1218 5469 1306 5533 qui
1327 5469 1485 5520 habet
1505 5469 1830 5523 abeundum.
1853 5473 1919 5524 At
1934 5473 2058 5526 Bad.

365 5525 482 5577 Am.
516 5527 601 5577 Er.
630 5530 787 5592 Lov.,
816 5525 894 5582 aii
917 5525 1165 5582 eundum.

1587 267 1720 321 [ΣοΝ
1731 264 2128 321 FESSIONUM
2171 264 2224 320 S.
2280 265 2683 322 AUGUS’I‘INI.

3791 274 3896 326 308

2198 387 2459 453 Domine,
2489 387 2579 442 cui
2604 386 2960 442 reconciliari
2986 387 3230 458 superbe
3262 389 3616 460 quaerebant,
3651 390 3898 445 immor-

2195 477 2322 529 talis
2351 481 2409 530 et
2437 477 2557 530 sine
2586 481 2839 547 peccato.
2903 477 3177 532 Mediator
3204 482 3395 532 autem
3426 478 3576 532 inter
3625 481 3809 534 Deum
3842 485 3900 535 et

2195 564 2454 619 homines
2485 565 2528 636 (Ι
2564 568 2698 621 Tim.
2745 583 2803 633 ιι,
2854 567 2903 633 5)
2962 567 3262 636 oportebat
3292 571 3354 620 ut
3405 567 3642 622 haberet
3675 569 3894 640 aliquid

2195 653 2377 709 simile
2411 655 2541 720 Deo,
2574 654 2793 724 aliquid
2822 654 3008 709 simile
3037 655 3368 710 hominibus
3395 673 3408 710 :
3439 672 3512 710 ne
3541 656 3601 710 in
3644 662 3893 728 utroque

2194 742 2524 797 hominibus
2554 743 2774 810 similis,
2801 743 2973 814 longe
3001 749 3147 798 esset
3184 761 3217 797 a
3239 746 3360 798 'Deo
3387 761 3401 812 ;
3432 746 3614 800 autin
3644 751 3892 817 utroque

2196 830 2313 884 Deo
2344 829 2564 896 similis,
2597 831 2764 900 longe
2796 837 2942 884 esset
2970 832 3041 885 ab
3061 831 3415 902 hominibus,
3445 836 3619 904 atque
3656 833 3736 887 ita
3767 849 3890 887 me-

2194 916 2382 972 diator
2412 934 2528 972 non
2549 923 2718 972 esset.
2761 919 2947 972 Fallax
2977 919 3168 990 itaque
3193 920 3289 974 ille
3309 921 3613 990 mediator,
3646 937 3762 993 quo
3784 937 3891 992 per

2194 1009 2408 1059 secreta
2414 1006 2435 1076 j
2447 1005 2631 1060 udicia
2641 1009 2740 1059 tua
2752 1006 3020 1076 superbia
3035 1012 3350 1062 mereretur
3363 1008 3540 1071 illudi,
3553 1025 3736 1064 unum
3759 1026 3891 1064 cum

2194 1091 2524 1146 hominibus
2569 1093 2759 1161 habet,
2795 1094 2849 1149 id
2876 1100 2972 1148 est
2998 1100 3290 1166 peccatum
3319 1113 3331 1151 :
3363 1097 3521 1151 aliud
3559 1097 3740 1152 videri
3769 1099 3894 1153 vult

2193 1180 2401 1234 habere
2422 1198 2549 1235 cum
2581 1183 2715 1249 Deo,
2756 1187 2820 1236 ut
2849 1183 2980 1254 quia
3013 1186 3199 1238 carnis
3228 1185 3574 1240 mortalitate
3601 1202 3720 1240 non
3743 1187 3890 1257 tegi-

2192 1275 2305 1335 tur,
2339 1286 2443 1339 pro
2475 1271 2784 1325 immortali
2813 1289 2870 1326 se
2917 1278 3182 1328 ostentet.
3216 1274 3325 1328 Sed
3357 1274 3492 1345 quia
3534 1275 3887 1346 stipendium

2193 1357 2407 1428 peccati
2439 1375 2589 1411 mors
2619 1367 2721 1426 est,
2751 1361 2857 1413 hoc
2869 1360 3040 1414 habet
3060 1377 3363 1416 commune
3380 1378 3510 1416 cum
3530 1363 3884 1432 hominibus,

2190 1446 2346 1500 unde
2375 1447 2543 1500 simul
2585 1447 2886 1502 damnetur
2916 1449 2976 1502 in
3005 1455 3265 1506 mortem.

2820 1539 3042 1593 CAPUT
3070 1541 3256 1594 XLIII.

2659 1626 2908 1680 Christus
2935 1643 3092 1680 verus
3121 1628 3404 1682 mediator.

2262 1715 2348 1766 68.
2382 1714 2564 1766 Verax
2595 1717 2784 1766 autem
2818 1715 3102 1768 mediator
3130 1732 3302 1786 quem
3331 1721 3547 1770 secreta
3574 1721 3674 1771 tua
3712 1707 3886 1771 mise-

2187 1800 2433 1855 ricordia
2479 1801 2880 1857 demonstrasti
2932 1804 3265 1868 humilibus,
3299 1809 3356 1859 et
3397 1805 3601 1860 misisti
3655 1811 3721 1860 ut
3763 1807 3890 1876 ejus

2189 1898 2450 1968 exemplo
2480 1898 2648 1952 etiam
2674 1899 2855 1970 ipsam
2879 1899 3160 1954 discerent
3177 1901 3581 1969 humilitatem,
3606 1903 3891 1958 mediator

2187 1985 2284 2040 ille
2310 1986 2406 2040 Dei
2439 1992 2493 2041 et
2523 1987 2823 2042 hominum
2855 1989 3028 2043 homo
3061 1989 3313 2044 Christus
3334 1992 3512 2060 Jesns,
3558 1991 3709 2046 inter
3737 2009 3890 2048 mor-

2187 2077 2330 2129 tales
2345 2077 2738 2146 peccatoresfet
2766 2077 3148 2131 immortalem
3159 2080 3378 2148 justum
3403 2080 3696 2149 apparuit;
3725 2097 3886 2135 mor-

2186 2164 2314 2218 talis
2345 2181 2475 2218 cum
2507 2164 2859 2232 hominibus,
2909 2167 3096 2236 justus
3143 2183 3273 2220 cum
3316 2169 3451 2222 Deo.
3504 2168 3576 2222 Ut
3605 2170 3886 2239 quoniam

2185 2247 2534 2322 stipendium
2561 2253 2796 2323 justitim
2834 2254 2950 2308 vita
2975 2260 3031 2309 et
3060 2272 3166 2326 pax
3189 2259 3294 2325 est,
3325 2257 3724 2327 perjustitiam
3755 2275 3891 2312 con-

2178 2341 2436 2410 junctam
2459 2343 2570 2395 Deo
2603 2347 2898 2396 evacuaret
2927 2348 3170 2398 mortem
3195 2345 3635 2414 justiticatorum
3673 2346 3883 2418 impio-

2182 2445 2312 2483 rum
2333 2432 2374 2496 ¹,
2407 2446 2578 2500 quam
2599 2447 2728 2485 cum
2757 2430 2868 2485 illis
2896 2432 3070 2486 voluit
3098 2433 3309 2488 habere
3338 2451 3725 2490 communem.
3763 2436 3891 2491 Hic‘

2183 2517 2604 2576 demonstratus
2634 2524 2718 2572 est
2746 2521 2990 2592 antiquis
3011 2521 3238 2588 sanctis,
3262 2523 3419 2576 utita
3445 2523 3553 2594 ipsi
3578 2541 3680 2595 per
3706 2526 3888 2579 tidem

2185 2605 2392 2660 futuras
2423 2606 2704 2676 passionis
2734 2608 2874 2677 ejus,
2919 2608 3062 2662 sicut
3091 2625 3197 2663 nos
3217 2626 3322 2679 per
3351 2611 3524 2664 tidem
3554 2613 3890 2684 praeteritae,

2186 2693 2325 2748 salvi
2355 2694 2578 2750 tierent.
2611 2697 2675 2749 1n
2705 2701 2984 2766 quantum
3014 2698 3165 2751 enim
3193 2698 3390 2765 homo,
3421 2699 3480 2753 in
3507 2703 3730 2754 tantum
3763 2718 3889 2756 me-

2185 2783 2406 2850 diator;
2441 2783 2498 2836 in
2534 2789 2810 2854 quantum
2833 2789 3022 2839 autem
3051 2786 3304 2852 verbum,
3340 2804 3456 2841 non
3483 2788 3723 2856 medius,
3747 2790 3891 2860 quia

2184 2871 2420 2943 mqualis
2450 2872 2586 2941 Deo,
2623 2877 2678 2926 et
2699 2874 2846 2926 Deus
2871 2874 3022 2944 apud
3056 2876 3236 2929 Deum
3295 2880 3352 2930 et
3379 2876 3548 2930 simul
3594 2892 3722 2931 cum
3753 2877 3886 2948 Spi-

2184 2961 2302 3016 ritu
2331 2966 2527 3015 sancto
2548 2960 2570 2995 δ
2598 2978 2747 3016 unus
2778 2964 2947 3017 Deus.

2253 3053 2347 3105 69.
2386 3050 2679 3114 Quomodo
2710 3067 2814 3105 nos
2844 3052 3064 3120 amasti,
3100 3054 3265 3108 Pater
3290 3053 3458 3121 bone,
3492 3055 3592 3126 qui
3623 3055 3762 3110 Filio
3779 3060 3884 3110 tuo

2182 3138 2352 3193 unico
2384 3155 2500 3192 non
2536 3140 2862 3209 pepercisti,
2897 3141 2992 3194 sed
3023 3157 3126 3211 pro
3151 3141 3316 3196 nobis
3355 3143 3548 3213 impiis
3595 3143 3883 3198 tradidisti

2183 3243 2315 3282 eum
2339 3228 2350 3282 !
2387 3227 2559 3297 (Rom.
2589 3244 2704 3294 Vill,
2736 3227 2853 3297 3'2.)
2882 3230 3175 3293 Quomodo
3192 3245 3296 3284 nos
3320 3231 3521 3285 amasti
3539 3248 3641 3301 pro
3666 3232 3884 3303 quibus

2182 3317 2277 3371 ille
2307 3333 2422 3371 non
2470 3315 2730 3387 rapinam
2764 3317 3070 3372 arbitratus
3098 3334 3216 3371 esse
3255 3320 3490 3389 aequalis
3536 3320 3660 3388 tibi,
3699 3321 3887 3376 factus

2183 3411 2268 3460 est
2300 3406 2565 3460 subditus
2587 3421 2769 3476 usque
2795 3422 2859 3459 ae
2891 3412 3132 3460 mortem
3163 3408 3343 3460 crucis
3375 3410 3638 3478 (Philipp.
3697 3423 3753 3477 ll,
3788 3411 3885 3479 6);

2181 3509 2329 3547 unus
2360 3494 2454 3548 ille
2481 3494 2538 3547 in
2561 3492 2799 3546 mortuis
2825 3494 3093 3565 liber(Ps.
3122 3512 3360 3562 Lxxxvn,
3386 3497 3886 3568 6-8),potestatem

2181 3582 2398 3636 habens
2431 3581 2684 3652 ponendi
2707 3581 2959 3636 animam
2985 3599 3144 3636 suam
3177 3588 3232 3636 et
3270 3589 3613 3654 potestatem
3663 3586 3889 3641 habens

2182 3671 2393 3725 iterum
2424 3669 2687 3724 sumendi
2743 3687 2870 3724 eam
2917 3673 3097 3740 (Joan.
3156 3689 3211 3738 Χ,
3249 3675 3364 3742 l8);
3408 3688 3527 3742 ‘pro
3579 3673 3743 3727 nobis
3775 3675 3887 3729 tibi

2179 3760 2357 3814 victor
2387 3764 2443 3813 et
2471 3759 2719 3826 victima,
2747 3765 2804 3813 et
2833 3760 2959 3814 ideo
2991 3760 3168 3814 victor
3193 3761 3326 3831 quia
3359 3761 3738 3832 victima;pro
3769 3780 3880 3817 no-

2182 3847 2269 3900 bis
2297 3847 2395 3901 tibi
2431 3847 2689 3901 sacerdos
2720 3851 2776 3902 et
2804 3847 3160 3912 sacriﬁcium,
3198 3855 3254 3903 et
3283 3849 3409 3903 ideo
3442 3851 3700 3904 sacerdos
3739 3852 3885 3922 quia

2182 3935 2525 3989 sacriﬁcium
2548 3953 2567 4014 ⁸ς
2599 3935 2810 3990 faciens
2839 3936 2941 3990 tibi
2975 3954 3077 3991 nos
3107 3938 3176 3992 de
3201 3937 3372 3992 servis
3402 3939 3567 4004 lilios,
3603 3939 3670 3993 de
3709 3945 3763 3994 te
3786 3957 3885 3994 na-

2182 4025 2411 4091 scendo,
2443 4025 2609 4078 nobis
2637 4025 2934 4080 serviendo
2961 4027 2972 4081 l
3009 4027 3204 4081 Merito
3259 4027 3401 4081 mihi
3431 4044 3557 4098 spes
3602 4028 3786 4082 valida
3817 4029 3883 4083 in

2177 4113 2274 4167 illo
2305 4118 2407 4179 est,
2436 4114 2591 4181 quod
2613 4114 2836 4168 sanabis
2861 4131 3059 4169 omnes
3090 4117 3392 4187 languores
3410 4133 3586 4183 meos,
3610 4134 3713 4188 per
3731 4133 3878 4173 eum

2181 4201 2280 4273 qui
2311 4203 2468 4256 sedet
2501 4203 2568 4257 ad
2601 4203 2887 4256 dexteram
2913 4207 3070 4256 tuam
3094 4207 3149 4256 et
3176 4210 3231 4257 te
3264 4203 3593 4274 interpellat
3618 4221 3721 4275 pro
3766 4222 3882 4259 no-

2179 4291 2266 4346 bis
2293 4293 2460 4360 (Rom.
2501 4308 2616 4358 vm,
2649 4293 2732 4360 34)
2759 4308 2773 4358 ;
2803 4292 3058 4363 alioquin
3084 4291 3464 4362 desperarem.
3527 4293 3686 4348 Multi
3716 4294 3880 4350 enim

2178 4383 2234 4433 et
2259 4379 2457 4449 magni
2488 4384 2621 4434 sunt
2665 4380 2841 4434 iidem
2888 4381 3196 4450 languorcs
3235 4381 3369 4448 mei,
3417 4381 3580 4435 multi
3629 4388 3762 4438 sunt
3817 4390 3880 4440 et

2175 4466 2371 4536 magni
2394 4486 2408 4533 ;
2435 4467 2533 4520 sed
2559 4468 2802 4537 amplior
2818 4472 2902 4521 est
2927 4468 3206 4522 medicina
3235 4473 3352 4522 tua.
3381 4468 3673 4522 Potuimus
3702 4475 3879 4540 puta-

2175 4571 2236 4608 re
2265 4555 2510 4609 Verbum
2540 4560 2704 4609 tuum
2734 4559 3019 4610 remotum
3039 4572 3158 4610 esse
3187 4573 3220 4609 a
3246 4554 3647 4626 conjunctione
3678 4557 3879 4614 homi-

2176 4643 2286 4713 nis,
2331 4647 2387 4697 et
2416 4642 2715 4714 desperare
2740 4644 2808 4698 de
2838 4644 3024 4715 nobis,
3055 4644 3163 4698 nisi
3195 4660 3324 4698 caro
3357 4643 3519 4697 ﬁeret
3548 4648 3604 4698 et
3645 4645 3876 4704 habita-

2175 4735 2262 4785 ret
2287 4731 2347 4784 in
2371 4730 2557 4785 nobis.

2244 4822 2333 4876 70.
2369 4820 2721 4874 Conterritus
2749 4819 2990 4891 peccatis
3013 4819 3154 4873 meis
3182 4824 3238 4874 et
3261 4821 3408 4875 mole
3441 4822 3686 4878 miserias
3726 4841 3875 4882 meae

2176 4909 2592 4979 agitaveramin
2619 4909 2786 4963 corde
2807 4907 3229 4980 meditatusque
3256 4910 3474 4965 fueram
3498 4911 3764 4983 fugamin
3783 4932 3874 4970 so-

2176 4997 2478 5052 litudinem
2505 5015 2519 5065 ;
2551 4997 2646 5051 sed
2674 4995 3022 5067 prohibuisti
3046 5013 3162 5067 me,
3193 5002 3250 5053 et
3277 4999 3628 5055 conﬁrmasti
3645 5017 3753 5068 me,
3780 5003 3871 5056 di-

2176 5101 2307 5139 cens
2339 5102 2350 5139 :
2386 5085 2509 5139 Ideo
2533 5100 2636 5154 pro
2665 5084 2910 5138 omnibus
2940 5085 3186 5140 Christus
3223 5075 3465 5143 mortuus
3522 5093 3618 5156 est,
3669 5093 3729 5142 ut
3773 5095 3876 5158 qui

2171 5177 2380 5239 vivunt,
2399 5174 2520 5241 jam
2549 5187 2654 5226 non
2669 5173 2778 5226 sibi
2796 5175 3006 5237 vivant,
3035 5175 3131 5228 scd
3151 5177 3201 5229 ci
3229 5178 3326 5244 qui
3335 5192 3437 5246 pro
3464 5178 3598 5246 ipsis
3624 5181 3873 5232 mortuus

2174 5263 2343 5330 ρειαί
2383 5263 2503 5318 Cor.
2545 5277 2599 5328 v,
2646 5261 2751 5332 15).
2801 5262 2958 5332 Ecce,
2990 5263 3249 5343 Domine,
3275 5266 3428 5335 jacto
3479 5264 3540 5318 in
3588 5269 3643 5319 te
3671 5280 3874 5321 curam

2236 5349 2501 5421 i_l}gnign.
2531 5350 2677 5421 Ms,
2692 5346 3163 5412 justiﬁcandorum
3211 5353 3521 5416 impiorum.
3567 5353 3714 5402 Corb.
3751 5354 3875 5417 Μελ,

2163 5413 2592 5476 justiﬁcezornm
2617 5413 2857 5476 piorum.

2235 5476 2255 5509 9
2283 5474 2452 5522 Codex
2480 5474 2677 5524 Fossat.
2699 5490 2710 5523 :
2744 5477 2890 5526 Hinc.
2912 5476 2991 5526 Ita
3017 5477 3173 5526 etiam
3198 5491 3338 5526 unus
3358 5491 3386 5526 e
3415 5477 3716 5527 Sorbonicis
3735 5479 3867 5530 Mss.

2232 5539 2254 5571 ³
2277 5538 2400 5586 Mss.
2417 5535 2652 5600 plerique
2665 5551 2774 5587 non
2792 5539 3114 5590 habenthzec
3129 5541 3304 5599 verba,
3318 5552 3439 5591 cum
3450 5541 3647 5601 Spirilu
3659 5546 3849 5594 sancto
3859 5581 3874 5592 .
