4058 6380
146 354 234 408 809

147 490 312 530 meam
346 478 408 528 ut
429 473 634 540 vivam,
666 477 723 527 et
751 471 1121 528 considerabo
1151 472 1437 526 mirabilia
1471 472 1539 526 de
1569 474 1692 544 lege
1722 476 1820 526 tua

146 566 292 636 (Psal.
321 579 506 627 cxvm,
542 565 652 630 l8).
697 563 782 617 Tu
819 562 925 616 scis
953 561 1302 632 imperitiam
1342 577 1530 616 meam
1577 565 1633 615 et
1657 560 1818 615 inﬁr-

151 652 382 706 mitatem
424 665 613 704 meam
638 665 652 703 :
677 650 812 704 doce
854 665 966 715 me,
1000 653 1056 703 et
1082 665 1220 702 sana
1250 665 1362 702 me.
1396 649 1493 702 Ille
1525 654 1654 702 tuus
1684 647 1816 701 Uni-

146 756 232 794 cus
258 741 314 793 in
343 755 456 810 quo
480 742 614 792 sunt
643 754 842 792 omnes
866 737 1117 791 thesauri
1151 737 1442 808 sapientiae
1475 741 1531 791 et
1569 736 1820 790 scientiae

147 827 439 883 absconditi
471 828 692 894 (Coloss.
721 844 780 890 ιι,
813 827 884 894 3),
912 825 1153 880 redemit
1182 842 1273 880 me
1297 826 1574 896 sanguine
1605 841 1727 880 suo.

155 943 478 951 .—_—_——.——

1518 350 1730 406 LIBER
1804 350 2242 406 UNDECIMUS.

1074 1002 1589 1124 LIBER
1687 999 2705 1123 UNDECIMUS.

3521 356 3626 408 810

1931 474 2050 526 Non
2083 472 2503 526 calumniantur
2536 471 2951 542 mihisuperhi:
2984 473 3261 543 quoniam
3293 473 3475 544 cogito
3499 490 3633 543 pre-

1930 560 2075 613 tium
2098 575 2310 625 meum,
2343 565 2400 614 et
2419 562 2721 626 manduco,
2742 566 2797 616 et
2817 561 2972 626 bibo,
3007 565 3062 614 et
3091 577 3284 631 erogo,
3322 566 3380 614 et
3406 577 3629 630 pauper

1931 649 2099 718 cupio
2133 649 2376 702 saturari
2406 665 2472 702 ex
2506 666 2571 702 eo
2601 650 2748 703 inter
2778 649 2908 703 illos
2939 649 3038 719 qui
3071 648 3250 702 edunt
3280 654 3338 702 et
3367 654 3628 702 saturan-

1930 741 2044 804 tur,
2067 741 2123 790 et
2148 737 2381 791 laudant
2410 738 2717 790 Dominum
2748 738 2846 808 qui
2872 737 3170 808 requirunt
3211 753 3345 791 eum
3374 737 3484 806 (Ps.
3514 753 3628 802 χχι,

1933 825 2049 892 27).

2715 940 2824 946 -υ
2831 941 3612 948 “Μ-κ-ῄ--..Μ-μ.φ-
3621 941 3634 946 -

205 1160 524 1208 Laudaturus
548 1159 986 1228 Deum_d_einc_eps
1013 1157 1340 1228 professione
1373 1171 1486 1228 suae
1498 1158 1678 1228 .ipsius
1704 1157 1757 1204 in
1780 1155 2061 1228 Scripturis
2087 1157 2417 1228 sanctissin
2433 1156 2850 1228 imperitim,‘sive
2866 1156 3268 1228 etiau1_peritia-3_,_
3289 1161 3379 1204 aut
3397 1157 3636 1228 ejusque

153 1222 197 1268 in
225 1235 305 1269 eas
337 1235 397 1270 ex
427 1235 650 1269 munere
675 1222 858 1269 divino
875 1218 1148 1283 ﬂagrabat,
1171 1220 1350 1278 studii,
1371 1218 1742 1282 explicandum
1770 1218 1931 1283 sumit
1950 1218 2223 1283 exordium
2247 1218 2366 1266 libri
2383 1220 2669 1283 Geneseos;
2692 1223 2847 1283 atque
2866 1218 2952 1265 hic
2971 1221 3198 1280 primum
3217 1218 3442 1283 illustrat
3458 1219 3636 1267 isthmc

152 1284 324 1331 verba:
348 1285 414 1332 In
443 1285 727 1346 principio,
748 1283 870 1346 fecit
896 1280 1030 1332 θέας
1052 1282 1248 1332 cadum
1281 1288 1328 1346 et
1352 1280 1580 1346 terram.
1602 1281 1838 1346 Decum-it
1862 1280 2296 1346 obtrectantibus,
2327 1281 2453 1342 quid
2493 1281 2842 1346 faceret‘Deus
2864 1284 3145 1346 antequam
3167 1280 3359 1346 caelum
3379 1285 3428 1346 e_t
3453 1285 3643 1346 terram

153 1346 400 1401 conderet,
443 1341 498 1394 et
525 1341 665 1394 unde
687 1341 819 1394 ei'in
855 1347 1082 1405 mentem
1113 1344 1317 1392 venerit
1344 1343 1554 1391 tandem
1583 1343 1867 1405 aliquando
1891 1355 1953 1390 ea
1981 1342 2166 1403 facere,
2194 1356 2314 1390 cum
2345 1341 2506 1390 antea
2537 1355 2644 1389 non
2674 1341 2900 1391 fecisset.
2932 1342 3066 1388 Dum
3100 1355 3222 1389 vero
3246 1342 3308 1388 iis
3334 1341 3636 1391 refellendis

155 1407 346 1464 insistit,
378 1408 645 1470 copiosam
675 1408 740 1456 de
769 1401 1020 1470 Tempore
1052 1401 1787 1467 conscribitdisputationem.

702 1602 926 1656 CAPUT
968 1601 1262 1655 PRIMUM.

577 1691 683 1745 Cur
709 1693 1017 1758 conﬁtemur
1042 1692 1143 1742 Deo
1172 1691 1383 1742 scienti.

218 1783 258 1831 l.
285 1776 594 1848 Numquid,
615 1777 876 1843 Domine,
901 1793 1031 1831 cum
1059 1782 1154 1830 tua
1176 1777 1248 1830 sit
1268 1778 1575 1842 mteruitas,
1603 1777 1832 1848 ignoras

153 1883 263 1936 quae.
283 1865 381 1920 tibi
401 1866 550 1933 dico,
576 1869 671 1918 aut
692 1865 763 1919 ad
782 1869 1009 1935 tempus
1029 1865 1182 1920 vides
1200 1866 1350 1936 quod
1372 1865 1438 1920 ﬁt
1453 1865 1513 1920 in
1536 1867 1836 1930 tempore?

154 1956 252 2008 Cur
275 1969 406 2024 ergo
441 1953 544 2006 tibi
575 1957 661 2006 tot
683 1969 878 2006 rerum
905 1953 1262 2007 narrationes
1301 1952 1536 2023 digero?
1568 1953 1692 2007 Non
1718 1952 1832 2007 uti-

154 2059 248 2113 que
270 2047 330 2095 ut
357 2059 463 2112 per
493 2057 584 2095 me
624 2041 847 2097 noveris
885 2058 966 2105 ea,
1002 2040 1101 2095 sed
1141 2041 1403 2095 affectum
1432 2057 1626 2095 meum
1653 2041 1834 2095 excito

155 2133 202 2186 in
233 2137 304 2200 te,
333 2136 386 2185 et
425 2146 627 2184 eorum
662 2130 762 2201 qui
790 2129 912 2184 haec
944 2129 1161 2200 legunt,
1194 2134 1258 2182 ut
1295 2129 1549 2183 dicamus
1595 2145 1830 2183 omnes:

157 2220 367 2288 Magnus
417 2219 692 2272 Dominus
723 2223 778 2272 et
822 2217 1122 2272 laudabilis
1173 2217 1334 2271 valde
1385 2218 1556 2287 (Psal.
1600 2235 1722 2281 xcv,
1756 2217 1860 2287 4).Δ

155 2310 262 2362 Jam
307 2308 444 2374 dixi,
487 2311 543 2360 et
581 2306 804 2360 dicam:
853 2323 1044 2360 amore
1090 2305 1301 2360 amoris
1342 2305 1430 2359 tui
1475 2305 1618 2360 facio
1664 2305 1832 2359 istud.

159 2399 279 2450 Nam
299 2401 351 2451 et
363 2412 616 2461 oramus,
641 2399 696 2448 et
715 2399 907 2449 tamen
924 2394 1139 2449 Veritas
1166 2394 1244 2448 ait
1267 2411 1279 2447 :
1304 2396 1463 2449 Novit
1487 2397 1648 2448 Pater
1666 2399 1838 2448 vester

155 2485 274 2554 quid
288 2485 431 2538 vobis
445 2500 578 2554 opus
597 2487 685 2550 sit,
700 2486 1022 2553 priusquam
1033 2485 1234 2552 petatis
1258 2482 1324 2536 ab
1345 2498 1401 2536 eo
1422 2483 1640 2553 (Matth.
1659 2499 1733 2548 v1,
1758 2483 1833 2551 8).

156 2573 411 2628 Aﬁectum
443 2589 582 2643 ergo
612 2578 870 2626 nostrum
906 2570 1280 2643 patefecimus
1312 2571 1372 2624 in
1400 2575 1476 2634 te,
1509 2570 1834 2625 conﬁtendo

157 2663 243 2716 tibi
271 2662 530 2716 miserias
561 2667 782 2714 nostras
806 2665 863 2715 et
895 2659 1308 2714 misericordias
1341 2664 1467 2713 tuas
1501 2676 1674 2729 super
1713 2675 1836 2725 nos,

156 2756 207 2804 ut
232 2750 429 2804 liberes
462 2766 569 2803 nos
590 2749 846 2812 omnino,
873 2748 1145 2819 quoniam
1168 2747 1405 2818 coepisti,
1429 2751 1492 2801 ut
1509 2747 1837 2802 desinamus

156 2853 262 2893 esse
303 2838 497 2892 miseri
526 2837 586 2891 in
617 2838 804 2901 nobis,
838 2841 893 2891 et
923 2836 1314 2891 beatiﬁcemur
1342 2835 1404 2890 in
1441 2839 1530 2902 te;
1560 2834 1837 2906 quoniam

155 2927 348 2980 vocasti
378 2942 484 2980 nos
515 2931 578 2980 ut
607 2925 782 2978 simus
806 2940 1088 2995 pauperes
1117 2923 1339 2994 spiritu,
1372 2927 1428 2977 et
1458 2923 1645 2990 mites,
1676 2925 1730 2976 et
1757 2923 1838 2975 lu-

156 3021 354 3084 gentes,
377 3019 435 3069 et
455 3014 772 3068 esurientes
791 3029 855 3067 ac
896 3013 1151 3067 sitientes
1181 3012 1484 3082 justitiam,
1517 3015 1573 3064 et
1617 3010 1839 3064 miseri-

155 3104 354 3170 cordes,
389 3109 447 3157 et
479 3101 900 3168 mundicordes,
932 3106 988 3155 et
1023 3100 1247 3170 paciﬁci
1285 3100 1412 3170 (ld.,
1443 3116 1492 3166 v,
1527 3102 1662 3168 3-9.)
1696 3100 1830 3152 Ecce

155 3193 362 3246 narravi
391 3192 499 3246 tibi
528 3191 709 3245 multa
737 3206 863 3261 quae
889 3189 1072 3260 potui,
1098 3193 1151 3242 et
1182 3205 1308 3260 quae.
1340 3188 1491 3242 volui
1516 3205 1529 3254 ;
1563 3187 1838 3258 quoniam

157 3285 209 3334 tu
236 3281 387 3350 prior
417 3278 649 3334 voluisti
679 3283 743 3333 ut
768 3279 1069 3332 conﬁterer
1108 3278 1210 3332 tibi
1254 3277 1493 3330 Domino
1526 3277 1642 3330 Deo
1688 3290 1838 3341 meo,

157 3369 409 3439 quoniam
438 3369 628 3423 bonus
655 3383 733 3433 es,
761 3367 1035 3438 quoniam
1058 3367 1118 3420 in
1150 3366 1423 3420 saeculum
1447 3364 1837 3420 misericordia

158 3463 243 3511 tua
271 3459 438 3530 (Psal.
476 3473 640 3523 cxvu,
676 3457 747 3526 l).

828 3545 1053 3598 CAPUT
1094 3544 1165 3597 ΙΙ.

219 3639 345 3691 Petit
375 3654 408 3690 a
439 3640 545 3691 Deo
569 3636 979 3704 Scripturarum
1000 3637 1312 3686 sanctarum
1332 3631 1768 3698 intelligentiam.

216 3729 271 3781 2.
317 3725 560 3789 Quando
591 3727 780 3776 autem
819 3720 1036 3776 sufﬁcio
1076 3721 1273 3791 lingua
1301 3719 1503 3773 calami
1535 3718 1836 3772 enuntiare

157 3813 335 3868 omnia
377 3815 744 3868 hortamenta
790 3815 907 3878 tua,
955 3814 1009 3864 et
1049 3825 1246 3863 omnes
1293 3813 1538 3862 terrores
1586 3811 1735 3871 tuos,
1789 3809 1844 3859 et

155 3903 579 3964 consolationes,
613 3904 668 3954 et
695 3898 1138 3970 gubernationes
1168 3897 1377 3968 quibus
1406 3912 1498 3950 me
1529 3894 1842 3966 perduxisti

158 3991 456 4060 praedicare
487 3989 748 4053 verbum,
782 3992 837 4042 et
867 3989 1286 4040 sacramentum
1316 3989 1481 4038 tuum
1515 3983 1842 4053 dispensare

154 4081 358 4150 populo
406 4080 548 4133 tuo?
580 4079 645 4131 Et
676 4076 721 4129 si
751 4075 967 4129 sufﬁcio
1010 4075 1133 4128 haec
1174 4073 1471 4128 enuntiare
1517 4088 1584 4125 ex
1624 4070 1842 4136 ordine,

155 4186 274 4224 caro
304 4169 452 4223 mihi
484 4169 673 4221 valent
703 4165 865 4219 stillae
900 4167 1245 4234 temporum.
1280 4164 1345 4216 Et
1372 4162 1510 4215 olim
1548 4160 1842 4214 inardesco

156 4259 407 4312 meditari
437 4257 500 4311 in
530 4257 652 4325 lege
684 4259 801 4319 tua,
845 4257 898 4306 et
929 4253 988 4306 in
1019 4269 1084 4306 ea
1119 4251 1222 4305 tibi
1253 4250 1510 4304 conﬁteri
1550 4248 1843 4302 scientiam

155 4351 205 4399 et
233 4344 585 4417 imperitiam
635 4357 841 4402 meam,
885 4339 1197 4411 primordia
1243 4336 1680 4392 illuminationis
1711 4341 1845 4402 tuae,

153 4439 202 4487 et
229 4434 506 4505 reliquias
527 4431 892 4486 tenebrarum
917 4443 1198 4493 mearum,
1226 4441 1522 4497 quousque
1545 4425 1851 4479 devoretur

153 4540 181 4576 a
201 4523 540 4577 fortitudine
556 4519 875 4574 infirmitas.
902 4519 966 4572 Et
985 4518 1117 4570 nolo
1137 4516 1196 4569 in
1210 4515 1367 4569 aliud
1387 4515 1543 4568 hora!
1563 4514 1847 4580 difﬁnant,

154 4628 286 4681 quas
323 4609 561 4664 invenio
605 4608 813 4661 liberas
842 4623 876 4659 a
926 4603 1354 4658 necessitatibus
1385 4602 1678 4657 reﬁciendi
1727 4617 1849 4655 cor-

152 4699 320 4769 poris,
372 4703 430 4752 et
476 4695 807 4750 intentionis
855 4693 1057 4762 animi,
1103 4695 1161 4746 et
1203 4690 1487 4745 servitutis
1536 4706 1708 4760 quam
1752 4691 1850 4743 de-

153 4788 345 4843 bemus
387 4785 746 4847 hominibus,
781 4786 837 4837 et
879 4797 1053 4854 quam
1094 4795 1210 4834 non
1252 4779 1525 4834 debemus
1559 4782 1615 4832 et
1658 4783 1851 4831 tamen

157 4878 460 4932 reddimus.

218 4971 266 5022 3.
312 4965 560 5021 Domine
612 4963 759 5018 Deus
802 4976 986 5026 meus,
1024 4957 1258 5012 intende
1302 4953 1543 5010 orationi
1593 4969 1756 5019 meae,
1799 4956 1856 5006 et

155 5052 547 5109 misericordia
569 5056 667 5105 tua
687 5048 951 5104 exaudiat
971 5045 1320 5101 desiderium
1343 5057 1554 5108 meum,
1582 5041 1854 5112 quoniam

155 5158 261 5197 non
290 5141 437 5197 mihi
470 5140 577 5194 soli
609 5141 830 5203 aestuat,
863 5135 962 5191 sed
991 5133 1120 5188 usui
1140 5135 1262 5187 vult
1283 5148 1403 5186 esse
1430 5131 1694 5187 fraternas
1723 5131 1857 5184 cha-

157 5231 329 5285 ritati:
364 5235 423 5285 et
447 5228 608 5282 vides
636 5228 694 5281 in
725 5226 896 5280 corde
926 5240 1054 5278 meo
1086 5222 1222 5293 quia
1243 5221 1322 5275 sic
1351 5224 1454 5276 est.
1490 5219 1813 5274 Sacriﬁcem
1834 5217 1854 5252 ί

156 5319 248 5374 tibi
276 5319 628 5374 famulatum
651 5312 1011 5385 cogitationis
1031 5316 1088 5366 et
1104 5311 1313 5380 linguae
1335 5325 1477 5364 mea:
1496 5329 1511 5378 ;
1531 5312 1589 5362 et
1613 5308 1685 5362 da
1705 5307 1855 5378 quod

156 5409 382 5464 offeram
421 5405 554 5462 tibi.
596 5406 768 5474 Inops
802 5402 956 5457 enim
993 5404 1051 5455 et
1085 5415 1307 5472 pauper
1342 5413 1500 5464 sum;
1530 5401 1588 5451 ω
1617 5396 1771 5451 dives
1799 5395 1859 5449 in

212 5537 227 5567 ι
258 5533 405 5590 Lov.,
428 5531 565 5590 quia
590 5528 668 5590 sic
693 5530 794 5586 est,
825 5529 884 5577 ut
917 5521 1229 5590 sacrificam.
1248 5523 1431 5590 _-—__Cui
1465 5521 1678 5590 lectioni
1714 5534 1859 5570 acce-

157 5595 281 5644 dunt
309 5584 402 5644 Er:
431 5584 570 5643 Ven.
602 5584 803 5639 Somm'.
835 5592 933 5637 et5
968 5584 1089 5636 Mss.
1125 5585 1266 5649 apud
1296 5587 1446 5634 Mart.
1513 5584 1579 5632 M.

466 5671 751 5736 PATROL.
802 5666 1048 5732 XXXII.

1942 1617 2140 1654 omnes
2170 1601 2500 1654 invocantes
2532 1605 2585 1654 te
2616 1602 2786 1672 (Rom.
2819 1619 2873 1667 x,
2912 1604 3020 1670 l2),
3053 1602 3152 1672 qui
3183 1617 3414 1656 securus
3443 1619 3638 1658 curam

1943 1691 2122 1744 nostri
2151 1690 2319 1759 geris.
2353 1689 2701 1744 Circumcide
2734 1691 2805 1744 ab
2836 1690 2992 1744 omni
3016 1690 3337 1744 temeritate
3366 1692 3640 1762 omnique

1943 1778 2236 1832 mendacio
2267 1777 2541 1832 interiora
2567 1782 2624 1832 et
2649 1777 2928 1832 exteriora
2953 1778 3104 1832 labia
3134 1795 3286 1833 mea.
3316 1778 3442 1832 Sint
3471 1785 3639 1834 casta:

1944 1865 2161 1920 delicia:
2190 1882 2334 1920 mea:
2363 1865 2669 1936 Scripturaa
2686 1871 2830 1932 tuae;
2857 1881 2960 1920 nec
2983 1866 3149 1920 fallar
3176 1866 3238 1920 in
3268 1867 3372 1933 eis,
3401 1883 3506 1921 nec
3534 1867 3640 1921 fal-

1941 1952 2057 2007 lam
2081 1970 2148 2007 ex
2175 1954 2282 2008 eis.
2301 1955 2563 2020 Domine,
2582 1955 2837 2021 attende;
2859 1959 2914 2009 et
2925 1954 3215 2023 miserere,
3239 1955 3476 2009 Domine
3494 1957 3642 2009 Deus

1944 2058 2126 2111 meus,
2145 2044 2241 2097 lux
2252 2059 2531 2098 caecorum
2548 2049 2604 2098 et
2623 2045 2800 2098 virtus
2819 2044 3202 2112 inﬁrmorum,
3219 2044 3525 2117 statimque
3544 2046 3638 2099 lux

1942 2131 2262 2186 videntium
2291 2137 2348 2186 et
2379 2132 2556 2186 virtus
2601 2131 2855 2196 fortium,
2889 2132 3118 2186 attende
3147 2131 3397 2186 animam
3425 2149 3638 2200 meam,

1945 2223 2000 2274 et
2018 2219 2151 2273 audi
2179 2220 2520 2274 clamantem
2551 2220 2620 2275 de
2647 2221 2951 2291 profundo.
2979 2222 3121 2274 Nam
3149 2220 3258 2274 nisi
3282 2221 3466 2275 adsint
3495 2228 3550 2275 et
3580 2222 3641 2275 in

1944 2307 2228 2378 profundo
2242 2325 2406 2362 aures
2421 2313 2552 2374 tuae,
2569 2325 2681 2379 quo
2694 2309 2936 2363 ibimus?
2950 2325 3061 2379 quo
3074 2309 3474 2363 clamabimus?
3486 2312 3641 2364 Tuus

1946 2400 2030 2450 est
2057 2397 2197 2457 dies,
2231 2401 2288 2452 et
2335 2402 2435 2452 tua
2466 2403 2550 2452 est
2578 2415 2687 2452 nox
2729 2399 2892 2468 (Psal.
2923 2415 3109 2465 Lxxm,
3155 2401 3272 2462 £6):
3314 2399 3386 2453 ad
3438 2403 3640 2453 nutum

1944 2487 2110 2539 tuum
2153 2491 2444 2540 momenta
2498 2488 2866 2540 transvolant.
2929 2486 3159 2556 Largire
3211 2486 3344 2540 inde
3391 2487 3640 2557 spatium

1945 2573 2412 2628 meditationibus
2441 2575 2649 2628 nostris
2680 2574 2740 2628 in
2770 2574 2962 2628 abdita
2988 2574 3132 2645 legis
3163 2578 3297 2640 tuae,
3329 2591 3514 2647 neque
3544 2577 3643 2630 ad-

1946 2677 2138 2716 versus
2181 2663 2471 2732 pulsantes
2523 2663 2750 2717 claudas
2798 2679 2944 2717 eam.
2988 2664 3182 2733 Neque
3234 2663 3388 2717 enim
3435 2664 3645 2718 frustra

1944 2748 2112 2804 scribi
2140 2750 2368 2804 voluisti
2399 2755 2483 2805 tot
2510 2751 2854 2821 paginarum
2894 2767 3071 2820 Opaca
3111 2755 3351 2818 secreta;
3394 2756 3494 2805 aut
3523 2768 3640 2804 non

1945 2837 2156 2893 habent
2194 2837 2308 2891 illa:
2348 2837 2501 2892 silvae
2533 2854 2727 2892 cervos
2756 2855 2886 2892 suos
2916 2839 3256 2908 recipientes
3287 2855 3344 2893 se
3373 2839 3433 2892 in
3463 2855 3558 2892 eas
3589 2845 3645 2893 et

1945 2930 2320 2991 resumentes,
2344 2926 2703 2980 ambulantes
2720 2930 2776 2980 et
2790 2930 3103 2996 pascentes,
3126 2927 3522 2980 recumbentes
3547 2925 3563 2958 ⁸
3588 2932 3644 2980 et

1945 3013 2320 3068 ruminantes.
2355 3014 2398 3068 Ο
2421 3013 2679 3081 Domine,
2704 3014 2913 3084 perﬁce
2936 3030 3046 3080 me,
3081 3019 3135 3068 et
3155 3015 3342 3067 revela
3363 3014 3506 3068 mihi
3526 3030 3642 3068 eas.

1948 3104 2084 3157 Ecce
2114 3119 2221 3156 vox
2249 3107 2348 3156 tua
2379 3103 2654 3173 gaudium
2685 3118 2897 3169 meum,
2928 3119 3029 3156 vox
3062 3106 3159 3155 tua
3187 3117 3359 3172 super
3395 3100 3641 3154 affluen-

1946 3190 2086 3244 tiam
2116 3191 2472 3261 voluptatum
2493 3188 2534 3245 ³.
2571 3191 2648 3245 Da
2677 3190 2830 3260 quod
2861 3206 2990 3244 amo
3017 3206 3028 3243 :
3064 3205 3191 3242 amo
3225 3189 3411 3254 enim;
3450 3192 3505 3242 et
3533 3188 3645 3241 hoc

1947 3282 2012 3332 tu
2055 3277 2277 3332 dedisti.
2319 3280 2398 3332 Ne
2445 3278 2592 3332 dona
2633 3282 2730 3331 tua
2765 3278 3011 3344 deseras,
3054 3293 3159 3331 nec
3196 3276 3437 3331 herbam
3486 3278 3646 3328 tuam

1949 3383 2181 3436 spernas
2211 3366 2518 3421 sitientem.
2545 3356 2830 3420 Conﬁtear
2847 3365 2951 3419 tibi
2983 3365 3266 3436 quidquid
3295 3364 3567 3417 invenero
3589 3362 3647 3416 in

1951 3455 2131 3509 Libris
2164 3455 2304 3521 tuis;
2347 3459 2403 3508 et
2439 3454 2669 3509 audiam
2701 3469 2894 3508 vocem
2932 3453 3118 3508 laudis
3161 3452 3325 3523 (Psal.
3354 3469 3482 3519 xxv,
3512 3453 3563 3520 ’7)
3595 3455 3651 3503 et

1948 3547 2002 3596 te
2031 3542 2246 3604 bibam,
2297 3547 2354 3596 et
2394 3543 2745 3597 considerem
2795 3541 3082 3596 mirabilia
3126 3541 3194 3596 de
3246 3542 3368 3611 lege
3415 3545 3534 3608 tua,
3581 3539 3650 3592 ab

1950 3647 2131 3700 usque
2191 3629 2477 3700 principio
2533 3631 2594 3684 in
2642 3647 2756 3701 quo
2812 3629 2995 3684 fecisti
3050 3631 3254 3683 coelum
3310 3633 3365 3682 et
3417 3633 3650 3696 terram,

1950 3733 2131 3787 usque
2162 3717 2233 3772 ad
2261 3733 2506 3787 regnum
2547 3721 2735 3772 tecum
2766 3721 3108 3788 perpetuum
3150 3720 3360 3771 sanctae
3409 3715 3650 3770 civitatis

1949 3811 2086 3859 tute.

2019 3896 2072 3947 4.
2116 3893 2371 3958 Domine,
2427 3892 2697 3946 miserere
2745 3893 2880 3958 mei,
2931 3896 2986 3946 et
3031 3891 3236 3946 exaudi
3304 3889 3647 3944 desiderium

1953 3997 2165 4036 meum.
2201 3983 2343 4035 Puto
2375 3981 2530 4035 enim
2553 3980 2707 4051 quod
2736 3997 2851 4034 non
2882 3980 2951 4033 sit
2982 3979 3050 4033 de
3072 3983 3242 4044 terra,
3274 3994 3388 4031 non
3409 3978 3476 4031 de
3507 3994 3646 4030 auro

1953 4075 2009 4125 et
2034 4074 2268 4140 argento
2308 4074 2364 4123 et
2400 4069 2469 4123 de
2500 4068 2809 4138 lapidibus,
2853 4071 2952 4121 aut
2991 4066 3210 4120 decoris
3243 4066 3516 4131 vestibus,
3552 4070 3650 4119 aut

1924 4157 2266 4213 'honorihus
2313 4161 2370 4211 et
2416 4156 2805 4227 potestatibus,
2860 4160 2960 4210 aut
3008 4153 3395 4224 voluptatibus
3439 4152 3647 4219 carnis,

1955 4262 2140 4317 neque
2175 4246 2244 4300 de
2276 4245 2612 4300 necessariis
2641 4245 2888 4314 corpori,
2918 4249 2973 4298 et
3000 4243 3134 4297 huic
3158 4242 3287 4296 vitae
3319 4241 3651 4313 peregrina-

1956 4334 2129 4390 tionis
2159 4339 2389 4400 nostrae,
2422 4350 2549 4404 quae
2580 4333 2776 4388 omnia
2800 4332 2963 4386 nobis
2992 4335 3360 4402 apponuntur
3389 4347 3650 4400 qumrcn-

1956 4423 2107 4475 tibus
2143 4437 2389 4491 regnum
2419 4425 2477 4475 et
2509 4421 2794 4491 justitiam
2833 4425 3012 4475 tuam.
3046 4419 3200 4482 Vide,
3236 4419 3476 4473 Domine
3508 4421 3655 4472 Deus

1959 4525 2140 4576 meus,
2172 4510 2324 4564 unde
2354 4510 2424 4563 sit
2458 4509 2807 4563 desiderium
2843 4524 3058 4562 meum.
3105 4509 3487 4561 Narraverunt
3517 4507 3655 4560 mihi

1957 4599 2154 4669 injusti
2194 4597 2621 4658 delectationes,
2655 4598 2753 4652 sed
2801 4613 2916 4650 non
2954 4597 3101 4650 sicut
3126 4595 3217 4649 lex
3246 4601 3366 4661 tua,
3414 4596 3655 4649 Domine

1960 4687 2121 4756 (Psal.
2154 4700 2337 4750 cxvm,
2368 4689 2478 4753 85).
2529 4687 2662 4739 Ecce
2709 4685 2864 4738 unde
2893 4688 2974 4737 est
3022 4683 3376 4738 desiderium
3427 4700 3648 4740 meum.

1959 4775 2116 4840 Vide,
2148 4775 2329 4838 Pater,
2363 4772 2571 4842 aspice,
2605 4776 2660 4826 et
2680 4771 2828 4837 vide,
2863 4775 2919 4826 et
2947 4771 3232 4841 approba;
3270 4775 3326 4824 et
3349 4771 3568 4842 placeat
3599 4773 3658 4825 in

1960 4866 2262 4932 conspectu
2289 4859 2697 4923 misericordia:
2721 4863 2835 4913 tuae.
2857 4859 3111 4913 invenire
3135 4874 3226 4913 me
3253 4860 3496 4929 gratiam
3529 4866 3658 4913 ante

1961 4957 2038 5018 te,
2079 4955 2141 5004 ut
2181 4949 2511 5020 aperiantur
2547 4947 2800 5018 pulsanti
2839 4947 2983 5002 mihi
3016 4947 3290 5002 interiora
3329 4965 3656 5002 sermonum

1961 5044 2215 5094 tuorum.
2248 5037 2490 5091 Obsecro
2521 5053 2623 5108 per
2653 5036 2958 5091 Dominum
2985 5040 3245 5091 nostrum
3277 5037 3470 5090 Jesum
3501 5036 3656 5090 Chri-

1963 5131 2115 5180 stum
2151 5126 2334 5180 ﬁlium
2375 5129 2561 5193 tuum,
2611 5123 2798 5177 virum
2836 5125 3082 5179 dextera:
3121 5128 3235 5179 tum
3273 5125 3438 5194 (Psal.
3475 5137 3655 5188 LXXIX,

1969 5216 2072 5281 18),
2097 5214 2280 5268 ﬁlium
2302 5212 2571 5280 hominis,
2595 5228 2768 5283 quem
2787 5213 3136 5267 conﬁrmasti
3157 5211 3259 5266 tibi
3282 5211 3655 5265 mediatorem

1964 5308 2129 5358 tuum
2146 5306 2203 5356 et
2219 5305 2500 5369 nostrum,
2524 5318 2628 5372 per
2650 5318 2823 5373 quem
2844 5318 2948 5356 nos
2969 5300 3241 5374 qumsiisti
3263 5314 3375 5352 non
3393 5312 3654 5366 qumren-

2030 5455 2045 5487 ι
2082 5450 2166 5500 Sic
2193 5449 2317 5498 Arn.
2349 5453 2402 5498 et
2435 5447 2712 5497 duodecim
2743 5448 2864 5495 Mss.
2891 5447 2956 5494 At
2977 5448 3122 5503 Lov.,
3151 5441 3483 5491 recubantes.

2029 5516 2050 5549 ³
2080 5512 2274 5561 Codex.
2301 5512 2472 5573 C_orb..
2504 5509 2967 5573 supera/ﬂuentia.
3000 5508 3121 5556 Bad.
3149 5506 3259 5551 Am.
3291 5516 3410 5549 cum
3434 5506 3660 5564 quatuor

1969 5578 2112 5634 Mss.,
2145 5570 2594 5637 superﬂuenttu-iii
2615 5570 2980 5633 voluptatum.

3012 5642 3426 5729 (Vingt-six.)
