4058 6380
423 324 520 380 8H

420 452 506 501 tes
527 451 602 513 te,
623 444 875 517 quaesisti
888 449 1079 499 autem
1097 448 1158 499 ut
1172 447 1624 514 quaereremuste
1641 464 1655 510 ;
1673 445 1924 500 Verbum
1945 450 2108 500 tuum

419 552 523 605 per
547 535 697 606 quod
717 533 898 588 fecisti
918 532 1128 598 omnia,
1155 533 1215 586 in
1241 531 1446 602 quibus
1467 537 1524 587 et
1541 549 1661 599 me;
1683 534 1923 588 Unicum
1945 539 2110 588 tuum

417 639 522 694 per
544 639 717 693 quem
739 622 949 676 vocasti
963 621 1021 676 in
1041 621 1408 692 adoptionem
1428 622 1710 692 populum
1731 622 2108 687 credentium,

420 712 483 766 in
503 728 616 782 quo
645 716 848 766 etme:
882 727 984 780 per
1008 727 1138 764 eum
1159 715 1214 764 te
1245 710 1475 763 obsecro
1505 711 1604 780 qui
1635 711 1790 764 sedet
1817 711 1889 764 ad
1919 711 2109 764 dexte-

417 816 541 854 ram
584 805 740 854 tuam
785 803 840 853 et
885 803 937 852 te
984 798 1309 868 interpellat
1355 815 1458 867 pro
1507 798 1690 864 nobis,
1733 799 1792 853 in
1822 815 1933 870 quo
1981 804 2114 853 sunt

419 903 621 942 omnes
692 885 942 940 thesauri
1003 885 1294 956 sapientiae
1361 891 1416 940 et
1480 886 1732 941 scientiae
1799 887 2112 940 absconditi

418 977 634 1046 (Coloss.
663 993 720 1036 ιι,
755 975 828 1045 3).
862 975 1091 1045 Ιρειιηι¹
1124 990 1318 1045 quaero
1340 974 1399 1028 in
1430 974 1611 1028 Libris
1640 975 1771 1029 tuis.
1803 975 2013 1045 Moyses
2045 975 2112 1029 de

418 1065 516 1118 illo
569 1063 794 1135 scripsit
839 1062 1016 1130 (Joan.
1067 1079 1119 1130 v,
1167 1065 1295 1132 46):
1355 1063 1460 1117 hoc
1517 1062 1636 1133 ipse
1694 1063 1791 1130 ait,
1846 1063 1952 1117 hoc
2003 1065 2112 1116 Ve-

420 1152 554 1206 ritas
583 1151 680 1207 ait.

1087 1241 1308 1294 CAPUT
1348 1241 1445 1294 ΙΙΙ.

418 1331 544 1397 Quae
579 1331 800 1399 scripsit
837 1331 1042 1395 Moyses
1081 1328 1145 1380 de
1182 1331 1448 1382 creatione
1485 1329 1602 1380 coeli
1631 1332 1679 1381 et
1721 1333 1875 1382 terra:
1911 1329 2113 1382 intelli-

747 1434 868 1486 gere
898 1432 1003 1471 non
1036 1420 1210 1485 potest
1239 1419 1348 1470 nisi
1379 1416 1610 1469 donante
1641 1419 1770 1472 Deo.

489 1512 538 1562 ES.
570 1507 814 1562 Audiam
846 1509 900 1560 et
939 1504 1253 1575 intelligam
1300 1504 1586 1574 quomodo
1635 1503 1693 1558 in
1723 1503 2005 1575 principio
2033 1504 2107 1557 fe-

416 1597 540 1652 cisti
567 1597 772 1650 caelum
802 1599 860 1650 et
888 1600 1096 1649 terram
1119 1595 1271 1661 (Gen,
1305 1610 1342 1659 ι,
1379 1594 1446 1662 1).
1480 1593 1712 1663 Scripsit
1738 1594 1842 1647 hoc
1873 1594 2108 1664 Moyses,

416 1685 638 1757 scripsit
687 1689 742 1738 et
783 1684 942 1747 abiit,
990 1681 1252 1736 transivit
1300 1681 1432 1735 hinc
1477 1698 1507 1735 a
1536 1686 1589 1734 te
1639 1681 1707 1735 ad
1736 1685 1790 1734 te
1822 1679 1881 1748 ²;
1924 1697 2111 1751 neque

415 1790 569 1828 nunc
599 1777 729 1828 ante
760 1787 852 1826 me
882 1775 986 1825 est.
1026 1771 1166 1824 Nam
1194 1769 1241 1823 si
1268 1773 1435 1837 esset,
1465 1773 1720 1822 tenerem
1749 1785 1902 1835 eum,
1937 1772 1992 1823 et
2020 1785 2109 1822 ro-

415 1879 610 1932 garem
623 1877 776 1927 eum,
796 1865 852 1914 et
871 1875 972 1930 per
987 1862 1040 1913 te
1059 1859 1414 1912 obsecrarem
1439 1861 1501 1910 ut
1519 1856 1656 1910 mihi
1675 1857 1783 1910 ista
1801 1857 2105 1927 panderet;

417 1955 473 2004 et
501 1950 816 2021 praeberem
847 1963 1010 2002 aures
1049 1945 1304 2016 corporis
1343 1945 1457 2000 mei
1489 1944 1640 1999 sonis
1671 1946 2110 2016 erumpentibus

415 2055 484 2093 ex
527 2055 626 2092 ore
669 2038 808 2107 ejus.
855 2037 920 2090 Et
966 2035 1014 2088 si
1057 2035 1286 2089 hebrzea
1332 2050 1464 2087 voce
1512 2034 1858 2105 loqueretur,
1899 2034 2108 2088 frustra

416 2127 668 2197 pulsaret
683 2141 910 2180 sensum
934 2139 1147 2185 meum,
1170 2139 1275 2176 nec
1303 2122 1434 2176 inde
1463 2127 1710 2175 mentem
1743 2137 1929 2175 meam
1952 2121 2110 2192 quid.

415 2231 590 2284 quam
618 2216 912 2282 tangeret;
941 2210 987 2262 si
1027 2213 1216 2263 autem
1248 2208 1443 2274 latine,
1471 2208 1674 2262 scirem
1705 2207 1844 2278 quid
1873 2208 2105 2263 diceret.

415 2303 520 2356 Sed
568 2301 719 2356 unde
757 2300 958 2353 scirem
1007 2313 1080 2352 an
1121 2313 1320 2350 verum
1365 2297 1612 2350 diceret?
1653 2296 1810 2360 Quod
1842 2295 1885 2348 si
1917 2295 2108 2349 ethoc

414 2391 636 2456 scirem,
671 2405 810 2443 num
839 2389 908 2442 ab
940 2387 1037 2440 illo
1068 2384 1310 2440 scirem?
1340 2386 1497 2439 Intus
1526 2383 1720 2454 utique
1752 2383 1918 2454 mihi,
1950 2383 2107 2437 intus

415 2478 474 2530 in
503 2476 791 2531 domicilio
821 2474 1199 2545 cogitationis,
1232 2489 1336 2526 nec
1361 2473 1608 2537 hebraaa,
1643 2488 1747 2526 nec
1777 2488 1979 2542 graeca,
2005 2488 2107 2526 nec

414 2565 612 2632 latina,
647 2581 749 2618 nec
779 2563 1020 2618 barbara
1047 2563 1274 2626 veritas,
1319 2561 1440 2614 sine
1470 2561 1584 2615 oris
1609 2565 1665 2614 et
1695 2561 1907 2629 lingua:
1936 2577 2104 2631 orga-

413 2654 522 2720 nis,
565 2653 686 2706 sine
730 2651 962 2722 strepitu
1005 2651 1348 2722 syllabarum
1395 2649 1628 2714 diceret,
1679 2650 1886 2703 Verum
1932 2649 2102 2704 dicit:

414 2747 469 2796 et
517 2758 622 2813 ego
666 2741 858 2795 statim
905 2744 1090 2794 certus
1135 2738 1489 2792 confidenter
1523 2737 1607 2791 illi
1638 2737 1860 2792 homini
1889 2742 1988 2791 tuo
2019 2737 2104 2792 di-

413 2847 620 2897 cerem,
653 2831 862 2884 Verum
885 2828 1043 2883 dicis.
1077 2830 1218 2882 Cum
1250 2842 1384 2895 ergo
1415 2826 1576 2880 illum
1606 2826 1960 2897 interrogare
1989 2842 2104 2879 non

408 2919 644 2989 possim,
678 2923 754 2986 te,
784 2933 898 2988 quo
928 2917 1132 2986 plenus
1173 2931 1307 2969 vera
1336 2913 1497 2980 dixit,
1550 2914 1785 2980 Veritas,
1835 2930 1976 2984 rogo
2026 2918 2100 2980 te,

411 3009 557 3060 Deus
610 3022 790 3073 meus,
852 3020 989 3074 rogo
1034 3019 1203 3073 parce
1251 3002 1492 3069 peccatis
1550 3001 1725 3068 meis;
1779 3005 1834 3054 et
1881 3001 1981 3072 qui
2021 3001 2102 3054 illi

409 3111 566 3149 servo
612 3099 712 3149 tuo
761 3093 968 3148 dedisti
1012 3093 1132 3146 haec
1181 3091 1389 3157 dicere,
1441 3090 1512 3144 da
1535 3097 1589 3144 et
1617 3091 1760 3144 mihi
1789 3091 1907 3143 haec
1934 3089 2101 3144 intel-

411 3184 608 3253 ligere.

1082 3269 1306 3322 CAPUT
1348 3269 1436 3322 ιν.

729 3359 1000 3410 Creatura
1037 3356 1235 3408 clamat
1272 3341 1560 3407 creatorem
1598 3355 1782 3406 Deum.

481 3447 532 3499 6.
561 3445 697 3498 Ecce
746 3448 879 3498 sunt
921 3443 1126 3496 coelum
1175 3445 1230 3495 et
1277 3446 1455 3494 terra:
1489 3441 1736 3494 clamant
1766 3439 1915 3509 quod
1956 3440 2103 3494 facta

408 3533 546 3599 sint;
573 3536 868 3586 mutantur
890 3530 1044 3584 enim
1067 3534 1235 3600 atque
1258 3529 1568 3583 variantur.
1598 3528 1882 3598 Quidquid
1909 3533 2100 3582 autem

406 3621 620 3675 factum
651 3636 766 3674 non
788 3623 889 3685 cst,
921 3623 975 3672 et
1005 3624 1194 3673 tamen
1219 3622 1320 3684 est,
1354 3633 1472 3671 non
1494 3622 1579 3671 est
1603 3617 1662 3670 in
1691 3633 1755 3670 eo
1783 3617 2097 3688 quidquam

408 3709 561 3779 quod
610 3713 742 3763 ante
782 3725 894 3763 non
942 3712 1083 3776 erat,
1126 3707 1278 3778 quod
1300 3710 1384 3760 est
1412 3705 1623 3759 mutari
1651 3710 1822 3776 atque
1859 3705 2091 3760 variari.

407 3800 664 3852 Clamant
683 3797 854 3851 etiam
885 3796 1034 3868 quod
1063 3795 1248 3865 seipsa
1269 3811 1384 3848 non
1417 3793 1688 3848 fecerint:
1721 3794 1852 3848 Ideo
1885 3810 2096 3856 sumus,

405 3886 540 3956 quia
572 3887 718 3941 facta
753 3901 981 3952 sumus;
1021 3900 1136 3938 non
1175 3900 1310 3954 ergo
1342 3899 1569 3936 eramus
1609 3885 1916 3952 antequam
1946 3898 2099 3936 essc-

403 3990 552 4045 mus,
597 3979 658 4028 ut
699 3974 825 4028 fieri
867 3989 1161 4044 possemus
1200 3990 1232 4026 a
1281 3971 1463 4026 nobis.
1517 3973 1581 4025 Et
1623 3987 1731 4024 vox
1783 3971 2096 4026 dicentium

403 4068 486 4118 est
515 4064 638 4134 ipsa
681 4063 983 4117 evidentia.
1029 4063 1112 4115 Tu
1163 4076 1321 4131 ergo,
1372 4061 1628 4125 Domine,
1675 4060 1853 4114 fecisti
1893 4075 1956 4114 ea
1998 4061 2099 4131 qui

401 4152 641 4222 pulcher
669 4167 747 4215 es,
799 4151 1037 4220 pulchra
1065 4153 1197 4202 sunt
1243 4148 1425 4214 enim;
1459 4147 1557 4218 qui
1611 4148 1795 4201 bonus
1825 4165 1902 4210 es,
1950 4149 2098 4203 bona

405 4245 537 4293 sunt
562 4239 751 4305 enim;
778 4238 876 4308 qui
907 4255 985 4297 cs,
1027 4241 1160 4291 sunt
1193 4235 1376 4292 enim.
1433 4237 1544 4289 Nec
1573 4236 1651 4289 ita
1677 4235 1912 4306 pulchra
1942 4242 2094 4303 sunt,

402 4343 508 4382 nec
553 4327 632 4381 ita
676 4326 828 4380 bona
865 4329 1016 4390 sunt,
1068 4340 1171 4378 nec
1215 4320 1292 4377 ita
1333 4328 1484 4389 sunt,
1535 4323 1681 4377 sicut
1727 4328 1790 4377 tu
1839 4324 2096 4378 conditor

403 4431 623 4484 eorum,
654 4414 744 4468 cui
790 4417 1136 4484 comparata,
1190 4428 1294 4466 nec
1344 4410 1582 4482 pulchra
1621 4417 1774 4473 sunt,
1815 4428 1919 4466 nec
1947 4412 2097 4466 bona

403 4507 556 4568 sunt,
588 4517 694 4555 nec
723 4505 878 4555 sunt.
920 4499 1142 4554 Scimus
1184 4501 1324 4565 haec,
1358 4499 1567 4572 gratias
1615 4497 1738 4553 tibi.
1772 4499 1836 4552 Et.
1862 4499 2096 4574 scientia

401 4594 596 4645 nostra
625 4587 875 4644 scientia).
904 4592 1017 4643 tum
1047 4590 1396 4657 comparata,
1427 4585 1753 4656 ignorantia
1781 4589 1880 4641 est.

1085 4682 1316 4749 CAPUT.
1350 4695 1412 4748 V.

820 4787 908 4841 Ea:
931 4785 1099 4839 nihilo
1127 4783 1372 4839 conditus
1402 4783 1660 4837 mundus.

469 4879 522 4928 7.
555 4873 849 4938 Quomodo
898 4877 1092 4927 autem
1135 4872 1317 4926 fecisti
1370 4873 1574 4925 caelum
1621 4875 1675 4924 et
1717 4875 1928 4925 terram
1951 4876 1991 4940 ³,
2035 4878 2092 4926 et

395 4980 526 5035 qua:
558 4962 822 5016 machina
848 4965 964 5016 tam
994 4961 1226 5032 grandis
1247 4960 1595 5031 Operationis
1617 4961 1768 5013 tuae?
1790 4961 1910 5014 Non
1936 4961 2088 5015 enim

373 5053 541 5108 'sicut
567 5052 740 5106 homo
770 5049 970 5104 artifex
1003 5050 1255 5104 formans
1295 5065 1500 5120 corpus
1529 5049 1598 5103 de
1633 5065 1890 5119 corpore,
1937 5049 2088 5104 arbi-

405 5256 414 5266 .
460 5197 474 5229 ¹
510 5194 593 5243 Sic
605 5193 754 5256 prius
773 5191 930 5241 Editi.
954 5191 1020 5241 At
1049 5191 1373 5254 antiquiores
1393 5195 1446 5240 et
1460 5190 1702 5240 meliores
1724 5192 1845 5240 Mss.
1870 5190 2085 5256 habent,

393 5269 890 5391 ῗρξοῧςῖεξΐῖιῖᾟάίί.
921 5317 1038 5378 ate,
1066 5328 1184 5378 quae
1206 5328 1361 5364 voces
1395 5315 1448 5362 in
1472 5315 1598 5364 Mss.
1631 5327 1791 5377 prOpe
1835 5315 2084 5362 omnibus

391 5384 754 5429 inveniuntur.

451 5444 472 5475 ³
485 5441 633 5504 Apud
646 5442 761 5490 Am.
780 5440 864 5489 Er.
879 5444 931 5490 et
944 5440 1068 5489 Lov.
1082 5438 1156 5487 sic
1170 5437 1352 5504 incipit
1364 5441 1520 5504 caput
1532 5442 1560 5488 5
1575 5452 1585 5485 :
1601 5438 1660 5486 In
1672 5437 1940 5504 principio
1952 5437 2082 5504 fecit

388 5501 749 5553 Deus'cmlum
769 5506 816 5552 et
842 5507 1063 5553 terram.
1086 5501 1364 5558 Quomodo.
1387 5501 1575 5549 Eadem
1596 5502 1754 5550 verba
1774 5506 1984 5549 exstant
1999 5501 2082 5549 hic

388 5563 489 5612 loci
513 5565 648 5627 apud
671 5565 816 5624 Bad.,
838 5565 929 5614 sed
951 5566 1144 5615 absunt
1163 5577 1194 5612 a
1212 5563 1334 5613 Mss.
1356 5564 1492 5613 etab
1511 5562 1742 5612 editione
1770 5562 2080 5612 Arnaldina.

1602 319 2138 377 CONFESSIONUM
2179 320 2234 375 S.
2287 321 2691 378 AUGUSTINI.

3807 325 3918 376 812

2221 468 2370 518 tratu
2383 462 2591 517 animm
2604 463 2842 516 valentis
2855 462 3148 532 imponere
3164 467 3474 534 utcumque
3488 463 3733 534 speciem
3748 480 3931 535 quam

2220 552 2398 606 cernit
2418 552 2476 605 in
2501 551 2805 622 semetipsa
2822 550 3049 605 interno
3082 551 3269 605 oculo.
3297 553 3361 605 Et
3384 551 3534 606 unde
3556 552 3663 606 hoc
3685 553 3926 618 valeret,

2219 641 2329 694 nisi
2375 641 2508 712 quia
2554 645 2618 693 tu
2666 639 2847 694 fecisti
2895 639 3060 693 eam?
3107 641 3171 694 Et
3217 640 3465 711 imponit
3505 641 3754 710 speciem
3796 642 3925 711 jam

2221 729 2480 782 existenti
2503 732 2559 782 et
2595 727 2827 781 habenti
2853 732 2916 781 ut
2953 732 3123 796 esset,
3154 728 3325 781 veluti
3363 734 3552 794 terrae,
3583 733 3682 783 aut
3711 729 3918 799 lapidi,

2221 821 2319 870 aut
2346 817 2522 887 ligno,
2557 820 2654 870 aut
2691 832 2852 882 auro,
2898 820 2994 869 aut
3023 816 3080 870 id
3110 832 3288 886 genus
3326 833 3519 870 rerum
3556 817 3809 872 cuilibet.
3857 820 3929 871 Et.

2221 907 2372 960 unde
2420 906 2529 960 ista
2575 910 2783 967 essent,
2839 905 2948 958 nisi
2991 909 3054 959 tu
3099 905 3440 958 instituisses
3487 905 3596 959 ea?
3643 907 3724 959 Tu
3758 905 3925 960 fabro

2220 1009 2443 1064 corpus,
2475 997 2539 1047 tu
2568 993 2825 1046 animum
2862 991 3135 1046 membris
3161 991 3590 1062 imperitantem
3620 992 3819 1054 fecisti,
3855 997 3926 1046 tu

2220 1081 2518 1135 materiam
2547 1081 2697 1136 unde
2734 1081 2866 1135 facit
2891 1079 3128 1151 aliquid,
3164 1085 3226 1134 tu
3263 1080 3562 1151 ingenium
3590 1098 3704 1152 quo
3736 1086 3922 1135 artem

2221 1170 2401 1240 capiat
2452 1175 2506 1224 et
2546 1170 2732 1224 videat
2773 1169 2928 1224 intus
2975 1168 3116 1240 quid
3162 1167 3333 1222 faciat
3377 1169 3539 1237 foris,
3591 1173 3653 1223 tu
3683 1185 3925 1224 sensum

2219 1257 2474 1328 corporis
2498 1275 2609 1328 quo
2630 1257 2941 1327 interprete
2954 1255 3196 1326 trajiciat
3215 1257 3286 1310 ab
3307 1257 3500 1311 animo
3523 1258 3593 1312 ad
3616 1257 3926 1312 materiam

2218 1347 2273 1401 id
2306 1347 2458 1418 quod
2488 1346 2640 1412 facit,
2675 1350 2729 1399 et
2757 1345 3046 1399 renuntiet
3081 1345 3273 1399 animo
3311 1344 3448 1416 quid
3490 1346 3699 1399 factum
3732 1346 3822 1410 sit,
3859 1351 3925 1399 ut

2218 1434 2314 1487 ille
2335 1433 2488 1488 intus
2505 1433 2762 1486 consulat
2780 1433 3183 1503 praesidentem
3205 1432 3311 1486 sibi
3333 1432 3652 1504 veritatem,
3675 1449 3748 1486 an
3771 1433 3927 1488 bene

2219 1526 2426 1578 factum
2446 1524 2534 1578 sit.
2554 1525 2630 1578 Te
2653 1523 2885 1577 laudant
2905 1524 3027 1576 haec
3053 1523 3246 1577 omnia
3271 1528 3587 1576 creatorem
3610 1524 3872 1577 omnium
3906 1539 3922 1576 :

2219 1613 2316 1667 sed
2341 1617 2404 1666 tu
2431 1612 2717 1683 quomodo
2751 1612 2888 1666 facis
2917 1610 3021 1665 ea?
3051 1611 3339 1682 quomodo
3370 1611 3570 1681 fecisti,
3604 1613 3773 1681 Deus,
3806 1629 3927 1667 cce-

2219 1702 2338 1755 lum
2389 1705 2444 1754 et
2479 1702 2730 1754 terram?
2773 1701 2896 1754 Non
2945 1700 3143 1770 utique
3182 1699 3242 1753 in
3271 1700 3409 1754 ccelo
3456 1716 3639 1770 neque
3679 1699 3739 1754 in
3769 1705 3932 1755 terra

2219 1789 2399 1843 fecisti
2436 1790 2642 1843 coelum
2669 1793 2726 1842 et
2753 1792 2995 1856 terram;
3034 1803 3219 1858 neque
3251 1787 3310 1841 in
3351 1803 3479 1841 aere
3510 1791 3607 1841 aut
3642 1786 3700 1841 in
3733 1788 3927 1859 aquis,

2219 1877 2490 1949 quoniam
2517 1881 2570 1932 et
2600 1878 2722 1932 haec
2741 1875 3034 1946 pertinent
3055 1876 3120 1930 ad
3149 1875 3356 1929 coelum
3377 1881 3435 1930 et
3462 1880 3702 1930 terram:
3728 1892 3926 1948 neque

2215 1966 2277 2019 in
2305 1965 2572 2020 universo
2604 1965 2819 2018 mundo
2850 1963 3028 2017 fecisti
3063 1963 3394 2017 universum
3433 1963 3738 2031 mundum,
3779 1967 3931 2035 quia

2217 2071 2331 2108 non
2353 2058 2474 2108 erat
2490 2053 2588 2107 ubi
2609 2053 2771 2107 fieret
2791 2057 3097 2122 antequam
3128 2051 3289 2106 ﬁeret
3320 2057 3381 2106 ut
3415 2057 3577 2106 esset.
3604 2054 3714 2106 Nec
3741 2069 3928 2108 manu

2217 2143 2450 2197 tenebas
2487 2140 2703 2212 aliquid
2734 2139 2885 2194 unde
2926 2140 3140 2194 faceres
3173 2141 3379 2194 coelum
3409 2146 3466 2194 et
3493 2145 3744 2208 terram;
3778 2159 3925 2197 nam

2215 2232 2367 2285 unde
2398 2229 2505 2285 tibi
2542 2231 2647 2284 hoc
2677 2229 2829 2300 quod
2858 2232 2918 2282 tu
2967 2244 3084 2282 non
3114 2229 3348 2295 feceras,
3377 2230 3528 2282 unde
3575 2229 3790 2300 aliquid
3833 2231 3924 2285 fa-

2215 2320 2411 2374 ceres?
2455 2318 2603 2382 Quid
2642 2318 2797 2372 enim
2841 2320 2944 2384 est,
2985 2317 3093 2371 nisi
3135 2317 3270 2388 quia
3291 2321 3352 2371 tu
3391 2319 3488 2372 es?
3527 2317 3669 2387 Ergo
3699 2318 3921 2386 dixisti,

2217 2413 2272 2462 et
2308 2408 2453 2461 facta
2500 2409 2651 2474 sunt,
2701 2410 2870 2476 atque
2914 2405 2972 2459 in
3021 2406 3194 2460 verbo
3252 2410 3350 2459 tuo
3399 2404 3579 2458 fecisti
3625 2421 3691 2458 ea
3749 2408 3918 2475 (Psal.

2216 2511 2384 2562 xxxn,
2411 2499 2458 2558 9,
2481 2495 2554 2564 6).

2884 2605 3108 2661 CAPUT
3147 2608 3236 2661 VI.

2476 2693 2741 2760 Quomodo
2769 2696 2908 2748 Deus
2937 2695 3102 2760 dixit,
3136 2701 3194 2749 ut
3215 2698 3363 2764 ﬁeret
3392 2696 3644 2751 mundus.

2285 2784 2336 2837 8.
2360 2781 2464 2835 Sed
2497 2782 2782 2852 quomodo
2832 2781 3058 2837 dixisti?
3105 2784 3395 2855 Numquid
3440 2785 3535 2838 illo
3577 2784 3746 2839 modo
3795 2801 3918 2856 quo

2214 2870 2357 2924 facta
2388 2874 2471 2924 est
2499 2887 2601 2924 vox
2634 2871 2702 2924 de
2731 2871 2904 2938 nube,
2937 2871 3163 2927 dicens:
3206 2875 3305 2926 Hic
3333 2878 3412 2927 est
3449 2875 3616 2927 Filius
3647 2889 3791 2927 meus
3824 2874 3921 2927 di-

2215 2957 2415 3011 lectus?
2447 2958 2668 3026 (Matth.
2704 2976 2776 3020 ιιι,
2814 2963 2908 3025 t7;
2941 2964 2990 3013 et
3036 2976 3165 3024 xvu,
3219 2963 3290 3030 5.)
3321 2962 3420 3014 llla
3455 2961 3610 3015 enim
3659 2977 3762 3015 vox
3790 2967 3923 3014 acta

2214 3051 2384 3117 atque
2415 3051 2697 3101 transacta
2727 3053 2832 3116 est,
2872 3051 3053 3119 coepta
3082 3053 3139 3102 et
3171 3049 3354 3103 finita.
3383 3050 3713 3103 Sonuerunt
3741 3050 3922 3120 sylla-

2213 3135 2300 3189 ba:
2331 3140 2498 3206 atque
2546 3135 2913 3202 transierunt,
2961 3136 3208 3192 secunda
3253 3141 3383 3208 post
3427 3138 3694 3208 primam,
3745 3137 3922 3192 tertia

2213 3229 2342 3295 post
2384 3225 2710 3290 secundam,
2759 3229 2928 3295 atque
2965 3225 3099 3280 inde
3130 3241 3198 3280 ex
3229 3226 3447 3293 ordine,
3495 3227 3675 3280 donec
3706 3225 3919 3280 ultima

2213 3317 2341 3383 post
2365 3317 2614 3379 caateras,
2649 3313 3056 3384 silentiumque
3076 3319 3207 3384 post
3230 3313 3512 3369 ultimam.
3552 3314 3704 3369 Unde
3735 3313 3921 3368 claret

2213 3407 2382 3472 atque
2415 3401 2648 3470 eminet,
2689 3402 2841 3472 quod
2879 3407 3153 3457 creaturae
3199 3408 3389 3458 motus
3440 3403 3713 3474 expressit
3759 3419 3917 3470 eam,

2212 3490 2460 3543 serviens
2481 3495 2708 3543 maternae
2729 3491 3005 3545 voluntati
3028 3495 3140 3546 tuae
3162 3491 3282 3562 ipse
3315 3492 3668 3563 temporalis.
3699 3492 3765 3545 Et
3787 3493 3919 3546 haec

2212 3577 2282 3632 ad
2324 3583 2549 3648 tempus
2596 3579 2741 3632 facta
2784 3578 2953 3632 verba
2999 3583 3098 3634 tua
3135 3580 3419 3635 nuntiavit
3459 3581 3610 3635 auris
3663 3584 3918 3635 exterior

2211 3669 2390 3720 menti
2411 3667 2702 3737 prudenti,
2722 3667 2882 3738 cujus
2903 3667 3056 3722 auris
3078 3668 3318 3723 interior
3338 3669 3524 3740 posita
3545 3674 3627 3723 est
3651 3669 3719 3724 ad
3741 3675 3916 3723 aeter-

2210 3770 2349 3808 num
2389 3755 2634 3809 Verbum
2682 3761 2866 3809 tuum.
2912 3759 2983 3809 At
3035 3757 3131 3811 illa
3177 3758 3526 3829 comparavit
3564 3762 3685 3812 haec
3731 3759 3914 3813 verba

2209 3843 2599 3913 temporaliter
2628 3843 2911 3908 sonantia,
2944 3861 3074 3898 cum
3113 3849 3326 3900 interno
3361 3846 3424 3900 in
3463 3846 3686 3900 silentio
3716 3847 3910 3902 Verbo

2208 3934 2326 3998 tuo,
2359 3936 2416 3985 et
2443 3931 2618 3985 dixit:
2649 3931 2819 3985 Aliud
2849 3936 2952 3998 est,
3004 3933 3174 4004 longe
3223 3933 3377 3989 aliud
3406 3939 3510 3990 est.
3561 3936 3690 3988 Ilaec
3736 3935 3912 4006 longe

2206 4019 2354 4073 infra
2382 4036 2473 4074 me
2502 4023 2660 4086 sunt;
2695 4036 2797 4073 nec
2827 4024 2978 4086 sunt,
3010 4021 3146 4092 quia
3174 4021 3404 4092 fugiunt
3431 4027 3482 4076 et
3507 4027 3868 4092 praetereunt
3895 4041 3909 4078 :

2207 4109 2455 4163 Verbum
2484 4114 2673 4163 autem
2708 4108 2935 4162 Domini
2966 4109 3082 4164 mei
3107 4127 3276 4180 supra
3310 4127 3400 4166 me
3431 4116 3627 4166 manet
3653 4111 3715 4165 in
3744 4116 3916 4166 aeter-

2207 4213 2359 4251 num.
2387 4197 2443 4252 Si
2465 4213 2597 4268 ergo
2630 4197 2816 4251 verbis
2859 4197 3192 4252 sonantibus
3217 4203 3271 4253 et
3301 4199 3784 4270 prmtereuntibus
3814 4200 3910 4254 di-

2203 4285 2333 4339 xisti
2361 4290 2425 4341 ut
2448 4285 2608 4340 ﬁeret
2632 4287 2836 4348 coelum
2867 4290 2923 4341 et
2959 4291 3130 4354 terra,
3168 4291 3336 4358 atque
3367 4287 3448 4341 ita
3483 4287 3664 4342 fecisti
3694 4289 3908 4344 caelum

2205 4374 2670 4445 etterram,cujus
2689 4374 2939 4428 motibus
2957 4376 3367 4445 temporalibus
3384 4375 3777 4446 temporaliter
3794 4393 3906 4432 vox

2202 4464 2300 4517 illa
2327 4468 2704 4533 percurreret.
2737 4463 2964 4518 Nullum
2995 4467 3186 4517 autem
3216 4479 3421 4534 corpus
3449 4467 3578 4516 ante
3603 4465 3815 4520 coelum
3848 4471 3910 4522 et

2202 4556 2451 4607 terram:
2503 4556 2601 4606 aut
2640 4551 2688 4605 si
2732 4555 2872 4618 erat,
2924 4551 2978 4606 id
3028 4556 3177 4606 certe
3225 4551 3345 4605 sine
3390 4550 3720 4606 transitoria
3766 4570 3907 4610 voce

2200 4640 2434 4707 feceras,
2467 4640 2620 4694 unde
2649 4639 3040 4694 transitoriam
3073 4655 3266 4693 vocem
3302 4639 3512 4692 faceres
3543 4655 3657 4710 qua
3683 4639 3907 4699 diceres

2200 4735 2265 4784 ut
2295 4731 2458 4785 ﬁeret
2493 4731 2700 4784 coelum
2731 4734 2786 4784 et
2826 4733 3000 4783 terra.
3061 4727 3346 4800 Quidquid
3391 4728 3546 4782 enim
3585 4729 3725 4785 illud
3755 4739 3907 4788 esset

2199 4819 2350 4873 unde
2384 4819 2513 4872 talis
2542 4835 2647 4872 vox
2671 4819 2850 4884 fieret,
2876 4815 2984 4870 nisi
3007 4815 3106 4870 abs
3135 4821 3189 4870 te
3216 4816 3430 4870 factum
3455 4821 3622 4884 esset,
3659 4820 3900 4874 omnino

2198 4923 2315 4961 non
2345 4911 2510 4962 esset.
2537 4909 2608 4961 Ut
2632 4923 2768 4977 ergo
2818 4905 2978 4959 fieret
3015 4920 3216 4975 corpus
3248 4903 3396 4960 unde
3438 4905 3545 4962 ista
3574 4906 3747 4962 verba
3794 4908 3898 4962 fie-

2197 5000 2340 5064 rent,
2377 5013 2490 5068 quo
2519 4995 2690 5050 verbo
2722 5012 2754 5048 a
2783 4999 2836 5048 te
2867 4993 3082 5048 dictum
3112 4996 3234 5049 est?

2850 5109 3072 5164 CAPUT
3111 5110 3235 5167 VII.

2622 5196 2854 5253 Verbum
2882 5200 2980 5252 Dei
2998 5204 3313 5254 coaetemum
3338 5202 3461 5254 Deo.
3528 5256 3536 5264 ,

2265 5290 2316 5340 9.
2349 5287 2519 5340 Vocas
2540 5285 2731 5356 itaque
2759 5302 2862 5340 nos
2881 5286 2951 5341 ad
2975 5286 3416 5360 intelligendum
3435 5286 3679 5342 Verbum
3706 5287 3890 5342 Deum

2193 5375 2339 5445 apud
2373 5378 2426 5428 te
2458 5375 2657 5441 Deum,
2687 5375 2839 5445 quod
2871 5376 3215 5446 sempiterne
3240 5376 3466 5441 dicitur,
3500 5381 3554 5430 et
3577 5391 3645 5430 eo
3675 5378 3892 5447 sempi-

2189 5467 2346 5518 terne
2375 5463 2642 5518 dicuntur
2665 5463 2887 5520 omnia:
2923 5481 3109 5537 neque
3139 5466 3294 5520 enim
3326 5464 3524 5519 ﬁnitur
3552 5463 3706 5534 quod
3737 5464 3890 5520 dice-

2188 5552 2376 5618 batur,
2405 5555 2462 5607 et
2489 5551 2697 5608 dicitur
2737 5553 2892 5609 aliud
2939 5558 3004 5610 ut
3049 5554 3267 5626 possint
3293 5553 3405 5608 dici
3446 5552 3671 5621 omnia;
3700 5553 3798 5608 sed
3841 5556 3886 5609 si
