4058 6370
363 313 507 367 ~815

1062 435 1284 489 CAPUT
1321 436 1435 490 xu.
1502 406 1513 415 ’

610 521 753 588 Quid
770 524 920 576 “Deus
948 524 1140 589 fecerit
1170 529 1293 576 ante
1321 524 1518 577 mundi
1549 526 1893 580 creationem.

482 629 569 683 14.
611 628 744 680 Ecce
768 628 1083 698 respondeo
1118 627 1350 693 dicenti,
1380 629 1527 692 Quid
1552 628 1794 683 faciebat
1825 631 1969 684 Deus
2000 646 2102 684 an-

409 721 637 786 tequam
664 715 872 768 faceret
890 717 1095 769 coelum
1119 722 1175 769 et
1194 721 1403 770 terram
1431 717 1784 786 ;respondeo
1817 734 1931 772 non
1962 718 2103 773 illud

408 803 561 874 quod
592 804 827 874 quidam
849 805 1208 875 respondisse
1238 804 1575 873 perhibetur
1598 806 1949 875 joculariter,
1983 808 2103 861 elu-

408 895 548 946 dens
572 892 904 963 quzestionis
948 892 1315 946 violentiam:
1358 893 1506 958 Alta,
1554 893 1761 964 inquit,
1806 894 2104 949 scrutanti-

406 983 509 1035 bus
535 982 824 1051 gehennas
854 981 1103 1050 parabat.
1136 979 1300 1032 Aliud
1339 984 1424 1032 est
1448 980 1658 1046 videre,
1690 982 1841 1035 aliud
1874 982 2098 1050 ridere;

405 1071 527 1123 haec
556 1086 671 1125 non
692 1068 1024 1140 respondeo.
1061 1066 1346 1121 Libentius
1368 1067 1523 1121 enim
1548 1069 1963 1138 responderim,
1995 1072 2099 1125 Ne-

406 1158 539 1224 scio,
572 1158 724 1228 quod
751 1156 936 1209 nescio
961 1172 974 1222 ;
1008 1170 1180 1224 quam
1211 1154 1354 1209 illud
1382 1155 1536 1210 unde
1563 1156 1834 1211 irridetur
1863 1158 1964 1228 qui
1989 1158 2102 1212 alta

403 1244 792 1315 interrogavit,
817 1246 872 1295 et
901 1243 1168 1295 laudatur
1194 1241 1295 1312 qui
1322 1243 1465 1296 falsa
1495 1245 1808 1314 respondit.
1841 1246 1951 1300 Sed
1972 1245 2099 1299 dico

404 1338 479 1399 te,
513 1334 661 1386 Deus
688 1337 898 1392 noster,
922 1330 1108 1383 omnis
1137 1335 1414 1385 creaturae
1444 1338 1779 1387 creatorem.
1816 1334 1882 1387 Et
1900 1332 1946 1386 si
1976 1333 2101 1387 caeli

404 1425 462 1475 et
488 1425 653 1473 terrae
691 1416 927 1472 nomine
957 1418 1142 1471 omnis
1173 1423 1433 1473 creatura
1473 1420 1815 1491 intelligitur
1844 1439 1856 1476 :
1883 1421 2101 1476 auden-

402 1514 488 1562 ter
519 1509 664 1577 dico,
708 1509 1028 1577 Antequam
1074 1507 1284 1561 faceret
1328 1508 1475 1562 Deus
1508 1510 1714 1563 caelum
1746 1514 1801 1563 et
1857 1514 2092 1577 terram,

403 1612 515 1650 non
542 1595 781 1650 faciebat
810 1593 1025 1664 aliquid
1053 1611 1065 1647 :
1090 1594 1137 1647 si
1166 1594 1323 1648 enim
1352 1596 1616 1663 faciebat,
1650 1597 1789 1667 quid
1818 1597 1925 1651 nisi
1947 1614 2098 1652 crea-

399 1691 587 1739 turam
616 1683 853 1738 faciebat
877 1683 903 1736 ?
935 1682 1234 1736 Etutinam
1261 1683 1337 1736 sic
1361 1684 1558 1753 sciam,
1580 1685 1859 1756 quidquid
1884 1686 2101 1740 utiliter

401 1774 541 1828 scire
558 1772 744 1842 cupio,
775 1770 1263 1841 quemadmodum
1280 1771 1394 1825 scio
1414 1773 1567 1843 quod
1590 1774 1747 1827 nulla
1760 1773 2095 1828 ﬁebatcrea-

398 1869 527 1916 tura
558 1860 596 1927 ',
639 1865 943 1930 antequam
981 1859 1144 1913 fieret
1167 1858 1285 1913 ulla
1315 1866 1600 1916 creatura.

1038 1966 1260 2020 CAPUT
1298 1966 1451 2020 XIII.

399 2058 550 2124 Quod
578 2060 702 2111 ante
730 2060 969 2124 tempora
993 2071 1027 2107 a
1057 2057 1158 2108 Deo
1184 2059 1369 2108 creata
1395 2056 1606 2110 nullum
1654 2060 1860 2127 tempus
1888 2058 2086 2125 fuerit.

476 2169 555 2219 15.
611 2165 684 2217 At
713 2162 758 2215 si
799 2161 1133 2232 cujusquam
1174 2160 1417 2215 volatilis
1460 2178 1658 2216 sensus
1704 2168 1942 2232 vagatur
1996 2179 2100 2233 per

400 2253 679 2323 imagines
710 2254 859 2303 retro
889 2254 1234 2318 temporum,
1269 2254 1326 2302 et
1353 2253 1408 2302 te
1436 2251 1616 2304 Deum
1646 2251 2096 2320 omnipotentem

398 2349 455 2397 et
484 2340 931 2396 omnicreantem
962 2340 1017 2390 et
1047 2336 1521 2405 omniteuentem,
1546 2338 1674 2392 caeli
1699 2344 1756 2392 et
1776 2343 1942 2392 terrea
1965 2340 2095 2393 arti-

397 2434 582 2497 ficem,
616 2430 686 2483 ab
717 2443 887 2498 opere
921 2429 1098 2487 tanto,
1125 2429 1432 2496 antequam
1463 2426 1520 2480 id
1550 2427 1783 2492 faceres,
1811 2443 1915 2497 per
1938 2428 2098 2481 innu-

397 2517 693 2573 merabilia
748 2514 952 2568 saecula
1005 2529 1249 2566 cessasse
1306 2514 1584 2581 miratur;
1649 2515 1880 2585 evigilat
1924 2521 2095 2585 atque

398 2606 673 2665 attendat,
705 2604 838 2675 quia
858 2603 994 2656 falsa
1012 2601 1272 2655 miratur.
1302 2603 1442 2655 Nam
1462 2603 1614 2655 unde
1643 2603 2097 2672 poterantinnu-

402 2694 689 2749 merabilia
731 2692 936 2745 sarcula
975 2688 1289 2760 praeterire,
1340 2707 1468 2761 quae
1518 2691 1641 2760 ipse
1691 2707 1804 2745 non
1854 2692 2089 2757 feceras,

396 2800 524 2838 cum
553 2782 628 2836 sis
665 2780 922 2834 omnium
953 2779 1291 2832 saeculorum
1326 2783 1525 2832 auctor
1552 2783 1610 2833 et
1638 2780 1945 2834 conditor?
1994 2786 2097 2834 aut

397 2890 525 2944 quas
557 2877 816 2940 tempora
844 2866 1085 2922 fuissent
1104 2882 1231 2937 quas
1263 2866 1362 2919 abs
1396 2871 1447 2920 te
1470 2867 1701 2922 condita
1722 2884 1839 2922 non
1862 2870 2093 2925 essent?

395 2966 493 3015 aut
522 2958 807 3031 quomodo
838 2954 1213 3027 praeterirent,
1247 2955 1294 3008 si
1314 2970 1615 3026 nunquam
1646 2956 1929 3010 fuissent?
1952 2958 2089 3011 Cum

396 3066 532 3119 ergo
561 3050 636 3102 sis
666 3052 934 3117 operator
970 3043 1231 3097 omnium
1259 3047 1609 3113 temporum,
1644 3045 1691 3096 si
1720 3044 1826 3099 fuit
1856 3045 2086 3116 aliquod

395 3144 622 3207 tempus
650 3139 958 3204 antequam
988 3133 1200 3185 faceres
1220 3131 1430 3185 coelum
1471 3137 1527 3185 et
1554 3136 1788 3199 terram,
1821 3148 1922 3186 cur
1950 3133 2089 3187 dici-

394 3233 490 3280 tur
519 3224 673 3296 quod
699 3223 768 3276 ab
790 3237 961 3290 opere
992 3220 1246 3273 cessabas
1271 3221 1299 3271 ?
1318 3219 1573 3288 ldipsum
1601 3220 1754 3273 enim
1780 3225 2006 3288 tempus
2028 3227 2088 3275 tu

398 3315 630 3378 feceras,
669 3326 772 3364 nec
790 3307 1084 3380 praeterire
1137 3311 1448 3377 potuerunt
1491 3312 1753 3378 tempora
1784 3313 2088 3379 antequam

394 3402 605 3455 faceres
628 3405 903 3469 tempora.
936 3396 991 3449 Si
1023 3398 1214 3449 autem
1236 3400 1367 3449 ante
1394 3396 1599 3449 caelum
1630 3400 1688 3451 et
1716 3400 1930 3451 terram
1962 3400 2088 3452 nul-

396 3491 517 3543 lum
548 3493 669 3543 erat
708 3493 958 3555 tempus,
988 3500 1089 3538 cur
1126 3484 1408 3554 qumritur
1450 3484 1587 3555 quid
1634 3490 1768 3538 tunc
1795 3486 2039 3541 faciebas
2062 3489 2089 3542 ‘1’

396 3579 519 3632 Non
554 3577 705 3631 enim
728 3580 850 3629 erat
869 3575 1043 3638 Tunc,
1075 3572 1173 3626 ubi
1204 3587 1319 3626 non
1350 3577 1471 3626 erat
1497 3577 1739 3644 tempus.

470 3671 552 3721 16.
588 3667 700 3720 Nec
728 3670 791 3718 tu
816 3666 1345 3731 temporetempore
1362 3661 1654 3731 praecedis,
1687 3662 1945 3734 alioquin
1973 3680 2087 3719 non

394 3755 584 3809 omnia
618 3758 875 3823 tempora
891 3749 1258 3822 pratcederes.
1281 3749 1387 3803 Sed
1415 3749 1692 3820 prazcedis
1719 3752 1915 3805 omnia
1941 3768 2088 3822 prte-

392 3845 558 3900 1crita
589 3841 920 3896 celsitudine
949 3855 1173 3909 semper
1193 3837 1490 3908 praesentis
1520 3837 1851 3909 aeternitatis
1873 3857 1886 3906 ;
1912 3846 1967 3895 et
1994 3858 2086 3894 su-

392 3949 556 4006 peras
594 3929 785 3985 omnia
814 3929 1025 3993 futura,
1057 3925 1193 3997 quia
1222 3926 1318 3978 illa
1344 3926 1537 3979 futura
1566 3930 1719 3996 sunt,
1751 3931 1956 3982 etcum
1986 3945 2089 3982 ve-

391 4023 598 4089 nerint,
638 4019 926 4090 przntcrita
955 4020 1160 4081 erunt;
1197 4018 1258 4068 tu
1312 4019 1502 4068 autem
1558 4014 1707 4069 idem
1752 4014 1872 4085 ipse
1916 4032 1997 4085 es,
2034 4022 2091 4070 ct

392 4111 527 4165 anui
576 4108 661 4163 tui
711 4122 825 4160 non
881 4103 1154 4157 deficiunt
1185 4100 1355 4167 (Psal.
1406 4118 1478 4164 Cl,
1529 4102 1641 4172 28).
1681 4102 1830 4155 Auni
1870 4103 1954 4156 tui
1985 4120 2088 4157 nec

393 4201 530 4251 eunt
554 4212 657 4250 nec
685 4194 957 4258 veniunt;
984 4191 1078 4245 isti
1102 4194 1294 4243 autem
1324 4189 1501 4242 nostri
1525 4194 1580 4243 et
1601 4194 1739 4242 euut
1756 4194 1811 4243 et
1832 4191 2085 4257 veniunt,

394 4291 455 4340 ut
476 4300 673 4339 omnes
701 4280 951 4335 veniant.
984 4277 1135 4333 Anni
1160 4276 1243 4330 tui
1274 4292 1473 4330 omnes
1519 4276 1688 4329 simul
1728 4281 1897 4343 stant,
1944 4294 2085 4349 quo-

396 4375 548 4427 niam
600 4374 784 4435 stant;
841 4383 944 4421 ncc
974 4370 1174 4421 euntes
1206 4381 1240 4418 a
1281 4364 1641 4418 venientibus
1688 4365 2083 4434 excluduntur,
2133 4355 2140 4361 ’

394 4460 531 4529 quia
554 4475 673 4513 non
702 4459 1032 4511 transeunt:
1080 4453 1174 4507 isti
1203 4457 1397 4507 autem
1429 4453 1606 4507 nostri
1654 4470 1852 4507 omnes
1896 4461 2083 4523 erunt,

394 4563 522 4601 eum
556 4561 754 4600 omnes
804 4559 922 4597 non
974 4545 1160 4597 erunt.
1206 4539 1357 4595 Anni
1400 4540 1484 4594 tui
1515 4540 1634 4594 dies
1668 4557 1851 4608 unus;
1884 4547 1939 4596 et
1967 4543 2087 4597 dies

391 4641 522 4690 tuus
547 4651 663 4689 non
692 4631 963 4704 quotidie,
981 4630 1076 4684 sed
1094 4629 1287 4697 hodie,
1312 4628 1446 4700 quia
1473 4629 1786 4683 hodiernus
1813 4635 1945 4684 tuus
1966 4647 2084 4685 non

393 4724 543 4778 cedit
563 4722 841 4787 crastino;
873 4735 1061 4790 neque
1092 4717 1246 4772 enim
1277 4717 1523 4771 succedit
1543 4718 1828 4774 hesterno.
1855 4718 2086 4772 Hodier-

391 4828 498 4867 nus
527 4817 658 4867 tuus
686 4808 1008 4875 mternitas;
1040 4807 1167 4861 ideo
1194 4810 1542 4860 comternum
1583 4806 1849 4876 genuisti,
1875 4807 1966 4861 cui
1998 4807 2083 4862 di-

390 4900 539 4967 xisti,
580 4903 692 4967 Ego
745 4897 900 4951 hodie
941 4899 1102 4963 genui
1141 4900 1189 4950 te
1234 4895 1403 4965 (Psal.
1464 4899 1622 4965 11,7;
1679 4896 1842 4949 Hebr.
1896 4913 1945 4961 v,
2007 4896 2080 4965 5).

392 4989 595 5045 Omnia
617 4993 879 5057 tempora
904 4989 967 5039 tu
995 4983 1195 5050 fecisti,
1228 4988 1284 5037 et
1326 4988 1453 5037 ante
1486 4983 1679 5037 omnia
1710 4987 1971 5054 tempore
2020 4988 2083 5038 tu

390 5095 479 5143 es;
515 5094 616 5133 nec.
647 5076 839 5146 aliquo
864 5078 1119 5144 tempore
1152 5087 1267 5126 non
1297 5076 1418 5126 erat
1444 5076 1689 5143 tempus.

1047 5178 1271 5234 CAPUT
1297 5179 1428 5231 XIV.

843 5270 1114 5338 Temporis
1141 5266 1459 5335 differentia:
1504 5270 1627 5321 tres.
1652 5326 1653 5329 η

464 5384 545 5437 t7.
588 5380 755 5435 Nullo
800 5392 940 5447 ergo
972 5379 1228 5445 tempore
1281 5389 1395 5428 non
1423 5373 1634 5428 feceras
1663 5372 1901 5444 aliquid,
1946 5373 2079 5445 quia

384 5473 574 5544 ipsum
601 5475 830 5540 tempus
859 5472 923 5520 tu
951 5465 1184 5519 feceras.
1234 5463 1299 5517 Et
1330 5461 1488 5516 nulla
1535 5467 1791 5531 tempora
1838 5459 1941 5514 tibi
1982 5476 2077 5514 co-

442 5579 458 5610 ¹
487 5576 844 5637 Beuiguianus
873 5571 1057 5629 codex,
1083 5569 1220 5634 quod
1241 5568 1451 5621 nullam
1478 5565 1711 5631 faciebat
1746 5568 2072 5615 creaturam.

1597 314 2139 372 CONFESSIONUM
2205 315 2258 372 S.
2315 318 2719 375 AUGUSTINI.

3810 333 3919 387 816

2212 444 2424 495 aeterna
2452 446 2606 508 sunt,
2638 441 2775 513 quia
2803 446 2866 498 tu
2915 460 3218 515 permaues
3243 462 3259 501 :
3304 451 3360 500 at
3391 447 3490 503 illa
3517 450 3565 504 si
3609 466 3918 522 permane-

2211 532 2358 596 rent,
2409 546 2524 584 non
2571 535 2759 584 essent
2792 535 3073 603 tempora.
3114 533 3259 598 Quid
3307 536 3465 591 enim
3506 542 3594 592 est
3620 544 3864 611 .tempus
3890 541 3917 595 Τ

2213 616 2348 679 Quis
2388 617 2495 671 hoc
2532 618 2696 672 facile
2739 619 3100 692 breviterque
3153 622 3561 694 explicaverit?
3588 627 3736 692 Quia
3782 629 3916 695 hoc,

2213 704 2283 760 ad
2315 707 2551 761 verbum
2582 707 2652 762 de
2682 708 2781 761 illo
2809 710 3246 779 proferendum,
3274 714 3363 767 vel
3383 713 3732 784 cogitatione
3763 732 3919 772 com-

2211 794 2617 863 prehenderit?
2645 796 2791 861 Quid
2825 802 3017 853 autem
3043 799 3384 855 familiarius
3413 806 3471 858 et
3499 804 3689 861 notius
3720 805 3783 860 in
3828 807 3916 860 lo-

2212 882 2437 951 quendo
2464 900 2982 940 commemoramus
3027 903 3202 958 quam
3227 893 3456 960 tempus
3474 893 3504 946 ?
3534 893 3599 947 Et
3629 893 3919 964 intelligi-

2211 985 2339 1022 mus
2369 970 2564 1042 utique
2593 988 2724 1026 cum
2748 972 2807 1027 id
2830 974 3140 1045 loquimur,
3173 975 3552 1049 intelligimus
3580 980 3758 1036 etiam
3778 998 3913 1037 cum

2211 1058 2323 1112 alio
2353 1059 2623 1131 loquente
2651 1061 2710 1115 id
2734 1061 3019 1119 audimus.
3052 1064 3195 1128 Quid
3228 1070 3314 1120 est
3341 1082 3477 1137 ergo
3526 1070 3805 1141 tempus?
3852 1071 3914 1125 Si

2212 1161 2378 1201 nemo
2394 1165 2459 1201 ex
2488 1165 2582 1204 me
2604 1154 2840 1220 quaerat,
2858 1151 2971 1205 scio
2992 1153 3362 1224 ;siquasrenti
3388 1156 3676 1226 explicare
3704 1158 3903 1223 velim,

2210 1233 2397 1288 nescio
2427 1252 2439 1289 :
2473 1234 2717 1290 ﬁdenter
2758 1242 2952 1293 tamen
2998 1239 3123 1294 dico
3166 1240 3307 1295 scire
3346 1256 3459 1309 me,
3492 1244 3647 1314 quod
3677 1245 3726 1298 si
3755 1246 3906 1300 nihil

2207 1322 2542 1391 praeteriret,
2583 1339 2699 1379 non
2738 1329 2886 1379 esset
2926 1327 3283 1396 praeteritum
3308 1333 3564 1401 tempus;
3597 1336 3655 1386 et
3685 1332 3733 1386 si
3753 1333 3902 1387 nihil

2208 1409 2521 1480 adveniret,
2560 1427 2679 1466 non
2717 1417 2862 1467 esset
2897 1413 3157 1471 futurum
3185 1420 3444 1488 tempus;
3479 1423 3537 1473 et
3562 1420 3611 1473 si
3640 1420 3786 1475 nihil
3814 1437 3898 1474 es-

2208 1502 2313 1560 set,
2344 1514 2461 1553 non
2491 1505 2637 1554 esset
2664 1517 2917 1570 praesens
2946 1506 3193 1574 tempus.
3247 1506 3370 1560 Duo
3426 1522 3560 1578 ergo
3601 1507 3701 1562 illa
3744 1514 3897 1564 tem-

2208 1602 2368 1656 pora,
2401 1589 2758 1657 praeteritum
2795 1594 2852 1643 et
2904 1590 3167 1646 futurum
3208 1594 3495 1664 quomodo
3538 1600 3691 1663 sunt,
3716 1613 3909 1668 quan-

2208 1676 2280 1729 do
2295 1679 2351 1729 et
2374 1677 2729 1746 praeteritum
2737 1678 2856 1748 jam
2882 1695 2999 1733 non
3019 1687 3124 1747 est,
3148 1685 3205 1735 et
3224 1683 3483 1738 futurum
3510 1684 3770 1741 nondum
3789 1689 3916 1742 est?

2210 1765 2464 1819 Praesens
2493 1771 2685 1820 autem
2716 1767 2761 1820 si
2790 1783 3016 1838 semper
3045 1774 3210 1835 esset,
3243 1786 3516 1841 praesens,
3532 1788 3636 1827 nec
3649 1772 3713 1828 in
3750 1790 3911 1847 prce—

2207 1853 2439 1908 teritum
2472 1854 2777 1924 transiret;
2802 1856 2924 1926 jam
2954 1872 3069 1911 non
3099 1861 3244 1912 esset
3271 1862 3519 1931 tempus,
3553 1862 3652 1917 sed
3677 1865 3913 1918 aeterni-

2208 1945 2309 1995 tas.
2343 1941 2401 1996 Si
2429 1958 2566 2012 ergo
2594 1959 2863 2013 praesens,
2897 1949 2962 1999 ut
2986 1951 3213 2017 tempus
3240 1947 3333 2011 sit,
3374 1948 3503 2003 ideo
3552 1950 3621 2004 tit
3665 1951 3805 2021 quia
3850 1952 3913 2007 in

2206 2030 2563 2100 praeteritum
2600 2032 2842 2100 transit;
2895 2035 3188 2104 quomodo
3231 2041 3288 2090 et
3328 2037 3435 2092 hoc
3483 2054 3604 2092 esse
3639 2039 3912 2106 dicimus,

2207 2117 2298 2172 cui
2320 2135 2489 2173 causa
2515 2124 2579 2175 ut
2607 2121 2678 2175 sit
2696 2121 2795 2175 illa
2823 2126 2929 2187 est,
2959 2123 3097 2193 quia
3123 2139 3238 2178 non
3278 2124 3423 2193 erit;
3454 2129 3519 2181 ut
3545 2126 3759 2183 scilicet
3789 2145 3912 2185 non

2206 2224 2337 2261 vere
2363 2208 2617 2263 dicamus
2643 2214 2871 2282 tempus
2887 2227 3031 2280 esse,
3060 2211 3172 2265 nisi
3199 2212 3337 2284 quia
3364 2212 3550 2269 tendit
3580 2230 3695 2270 non
3717 2231 3843 2272 esse
3865 2220 3908 2275 ¹.

2880 2316 3106 2372 CAPUT
3130 2318 3235 2372 XV.

2653 2408 2899 2459 Mensura
2931 2408 3185 2475 temporis
3222 2408 3282 2460 in
3312 2421 3443 2475 quo.

2280 2512 2361 2563 18.
2422 2510 2487 2564 Et
2529 2514 2723 2565 tamen
2773 2510 3016 2566 dicimus
3062 2513 3300 2584 longum
3337 2518 3584 2584 tempus,
3626 2518 3683 2569 et
3729 2513 3909 2570 breve

2204 2602 2430 2668 tempus
2456 2615 2470 2663 ;
2501 2614 2690 2670 neque
2719 2600 2827 2654 hoc
2855 2599 2961 2654 nisi
2993 2600 3062 2654 de
3090 2601 3380 2669 praeterito
3403 2605 3501 2656 aut
3537 2603 3729 2657 futuro
3762 2603 3909 2658 dici-

2204 2701 2351 2740 mus.
2384 2687 2746 2741 Practeritum
2776 2691 3004 2758 tempus
3036 2690 3292 2758 longum,
3321 2690 3479 2745 verbi
3509 2691 3708 2762 gratia,
3736 2706 3907 2746 voca-

2203 2789 2331 2828 mus
2374 2779 2506 2829 ante
2546 2780 2775 2829 centum
2821 2791 3033 2843 annos;
3073 2775 3335 2831 futurum
3384 2777 3586 2832 itidem
3634 2779 3910 2849 longum,

2202 2867 2328 2933 post
2374 2869 2604 2918 centum
2653 2880 2850 2919 annos.
2908 2866 3081 2920 Breve
3112 2871 3302 2920 autem
3342 2867 3721 2937 praeteritum,
3756 2868 3911 2923 sicut

2202 2957 2356 3022 puta,
2391 2952 2634 3006 dicimus
2663 2957 2793 3008 ante
2842 2953 3037 3008 decem
3082 2953 3240 3021 dies;
3291 2960 3346 3009 et
3390 2956 3559 3010 breve
3613 2955 3907 3023 futurum,

2200 3046 2329 3111 post
2356 3040 2549 3095 decem
2580 3041 2718 3096 dies.
2739 3042 2847 3097 Sed
2872 3058 2985 3113 quo
3002 3047 3166 3114 pacto
3189 3044 3426 3114 longum
3456 3048 3541 3099 est
3567 3048 3666 3098 aut
3695 3045 3896 3111 breve,

2202 3129 2353 3199 quod
2377 3145 2493 3183 non
2510 3134 2595 3183 est
2611 3130 2640 3183 ‘?
2655 3130 3013 3185 Praeteritum
3036 3131 3191 3186 enim
3224 3132 3345 3202 jam
3383 3147 3503 3186 non
3536 3136 3641 3200 est,
3680 3137 3737 3187 et
3755 3133 3909 3188 futu-

2201 3233 2328 3271 rum
2363 3218 2624 3272 nondum
2651 3222 2750 3273 est.
2786 3219 2910 3273 Non
2947 3219 3141 3291 itaque
3166 3219 3444 3289 dicamus,
3484 3223 3740 3292 Longum
3771 3226 3903 3289 est;

2201 3306 2297 3359 sed
2328 3306 2581 3360 dicamus
2605 3306 2675 3361 de
2704 3307 3014 3377 prmterito,
3042 3310 3298 3379 Longum
3328 3309 3459 3375 fuit,
3493 3314 3549 3364 et
3579 3310 3649 3364 de
3678 3309 3906 3379 futuro,

2202 3394 2457 3465 Longum
2487 3395 2615 3453 erit.
2649 3396 2888 3450 Domine
2926 3412 3109 3466 meus,
3139 3397 3236 3451 lux
3264 3412 3415 3461 mea,
3464 3414 3659 3453 nonne
3708 3404 3765 3453 et
3804 3399 3905 3454 hic

2200 3483 2405 3536 veritas
2434 3488 2530 3538 tua
2561 3483 2844 3538 deridebit
2871 3485 3211 3542 hominem?
3256 3485 3421 3550 Quod
3467 3486 3623 3542 enim
3654 3487 3903 3557 longum

2199 3571 2305 3624 fuit
2338 3572 2689 3642 pratéritum
2744 3577 2994 3643 tempus,
3025 3590 3155 3628 cum
3181 3574 3301 3646 jam
3338 3579 3488 3629 esset
3537 3576 3905 3646 praeteritum

2201 3661 2436 3730 longum
2463 3661 2589 3727 fuit,
2610 3677 2680 3715 an
2699 3677 2829 3715 cum
2850 3662 3035 3716 adhuc
3064 3678 3315 3733 praesens
3343 3669 3490 3718 esset
3508 3666 3538 3720 ?
3552 3665 3707 3718 Tunc
3738 3664 3902 3719 enim

2198 3754 2421 3819 poterat
2449 3766 2569 3803 esse
2589 3749 2848 3819 longum,
2865 3751 3095 3821 quando
3117 3757 3237 3805 erat
3264 3752 3418 3824 quod
3440 3756 3589 3807 esset
3608 3753 3848 3824 longum
3885 3772 3898 3808 :

2197 3836 2555 3908 praeteritum
2573 3840 2832 3909 verojam
2861 3855 2978 3893 non
3006 3844 3128 3894 erat
3155 3857 3169 3907 ;
3199 3841 3351 3895 unde
3378 3857 3483 3895 nec
3511 3841 3748 3912 longum
3771 3857 3902 3896 esse

2199 3929 2435 3996 poterat,
2467 3926 2619 3995 quod
2650 3926 2885 3981 omnino
2926 3944 3042 3982 non
3069 3933 3210 3984 erat.
3264 3931 3389 3984 Non
3419 3945 3556 4001 ergo
3606 3929 3897 3997 dicamus,

2201 4015 2455 4084 Longum
2484 4015 2593 4069 fuit
2621 4015 2978 4085 praeteritum
3005 4020 3271 4089 tempus;
3309 4034 3495 4089 neque
3531 4018 3686 4073 enim
3732 4018 3902 4075 inve-

2198 4102 2420 4156 niemus
2447 4102 2584 4173 quid
2599 4103 2773 4157 fuerit
2796 4104 3055 4174 longum,
3077 4105 3307 4176 quando
3321 4120 3388 4160 ex
3401 4120 3516 4176 quo
3538 4106 3903 4177 prmteritum

2197 4194 2300 4259 est,
2332 4206 2445 4245 non
2476 4195 2589 4245 est:
2623 4191 2720 4245 sed
2744 4191 3015 4254 dicamus,
3052 4194 3309 4264 Longum
3338 4193 3450 4248 fuit
3476 4194 3617 4248 illud
3645 4210 3905 4265 praesens

2194 4284 2454 4350 tempus:
2482 4280 2616 4350 quia
2646 4297 2775 4335 cum
2804 4297 3058 4351 praesens
3087 4287 3254 4348 esset,
3300 4283 3536 4353 longum
3567 4287 3705 4337 erat.
3739 4284 3902 4339 Non-

2195 4368 2333 4423 dum
2363 4368 2517 4423 enim
2540 4368 2912 4439 praeterierat,
2944 4374 3009 4425 ut
3038 4385 3156 4425 non
3176 4374 3341 4435 esset,
3369 4376 3427 4424 et
3446 4370 3577 4424 ideo
3598 4374 3721 4425 erat
3736 4376 3903 4442 quod

2196 4456 2432 4527 longum
2465 4475 2584 4513 esse
2613 4464 2824 4529 posset.
2858 4461 3062 4513 Postea
3098 4474 3231 4512 vero
3270 4473 3444 4529 quam
3487 4459 3786 4527 praeteriit,
3816 4463 3901 4516 si-

2194 4547 2315 4599 mul
2345 4551 2401 4599 et
2425 4548 2660 4617 longum
2691 4562 2811 4601 esse
2841 4546 3074 4614 destitit,
3109 4546 3260 4617 quod
3287 4561 3407 4599 esse
3437 4544 3673 4600 destitit.

2267 4637 2351 4688 19.
2384 4634 2684 4689 Videamus
2712 4650 2869 4705 ergo,
2902 4651 2935 4688 ο
2967 4634 3157 4687 anima
3198 4634 3469 4699 humana,
3502 4638 3695 4687 utrum
3735 4651 3901 4705 prse-

2194 4738 2321 4777 sens
2350 4728 2575 4794 tempus
2605 4724 2784 4793 possit
2809 4739 2929 4777 esse
2959 4723 3226 4793 longum;
3261 4721 3457 4775 datum
3492 4722 3649 4777 enim
3678 4723 3781 4778 tibi
3809 4731 3903 4781 est

2194 4810 2403 4865 sentire
2425 4827 2617 4866 moras
2646 4815 2815 4881 atque
2861 4808 3073 4863 metiri.
3107 4808 3254 4872 Quid
3292 4809 3661 4879 respondebis
3696 4811 3843 4865 mihi
3864 4816 3897 4868 ?

2189 4902 2277 4955 An
2303 4906 2533 4955 centum
2563 4898 2697 4952 anni
2726 4901 3034 4968 praesentes
3058 4897 3297 4967 longum
3328 4902 3556 4968 tempus
3586 4902 3671 4952 est
3689 4900 3717 4952 ?
3746 4900 3890 4955 Vide

2191 4988 2350 5059 prius
2378 4992 2571 5043 utrum
2619 4985 2836 5056 possint
2868 4988 3178 5055 pressantes
3217 5001 3338 5041 esse
3382 4991 3612 5040 centum
3640 4986 3797 5041 anui.
3831 4989 3895 5044 Si

2191 5078 2346 5132 enim
2374 5076 2596 5147 primus
2622 5090 2824 5129 eorum
2863 5089 3046 5128 annus
3077 5074 3286 5144 agitur,
3322 5075 3444 5146 ipse
3475 5090 3721 5144 praesens
3761 5080 3848 5129 est
3874 5097 3892 5144 ;

2188 5164 2503 5235 nonaginta
2524 5178 2657 5216 vero
2686 5166 2742 5216 et
2770 5177 2979 5216 novem
3006 5162 3186 5217 futuri
3211 5168 3365 5234 sunt,
3397 5168 3452 5218 et
3476 5163 3605 5218 ideo
3624 5163 3890 5222 nondum

2188 5258 2354 5309 sunt:
2388 5251 2651 5307 siautem
2681 5250 2962 5306 secundus
2991 5266 3177 5307 annus
3212 5252 3425 5323 agitur,
3450 5252 3571 5322 jam
3600 5265 3749 5304 unus
3797 5258 3887 5307 est

2250 5380 2264 5411 ¹
2297 5378 2442 5435 Lov.,
2460 5375 2629 5439 tendit
2644 5373 2715 5426 ad
2727 5388 2835 5426 non
2849 5388 2968 5439 esse.
2993 5375 3418 5439 Abestparticula
3427 5374 3499 5424 ad
3509 5388 3540 5422 a
3550 5374 3672 5439 Mss.
3682 5388 3821 5439 ,quse
3834 5382 3888 5427 et

2187 5439 2327 5502 alias
2346 5438 2707 5502 abAugustino
2723 5452 2831 5487 non
2852 5438 3133 5502 adhibetur
3152 5436 3272 5502 post
3293 5438 3511 5502 verbum
3526 5436 3688 5496 tendi,
3704 5436 3877 5502 utlib.

2189 5505 2215 5550 4
2240 5501 2400 5564 hujus
2428 5499 2617 5565 aperis,
2647 5514 2762 5565 cap.
2794 5504 2849 5550 10
2874 5515 2885 5547 :
2932 5520 2955 5543 ‹‹
2976 5500 3113 5564 Ergo
3153 5499 3275 5549 cum
3304 5499 3551 5549 oriuntur
3573 5503 3625 5548 et
3651 5499 3886 5552 tendunt

2188 5577 2317 5613 esse.
2345 5578 2371 5608 ))
