4058 6356
158 275 211 333 8t
224 282 253 331 7
1566 292 1776 349 LIBER
1820 296 1832 347 1

2018 296 2138 351 L‘IM
2150 299 2247 352 L'S.

154 400 494 472 preteritus,
525 403 668 457 alter
692 420 962 476 presens,
995 408 1185 462 ceteri
1235 409 1433 465 futuri.
1465 413 1648 484 Atque
1690 414 1771 468 ita
1801 414 1850 468 si

153 488 473 545 mediorum
500 492 817 562 quemlibet
844 496 1157 550 centenarii
1187 497 1358 569 hujus
1379 501 1605 555 numeri
1635 518 1847 557 annum

153 582 490 648 presentem
520 579 887 649 posuerimus
915 599 928 649 ;
959 589 1091 638 ante
1137 584 1302 640 illum
1350 589 1630 659 preteriti
1660 596 1846 656 erunt,

149 670 272 737 post
298 665 465 721 illum
494 667 714 723 futuri:
767 671 1031 741 quocirca
1075 678 1308 728 centum
1355 677 1492 730 anni
1535 685 1848 748 presentes

149 771 261 809 esse
287 771 408 809 non
436 760 726 826 poterunt.
746 758 885 814 Vide
901 761 1104 814 saltem
1126 766 1317 816 utrum
1339 764 1439 834 qui
1468 765 1656 835 agitur
1677 783 1842 836 unus,

155 843 267 915 ipse
294 842 369 898 sit
397 860 671 914 presens.
706 848 770 902 Et
789 848 913 919 ejus
941 850 1096 905 enim
1123 850 1170 905 si
1199 851 1421 921 primus
1464 854 1654 925 agitur
1679 872 1837 910 men-

156 932 246 999 sis,
285 932 468 988 futuri
515 939 651 989 sunt
688 936 918 1002 ceteri;
961 938 1010 991 si
1045 940 1347 1005 secundus,
1374 942 1496 1012 jam
1527 948 1582 996 et
1625 943 1845 1014 primus

150 1020 438 1091 preteriit,
471 1024 527 1076 et
542 1022 750 1094 reliqui
780 1024 1039 1080 nondum
1061 1031 1211 1082 sunt.
1237 1029 1379 1099 Ergo
1398 1045 1503 1084 nec
1532 1046 1715 1085 annus
1742 1032 1844 1102 qui

156 1111 514 1180 agitur,totus
543 1116 630 1167 est
655 1129 909 1183 presens
934 1135 950 1183 ;
978 1120 1034 1170 et
1063 1117 1111 1171 si
1140 1133 1255 1172 non
1285 1123 1436 1173 totus
1457 1125 1538 1175 est
1569 1137 1840 1191 praesens,

156 1215 261 1253 non
292 1204 378 1253 est
390 1216 577 1255 annus
606 1217 875 1272 presens.
898 1204 1205 1260 Duodecim
1225 1207 1380 1261 enim
1408 1224 1629 1263 menses
1655 1226 1839 1264 annus

156 1292 252 1355 est,
283 1303 532 1358 quorum
560 1290 800 1360 quilibet
830 1308 977 1346 unus
1033 1293 1249 1348 mensis
1303 1296 1404 1366 qui
1458 1296 1667 1367 agitur,
1723 1298 1845 1368 ipsc

155 1390 393 1443 presens
404 1379 527 1441 est;
561 1376 751 1430 ceteri
778 1381 991 1445 autem,
1013 1379 1290 1449 preteriti
1307 1386 1407 1435 aut
1429 1381 1627 1449 futuri,
1650 1384 1839 1447 Quan-

154 1476 320 1532 quam
344 1477 536 1533 neque
564 1463 778 1517 mensis
801 1463 902 1534 qui
926 1464 1135 1536 agitur,
1157 1481 1409 1537 presens
1431 1474 1537 1537 est,
1564 1472 1663 1525 sed
1694 1487 1841 1526 unus

154 1549 300 1604 dies:
332 1549 381 1604 si
402 1548 652 1620 primus,
690 1551 898 1606 futuris
927 1553 1145 1609 ceteris
1174 1570 1188 1621 ;
1226 1554 1273 1608 si
1301 1555 1660 1624 novissimus,
1704 1575 1845 1631 pre-

153 1638 321 1693 teritis
347 1638 571 1694 ceteris
598 1653 612 1707 ;
643 1640 691 1695 si
718 1640 1040 1696 mediorum
1064 1642 1324 1715 quilibet,
1347 1643 1499 1700 inter
1517 1648 1838 1718 preteritos

153 1732 205 1781 et
237 1727 479 1782 futuros.

214 1820 295 1872 20.
327 1817 467 1871 Ecce
498 1833 751 1888 presens
797 1822 1025 1890 tempus
1071 1821 1226 1891 quod
1273 1822 1459 1876 solum
1512 1822 1839 1880 invenieba-

154 1921 267 1959 mus
295 1906 532 1976 longum
559 1906 990 1977 appellandum,
1019 1908 1112 1963 vix
1139 1909 1213 1963 ad
1247 1913 1419 1965 unius
1448 1911 1561 1967 diei
1591 1912 1839 1984 spatium

153 1998 489 2048 contractum
517 2000 621 2049 est.
674 1995 783 2050 Sed
830 1995 1201 2052 discutiamus
1247 1998 1421 2053 etiam
1459 2000 1671 2071 ipsum,
1708 2002 1843 2073 quia

157 2098 246 2135 nec
272 2096 419 2136 unus
452 2081 575 2137 dies
600 2086 754 2137 totus
791 2088 875 2137 est
908 2100 1175 2155 presens.
1238 2087 1537 2141 Nocturnis
1584 2089 1738 2143 enim
1786 2092 1843 2143 et

156 2170 356 2224 diurnis
383 2170 545 2226 horis
570 2171 839 2227 omnibus
872 2172 1075 2244 viginti
1105 2179 1351 2245 quatuor
1380 2178 1663 2248 expletur,
1696 2194 1838 2249 qua-

156 2274 269 2313 rum
296 2259 488 2331 prima
512 2265 747 2315 ceteras
776 2260 997 2316 futuras
1022 2262 1215 2333 habet,
1254 2263 1563 2320 novissima
1602 2272 1838 2337 preter-

158 2346 282 2416 itas;
312 2347 508 2419 aliqua
538 2364 674 2403 vero
721 2347 1148 2420 interjectarum
1204 2356 1333 2406 ante
1386 2368 1445 2405 se
1499 2354 1837 2424 praeteritas,

156 2441 274 2504 post
298 2452 356 2491 se
387 2436 636 2491 futuras.
662 2438 727 2491 Et
754 2437 878 2508 ipsa
927 2454 1042 2493 una
1086 2440 1228 2493 hora
1268 2440 1519 2511 fugitivis
1548 2443 1840 2512 particulis

157 2523 327 2595 agitur
354 2540 368 2578 :
399 2524 684 2596 quidquid
703 2526 827 2596 ejus
848 2526 1111 2596 avolavit,
1141 2528 1501 2598 preteritum
1522 2534 1606 2584 est
1630 2546 1643 2597 ;
1677 2531 1840 2602 quid-

155 2610 276 2680 quid
296 2611 415 2681 ejus
435 2617 633 2679 restat,
664 2614 947 2669 futurum.
979 2614 1199 2686 Silquid
1229 2616 1580 2688 intelligitur
1611 2624 1832 2689 tempo-

158 2697 244 2764 ris,
270 2701 425 2772 quod
452 2702 518 2755 in
549 2702 735 2757 nullas
749 2702 871 2773 jam
887 2704 972 2757 vel
989 2703 1049 2757 in
1077 2703 1490 2760 minutissimas
1520 2713 1839 2762 momento-

157 2802 270 2842 rum
295 2794 483 2860 partes
513 2790 690 2845 dividi
718 2790 918 2861 possit,
952 2791 1010 2846 id
1040 2793 1225 2847 solum
1274 2798 1360 2847 est
1388 2795 1541 2865 quod
1590 2810 1842 2865 presens

156 2876 364 2932 dicatur.
394 2878 559 2943 Quod
589 2883 784 2934 tamen
811 2879 893 2933 ita
906 2880 1115 2950 raptim
1132 2897 1163 2934 a
1182 2881 1376 2935 futuro
1398 2882 1458 2935 in
1479 2882 1838 2952 preteritum

155 2967 457 3032 transvolat,
493 2971 560 3021 ut
591 2967 750 3022 nulla
770 2968 994 3022 morula
1011 2969 1371 3024 extendatur.
1412 2971 1552 3023 Nam
1576 2971 1622 3025 si
1653 2977 1841 3024 exten-

154 3054 310 3120 ditur,
349 3054 625 3109 dividitur
652 3054 713 3110 in
744 3056 1099 3126 preteritum
1126 3062 1182 3112 et
1216 3057 1475 3112 futurum
1517 3075 1531 3113 :
1582 3076 1830 3130 presens

155 3146 327 3197 autem
357 3144 586 3199 nullum
618 3145 792 3200 habet
831 3144 1098 3216 spatium.
1155 3146 1259 3201 Ubi
1316 3152 1401 3201 est
1429 3163 1564 3218 ergo
1612 3152 1839 3217 tempus

156 3230 295 3300 quod
320 3231 563 3303 longum
593 3232 849 3289 dicamus
870 3236 898 3287 ?
950 3236 1039 3289 An
1085 3234 1345 3289 futurum
1364 3238 1393 3289 ?
1449 3238 1573 3291 Non
1603 3236 1837 3307 quidem

157 3318 396 3389 dicimus,
430 3322 697 3393 Longum
728 3326 831 3389 est,
865 3322 1001 3393 quia
1029 3324 1284 3378 nondum
1314 3328 1400 3377 est
1423 3325 1576 3395 quod
1598 3326 1839 3395 longum

159 3407 221 3463 sit
247 3424 261 3474 ;
293 3410 389 3465 sed
418 3409 686 3478 dicimus,
722 3412 979 3481 Longum
1007 3411 1135 3465 erit.
1177 3412 1414 3475 Quando
1448 3412 1629 3482 igitur
1676 3413 1785 3467 erit
1814 3416 1841 3467 ’ἒ

158 3496 206 3551 Si
226 3498 371 3554 enim
399 3504 460 3555 et
480 3503 622 3553 tunc
640 3515 771 3554 cum
795 3499 982 3553 adhuc
1009 3499 1267 3554 futurum
1293 3500 1422 3567 erit,
1456 3517 1566 3554 non
1600 3501 1707 3555 erit
1725 3502 1843 3555 Ion-

161 3601 319 3654 gum;
347 3587 486 3658 quia
519 3588 675 3659 quod
702 3587 777 3642 sit
802 3588 1062 3659 longum,
1096 3588 1357 3642 nondum
1387 3588 1495 3643 erit
1525 3608 1542 3642 :
1574 3589 1620 3643 si
1650 3593 1839 3643 autem

162 3677 282 3729 tunc
308 3676 416 3731 erit
440 3677 684 3747 longum
713 3693 844 3731 cum
883 3692 952 3730 ex
982 3676 1198 3743 futuro,
1254 3677 1409 3747 quod
1441 3678 1696 3732 nondum
1735 3683 1839 3744 est,

160 3778 266 3816 esse
288 3764 405 3833 jam
432 3764 694 3835 ceperit,
744 3768 802 3819 et
846 3781 1098 3836 presens
1150 3765 1360 3819 factum
1410 3766 1537 3831 erit,
1572 3772 1636 3821 ut
1660 3765 1843 3837 possit

160 3866 265 3906 esse
293 3853 447 3924 quod
475 3853 720 3923 longum
751 3852 856 3920 sit;
881 3853 1001 3924 jam
1035 3852 1424 3924 superioribus
1452 3853 1698 3907 'vocibus
1729 3854 1839 3908 cla-

160 3944 265 3994 mat
290 3957 547 4011 presens
573 3947 821 4012 tempus,
855 3942 1097 4012 longum
1116 3958 1176 3995 se
1206 3958 1325 3997 esse
1353 3958 1469 3996 non
1499 3957 1688 4013 posse.

797 4038 1025 4093 CAPUT
1053 4039 1187 4093 XVI.

369 4126 542 4193 Quale
566 4130 773 4196 tempus
798 4128 981 4181 metiri
1004 4128 1182 4193 liceat,
1215 4130 1266 4181 et
1298 4128 1457 4196 quate
1485 4142 1609 4182 non.

219 4216 305 4269 2t.
346 4215 411 4270 Et.
438 4219 657 4282 tamen,
716 4215 979 4282 Domine,
1027 4215 1308 4270 sentimus
1350 4215 1651 4269 intervalla
1692 4219 1840 4270 tem-

158 4315 366 4370 porum,
397 4307 455 4358 et
483 4318 887 4373 comparamus
915 4302 1167 4371 sibimet,
1200 4307 1257 4357 et
1288 4302 1529 4358 dicimus
1554 4303 1666 4357 alia
1711 4304 1841 4357 lon-

158 4388 320 4458 giora,
369 4396 427 4445 et
471 4390 588 4445 alia
636 4390 917 4446 breviora.
972 4393 1239 4447 Metimur
1289 4391 1462 4447 etiam
1518 4396 1736 4462 quanto
1770 4391 1843 4445 sit

159 4477 369 4533 brevius
383 4485 484 4535 aut
494 4478 723 4551 longius
742 4479 883 4535 illud
895 4484 1124 4552 tempus
1143 4496 1314 4551 quam
1330 4480 1468 4535 illud
1490 4497 1503 4547 ;
1538 4486 1594 4534 et
1605 4496 1834 4551 respon-

160 4564 346 4622 demus
373 4568 620 4641 duplum
646 4584 764 4622 esse
794 4568 902 4623 hoc
932 4570 1019 4623 vel
1046 4568 1305 4640 triplum,
1335 4570 1476 4624 illud
1508 4576 1701 4624 autem
1716 4568 1843 4623 sim-

159 4654 323 4723 plum,
351 4660 450 4711 aut
475 4661 707 4712 tantum
734 4657 842 4712 hoc
869 4672 991 4713 esse
1043 4661 1326 4729 quantum
1371 4657 1537 4714 illud.
1562 4656 1671 4712 Sed
1693 4673 1843 4727 pre-

156 4745 421 4800 tereuntia
447 4745 725 4800 metimur
746 4750 1008 4818 tempora
1036 4762 1167 4801 cum
1194 4745 1494 4800 sentiendo
1525 4745 1799 4800 metimur
1826 4761 1841 4810 ;

159 4834 434 4900 preterita
456 4849 595 4889 vero
620 4850 749 4905 que
765 4834 889 4905 jam
914 4851 1032 4889 non
1054 4839 1205 4901 sunt,
1230 4838 1329 4888 aut
1356 4834 1547 4888 futura
1568 4850 1698 4905 que
1713 4849 1849 4888 non-

161 4916 283 4973 dum
312 4926 468 4989 sunt,
501 4922 632 4994 quis
662 4923 851 4977 metiri
881 4927 1085 4994 potest,
1124 4922 1233 4977 nisi
1262 4923 1406 4977 forte
1450 4922 1684 4977 audebit
1720 4922 1847 4994 quis

162 5004 331 5063 dicere
362 5010 555 5064 metiri
585 5026 752 5082 posse
774 5011 928 5082 quod
958 5013 1222 5066 nonest?
1253 5011 1394 5067 Cum
1424 5027 1560 5082 ergo
1592 5010 1850 5081 preterit

161 5097 389 5168 tempus,
422 5098 625 5153 sentiri
654 5103 711 5153 et
747 5098 937 5153 metiri
966 5104 1191 5171 potest;
1221 5116 1354 5154 cum
1385 5104 1578 5154 autem
1608 5104 1846 5170 preter-

162 5181 294 5252 ierit,
321 5187 597 5259 quoniam
626 5203 764 5256 non,
797 5193 881 5242 est
900 5203 1018 5242 non
1047 5193 1253 5259 potest.

784 5277 1010 5331 CAPUT
1047 5276 1210 5332 XVII.

453 5363 559 5419 Ubi
590 5368 796 5433 tempus
816 5366 1156 5434 praeteritum
1186 5368 1237 5420 et
1262 5366 1533 5433 futurum.

222 5450 305 5503 22.
335 5451 563 5519 Quero,
591 5453 774 5520 Pater,
791 5469 909 5507 non
929 5453 1153 5508 afﬁrmo
1180 5470 1192 5507 :
1227 5454 1374 5508 Deus
1395 5469 1582 5519 meus,
1606 5451 1848 5524 preside

168 5534 290 5591 mihi
321 5545 378 5595 et
397 5555 535 5613 rege
561 5555 673 5596 me.
706 5540 979 5606 Quisnam
1010 5546 1094 5596 est
1122 5541 1222 5613 qui
1250 5541 1400 5597 dicat
1425 5542 1565 5596 mihi
1590 5557 1707 5597 non
1726 5557 1846 5597 esse

3553 310 3657 363 8t8

1960 417 2069 470 tria
2100 422 2378 488 tempora,
2414 424 2556 478 sicut
2587 425 2753 497 pueri
2792 424 3114 487 didicimus,
3175 443 3495 498 puerosque
3552 429 3654 483 do-

1959 503 2197 567 cuimus,
2222 512 2598 578 preteritum,
2628 530 2882 584 presens
2905 519 2961 567 et
2990 513 3251 568 futurum
3278 531 3290 579 ;
3314 515 3409 569 sed
3434 519 3655 571 tantum

1957 608 2225 662 presens,
2260 598 2533 667 quoniam
2565 601 2661 654 illa
2690 602 2802 656 duo
2831 618 2948 655 non
2964 606 3097 655 sunt
3117 601 3144 654 ‘I
3164 604 3250 656 An
3278 607 3333 656 et
3357 603 3479 674 ipsa
3500 610 3652 672 sunt,

1958 681 2056 735 sed
2100 698 2166 736 ex
2218 684 2411 756 aliquo
2466 689 2724 757 procedit
2775 692 3017 756 occulto,
3050 706 3179 743 cum
3230 706 3298 744 ex
3348 690 3541 745 futuro
3594 693 3657 747 lit

1956 786 2250 839 presens;
2296 774 2449 827 etin
2503 776 2737 846 aliquod
2794 778 3005 832 recedit
3069 778 3376 848 occultum,
3406 795 3537 834 cum
3586 797 3655 835 ex

1955 861 2224 927 presenti
2254 863 2318 916 tit
2349 865 2699 933 preteritum
2719 866 2745 917 ?
2775 868 2915 920 Nam
2942 868 3037 922 ubi
3064 884 3131 921 ea
3149 868 3415 922 viderunt
3435 868 3534 938 qui
3564 869 3652 922 fu-

1954 952 2082 1001 tura
2108 950 2451 1018 cecinerunt,
2488 952 2532 1006 si
2555 954 2810 1008 nondum
2842 958 3019 1009 sunt?
3048 958 3240 1027 Neque
3272 956 3426 1011 enim
3454 962 3647 1027 potest

1954 1036 2131 1090 videri
2151 1037 2206 1092 id
2238 1039 2389 1110 quod
2422 1058 2537 1095 non
2568 1046 2669 1097 est.
2706 1044 2770 1097 Et
2799 1043 2899 1113 qui
2928 1046 3165 1098 narrant
3194 1045 3504 1115 praeterita,
3536 1062 3651 1099 non
3724 1102 3739 1115 ,

1953 1124 2150 1196 utique
2180 1143 2311 1181 vera
2341 1136 2663 1201 narrarent,
2709 1131 2755 1184 si
2799 1130 2989 1185 animo
3039 1132 3136 1187 illa
3169 1150 3279 1187 non
3311 1138 3608 1187 cernerent
3638 1150 3650 1187 :

1953 1227 2082 1282 que
2114 1214 2161 1267 si
2193 1216 2351 1269 nulla
2382 1222 2589 1281 essent,
2625 1217 2779 1272 cerni
2810 1218 3048 1273 omnino
3080 1236 3197 1273 non
3228 1223 3476 1291 possent.
3513 1221 3655 1275 Sunt

1954 1317 2090 1372 ergo
2123 1306 2178 1356 et
2196 1303 2388 1358 futura
2418 1310 2471 1359 et
2498 1306 2809 1376 preterita.

2578 1396 2802 1450 CAPUT
2837 1396 3026 1451 XVIII.

1988 1479 2258 1545 Quomodo
2282 1485 2564 1550 praeterita
2597 1489 2647 1537 et
2677 1486 2873 1551 futura
2907 1489 3150 1554 tempora
3174 1487 3285 1539 sint
3298 1488 3612 1555 presentia.

2022 1572 2111 1623 23.
2136 1569 2265 1624 Sine
2297 1587 2410 1633 me,
2441 1572 2698 1639 Domine,
2726 1572 2970 1644 amplius
3001 1588 3259 1644 querere
3285 1589 3298 1639 ;
3335 1590 3463 1644 spes
3495 1589 3645 1639 mea,

1953 1673 2066 1711 non
2097 1658 2466 1713 conturbetur
2482 1659 2723 1715 intentio
2757 1677 2902 1715 mea.
2936 1661 2993 1715 Si
3026 1662 3181 1715 enim
3212 1660 3567 1731 sunthutura
3596 1667 3653 1716 et

1951 1747 2259 1815 preterita,
2293 1749 2417 1802 volo
2437 1750 2579 1804 scire
2610 1750 2708 1804 ubi
2737 1749 2874 1805 sint.
2906 1750 3069 1815 Quod
3100 1751 3146 1804 si
3177 1751 3438 1805 nondum
3468 1751 3650 1817 valeo,

1954 1834 2068 1887 scio
2107 1840 2301 1889 tamen
2329 1836 2670 1908 ubicumque
2724 1841 2878 1903 sunt,
2910 1854 3025 1891 non
3055 1837 3135 1892 ibi
3168 1854 3236 1891 ea
3285 1838 3479 1892 futura
3506 1854 3649 1907 esse,

1952 1927 2050 1975 aut
2079 1924 2389 1993 preterita,
2423 1926 2520 1978 sed
2569 1926 2894 1996 presentia.
2951 1927 3094 1979 Nam
3145 1926 3192 1978 si
3242 1929 3297 1980 et
3345 1925 3425 1980 ibi
3460 1926 3651 1980 t‘utura

1952 2013 2105 2076 sunt,
2136 2012 2392 2065 nondum
2419 2012 2498 2066 ibi
2527 2018 2659 2067 sunt
2685 2033 2699 2079 ;
2731 2014 2779 2067 si
2813 2020 2869 2068 et
2898 2013 2977 2067 ibi
3007 2014 3300 2083 preterita
3344 2019 3496 2082 sunt,
3529 2015 3651 2085 jam

1951 2112 2068 2150 non
2088 2097 2168 2150 ibi
2200 2103 2349 2152 sunt.
2387 2099 2738 2170 Ubicumque
2771 2116 2906 2170 ergo
2939 2106 3071 2154 sunt
3088 2116 3466 2171 quecumque
3496 2106 3649 2166 sunt,

1951 2200 2069 2238 non
2113 2191 2249 2240 sunt
2286 2187 2394 2240 nisi
2437 2188 2762 2258 presentia.
2813 2191 3153 2259 Quanquam
3188 2188 3480 2259 preterita
3521 2206 3651 2244 cum

1947 2288 2081 2327 vera
2101 2279 2423 2342 narrantur,
2452 2292 2515 2330 ex
2546 2277 2823 2331 memoria
2851 2277 3227 2346 proferuntur
3254 2293 3373 2331 non
3402 2293 3492 2332 res
3512 2276 3652 2348 ipse

1949 2376 2077 2432 que
2108 2363 2527 2432 preterierunt,
2561 2365 2659 2419 sed
2687 2366 2858 2419 verba
2887 2372 3159 2435 concepta
3203 2381 3268 2419 ex
3301 2365 3651 2437 imaginibus

1950 2465 2169 2518 earum,
2203 2467 2332 2521 que
2364 2452 2423 2506 in
2461 2452 2654 2507 animo
2698 2454 2851 2508 velut
2879 2454 3115 2524 vestigia
3144 2470 3246 2524 per
3274 2471 3472 2509 sensus
3508 2471 3653 2525 pre-

1950 2540 2228 2593 tereundo
2258 2542 2525 2595 ﬁxerunt.
2562 2542 2815 2596 Pueritia
2840 2543 3052 2613 quippe
3076 2558 3203 2597 mea
3234 2559 3363 2614 que
3386 2543 3506 2614 jam
3534 2560 3654 2598 non

1951 2632 2057 2696 est,
2087 2628 2149 2682 in
2174 2633 2432 2699 tempore
2462 2630 2757 2700 preterito
2782 2636 2866 2685 est
2886 2631 3035 2702 quod
3057 2631 3180 2702 jam
3206 2647 3321 2685 non
3352 2636 3464 2696 est;
3488 2631 3651 2685 ima-

1950 2716 2145 2784 ginem
2177 2732 2311 2771 vero
2342 2718 2466 2788 ejus
2486 2734 2615 2773 cum
2639 2734 2765 2772 eam
2794 2721 2984 2773 recolo
3010 2725 3065 2774 et
3087 2719 3353 2785 narro,in
3382 2720 3651 2789 presenti

1949 2807 2210 2874 tempore
2238 2806 2483 2872 intueor,
2530 2807 2666 2877 quia
2714 2812 2798 2860 est
2842 2808 3028 2861 adhuc
3070 2807 3132 2861 in
3176 2807 3454 2861 memoria
3501 2824 3649 2861 mea.

1956 2893 2155 2946 Utrum
2186 2892 2387 2946 similis
2418 2893 2490 2947 sit
2527 2910 2695 2947 causa
2742 2894 2916 2947 etiam
2963 2886 3460 2965 prediéendorum
3490 2896 3650 2949 futu-

1949 2997 2167 3045 rorum,
2204 2986 2264 3035 ut
2288 2999 2480 3037 rerum
2525 3000 2653 3054 que
2704 2983 2962 3037 nondum
3006 2988 3159 3049 sunt,
3190 2985 3309 3055 jam
3343 2983 3650 3038 existentes

1949 3071 2391 3141 presentiantur
2442 3071 2722 3142 imagines
2777 3073 2831 3133 ¹;
2894 3074 3191 3139 conﬁteor,
3256 3073 3405 3126 Deus
3465 3088 3647 3137 meus,

1949 3155 2160 3210 nescio.
2198 3156 2341 3211 Illud
2372 3172 2507 3211 sane
2537 3158 2674 3225 scio,
2721 3173 2824 3211 nos
2867 3157 3209 3228 plerumque
3255 3156 3647 3228 premeditari

1948 3246 2169 3300 futuras
2207 3246 2455 3301 actiones
2496 3251 2737 3315 nostras,
2792 3262 3035 3317 eamque
3086 3245 3646 3316 premeditationem

1950 3351 2070 3388 esse
2101 3339 2468 3404 presentem,
2499 3335 2779 3388 actionem
2822 3338 3016 3389 autem
3066 3350 3241 3406 quam
3290 3334 3651 3404 praemedita-

1950 3438 2082 3475 mur
2126 3422 2386 3476 nondum
2434 3438 2575 3489 esse,
2624 3422 2760 3493 quia
2805 3422 2999 3477 futura
3044 3427 3166 3488 est;
3195 3438 3366 3493 quam
3395 3438 3526 3475 cum
3550 3438 3651 3492 ag-

1953 3508 2133 3579 gressi
2162 3509 2459 3577 fuerimus,
2492 3514 2547 3564 et
2575 3510 2730 3581 quod
2769 3509 3312 3581 premeditabamur
3348 3525 3517 3580 agere
3547 3526 3651 3564 ce-

1952 3597 2228 3669 perimus,
2263 3602 2400 3652 tunc
2429 3597 2538 3652 erit
2582 3597 2680 3652 illa
2727 3599 2893 3666 actio,
2943 3598 3080 3669 quia
3124 3604 3259 3653 tunc
3300 3614 3416 3652 non
3435 3598 3649 3665 futura,

1953 3686 2053 3739 sed
2081 3702 2332 3756 presens
2362 3691 2445 3739 est
2464 3685 2507 3741 ².

2022 3774 2113 3827 24.
2145 3774 2387 3843 Quoquo
2417 3773 2585 3827 modo
2616 3789 2674 3828 se
2704 3773 2895 3845 itaque
2926 3774 3133 3829 habeat
3160 3790 3367 3828 arcana
3392 3790 3650 3844 presen-

1953 3859 2035 3914 sio
2054 3861 2399 3923 futurorum,
2431 3860 2609 3915 videri
2638 3861 2749 3915 nisi
2774 3863 2929 3932 quod
2981 3868 3065 3916 est
3094 3878 3206 3916 non
3253 3865 3455 3932 potest.
3492 3861 3650 3925 Quod

1952 3952 2144 4003 autem
2165 3949 2289 4019 jam
2319 3954 2422 4016 est,
2462 3965 2579 4003 non
2618 3949 2876 4003 futurum
2917 3951 3015 4003 sed
3061 3966 3314 4019 presens
3348 3954 3456 4003 est.
3507 3949 3651 4003 Cum

1957 4052 2094 4108 ergo
2125 4037 2304 4091 videri
2348 4038 2615 4092 dicuntur
2652 4039 2864 4103 futura,
2909 4055 3026 4093 non
3074 4038 3197 4109 ipsa
3223 4055 3350 4109 que
3393 4038 3651 4092 nondum

1953 4133 2106 4194 sunt,
2139 4126 2195 4181 id
2227 4130 2311 4181 est
2341 4143 2469 4197 que
2496 4127 2690 4181 futura
2740 4131 2891 4195 sunt,
2930 4128 3027 4181 sed
3079 4143 3277 4181 eorum
3328 4142 3529 4188 cause,
3561 4126 3650 4179 vel

1951 4216 2114 4287 signa
2142 4214 2378 4269 forsitan
2426 4214 2708 4280 videntur,
2755 4232 2883 4286 que
2906 4216 3029 4288 jam
3059 4221 3227 4283 sunt;
3258 4215 3387 4271 ideo
3418 4230 3534 4269 non
3562 4215 3652 4269 fu-

1949 4308 2100 4380 tura,
2128 4304 2224 4358 sed
2255 4304 2561 4374 presentia
2600 4308 2734 4359 sunt
2769 4305 2890 4374 jam
2938 4304 3283 4366 videntibus,
3329 4320 3395 4358 ex
3444 4303 3651 4374 quibus

1951 4391 2147 4446 futura
2179 4391 2561 4462 predicantur
2590 4392 2784 4446 animo
2815 4398 3105 4463 concepta.
3142 4394 3279 4457 Que
3312 4408 3509 4446 rursus
3524 4408 3653 4446 con-

1952 4479 2241 4550 ceptiones
2263 4481 2383 4551 jam
2414 4486 2567 4546 sunt,
2600 4485 2657 4535 et
2680 4498 2774 4534 eas
2803 4485 3111 4551 presentes
3140 4481 3291 4551 apud
3333 4497 3389 4534 se
3420 4480 3650 4535 intuen-

1952 4572 2049 4622 tur
2080 4568 2181 4639 qui
2214 4568 2313 4623 illa
2341 4569 2679 4639 predicunt.
2707 4571 2998 4640 Loquatur
3018 4568 3162 4624 mihi
3194 4569 3425 4640 aliquod
3463 4585 3653 4624 exem-

1954 4657 2116 4727 plum
2164 4661 2323 4712 tanta
2380 4673 2576 4711 rerum
2624 4657 3025 4711 numerositas.
3086 4658 3318 4711 Intueor
3365 4672 3651 4724 auroram,

1956 4744 2243 4799 oriturum
2294 4744 2472 4798 solem
2516 4744 2841 4814 prenuntio
2873 4761 2887 4799 :
2921 4744 3075 4815 quod
3113 4743 3359 4811 intueor,
3402 4760 3654 4815 presens

1955 4836 2077 4898 est;
2110 4832 2265 4903 quod
2302 4831 2655 4902 prenuntio,
2688 4832 2988 4886 futurum:
3020 4848 3138 4886 non
3178 4832 3262 4887 sol
3290 4832 3517 4887 futurus
3556 4831 3656 4903 qui

1948 4920 2072 4991 jam
2102 4926 2204 4985 est,
2242 4921 2334 4973 sed
2364 4924 2522 4973 ortus
2555 4920 2676 4990 ejus
2698 4919 2797 4990 qui
2816 4920 3074 4974 nondum
3104 4926 3191 4975 est
3218 4937 3231 4976 :
3262 4925 3455 4975 tamen
3484 4920 3657 4974 etiam

1960 5012 2151 5063 ortum
2174 5007 2364 5077 ipsum
2396 5008 2508 5060 nisi
2533 5007 2725 5062 animo
2754 5008 3121 5079 imaginarer,
3156 5010 3302 5064 sicut
3326 5009 3495 5063 modo
3526 5024 3654 5061 cum

1956 5097 2013 5152 id
2047 5097 2275 5168 loquor,
2304 5112 2421 5150 non
2456 5112 2588 5150 eum
2634 5113 2864 5167 possem
2904 5097 3234 5168 predicere.
3277 5098 3383 5151 Sed
3428 5112 3530 5149 nec
3560 5095 3659 5149 illa

1956 5202 2164 5239 aurora
2193 5201 2367 5256 quam
2393 5184 2454 5239 in
2481 5186 2621 5240 celo
2662 5185 2850 5257 video,
2892 5186 3029 5241 solis
3076 5191 3234 5241 ortus
3264 5189 3367 5253 est,
3399 5182 3658 5255 quamvis

1957 5290 2091 5328 eum
2119 5274 2434 5345 precedat;
2477 5290 2582 5329 nec
2633 5273 2734 5329 illa
2766 5275 3100 5346 imaginatio
3130 5275 3190 5329 in
3237 5271 3429 5328 animo
3477 5286 3607 5324 meo
3642 5286 3655 5324 :

2019 5364 2034 5398 ι
2056 5362 2461 5428 Edd.ple_rique,
2482 5366 2861 5428 presegteptur
2882 5366 3141 5428 imor/mes
3164 5376 3177 5420 ;
3198 5363 3251 5408 et
3270 5356 3427 5428 paulo
3455 5360 3592 5428 post.
3611 5359 3659 5405 et

1951 5419 2240 5496 prementia
2267 5419 2607 5535 (murorum.
2648 5425 2934 5474 Reddimus
2972 5419 3287 5473 lectionemf
3313 5420 3436 5468 Mss.
3457 5419 3658 5481 quibus

1957 5492 2243 5535 posteriore
2287 5501 2381 5535 oco
2400 5486 2718 5535 suffragatur
2746 5486 3025 5535 Arualdus.

1957 5486 2243 5550 posteriore
2267 5486 2381 5536 loco
2400 5486 2724 5550 suffragatur
2746 5486 3025 5550 Arualdus.

2022 5552 2044 5585 ³
2072 5549 2215 5610 Erit,
2238 5550 2394 5614 juxta
2423 5549 2508 5598 Er.
2546 5550 2671 5599 Ven.
2706 5549 2871 5611 Lugd.
2900 5548 2968 5597 M.
