4058 6356
352 263 455 315 819

355 397 484 453 quae
510 381 622 436 duo
654 379 964 452 praesentia
989 382 1320 445 cernuntur,
1355 383 1418 433 ut
1443 379 1671 434 futurus
1700 380 1796 435 ille
1825 385 1953 434 ante
1976 379 2054 434 di-

356 474 537 524 catur.
565 471 777 524 Futura
803 484 938 539 ergo
967 467 1226 523 nondum
1257 473 1420 534 sunt;
1446 472 1502 522 et
1529 469 1575 522 si
1606 469 1863 523 nondum
1898 471 2049 534 sunt,

358 574 473 612 non
502 560 633 610 sunt
660 573 673 610 :
707 561 764 612 et
793 556 840 610 si
869 572 986 610 non
1015 560 1164 623 sunt,
1196 555 1376 609 videri
1397 556 1630 610 omnino
1655 573 1769 612 non
1796 561 2056 628 possunt;

363 647 460 701 sed
489 644 724 717 praadici
750 649 989 716 possunt
1013 661 1075 699 ex
1103 645 1504 715 praesentibus,
1529 662 1658 718 qua:
1685 647 1803 718 jam
1833 651 2059 712 sunt,et

364 735 647 790 videntur.

1010 822 1234 876 CAPUT
1277 824 1402 878 XIX.

575 914 695 967 Non
720 913 865 982 capit
893 910 1128 977 modum,
1163 927 1266 979 quo
1295 914 1431 966 Deus
1464 913 1612 966 docet
1631 913 1824 977 futura

434 1005 522 1055 25.
569 1002 650 1054 Tu
695 1000 911 1070 itaque,
965 1005 1238 1071 regnator
1288 1005 1560 1054 creaturae
1609 1004 1742 1066 tuas,
1805 1001 1890 1051 est
1944 1012 2061 1050 mo-

364 1091 469 1145 dus
499 1106 612 1161 quo
636 1090 802 1144 doces
829 1088 1046 1143 animas
1077 1107 1142 1143 ea
1171 1107 1299 1161 qua:
1353 1090 1544 1144 futura
1589 1091 1764 1142 sunt?
1813 1085 2057 1141 docuisti

367 1179 520 1234 enim
547 1179 855 1249 prophetas
882 1182 1030 1231 tuos.
1050 1177 1322 1242 Quisnam
1340 1177 1437 1231 ille
1454 1177 1658 1232 modus
1672 1179 1756 1230 est
1769 1192 1882 1246 quo
1896 1175 2062 1228 doces

367 1269 580 1330 futura,
613 1267 703 1320 cui
734 1266 992 1320 futurum
1021 1266 1334 1336 quidquam
1366 1282 1480 1320 non
1508 1270 1628 1333 est;
1659 1266 1744 1319 vel
1777 1265 1966 1336 potius
1995 1264 2063 1318 de

368 1356 574 1411 futuris
596 1356 762 1410 doces
791 1355 1092 1424 praesentia
1118 1392 1130 1404 .
1174 1356 1314 1409 Nam
1348 1355 1497 1426 quod
1532 1370 1647 1407 non
1677 1359 1781 1420 est,
1824 1369 1926 1407 nec
1957 1351 2063 1406 do-

369 1443 483 1498 ceri
512 1443 712 1514 utique
742 1447 945 1512 potest.
984 1441 1164 1496 Nimis
1194 1443 1362 1514 longe
1384 1448 1468 1496 est
1495 1443 1700 1497 modus
1728 1442 1832 1496 iste
1857 1443 1926 1495 ab
1949 1440 2065 1494 acie

370 1548 528 1598 mea;
551 1531 789 1585 invaluit
804 1548 867 1585 ex
884 1547 974 1585 me
991 1572 1005 1597 ,
1035 1547 1147 1584 non
1164 1535 1362 1602 potero
1379 1532 1448 1585 ad
1465 1531 1629 1584 illum
1653 1531 1812 1600 (Psal.
1837 1544 2061 1595 xxxvm,

371 1622 422 1694 6)
449 1637 461 1686 ;
496 1625 693 1690 potero
721 1624 912 1674 autem
943 1636 1010 1673 ex
1037 1623 1111 1682 te,
1144 1635 1274 1672 cum
1305 1618 1530 1674 dederis
1559 1622 1643 1686 tu,
1676 1618 1840 1672 dulce
1869 1617 2068 1672 lumen

371 1709 721 1763 occultorum
751 1709 1046 1763 oculorum
1076 1723 1359 1762 meorum.

1038 1815 1261 1870 CAPUT
1299 1815 1403 1868 XX.

561 1905 894 1973 Differentiae
922 1905 1174 1972 temporis
1215 1901 1473 1970 quomodo
1501 1899 1864 1955 nominandae.

440 1997 529 2048 26.
565 1993 726 2056 Quod
757 1997 950 2046 autem
991 2008 1140 2044 nunc
1171 1991 1351 2062 liquet
1397 1994 1453 2044 et
1499 1990 1692 2055 claret,
1743 2004 1847 2042 nec
1878 1987 2073 2042 futura

374 2086 526 2152 sunt,
558 2098 663 2136 nec
700 2081 1012 2152 praeterita.
1070 2081 1184 2134 Nec
1224 2078 1455 2149 proprie
1510 2077 1736 2144 dicitur,
1786 2078 2069 2146 Tempora

373 2175 507 2224 sunt
537 2169 681 2235 tria;
711 2167 1089 2239 prasteritum,
1120 2182 1372 2236 praesens
1399 2171 1455 2219 et
1478 2166 1772 2219 futurum:
1825 2165 1921 2218 sed
1963 2164 2073 2217 for-

375 2264 524 2312 tasse
554 2257 783 2328 proprie
812 2255 1118 2317 diceretur,
1158 2256 1438 2324 Tempora
1465 2258 1598 2306 sunt
1642 2253 1789 2319 tria;
1821 2267 2072 2322 praesens

375 2347 444 2403 de
477 2344 797 2416 praeteritis,
848 2359 1100 2414 prazsens
1157 2335 1232 2397 de
1273 2341 1674 2412 praesentibus,
1723 2356 1974 2412 praesens
2004 2339 2074 2393 de

371 2435 596 2488 futuris.
629 2434 770 2487 Sunt
791 2431 944 2486 enim
975 2431 1097 2484 hazc
1115 2431 1173 2483 in
1199 2431 1388 2484 anima
1411 2431 1518 2483 tria
1551 2429 1834 2500 quaedam,
1857 2432 1915 2482 et
1935 2427 2072 2481 alibi

377 2539 444 2576 ea
477 2538 593 2576 non
621 2521 815 2585 video;
849 2535 1096 2590 praesens
1127 2519 1196 2573 de
1227 2518 1531 2588 praeteritis
1581 2517 1878 2583 memoria,
1920 2533 2070 2587 pra:-

378 2627 505 2664 sens
538 2610 607 2664 de
634 2608 1013 2681 praesentibus
1043 2608 1348 2670 contuitus,
1381 2623 1628 2678 praesens
1648 2606 1717 2660 de
1747 2605 1953 2660 futuris
1983 2622 2076 2658 ex-

380 2697 670 2769 spectatio.
714 2697 770 2752 Si
818 2697 940 2751 haac
998 2696 1388 2766 permittimur
1435 2695 1618 2750 dicere
1661 2695 1770 2748 tria
1817 2699 2076 2763 tempora

379 2787 560 2854 video,
589 2787 899 2856 fateorque,
936 2785 1046 2839 tria
1094 2789 1244 2838 sunt.
1287 2783 1520 2837 Dicatur
1567 2782 1757 2850 etiam,
1797 2783 2077 2851 Tempora

378 2881 512 2930 sunt
541 2875 668 2943 tria,
702 2874 1079 2946 praeteritum,
1106 2889 1358 2944 praesens
1381 2877 1438 2926 et
1466 2872 1762 2937 futurum;
1795 2869 1939 2924 sicut
1969 2869 2075 2922 ab-

378 2967 561 3019 utitur
577 2963 949 3032 c'onsuetudo,
972 2963 1228 3017 dicatur:
1256 2978 1375 3015 esse
1398 2977 1511 3015 non
1534 2976 1692 3026 curo,
1726 2975 1831 3013 nec
1850 2958 2072 3023 resisto,

377 3070 482 3108 nec
507 3052 862 3123 reprehendo
884 3068 897 3118 ;
923 3052 1062 3105 dum
1077 3056 1271 3104 tamen
1291 3049 1644 3120 intelligatur
1661 3047 1816 3119 quod
1842 3046 2070 3112 dicitur,

378 3157 566 3212 neque
596 3140 653 3195 id
682 3141 835 3210 quod
859 3141 1116 3193 futurum
1140 3144 1244 3203 est,
1282 3153 1402 3191 esse
1427 3138 1568 3204 jam,
1615 3151 1800 3205 neque
1838 3134 1892 3187 id
1923 3133 2077 3203 quod

378 3228 732 3300 praeteritum
785 3232 887 3281 est.
923 3229 1108 3280 Pauca
1133 3231 1264 3279 sunt
1293 3225 1452 3278 enim
1475 3239 1604 3294 qum
1633 3221 1867 3292 proprie
1900 3220 2079 3291 loqui-

379 3333 530 3385 mur,
562 3317 730 3387 plura
751 3331 868 3370 non
893 3314 1163 3386 proprie;
1193 3314 1292 3368 sed
1314 3312 1638 3383 agnoscitur
1654 3310 1792 3381 quid
1814 3309 2073 3364 velimus.

1037 3421 1261 3475 CAPUT
1289 3421 1422 3474 XXI.

763 3517 1030 3584 Quomodo
1068 3522 1274 3587 tempus
1313 3518 1468 3570 liceat
1496 3515 1695 3570 metiri.

452 3630 537 3680 27.
569 3625 696 3680 Dixi
721 3640 855 3696 ergo
885 3624 1056 3696 paulo
1106 3628 1256 3693 ante,
1287 3623 1440 3694 quod
1483 3620 1889 3694 praetereuntia
1928 3624 2080 3674 tem-

382 3731 522 3787 pora
566 3713 861 3781 metimur,
891 3717 957 3766 ut
987 3711 1271 3783 possimus
1302 3710 1489 3766 dicere
1522 3710 1764 3781 duplum
1806 3724 1926 3762 esse
1973 3708 2081 3762 hoc

382 3803 658 3874 temporis
688 3803 758 3856 ad
791 3801 932 3855 illud
967 3801 1260 3872 simplum,
1294 3805 1394 3854 aut
1411 3804 1633 3854 tantum
1662 3799 1769 3853 hoc
1799 3802 2080 3870 quantum

377 3893 541 3961 illud,
574 3897 630 3947 et
659 3892 706 3946 si
735 3891 874 3963 quid
925 3891 1077 3946 aliud
1111 3891 1181 3946 de
1219 3891 1478 3962 partibus
1512 3895 1842 3961 temporum
1875 3905 2079 3958 possu-

382 3998 510 4036 mus
566 3981 894 4035 renuntiare
947 3979 1257 4034 metiendo.
1326 3978 1616 4043 Quocirca,
1678 3982 1744 4031 ut
1800 3977 2079 4042 dicebam,

377 4069 785 4142 praetereuntia
804 4069 1074 4123 metimur
1094 4073 1373 4136 tempora.
1402 4069 1466 4121 Et
1497 4067 1542 4119 si
1566 4066 1693 4137 quis
1721 4064 1865 4119 mihi
1909 4064 2078 4130 dicat,

385 4159 540 4214 Unde
570 4157 675 4212 scis
694 4156 721 4208 ?
750 4157 1146 4227 respondeam,
1179 4156 1304 4209 Scio
1333 4156 1465 4226 quia
1495 4153 1785 4221 metimur,
1819 4168 1922 4206 nec
1953 4168 2080 4206 me-

384 4247 482 4302 tiri
515 4263 643 4318 quaa
686 4262 805 4300 non
847 4249 980 4298 sunt
1025 4260 1348 4316 possumus,
1404 4249 1458 4296 et
1486 4259 1601 4296 non
1634 4245 1766 4295 sunt
1794 4241 2083 4312 praeterita

383 4337 472 4390 vel
501 4335 713 4388 futura.
743 4335 998 4387 Prmsens
1025 4348 1156 4386 vero
1188 4335 1412 4402 tempus
1451 4330 1740 4400 quomodo
1787 4329 2079 4395 metimur,

389 4424 618 4496 quando
665 4439 780 4476 non
833 4422 1004 4476 habet
1033 4420 1279 4491 spatium
1299 4423 1328 4475 ?
1355 4419 1582 4474 Metitur
1610 4435 1744 4490 ergo
1776 4435 1904 4472 cum
1931 4435 2082 4488 prae-

388 4496 546 4580 terit,
567 4527 695 4564 cum
718 4514 910 4564 autem
930 4507 1293 4580 praeterierit,
1310 4524 1426 4562 non
1449 4507 1681 4561 metitur
1735 4527 1750 4574 ;
1771 4507 1908 4578 quid
1929 4507 2082 4562 enim

387 4600 683 4660 metiatur,
717 4615 837 4653 non
863 4598 987 4653 erit.
1021 4598 1130 4653 Sed
1162 4597 1313 4652 unde
1344 4601 1399 4650 et
1428 4612 1540 4668 qua
1567 4600 1622 4649 et
1651 4612 1762 4666 quo
1805 4595 2079 4667 prazterit,

392 4705 520 4743 cum
551 4689 832 4742 metitur?
889 4688 1069 4753 Unde,
1099 4687 1208 4740 nisi
1249 4703 1315 4740 ex
1359 4686 1600 4740 futuro?
1645 4701 1777 4756 qua,
1827 4684 1937 4739 nisi
1982 4698 2126 4756 per

387 4793 638 4850 prassens
657 4779 685 4831 ?
713 4793 847 4848 quo,
879 4776 988 4830 nisi
1006 4776 1065 4829 in
1094 4774 1454 4845 praeteritum
1473 4776 1502 4828 ?
1533 4775 1604 4828 Ex
1634 4773 1732 4827 illo
1765 4790 1900 4844 ergo
1929 4775 2085 4845 quod

387 4867 646 4922 nondum
673 4870 775 4931 est,
807 4881 908 4934 per
936 4865 1078 4920 illud
1097 4864 1248 4936 quod
1271 4863 1452 4934 spatio
1483 4867 1654 4928 caret,
1681 4862 1740 4916 in
1770 4862 1912 4916 illud
1934 4862 2086 4932 quod

380 4957 501 5028 jam
527 4970 644 5008 non
676 4958 776 5008 est.
809 4953 954 5017 Quid
982 4958 1172 5007 autem
1195 4952 1488 5018 metimur,
1521 4951 1632 5006 nisi
1650 4957 1876 5022 tempus
1897 4950 1959 5004 in
1979 4951 2083 5005 ali-

386 5061 500 5116 quo
529 5043 711 5113 spatio
732 5041 760 5094 ?
790 5043 984 5111 Neque
1013 5041 1164 5094 enim
1193 5041 1434 5095 dicimus
1462 5040 1686 5110 simpla,
1721 5044 1776 5093 et
1800 5039 1991 5110 dupla,
2027 5044 2085 5093 et

386 5133 580 5204 tripla,
609 5137 666 5186 et
695 5130 959 5202 aequalia,
989 5134 1044 5183 et
1073 5129 1277 5199 siquid
1308 5130 1417 5183 hoc
1435 5129 1606 5182 modo
1638 5128 1692 5181 in
1721 5133 1978 5198 tempore
1999 5128 2082 5182 di-

387 5221 590 5288 cimus,
617 5220 730 5274 nisi
762 5217 944 5290 spatia
971 5221 1318 5288 temporum.
1371 5219 1436 5270 In
1459 5233 1571 5286 quo
1598 5233 1733 5286 ergo
1759 5217 1939 5286 spatio
1969 5232 2086 5270 me-

387 5311 565 5364 timur
601 5314 828 5379 tempus
885 5306 1262 5378 praeteriens?
1315 5307 1516 5359 Utrum
1564 5304 1626 5357 in
1682 5304 1894 5371 futuro,
1932 5305 2083 5358 unde

384 5397 685 5471 praeterit?
715 5397 821 5452 Sed
847 5395 1000 5468 quod
1031 5394 1289 5450 nondum
1319 5397 1422 5460 est,
1449 5407 1566 5447 non
1594 5391 1885 5448 metimur.
1911 5396 1997 5447 An
2023 5394 2081 5448 in

493 5519 625 5569 Edd.
656 5519 856 5584 aliquot
877 5518 1091 5584 et_Mss..
1112 5516 1368 5584 metimur
1383 5527 1503 5575 ergo
1527 5527 1642 5584 cum
1657 5515 2079 5584 praterit...non

386 5584 674 5640 metimur;
703 5577 833 5645 quid
853 5581 993 5631 enim
1014 5581 1278 5631 metiatur
1305 5593 1316 5627 :
1346 5591 1456 5627 non
1485 5577 1760 5627 concinne.
1786 5578 1850 5626 M.

1547 257 1975 314 CONFESSION
1985 258 2080 314 UM
2136 257 2192 314 S.
2247 259 2630 315 AUGUSTINI
2641 300 2652 313 .

3751 262 3867 316 820

2163 380 2455 450 praesenti,
2489 398 2602 453 qua
2622 381 2920 453 prasterit?
2947 383 3051 438 Sed
3072 383 3294 437 nullum
3323 383 3570 454 spatium
3606 399 3720 438 non
3742 400 3871 438 me-

2165 468 2363 523 timur.
2393 472 2478 525 An
2504 470 2565 524 in
2594 470 2903 540 praeterito,
2933 487 3048 542 quo
3078 471 3378 542 praeterit?
3401 473 3510 527 Sed
3542 472 3699 543 quod
3735 473 3866 542 jam

2163 573 2282 612 non
2311 563 2412 627 est,
2441 575 2553 612 non
2585 559 2877 614 metimur.

2800 649 3025 703 CAPUT
3062 650 3217 703 XXII.

2376 737 2514 790 Petit
2553 738 2859 803 aenigmatis
2898 739 3058 791 istius
3102 738 3418 792 solutionem
3449 753 3484 792 a
3511 739 3634 792 Deo.

2234 827 2323 878 28.
2357 823 2578 878 Exarsit
2607 825 2830 878 animus
2866 841 3026 880 meus
3065 841 3231 880 nosse
3263 825 3414 879 istud
3467 823 3857 896 implicatissi-

2165 927 2325 965 mum
2345 911 2610 982 aanigma.
2633 912 2756 966 Noli
2784 913 3063 981 claudere,
3088 913 3327 968 Domine
3361 915 3508 967 Deus
3530 929 3692 967 meus
3709 914 3862 967 bone

2166 1002 2351 1068 Pater,
2391 1017 2494 1071 per
2525 1001 2811 1056 Christum
2837 1003 3090 1071 obsecro,
3122 1003 3240 1057 noli
3270 1002 3533 1057 claudere
3573 1001 3863 1057 desiderio

2166 1103 2295 1142 meo
2326 1088 2453 1156 ista,
2487 1095 2544 1144 et
2591 1090 2800 1145 usitata
2829 1095 2886 1145 et
2915 1091 3126 1157 abdita,
3176 1091 3488 1162 quominus
3533 1091 3594 1144 in
3644 1107 3712 1144 ea
3762 1107 3866 1161 pe-

2168 1181 2372 1245 netret,
2397 1181 2452 1232 et
2498 1177 2846 1234 dilucescant
2867 1181 3142 1235 alluceute
3167 1179 3561 1235 misericordia
3606 1184 3724 1247 tua,
3762 1181 3873 1234 Do-

2169 1266 2343 1320 mine.
2377 1267 2555 1332 Quem
2587 1268 2968 1338 percontabor
2999 1269 3068 1322 de
3106 1269 3238 1324 his?
3275 1273 3332 1323 et
3377 1268 3471 1323 cui
3515 1267 3872 1322 fructuosius

2167 1354 2483 1409 contebor
2510 1355 2858 1426 imperitiam
2895 1372 3106 1423 meam,
3154 1355 3267 1410 nisi
3315 1355 3420 1410 tibi
3467 1355 3557 1410 cui
3590 1371 3704 1409 non
3733 1359 3877 1409 sunt

2170 1443 2413 1497 molesta
2442 1443 2630 1496 studia
2663 1459 2808 1511 mea,
2841 1444 3198 1498 ammantia
3227 1443 3596 1498 vehementer
3627 1442 3687 1496 in
3726 1441 3880 1496 Scri-

2170 1535 2368 1600 pturas
2397 1530 2560 1584 tuas?
2594 1533 2673 1586 Da
2704 1533 2857 1603 quod
2887 1549 3016 1588 amo
3053 1549 3065 1587 :
3095 1548 3226 1586 amo
3261 1532 3437 1600 enim,
3460 1535 3517 1585 et
3542 1532 3653 1586 hoc
3677 1534 3742 1584 tu
3777 1530 3878 1583 de-

2174 1618 2325 1673 disti.
2363 1621 2462 1685 Da,
2498 1621 2682 1686 Pater,
2718 1621 2816 1690 qui
2846 1637 2976 1674 vere
3009 1621 3161 1674 nosti
3196 1621 3326 1674 data
3371 1621 3522 1674 bona
3569 1619 3705 1673 dare
3736 1617 3881 1671 liis

2174 1707 2287 1761 tuis
2321 1709 2542 1777 (Matth.
2603 1725 2695 1775 vu,
2747 1709 2848 1778 ll).
2902 1711 3000 1768 Da.
3046 1709 3324 1780 quoniam
3375 1707 3600 1778 suscepi
3659 1721 3878 1776 cogno-

2175 1812 2327 1849 scere
2358 1799 2397 1862 ,
2431 1801 2489 1851 et
2520 1797 2678 1851 labor
2706 1801 2790 1850 est
2821 1802 2951 1851 ante
2982 1813 3073 1850 me
3107 1797 3272 1865 (Psat.
3327 1812 3489 1862 Lxxu,
3545 1798 3648 1862 16),
3690 1794 3883 1846 donec

2177 1883 2419 1953 aperias.
2453 1885 2560 1937 Per
2589 1883 2877 1938 Christum
2905 1884 3156 1949 obsecro,
3180 1885 3242 1937 in
3272 1883 3504 1937 nomine
3535 1882 3659 1953 ejus
3683 1879 3884 1935 Sancti

2178 1976 2523 2037 sanctorum,
2557 1987 2728 2026 nemo
2789 1971 2933 2026 mihi
2991 1973 3307 2043 obstrepat.
3375 1973 3439 2026 Et
3485 1987 3590 2041 ego
3635 1969 3881 2034 credidi,

2180 2064 2414 2131 propter
2454 2060 2608 2131 quod
2640 2065 2698 2114 et
2727 2061 2935 2130 loquor
2967 2060 3138 2131 (Psat.
3196 2076 3314 2126 cxv,
3363 2061 3428 2128 1).
3462 2061 3591 2114 Haec
3622 2065 3707 2112 est
3745 2075 3883 2128 spes

2179 2165 2342 2216 mea;
2402 2150 2471 2203 ad
2509 2150 2653 2204 hanc
2699 2149 2823 2204 vivo
2911 2155 2973 2203 ut
3029 2149 3383 2219 contempler
3433 2147 3878 2202 delectationem

2182 2236 2425 2292 Domini.
2453 2239 2586 2292 Ecce
2607 2242 2820 2292 veteres
2851 2237 3091 2308 posuisti
3113 2237 3232 2292 dies
3263 2253 3421 2291 meos
3452 2236 3618 2307 (Psal.
3644 2252 3878 2302 xxxvm,

2184 2328 2261 2396 6),
2296 2331 2354 2381 et
2382 2329 2709 2394 transeunt;
2767 2331 2824 2382 et
2869 2326 3182 2398 quomodo,
3231 2325 3441 2382 nescio.
3493 2326 3558 2379 Et
3610 2324 3882 2390 dicimus,

2179 2417 2424 2486 Tempus
2463 2421 2518 2470 et
2561 2419 2809 2487 tempus,
2860 2421 3122 2486 tempora
3176 2420 3232 2469 et
3265 2421 3562 2486 tempora;
3594 2413 3885 2478 Quamdiu

2183 2504 2325 2558 dixit
2352 2505 2461 2558 hoc
2491 2505 2607 2567 ille,
2627 2504 2900 2575 quamdiu
2931 2505 3064 2558 fecit
3091 2505 3198 2560 hoc
3227 2505 3322 2558 ille
3345 2523 3360 2573 ;
3383 2508 3459 2570 et,
3491 2504 3674 2568 Quam
3702 2503 3886 2571 longo

2181 2598 2436 2664 tempore
2467 2593 2610 2647 illud
2638 2609 2754 2647 non
2793 2593 2942 2648 vidi!
2979 2598 3055 2659 et,
3108 2594 3356 2663 Duplum
3403 2591 3677 2663 temporis
3706 2592 3892 2645 habet

2182 2682 2302 2736 haec
2328 2681 2542 2752 syllaba
2571 2681 2639 2735 ad
2671 2681 2828 2734 illam
2859 2681 3123 2752 simplam
3155 2682 3406 2736 brevem.
3454 2680 3703 2754 Dicimus
3732 2681 3886 2748 haec,

2183 2775 2239 2825 et
2269 2771 2530 2824 audimus
2558 2770 2699 2834 haec,
2735 2775 2790 2824 et
2817 2769 3195 2840 intelligimur
3242 2776 3300 2824 et
3329 2769 3723 2840 intelligimus.
3759 2771 3881 2824 Ma-

2182 2859 2548 2913 nifestissima
2577 2863 2633 2913 et
2657 2859 3023 2913 usitatissima
3046 2864 3217 2927 sunt;
3251 2864 3308 2914 et
3326 2859 3527 2913 eadem
3560 2874 3758 2914 rursus
3778 2859 3876 2912 ni-

2183 2948 2292 3002 mis
2321 2949 2516 3015 latent,
2551 2953 2609 3003 et
2635 2964 2780 3002 nova
2812 2953 2897 3002 est
2924 2948 3178 3002 inventio
3211 2964 3432 3003 eorum.

2812 3036 3035 3090 CAPUT
3065 3036 3247 3090 XXIII.

2782 3123 2926 3188 Quid
2954 3126 3026 3178 sit
3057 3129 3282 3192 tempus.

2249 3215 2335 3267 29.
2377 3211 2582 3266 Audivi
2607 3229 2640 3265 a
2670 3212 2923 3282 quodam
2951 3211 3184 3266 homine
3241 3211 3430 3278 docto,
3461 3211 3614 3283 quod
3646 3211 3782 3266 solis
3813 3217 3878 3266 et

2185 3302 2336 3355 lunae
2369 3317 2433 3354 ac
2461 3300 2713 3355 siderum
2743 3305 2956 3363 motus,
2986 3300 3111 3371 ipsa
3140 3299 3254 3355 sint
3281 3305 3560 3371 tempora,
3591 3305 3648 3354 et
3670 3300 3754 3354 nil
3785 3317 3890 3355 an-

2186 3389 2338 3442 nui'.
2375 3388 2486 3442 Cur
2509 3389 2665 3442 enim
2691 3404 2808 3443 non
2837 3390 3028 3458 potius
3059 3388 3318 3443 omnium
3346 3404 3650 3459 corporum
3679 3393 3881 3443 motus

2186 3475 2301 3530 sint
2324 3476 2630 3547 tempora?
2660 3478 2747 3531 An
2789 3493 2921 3530 vero
2955 3477 3002 3530 si
3051 3481 3338 3531 cessarent
3368 3477 3493 3533 caeli
3542 3476 3782 3545 lumina,
3829 3482 3895 3532 et

2186 3571 2512 3620 moveretur
2539 3569 2666 3619 rota
2695 3565 2880 3636 guli,
2908 3582 3026 3620 non
3057 3571 3204 3625 esset
3223 3570 3448 3638 tempus
3491 3582 3605 3636 quo
3651 3566 3890 3621 metire-

2188 3670 2318 3708 mur
2347 3670 2440 3708 eos
2462 3670 2653 3725 gyros,
2703 3658 2760 3708 et
2806 3654 3125 3708 diceremus
3164 3659 3266 3709 aut
3305 3654 3620 3726 aequalibus
3650 3655 3894 3709 morulis

2188 3742 2315 3814 agi;
2350 3746 2447 3797 aut
2483 3743 2531 3796 si
2578 3743 2714 3798 alias
2756 3743 2996 3810 tardius,
3049 3743 3186 3798 alias
3233 3743 3483 3798 velocius
3532 3749 3890 3811 moveretur,

2187 3832 2326 3886 alios
2355 3831 2539 3902 magis
2563 3831 2864 3886 diuturnos
2891 3847 3032 3899 esse,
3065 3832 3204 3886 alios
3234 3832 3469 3886 minus?
3486 3834 3601 3887 Aut
3619 3847 3750 3887 cum
3780 3833 3895 3887 hoc

2189 3920 2525 3987 diceremus,
2549 3936 2666 3974 non
2685 3925 2744 3975 et
2763 3937 2868 3974 nos
2886 3921 2947 3974 in
2967 3924 3250 3991 tempore,
3269 3921 3658 3992 loqueremur,
3687 3925 3783 3974 aut
3804 3936 3894 3974 es-

2189 4009 2406 4064 sentin
2437 4009 2620 4064 verbis
2648 4009 2855 4064 nostris
2897 4009 3022 4064 aliae
3071 4011 3257 4082 longae
3301 4004 3555 4081 syllabae,
3593 4009 3720 4063 aliae
3757 4009 3893 4064 bre-

2189 4113 2299 4163 ves,
2335 4096 2446 4150 nisi
2477 4097 2612 4168 quia
2639 4097 2753 4152 illaa
2774 4097 3039 4169 longiore
3069 4102 3326 4169 tempore
3373 4097 3716 4165 sonuissent,
3764 4096 3893 4152 ista:

2189 4185 2448 4240 breviore
2466 4187 2495 4239 ?
2527 4187 2696 4254 Deus,
2730 4186 2880 4240 dona
2894 4186 3225 4242 hominibus
3245 4186 3437 4241 videre
3456 4186 3517 4240 in
3542 4202 3714 4257 parvo
3737 4201 3894 4240 com-

2189 4291 2391 4329 munes
2429 4275 2656 4329 notitias
2696 4291 2889 4330 rerum
2936 4291 3244 4346 parvarum
3289 4279 3457 4346 atque
3509 4290 3883 4346 magnarum.

2191 4365 2335 4419 Sunt
2361 4367 2419 4418 et
2445 4364 2632 4419 sidera
2652 4369 2706 4418 et
2734 4365 3042 4419 luminaria
3071 4365 3199 4419 coeli
3228 4365 3288 4418 in
3319 4364 3520 4434 signis,
3552 4368 3608 4418 et
3643 4364 3706 4418 in
3734 4368 3890 4419 tem-

2190 4452 2440 4524 poribus,
2475 4453 2621 4508 etin
2650 4453 2834 4517 annis,
2866 4453 3009 4507 etin
3037 4453 3236 4507 diebus
3285 4453 3434 4521 (Gen.
3475 4455 3524 4517 1,
3561 4452 3646 4519 tt)
3685 4467 3699 4504 :
3756 4459 3894 4514 sunt

2189 4555 2356 4605 vero;
2391 4539 2489 4592 sed
2513 4554 2616 4593 nec
2637 4555 2742 4612 ego
2778 4539 3018 4594 dixerim
3049 4537 3349 4592 circuitum
3394 4535 3547 4590 illius
3572 4535 3895 4607 Lligneolae

2190 4632 2333 4683 rota:
2375 4627 2529 4682 diem
2577 4643 2720 4698 esse,
2763 4645 2866 4683 nec
2913 4633 3106 4683 tamen
3152 4626 3282 4680 ideo
3325 4629 3552 4694 tempus
3597 4640 3717 4680 non
3764 4643 3892 4681 esse

2191 4717 2286 4772 ille
2318 4717 2545 4772 dixerit.

2264 4810 2351 4862 30.
2383 4809 2498 4878 Ego
2536 4805 2678 4861 scire
2707 4805 2875 4877 cupio
2903 4805 3016 4860 vim
3045 4806 3426 4874 naturamque
3457 4803 3733 4873 temporis
3771 4821 3889 4875 quo

2257 4898 2271 4930 1
2296 4895 2420 4943 Bad.
2443 4895 2557 4944 Am.
2589 4895 2674 4943 Er.
2704 4896 2828 4944 Lov.
2857 4903 3164 4954 cognoscere
3186 4894 3254 4941 te.
3275 4891 3698 4954 Expungendum
3719 4897 3797 4941 est
3817 4896 3887 4951 te,

2186 4956 2338 5019 juxta
2360 4958 2480 5006 Mss.
2509 4961 2560 5004 et
2579 4957 2705 5005 Arn.
2729 4956 2857 5019 quia
2879 4955 2941 5002 de
2971 4958 3222 5017 tempore,
3262 4967 3370 5002 non
3406 4954 3468 5002 de
3515 4954 3621 5003 Deo
3659 4968 3888 5016 cognos-

2192 5017 2360 5068 eeudo
2383 5019 2615 5081 loquitur
2642 5017 2984 5081 Augustinus.
3175 5077 3185 5081 _
3222 5078 3232 5081 _

2253 5083 2273 5115 2
2295 5076 2534 5138 ...,(
2561 5079 2695 5129 hanc
2728 5076 2879 5127 inhio
2905 5093 2916 5126 :
2938 5083 3097 5135 recte,
3133 5077 3235 5125 nisi
3282 5077 3367 5126 alii
3401 5078 3790 5138 refragarentur
3836 5082 3890 5126 et

2191 5143 2320 5191 Edd.
2353 5147 2404 5191 et
2435 5143 2556 5190 Mss.
2598 5141 2686 5203 qui
2717 5154 2908 5203 magno
2953 5153 3214 5188 consensu
3252 5140 3446 5198 ferunt,
3475 5139 3717 5203 _ad_hanc
3748 5141 3882 5188 vivo.

2303 5204 2387 5252 Sic
2412 5201 2690 5264 legendum
2703 5202 2911 5250 videtur
2931 5216 3050 5250 cum
3079 5203 3199 5250 Mss.
3225 5203 3432 5250 Vedast.
3458 5201 3682 5264 duobus,
3705 5204 3757 5264 et
3776 5215 3884 5264 uno

2193 5267 2342 5314 Corb.
2361 5281 2372 5323 ;
2389 5261 2607 5312 velcum
2631 5265 2774 5324 Arn.,
2801 5267 2964 5314 etnon
2983 5268 3172 5314 annui.
3201 5265 3296 5314 Ubi
3310 5267 3484 5315 Germ.
3514 5263 3688 5312 Codex
3705 5261 3885 5323 habet,

2193 5332 2243 5391 et
2275 5340 2382 5376 non
2414 5327 2594 5391 (
2619 5327 2741 5391 Lo_v.
2769 5341 2892 5376 vero
2923 5341 3057 5391 cum
3082 5326 3294 5391 aliquot
3319 5328 3457 5382 Mss,
3490 5330 3540 5391 et
3580 5338 3679 5391 non
3731 5329 3883 5391 anni.

2191 5390 2293 5438 Er..
2329 5393 2376 5438 et
2397 5390 2540 5437 anni.
2569 5389 2802 5452 Denique
2835 5389 2941 5438 Bad
2985 5393 3037 5438 et
3065 5387 3199 5452 Am;
3227 5394 3278 5439 et
3294 5401 3398 5439 non
3427 5389 3614 5439 animi.
3727 5387 3888 5437 Juxta

2191 5452 2341 5506 Ven..
2372 5455 2613 5513 tempora
2635 5457 2684 5501 et
2714 5451 2869 5512 anni;
2893 5464 2998 5501 non
3024 5451 3208 5502 annui.

2300 5508 2492 5563 Omnes
2511 5515 2631 5576 Mss.
2657 5514 2809 5576 Angl.
2843 5508 3188 5564 {Circuitum
3217 5513 3380 5576 illius.
3411 5518 3506 5576 aut
3545 5508 3752 5576 denite
3791 5511 3888 5576 du-

2187 5577 2340 5639 plum
2367 5575 2600 5638 ligneotaz
2629 5573 2781 5628 rotae.
2815 5601 2866 5612 -
2892 5576 3142 5639 Igneotaz,
3159 5575 3314 5639 juxta
3341 5575 3425 5623 Er.
3451 5573 3579 5624 Ven.
3604 5574 3771 5636 Lugd.
3803 5575 3873 5623 M.
