4058 6366
154 307 248 356 8'2!

151 421 434 478 metimur
462 437 772 492 corporum
813 427 1021 488 motus,
1049 426 1105 476 et
1151 422 1390 476 dicimus
1419 423 1583 478 illum
1609 426 1852 486 motum,

149 511 312 566 verbi
344 511 554 583 gratia,
588 515 847 581 tempore
875 511 1050 581 duplo
1080 527 1199 565 esse
1240 511 1660 566 diuturniorem
1685 527 1859 583 quam

151 600 353 656 istum.
381 602 528 655 Nam
549 616 768 672 quaero,
801 599 1076 672 quoniam
1096 601 1216 656 dies
1240 601 1466 668 dicitur,
1497 618 1612 655 non
1638 605 1861 655 tantum

149 706 314 745 mora
327 690 468 745 solis
494 705 666 760 super
686 693 918 749 terram,
942 691 1254 745 secundum
1273 691 1426 762 quod
1445 690 1600 744 aliud
1617 695 1701 744 est
1721 689 1858 751 dies,

145 779 307 834 aliud
340 795 480 845 nox,
505 778 602 833 sed
631 777 806 833 etiam
835 778 1008 846 totius
1039 780 1056 815 ί
1084 780 1206 849 ejus
1235 779 1502 833 circuitus
1532 779 1603 832 ab
1635 778 1859 833 oriente

143 884 334 939 usque
356 868 428 922 ad
447 867 748 934 orientem,
772 867 1087 921 secundum
1121 867 1570 938 quod,dicimus,
1600 869 1706 921 Tot
1735 865 1858 920 dies

148 956 540 1022 transierunt;
565 972 694 1009 cum
725 955 844 1010 suis
869 956 1023 1009 enim
1051 955 1311 1009 noctibus
1343 956 1609 1010 dicuntur
1637 959 1725 1009 tot
1746 955 1866 1010 dies

152 1061 258 1099 nec
290 1051 457 1099 extra
503 1049 846 1116 reputantur
876 1044 1056 1116 spatia
1079 1045 1362 1098 noctium:
1413 1045 1688 1116 quoniam
1720 1060 1858 1114 ergo

154 1132 279 1187 dies
306 1133 574 1204 expletur
599 1137 762 1186 motu
787 1132 943 1197 solis,
969 1136 1139 1203 atque
1169 1131 1409 1187 circuitu
1439 1134 1510 1188 ab
1530 1132 1748 1186 oriente
1777 1149 1866 1186 us-

155 1239 272 1294 que
308 1223 383 1276 ad
413 1223 729 1288 orientem;
764 1236 961 1292 quaaro
992 1225 1187 1275 utrum
1231 1225 1419 1274 motus
1450 1220 1572 1290 ipse
1601 1219 1675 1274 sit
1722 1220 1862 1286 dies,

157 1329 233 1366 an
263 1327 435 1366 mora
463 1311 586 1381 ipsa
614 1313 827 1381 quanta
846 1309 1162 1380 peragitur,
1185 1325 1256 1363 an
1275 1314 1606 1380 utrumque.
1629 1308 1684 1363 Si
1711 1308 1867 1363 enim

157 1403 421 1473 primum
454 1402 574 1456 dies
603 1404 778 1466 esset;
807 1399 926 1454 dies
956 1415 1092 1470 ergo
1123 1404 1271 1454 esset
1297 1399 1521 1454 etiamsi
1549 1403 1708 1453 tanto
1732 1415 1864 1469 spa-

159 1491 238 1544 tio
272 1490 556 1562 temporis
585 1490 908 1544 solcursum
931 1487 1095 1542 illum
1120 1487 1453 1558 peregisset,
1473 1491 1755 1558 quantum
1785 1490 1868 1540 est

159 1583 320 1633 horae
349 1579 546 1633 unius.
577 1578 634 1633 Si
665 1577 1004 1642 secundum;
1034 1593 1152 1630 non
1181 1593 1316 1646 ergo
1348 1582 1496 1630 esset
1525 1576 1664 1642 dies,
1707 1575 1753 1628 si
1795 1576 1866 1629 ab

156 1674 292 1722 ortu
347 1667 482 1721 solis
511 1682 692 1737 usque
720 1665 783 1718 in
807 1669 995 1718 ortum
1034 1665 1274 1718 alterum
1315 1668 1428 1717 tam
1479 1663 1664 1717 brevis
1708 1679 1869 1717 mora

155 1761 307 1811 esset
333 1772 510 1827 quam
541 1759 626 1809 est
652 1754 806 1808 horae
837 1751 1036 1817 unius;
1071 1752 1171 1807 sed
1217 1751 1386 1806 vicies
1429 1756 1485 1806 et
1527 1741 1866 1822 quater'cir-

160 1846 417 1900 cumiret
447 1846 526 1898 sol
575 1848 634 1896 ut
664 1843 916 1913 expleret
943 1841 1118 1895 diem.
1155 1841 1214 1896 Si
1253 1846 1592 1912 utrumque;
1629 1857 1732 1894 nec
1774 1839 1868 1894 ille

157 1935 558 2005 appellaretur
591 1932 728 1996 dies,
763 1929 808 1984 si
840 1931 995 1984 horse
1027 1929 1214 2000 spatio
1244 1931 1326 1984 sol
1357 1934 1541 1984 totum
1571 1945 1736 1983 suum
1767 1945 1870 1999 gy-

160 2041 296 2076 rum
328 2021 695 2086 circumiret;
745 2035 851 2073 nec
882 2019 976 2072 ille
1007 2018 1048 2085 ²,
1101 2017 1147 2071 si
1196 2019 1314 2072 sole
1353 2022 1605 2072 cessante
1648 2023 1870 2071 tantum

163 2110 450 2182 temporis
479 2107 822 2179 praeteriret,
843 2111 1059 2178 quanto
1082 2122 1354 2177 peragere
1380 2108 1462 2160 sol
1484 2111 1668 2160 totum
1694 2105 1870 2160 ambi-

163 2208 287 2254 tum
321 2200 393 2254 de
424 2214 592 2252 mane
623 2197 681 2250 in
713 2212 879 2250 mane
911 2197 1138 2251 assolet.
1168 2197 1289 2250 Non
1319 2195 1511 2267 itaque
1538 2211 1690 2249 nunc
1719 2211 1872 2266 quaa-

164 2305 294 2344 ram
309 2286 453 2360 quid
470 2286 544 2340 sit
557 2285 697 2340 illud
711 2285 864 2356 quod
876 2289 1107 2338 vocatur
1123 2283 1264 2351 dies,
1281 2285 1375 2339 sed
1391 2283 1530 2356 quid
1549 2283 1621 2337 sit
1645 2288 1873 2353 tempus

165 2393 286 2449 quo
316 2375 621 2430 metientes
638 2373 773 2428 solis
793 2373 1114 2436 circuitum,
1141 2371 1458 2427 diceremus
1480 2388 1612 2426 eum
1634 2372 1869 2426 dimidio

164 2464 357 2536 spatio
378 2462 657 2534 temporis
687 2466 982 2531 peractum
1011 2461 1205 2515 minus
1232 2477 1407 2532 quam
1437 2461 1602 2525 solet,
1638 2460 1686 2514 si
1714 2464 1871 2514 tanto

164 2553 358 2624 spatio
383 2551 659 2621 temporis
684 2553 948 2621 peractus
977 2553 1144 2616 esset,
1167 2552 1384 2620 quanto
1397 2553 1751 2619 peraguntur
1774 2547 1872 2601 ho-

163 2658 246 2695 rae
276 2638 614 2704 duodecim;
634 2642 692 2692 et
717 2642 1028 2708 utrumque
1045 2641 1272 2707 tempus
1294 2641 1690 2707 comparantes
1721 2637 1870 2690 dice-

163 2744 364 2784 remus
392 2727 536 2782 illud
569 2726 864 2798 simplum,
895 2725 1004 2779 hoc
1035 2725 1539 2797 duplum,etiamsi
1561 2725 1869 2797 aliquando

166 2819 268 2872 illo
298 2817 532 2885 simplo,
566 2815 870 2887 aliquando
900 2813 1006 2868 isto
1037 2815 1212 2885 duplo
1234 2815 1317 2868 sol
1349 2814 1420 2868 ab
1450 2813 1668 2868 oriente
1691 2829 1872 2884 usque

167 2907 240 2960 ad
267 2906 556 2960 orientem
603 2903 947 2958 circumiret.
985 2904 1160 2957 Nemo
1191 2918 1328 2974 ergo
1358 2902 1502 2957 mihi
1527 2903 1676 2956 dicat
1703 2903 1874 2956 caste-

167 2995 345 3049 stium
367 3008 677 3064 corporum
699 2995 888 3045 motus
907 3007 1028 3046 esse
1053 2996 1338 3062 tempora:
1354 2991 1489 3062 quia
1505 2991 1873 3060 etcujusdam

168 3089 300 3138 voto
331 3099 463 3137 cum
499 3082 581 3136 sol
612 3080 868 3135 stetisset
891 3079 1070 3150 (Iosue
1106 3096 1160 3143 x,
1196 3081 1313 3148 t3);
1361 3084 1428 3133 ut
1455 3077 1823 3132 victoriosum
1854 3081 1874 3112 ³

166 3173 442 3245 ρι’ωιὶιιῐη
472 3174 795 3242 perageret,
845 3170 930 3223 sol
957 3169 1154 3231 stabat,
1197 3169 1295 3223 sed
1333 3172 1563 3238 tempus
1604 3167 1742 3221 ibat.
1771 3167 1876 3220 Per

168 3278 342 3317 suum
395 3260 612 3332 quippe
657 3258 906 3331 spatium
944 3257 1240 3329 temporis,
1283 3257 1439 3327 quod
1486 3255 1539 3310 ei
1570 3255 1873 3320 sufﬁceret,

170 3353 270 3406 illa
300 3366 504 3422 pugna
532 3353 689 3421 gesta
718 3353 888 3419 atque
921 3347 1082 3401 ﬁnita
1103 3350 1206 3400 est.
1239 3345 1413 3400 Video
1445 3344 1620 3416 igitur
1649 3348 1874 3412 tempus

171 3440 487 3512 quamdam
507 3455 629 3492 esse
647 3436 1068 3492 distentionem.
1101 3435 1212 3489 Sed
1228 3434 1414 3503 video,
1433 3451 1507 3488 an
1523 3433 1713 3487 videre
1736 3431 1875 3486 mihi

171 3530 408 3586 videor?
433 3529 516 3582 Tu
545 3525 981 3591 demonstrabis,
1016 3525 1152 3590 Lux,
1180 3523 1413 3578 Veritas.

811 3632 1034 3687 CAPUT
1062 3630 1240 3684 XXIV.

385 3727 617 3792 Tempus
644 3725 722 3776 est
752 3736 856 3791 quo
885 3722 1138 3774 metimur
1165 3721 1367 3772 motum
1401 3719 1665 3786 corporis.

245 3819 334 3870 3i.
366 3812 542 3868 Iubes
573 3815 635 3864 ut
677 3809 988 3879 approbem
1018 3806 1065 3860 si
1112 3807 1242 3877 quis
1284 3805 1434 3859 dicat
1475 3810 1704 3874 tempus
1751 3818 1874 3857 esse

173 3909 401 3959 motum
431 3898 723 3971 corporis?
755 3899 878 3952 Non
899 3897 1082 3967 jubes.
1109 3897 1253 3950 Nam
1273 3909 1480 3965 corpus
1500 3893 1745 3958 nullum,
1770 3889 1876 3944 nisi

174 3991 233 4044 in
267 3995 552 4059 tempore,
581 3986 800 4042 moveri
817 3984 1015 4041 audio:
1040 3988 1104 4039 tu
1124 3983 1290 4038 dicis.
1330 3984 1525 4053 Ipsum
1542 3985 1732 4034 autem
1753 3997 1877 4033 cor-

176 4079 339 4149 poris
384 4081 608 4131 motum
655 4080 883 4146 tempus
913 4090 1031 4129 esse
1063 4089 1178 4127 non
1216 4071 1418 4126 audio:
1463 4087 1578 4124 non
1621 4074 1684 4123 tu
1720 4068 1877 4122 dicis.

179 4169 329 4220 Cum
360 4165 518 4218 enim
547 4168 808 4218 movetur
827 4178 1056 4232 corpus,
1083 4165 1342 4230 tempore
1372 4158 1581 4212 metior
1609 4156 1884 4228 quamdiu

181 4257 505 4320 moveatur,
539 4269 607 4308 ex
632 4269 746 4324 quo
785 4250 1002 4305 moveri
1027 4249 1229 4319 incipit
1257 4247 1439 4302 donec
1468 4245 1710 4300 desinat.
1746 4246 1809 4300 Et
1838 4243 1884 4298 si

182 4361 308 4400 non
336 4343 454 4398 vidi
482 4359 547 4396 ex
575 4358 690 4414 quo
730 4341 920 4412 cmpit,
953 4343 1009 4393 et
1049 4340 1373 4411 perseverat
1400 4335 1636 4400 moveri,
1667 4340 1733 4390 ut
1769 4350 1885 4388 non

188 4433 420 4488 videam
451 4447 581 4486 cum
611 4429 852 4497 desinit;
884 4444 1003 4484 non
1030 4427 1190 4481 valeo
1233 4425 1444 4492 metiri,
1487 4424 1598 4479 nisi
1646 4424 1790 4478 forte
1821 4439 1886 4477 ex

184 4539 304 4594 quo
340 4521 530 4575 videre
561 4519 774 4590 incipio
798 4519 979 4573 donec
1009 4516 1284 4572 desinam.
1315 4515 1474 4579 Quod
1504 4513 1550 4568 si
1576 4513 1674 4568 diu
1702 4513 1886 4578 video,

184 4609 588 4667 tantummodo
607 4610 847 4680 longum
867 4613 1096 4677 tempus
1111 4621 1231 4660 esse
1257 4604 1542 4669 renuntio,
1566 4619 1681 4657 non
1699 4606 1889 4657 autem

183 4704 470 4773 quantum
501 4698 606 4767 sit;
629 4697 763 4770 quia
779 4702 836 4751 et
854 4699 1136 4767 quantum
1158 4709 1288 4748 cum
1305 4692 1571 4758 dicimus,
1592 4691 1891 4745 collatione

187 4789 464 4854 dicimus;
493 4788 666 4853 velut,
699 4788 947 4841 Tantum
978 4785 1083 4838 hoc
1105 4786 1387 4854 quantum
1410 4780 1587 4847 illud;
1623 4784 1740 4847 aut,
1775 4781 1888 4833 Du-

185 4880 350 4952 plum
381 4877 488 4932 hoc
513 4876 582 4930 ad
603 4875 768 4942 illud,
783 4880 842 4929 et
868 4874 916 4928 si
937 4873 1076 4944 quid
1095 4871 1249 4926 aliud
1272 4869 1380 4924 isto
1400 4869 1592 4924 modo.
1617 4868 1674 4923 Si
1697 4872 1890 4922 autem

184 4973 391 5022 notare
423 4963 783 5036 potuerimus
799 4964 1060 5018 locorum
1076 4960 1281 5032 spatia,
1304 4959 1454 5014 unde
1478 4962 1534 5012 et
1558 4974 1673 5028 quo
1698 4954 1893 5010 veniat

185 5071 397 5127 corpus
426 5054 579 5125 quod
611 5057 896 5120 movetur,
925 5051 1014 5105 vel
1044 5053 1236 5122 partes
1268 5049 1411 5120 ejus,
1456 5047 1503 5102 si
1528 5051 1806 5117 tanquam
1832 5044 1891 5098 in

182 5149 352 5199 torno
387 5147 674 5208 movetur,
695 5155 998 5212 possumus
1018 5139 1205 5194 dicere
1227 5141 1508 5210 quantum
1529 5135 1600 5190 sit
1613 5133 1893 5204 temporis

187 5249 250 5287 ex
283 5247 400 5302 quo
429 5231 500 5284 ab
532 5230 629 5284 illo
653 5231 776 5284 loco
812 5244 994 5300 usque
1027 5229 1095 5283 ad
1126 5229 1292 5282 illum
1323 5228 1512 5281 locum
1556 5229 1742 5278 motus
1771 5238 1893 5276 cor-

248 5340 282 5444 1“
291 5334 657 5444 8Totusid'uxta
680 5333 764 5382 Er.
793 5333 922 5382 Ven.
951 5332 1115 5395 Lugd.
1134 5331 1336 5382 Somm.
1357 5331 1492 5380 Dub.
1509 5333 1562 5380 et
1581 5328 1752 5378 Rond.
1775 5339 1894 5376 cum

248 5441 250 5444 .
317 5413 362 5444 S.
523 5433 534 5444 .

187 5403 213 5449 8
237 5400 362 5449 Mss.
466 5397 534 5445 Μ.

243 5465 264 5498 ²
287 5460 424 5523 Ιιια,
450 5457 719 5523 juxta_Er.
751 5458 879 5523 Ven.
906 5456 1070 5519 Lugd.
1169 5457 1235 5505 Μ.

243 5527 264 5560 ³
293 5515 425 5573 Bad.
450 5515 577 5571 'Am.
605 5520 691 5570 Er.
722 5524 775 5569 et
804 5520 927 5569 Lov.
958 5515 1079 5568 cum
1104 5517 1444 5582 paucioribus
1463 5517 1607 5574 Mss.,
1635 5517 1696 5566 ut
1727 5515 1899 5563 Victor

181 5589 356 5639 lam.
460 5584 535 5644 M.

1573 301 1786 356 LIBER
1845 300 1938 358 [ΙΝ
1945 299 2274 355 DECIMUS.

3567 308 3673 359 822

1966 423 2123 490 poris
2155 424 2243 477 vel
2271 424 2449 494 partis
2471 424 2594 494 ejus
2625 424 2856 479 effectus
2877 429 2980 478 est.
3016 424 3157 479 Cum
3186 425 3381 497 itaque
3410 426 3565 483 aliud
3596 430 3671 484 sit

1971 515 2162 566 motus
2184 513 2453 583 corporis,
2477 513 2634 567 aliud
2664 530 2776 585 quo
2807 513 3079 568 metimur
3099 514 3373 585 quamdiu
3405 516 3508 583 sit;
3538 518 3665 588 quis

1973 616 2090 654 non
2115 601 2320 655 sentiat
2348 601 2486 672 quid
2515 603 2720 656 horum
2744 602 2931 674 potius
2961 607 3187 673 tempus
3215 603 3522 659 dicendum
3559 605 3667 659 sit?

1977 692 2120 744 Nam
2145 689 2251 744 etsi
2291 690 2442 744 varie
2473 707 2678 762 corpus
2710 691 3020 762 aliquando
3043 697 3324 758 movetur,
3357 692 3667 764 aliquando

1975 782 2113 840 stat:
2144 795 2262 832 non
2291 780 2476 833 solum
2506 784 2725 834 motum
2767 782 2908 850 ejus,
2942 781 3040 835 sed
3071 781 3240 835 etiam
3273 785 3485 836 statum
3526 785 3672 836 tem-

1975 881 2114 936 pore
2162 868 2466 934 metimur;
2501 873 2558 922 et
2596 868 2857 932 dicimus,
2898 871 3141 924 Tantum
3184 870 3357 937 stetit,
3389 875 3668 942 quantum

1976 960 2198 1010 motum
2226 961 2340 1023 est;
2367 961 2486 1023 aut,
2521 958 2702 1028 Duplo
2715 958 2800 1010 vel
2823 957 2994 1026 triplo
3017 959 3190 1024 stetit,
3213 959 3283 1013 ad
3308 958 3362 1013 id
3376 960 3530 1030 quod
3546 975 3670 1013 mo-

1976 1049 2099 1099 tum
2128 1049 2236 1112 est;
2272 1050 2327 1100 et
2360 1045 2406 1098 si
2447 1046 2586 1117 quid
2618 1045 2769 1100 aliud
2814 1050 3008 1099 nostra
3053 1046 3331 1101 dimensio
3359 1047 3472 1102 sive
3506 1064 3671 1102 com-

1976 1134 2342 1204 prehenderit
2371 1135 2486 1189 sive
2517 1134 2944 1201 existimaverit,
2977 1138 3042 1189 ut
3069 1135 3178 1189 dici
3210 1136 3367 1202 solet,
3400 1138 3528 1208 plus
3559 1137 3669 1190 mi-

1977 1239 2106 1280 nus.
2145 1225 2269 1279 Non
2299 1229 2383 1278 est
2403 1241 2537 1295 ergo
2564 1229 2791 1293 tempus
2821 1224 3074 1292 corporis
3103 1229 3312 1279 motus.

2620 1312 2843 1366 CAPUT
2882 1313 3029 1366 XXV.

2450 1402 2658 1454 Rursus
2689 1403 2853 1454 Deum
2873 1402 3199 1469 interpellat.

2049 1490 2136 1540 32.
2209 1488 2274 1540 Et
2332 1488 2626 1554 conﬁteor,
2683 1489 2939 1554 Domine,
3014 1488 3277 1558 ignorare
3339 1505 3431 1544 me
3487 1489 3674 1544 adhuc

1977 1575 2118 1645 quid
2134 1575 2205 1630 sit
2225 1579 2480 1647 tempus;
2513 1581 2569 1631 et
2597 1594 2792 1631 rursus
2812 1577 3224 1647 conﬁteortibi,
3241 1578 3497 1645 Domine,
3531 1578 3673 1632 scire

1979 1677 2069 1716 me
2096 1661 2156 1716 in
2186 1667 2444 1734 tempore
2465 1665 2570 1718 ista
2593 1665 2798 1731 dicere,
2815 1671 2870 1720 et
2896 1666 2990 1719 diu
3015 1682 3106 1720 me
3123 1667 3244 1736 jam
3267 1667 3424 1737 loqui
3443 1667 3512 1721 de
3532 1670 3672 1720 tem-

1978 1768 2139 1822 pore,
2155 1757 2324 1823 atque
2340 1752 2526 1823 ipsum
2552 1753 2648 1807 diu
2672 1770 2786 1808 non
2809 1770 2930 1807 esse
2954 1753 3050 1807 diu
3071 1753 3181 1807 nisi
3199 1770 3358 1808 mora
3375 1755 3669 1825 temporis.

1979 1840 2277 1904 Quomodo
2309 1841 2490 1912 igitur
2517 1842 2626 1896 hoc
2656 1843 2793 1908 scio,
2822 1843 3050 1912 quando
3075 1843 3207 1913 quid
3233 1843 3306 1896 sit
3333 1846 3556 1914 tempus
3579 1859 3668 1896 ne-

1981 1929 2137 1982 scio?
2158 1932 2243 1983 An
2266 1929 2410 1983 forte
2427 1931 2616 1984 nescio
2636 1931 3120 2000 quemadmodum
3140 1929 3324 1985 dicam
3339 1932 3492 2002 quod
3516 1931 3672 1986 scio?

1983 2016 2080 2070 Hei
2107 2017 2248 2070 mihi
2279 2017 2378 2088 qui
2407 2017 2600 2072 neseio
2629 2020 2827 2072 saltem
2859 2019 2994 2089 quid
3027 2018 3299 2074 nesciam!
3338 2020 3491 2081 Ecce,
3524 2021 3672 2075 Deus

1980 2121 2164 2172 meus,
2198 2121 2390 2159 coram
2420 2109 2494 2169 te,
2546 2105 2681 2176 quia
2711 2122 2825 2160 non
2856 2106 3132 2173 mentior;
3166 2106 3309 2160 sicut
3336 2107 3563 2178 loquor,
3591 2108 3672 2162 ita

1981 2198 2064 2248 est
2088 2194 2866 2249 cormeum.Tuilluminabis
2885 2197 3173 2249 lucernam
3193 2211 3401 2262 meam,
3428 2195 3672 2250 Domine
3753 2205 3758 2208 '

1982 2285 2130 2338 Deus
2159 2299 2342 2352 meus,
2375 2283 2727 2338 illuminabis
2748 2284 3014 2338 tenebras
3031 2299 3186 2339 meas
3212 2285 3378 2355 (Psal.
3398 2299 3528 2351 xvn,
3552 2285 3667 2352 25).

2612 2372 2836 2426 CAPUT
2865 2373 3041 2426 XXVI.

2427 2461 2699 2527 Quomodo
2731 2466 2936 2530 tempus
2967 2462 3232 2516 metimur.

2054 2550 2144 2603 33.
2195 2547 2391 2603 Nonne
2437 2548 2540 2602 tibi
2587 2549 2894 2603 conﬁtetur
2937 2549 3130 2604 anima
3158 2566 3285 2604 mea
3323 2549 3676 2605 confessione

1982 2635 2229 2690 veridica
2271 2637 2461 2692 metiri
2500 2653 2591 2691 me
2622 2637 2921 2708 tempora?
2954 2639 3128 2704 Itane,
3160 2639 3308 2692 Deus
3336 2654 3522 2703 meus,
3551 2655 3678 2692 me-

1981 2724 2114 2787 tior,
2160 2729 2216 2779 et
2261 2725 2398 2795 quid
2429 2717 2636 2779 metiar
2677 2727 2904 2780 nescio?
2936 2725 3137 2780 Metior
3175 2730 3395 2781 motum
3423 2725 3678 2798 corporis

1979 2818 2236 2884 tempore
2255 2834 2269 2879 ;
2287 2813 2426 2867 item
2444 2813 2632 2883 ipsum
2653 2818 2882 2884 tempus
2901 2830 3016 2868 non
3035 2814 3279 2868 metior?
3298 2817 3385 2868 An
3402 2831 3534 2869 vero
3557 2830 3677 2868 cor-

1982 2901 2138 2972 poris
2167 2905 2386 2956 motum
2414 2902 2645 2956 metirer
2671 2902 2948 2972 quamdiu
2974 2902 3067 2970 sit,
3089 2906 3145 2956 et
3163 2902 3437 2973 quamdiu
3463 2901 3596 2956 hinc
3613 2902 3679 2956 il-

1981 2992 2074 3044 luc
2104 2989 2415 3062 perveniat,
2447 2990 2556 3044 nisi
2594 2994 2820 3060 tempus
2851 2991 2911 3044 in
2941 3007 3054 3061 quo
3100 2993 3357 3043 movetur
3398 2991 3677 3045 metirer?

1984 3082 2176 3151 Ipsum
2197 3096 2333 3151 ergo
2353 3084 2580 3151 tempus
2600 3079 2752 3134 unde
2772 3079 2980 3133 metior
2994 3079 3022 3132 ?
3039 3081 3124 3133 An
3141 3083 3398 3150 tempore
3418 3078 3675 3133 breviore

1985 3167 2257 3223 metimur
2286 3167 2533 3238 longius,
2565 3167 2710 3222 sicut
2733 3167 2915 3239 spatio
2948 3166 3124 3221 cubiti
3155 3166 3402 3237 spatium
3415 3168 3679 3222 transtri?

1985 3257 2075 3312 Sic
2098 3257 2252 3312 enim
2270 3256 2528 3311 videmur
2547 3257 2730 3327 spatio
2742 3257 2930 3311 brevis
2949 3257 3179 3328 syllabas
3203 3255 3392 3310 metiri
3429 3257 3678 3327 spatium

1986 3346 2173 3416 longas
2201 3345 2453 3415 syllabas,
2487 3349 2657 3416 atque
2689 3344 2746 3400 id
2778 3345 3020 3415 duplum
3059 3343 3264 3398 dicere.
3301 3345 3382 3398 Ita
3413 3343 3684 3398 metimur

1987 3433 2168 3504 spatia
2203 3432 2523 3488 carminum
2566 3433 2760 3504 spatiis
2783 3449 3072 3504 versuum,
3115 3437 3171 3487 et
3200 3431 3382 3503 spatia
3413 3448 3681 3487 versuum

1987 3521 2185 3592 spatiis
2213 3523 2447 3592 pedum,
2471 3527 2528 3576 et
2548 3522 2728 3593 spatia
2742 3523 2956 3593 pedum
2989 3521 3182 3593 spatiis
3204 3521 3575 3592 syllabarum,
3623 3525 3681 3576 et

1988 3611 2173 3681 spatia
2201 3611 2504 3680 longarum
2534 3611 2731 3680 spatiis
2748 3610 3170 3664 breviummon
3193 3609 3252 3664 in
3277 3610 3506 3680 paginis
3528 3610 3682 3681 (nam

1989 3715 2056 3752 eo
2089 3698 2258 3752 modo
2298 3699 2420 3752 loca
2457 3697 2749 3766 metimur,
2777 3713 2900 3754 non
2931 3700 3255 3769 tempora),
3289 3698 3384 3751 sed
3419 3714 3547 3752 cum
3579 3714 3680 3751 vo-

1989 3804 2078 3842 ces
2102 3787 2526 3860 pronuntiando
2555 3791 2870 3849 transeunt,
2908 3791 2964 3840 et
2985 3786 3242 3854 dicimus,
3278 3788 3537 3856 Longum
3567 3803 3684 3841 car-

1989 3893 2121 3931 men
2152 3880 2256 3942 est,
2302 3891 2435 3928 nam
2465 3879 2550 3929 tot
2575 3875 2830 3929 versibus
2877 3875 3220 3940 contexitur;
3258 3873 3418 3944 longi
3463 3891 3680 3943 versus,

1990 3982 2124 4020 nam
2163 3969 2248 4019 tot
2276 3964 2515 4035 pedibus
2550 3967 2840 4030 constant;
2874 3962 3026 4034 longi
3057 3964 3249 4033 pedes,
3282 3979 3414 4017 nam
3455 3968 3542 4018 tot
3569 3963 3682 4034 syl-

1991 4053 2133 4108 labis
2164 4053 2500 4118 tenduntur,
2535 4054 2706 4123 longa
2736 4053 2970 4123 syllaba,
2995 4068 3128 4106 nam
3150 4051 3324 4123 dupla
3339 4057 3424 4106 est
3452 4052 3524 4106 ad
3554 4052 3681 4106 bre-

1991 4159 2139 4198 vem.
2185 4142 2290 4198 Sed
2336 4158 2523 4212 neque
2574 4142 2652 4196 ita
2696 4141 3201 4212 comprehenditur
3229 4145 3382 4195 certa
3416 4157 3686 4195 mensura

1992 4230 2286 4302 temporis,
2323 4229 2791 4302 quandoquidem
2821 4230 2946 4285 ﬁeri
2969 4235 3156 4302 potest
3170 4233 3232 4285 ut
3261 4228 3525 4301 ampliori
3562 4245 3686 4299 spa-

1992 4320 2073 4374 tio
2113 4319 2407 4390 temporis,
2453 4324 2718 4390 personet
2757 4335 2953 4373 versus
2993 4319 3221 4374 brevior
3260 4319 3307 4372 si
3351 4317 3687 4389 productius

1995 4407 2421 4481 pronuntietur,
2443 4423 2616 4479 quam
2638 4406 2868 4478 longior
2900 4407 2944 4461 si
2967 4407 3303 4478 correptius.
3330 4409 3414 4462 Ita
3433 4423 3685 4475 carmen,

1996 4499 2076 4554 ita
2105 4514 2227 4569 pes,
2266 4496 2343 4551 ita
2394 4497 2630 4567 syllaba.
2683 4496 2818 4550 Inde
2849 4496 2993 4551 mihi
3033 4495 3219 4550 visum
3259 4499 3365 4564 est,
3395 4495 3540 4549 nihil
3568 4511 3690 4550 esse

1996 4588 2153 4643 aliud
2183 4593 2411 4656 tempus
2440 4601 2615 4657 quam
2644 4585 3078 4639 distentionem:
3115 4584 3213 4638 sed
3261 4585 3421 4654 cujus
3450 4583 3556 4651 rei,
3589 4601 3691 4638 ne-

1997 4677 2141 4742 scio;
2167 4680 2222 4729 et
2242 4675 2454 4729 mirum
2485 4674 2532 4727 si
2551 4689 2668 4728 non
2694 4673 2874 4744 ipsius
2897 4672 3094 4728 animi.
3120 4672 3265 4736 Quid
3287 4673 3441 4726 enim
3458 4672 3690 4739 metior,

1998 4767 2250 4829 obsecro,
2287 4766 2433 4818 Deus
2463 4778 2646 4832 meus,
2689 4767 2746 4816 et
2777 4762 2903 4816 dico
2945 4765 3044 4815 aut
3070 4760 3390 4825 indeﬁnite,
3439 4762 3694 4833 Longius

1999 4859 2084 4910 est
2119 4853 2226 4908 hoc
2255 4857 2481 4921 tempus
2511 4865 2684 4920 quam
2713 4849 2886 4916 illud;
2929 4853 3030 4903 aut
3061 4848 3233 4904 etiam
3287 4848 3548 4919 deﬁnite,
3580 4851 3696 4904 Du—

1996 4943 2160 5015 plum
2210 4945 2295 4993 est
2345 4940 2452 4994 hoc
2495 4938 2563 4992 ad
2607 4937 2788 4992 illud?
2815 4939 3062 5008 Tempus
3109 4937 3340 5007 metior,
3391 4938 3549 5005 scio;
3597 4939 3694 4992 sed

1999 5047 2114 5087 non
2144 5029 2349 5084 metior
2392 5029 2670 5094 futurum,
2703 5025 2839 5098 quia
2868 5026 3123 5080 nondum
3153 5031 3266 5094 est;
3317 5043 3432 5081 non
3487 5026 3694 5080 metior

2001 5134 2273 5191 praesens,
2305 5117 2439 5189 quia
2461 5116 2620 5170 nullo
2641 5115 2824 5187 spatio
2854 5115 3136 5182 tenditur;
3166 5132 3282 5170 non
3310 5115 3515 5169 metior
3543 5129 3692 5184 pres-

2000 5209 2257 5276 teritum,
2279 5207 2414 5278 quia
2437 5206 2557 5276 jam
2584 5222 2697 5260 non
2718 5206 2983 5270 est.Quid
3007 5221 3142 5276 ergo
3169 5204 3409 5259 metior?
3437 5206 3522 5255 An
3550 5217 3695 5272 pras-

1999 5295 2282 5353 tereuntia
2314 5300 2592 5367 tempora,
2627 5310 2741 5350 non
2772 5294 3107 5365 praeterita?
3132 5292 3208 5347 sic
3234 5291 3387 5347 enim
3415 5288 3690 5343 dixeram.

2617 5385 2842 5439 CAPUT
2871 5384 3077 5439 XXVII.

2147 5475 2414 5542 Quomodo
2437 5477 2688 5530 metimur
2709 5478 2913 5544 tempus
2933 5484 3249 5542 permanens
3271 5469 3327 5520 in
3351 5467 3548 5520 animo.

2086 5566 2173 5620 34.
2212 5563 2432 5631 Insiste,
2476 5563 2666 5618 animo
2712 5577 2892 5627 meus,
2922 5565 2977 5615 et
3003 5555 3228 5613 attende
3253 5553 3510 5610 fortiter:
3547 5554 3698 5610 Deus
