4058 6362
383 275 486 327 823

385 396 613 466 adjutor
660 397 881 460 noster;
914 393 1035 462 ipse
1064 391 1197 446 fecit
1243 407 1368 460 nos,
1417 397 1471 446 et
1503 407 1619 445 non
1648 391 1759 462 ipsi
1789 407 1890 445 nos
1915 388 2078 458 (Psal.

383 499 528 548 xcax,
570 482 642 551 3).
682 480 922 536 Attende
951 478 1049 534 ubi
1077 479 1311 534 albescit
1353 479 1578 533 veritas.
1611 479 1745 533 Ecce
1774 483 1934 549 puta,
1972 493 2078 532 vox

387 570 640 640 corporis
683 569 886 640 incipit
927 584 1150 634 sonare,
1185 572 1242 621 et
1271 573 1453 634 sonat,
1488 571 1544 620 et
1581 567 1768 622 adhuc
1796 571 1976 632 sonat,
2027 569 2084 618 et

387 674 512 711 ecce
543 656 786 723 desinit;
828 657 1068 726 jamque
1116 655 1407 709 silentium
1437 660 1544 722 est,
1590 658 1646 708 et
1675 672 1780 708 vox
1809 654 1904 708 illa
1932 669 2080 725 prae-

384 747 552 802 terita
573 751 679 816 est,
698 749 754 800 et
772 761 891 800 non
907 750 990 798 est
1000 745 1122 814 jam
1152 761 1278 798 vox.
1296 745 1506 798 Futura
1519 750 1640 798 erat
1668 749 1977 814 antequam
1996 759 2082 796 so-

388 839 566 904 naret,
595 839 650 888 et
670 850 789 888 non
801 837 1025 904 poterat
1046 831 1257 898 metiri,
1283 832 1419 902 quia
1440 832 1694 886 nondum
1711 837 1850 896 erat,
1867 836 2084 884 etnunc

388 903 503 978 non
535 928 736 993 potest,
773 903 907 992 quia
930 920 1050 990 jam
1082 936 1197 973 non
1229 924 1325 974 est.
1356 920 1512 973 Tunc
1535 935 1670 989 ergo
1702 923 1926 988 poterat
1953 935 2083 972 cum

388 1012 642 1077 sonabat,
672 1008 809 1080 quia
829 1014 966 1062 tunc
986 1012 1104 1061 erat
1131 1023 1261 1078 quae
1287 1007 1478 1061 metiri
1503 1012 1713 1078 posset.
1739 1008 1847 1062 Sed
1869 1012 1924 1060 et
1949 1013 2085 1060 tunc

384 1115 501 1152 non
532 1098 744 1161 stabat;
778 1095 894 1149 ibat
925 1094 1080 1148 enim
1111 1101 1167 1148 et
1193 1093 1543 1166 praeteribat.
1591 1099 1682 1149 An
1725 1094 1854 1149 ideo
1897 1095 2084 1165 magis

389 1185 647 1256 poterat?
672 1183 1013 1238 Praeteriens
1044 1183 1197 1237 enim
1227 1184 1568 1238 tendebatur
1596 1184 1657 1237 in
1689 1184 1918 1254 aliquod
1958 1200 2085 1254 spa-

384 1275 527 1328 tium
573 1272 847 1343 temporis
878 1289 992 1343 quo
1034 1272 1225 1325 metiri
1253 1277 1466 1342 posset,
1509 1272 1787 1344 quoniam
1833 1289 2086 1344 praesens

389 1363 608 1416 nullum
634 1361 806 1414 habet
827 1360 1091 1431 spatium.
1120 1360 1177 1415 Si
1197 1377 1332 1430 ergo
1350 1365 1487 1415 tunc
1512 1367 1756 1431 poterat,
1783 1377 1908 1414 ecce
1921 1365 2078 1432 puta,

389 1452 566 1504 altera
586 1449 756 1519 cwpit
786 1465 1010 1515 sonare,
1040 1453 1096 1502 et
1112 1449 1298 1503 adhuc
1320 1455 1504 1516 sonat,
1529 1449 1857 1504 continuato
1886 1455 2086 1502 tenore

390 1538 512 1592 sine
539 1539 654 1613 ulla
684 1536 1076 1592 distinctione:
1103 1536 1408 1591 metiamur
1429 1553 1555 1591 eam
1579 1537 1718 1591 dum
1745 1542 1934 1603 sonat;
1957 1554 2082 1590 cum

388 1627 542 1680 enim
573 1641 776 1679 sonare
797 1624 1118 1692 cessaverit,
1137 1625 1256 1694 jam
1278 1625 1566 1694 praeterita
1597 1625 1730 1694 erit,
1760 1631 1815 1680 et
1838 1642 1953 1680 non
1980 1626 2089 1679 erit

394 1732 522 1786 quae
547 1714 727 1784 possit
753 1712 970 1779 metiri;
1002 1713 1312 1767 metiamur
1338 1715 1504 1782 plane
1527 1718 1581 1767 et
1602 1714 1855 1768 dicamus
1875 1718 2088 1784 quanta

386 1802 476 1856 sit.
507 1801 612 1856 Sed
637 1801 822 1855 adhuc
838 1805 1018 1868 sonat,
1039 1817 1142 1856 nec
1171 1801 1363 1854 metiri
1379 1805 1565 1872 potest
1585 1800 1695 1855 nisi
1715 1801 1785 1855 ab
1812 1801 1977 1855 initio
1999 1800 2088 1856 sui

393 1907 504 1960 quo
536 1905 736 1942 sonare
763 1889 953 1958 ccepit,
976 1905 1157 1960 usque
1191 1888 1259 1942 ad
1289 1889 1462 1943 ﬁnem
1495 1906 1606 1960 quo
1634 1889 1860 1944 desinit.
1894 1892 2087 1960 Ipsum

391 1981 605 2050 quippe
651 1978 1016 2032 intervallum
1062 1978 1334 2032 metimur
1380 1979 1449 2032 ab
1481 1979 1671 2050 aliquo
1701 1979 1866 2033 initio
1905 1997 2087 2050 usque

392 2068 463 2121 ad
496 2067 744 2137 aliquem
771 2067 964 2120 ﬁnem.
999 2066 1356 2136 Quapropter
1373 2083 1477 2121 vox
1497 2083 1626 2137 quae
1648 2068 1906 2122 nondum
1928 2069 2089 2121 ﬁnita

321 2191 326 2195 -
393 2161 497 2224 est,
524 2155 713 2209 metiri
744 2171 862 2208 non
891 2159 1099 2223 potest,
1131 2161 1195 2208 ut
1219 2154 1436 2208 dicatur
1461 2171 1633 2226 quam
1654 2156 1825 2225 longa
1844 2156 1932 2208 vel
1959 2155 2086 2208 bre-

390 2243 474 2296 vis
506 2243 605 2310 sit;
640 2259 742 2295 nec
788 2242 899 2296 dici
927 2246 1025 2295 aut
1063 2241 1298 2312 aequalis
1349 2243 1537 2309 alicui,
1571 2247 1671 2296 aut
1727 2244 1797 2297 ad
1837 2243 2086 2313 aliquam

394 2329 599 2400 simpla
621 2330 706 2383 vel
723 2329 918 2399 dupla,
939 2329 1027 2383 vel
1054 2329 1193 2400 quid
1215 2329 1390 2384 aliud.
1415 2331 1555 2384 Cum
1578 2335 1770 2385 autem
1793 2331 1954 2385 ﬁnita
1973 2331 2090 2385 fue-

395 2417 490 2483 rit,
518 2419 641 2488 jam
666 2433 782 2471 non
811 2417 935 2472 erit.
971 2417 1091 2481 Quo
1122 2423 1286 2488 pacto
1317 2417 1494 2488 igitur
1524 2418 1715 2472 metiri
1741 2418 1994 2488 poterit?
2027 2420 2089 2472 Et

393 2505 665 2559 metimur
694 2510 887 2558 tamen
915 2509 1209 2575 tempora:
1241 2522 1344 2559 nec
1375 2523 1442 2560 ea
1480 2523 1610 2576 quae
1639 2506 1898 2560 nondum
1930 2511 2084 2576 sunt,

395 2609 497 2647 nec
530 2609 594 2646 ea
626 2609 755 2663 quae
777 2593 901 2662 jam
930 2609 1046 2646 non
1077 2597 1227 2659 sunt,
1259 2610 1363 2647 nec
1393 2610 1458 2648 ea
1480 2611 1608 2665 quae
1630 2594 1788 2648 nulla
1809 2610 1972 2648 mora
2001 2611 2088 2648 ex-

395 2681 727 2747 tenduntur,
753 2697 856 2735 nec
885 2697 950 2735 ea
979 2698 1107 2752 quae
1138 2681 1412 2736 terminos
1441 2692 1555 2736 non
1593 2683 1839 2750 habent;
1866 2699 1969 2736 nec
1997 2683 2086 2736 fn-

395 2775 523 2823 tnra
570 2785 727 2840 ergo,
760 2785 864 2823 nec
895 2769 1198 2840 praeterita,
1249 2786 1353 2824 nec
1379 2771 1706 2841 praesentia,
1749 2787 1819 2824 ne
1851 2776 2087 2842 prater-

394 2859 586 2913 enntia
606 2864 868 2928 tempora
888 2858 1160 2912 metimur
1177 2899 1191 2928 ,
1215 2865 1271 2912 et
1292 2859 1565 2913 metimur
1586 2863 1780 2914 tamen
1803 2864 2084 2929 tempora.

585 2951 721 3001 Deus
753 2952 962 3001 creator
997 2949 1234 3001 omnium
1247 2963 1263 3017 ;
1298 2964 1492 3001 versus
1539 2947 1643 3002 iste
1676 2953 1801 3003 octo
1845 2948 2086 3019 syllaba-

393 3051 541 3099 rum,
574 3033 840 3087 brevibus
872 3039 927 3086 et
952 3034 1140 3104 longis
1169 3035 1414 3088 alternat
1443 3034 1690 3106 syllabis.
1713 3035 1968 3099 Quatuor
1990 3035 2091 3088 ita-

346 3180 353 3185 .
391 3138 502 3191 que
520 3122 733 3186 breves;
750 3120 958 3191 prima,
987 3122 1688 3193 tertia,quinta,septima,
1717 3124 1938 3194 simpla:
1959 3128 2092 3176 sunt

393 3209 464 3262 ad
485 3214 733 3279 quatuor
755 3211 983 3279 longas;
1008 3210 1339 3276 secundam,
1364 3217 1648 3281 quartam,
1673 3217 1910 3278 sextam,
1941 3216 2089 3265 octa-

394 3316 543 3354 vam.
568 3301 610 3354 Η
618 3317 665 3354 ae
688 3300 926 3370 singulae
949 3301 1019 3354 ad
1038 3300 1164 3353 illas
1186 3301 1438 3372 singulas
1455 3302 1695 3373 duplum
1712 3302 1922 3356 habent
1945 3307 2088 3356 tem-

394 3387 575 3458 poris;
604 3387 931 3457 pronuntio,
955 3387 1243 3450 renuntio,
1274 3393 1329 3442 et
1349 3389 1426 3441 ita
1445 3393 1528 3442 est
1545 3395 1825 3460 quantum
1851 3391 2091 3444 sentitur

395 3491 563 3530 sensu
580 3466 900 3528 manifesto.
921 3475 1208 3539 Quantum
1223 3477 1417 3530 sensus
1451 3477 1782 3531 manifestus
1794 3483 1898 3547 est,
1933 3479 2092 3533 brevi

394 3562 607 3633 syllaba
630 3563 858 3632 longam
883 3561 1109 3628 metior,
1130 3579 1372 3634 eamque
1389 3564 1598 3618 habere
1617 3565 1704 3618 bis
1725 3569 1950 3620 tantum
1963 3582 2092 3619 sen-

393 3651 495 3704 tio.
529 3650 636 3704 Sed
666 3666 796 3703 cum
817 3651 998 3704 altera
1018 3655 1149 3720 post
1167 3653 1404 3705 alteram
1430 3657 1613 3720 sonat,
1639 3655 1684 3706 si
1699 3654 1862 3723 prior
1879 3653 2086 3721 brevis,

392 3739 566 3808 longa
584 3739 884 3808 posterior,
909 3741 1199 3809 quomodo
1223 3741 1430 3795 tenebo
1451 3741 1701 3810 brevem,
1723 3746 1777 3795 et
1798 3743 2088 3814 quomodo

395 3842 522 3880 eam
578 3827 765 3897 longa:
795 3827 1036 3880 metiens
1061 3828 1379 3898 applicabo,
1412 3835 1477 3882 ut
1504 3829 1791 3885 inveniam
1827 3831 1977 3902 quod
2004 3831 2091 3885 bis

392 3918 617 3968 tantum
646 3914 879 3981 habeat;
912 3916 1378 3987 quandoquidem
1397 3919 1567 3988 longa
1587 3935 1786 3973 sonare
1815 3935 1932 3974 non
1963 3920 2092 3974 inci.

391 4003 495 4070 pit,
529 4003 638 4056 nisi
667 4003 854 4057 brevis
883 4020 1085 4058 sonare
1117 4005 1435 4060 destiterit?
1475 4008 1662 4076 Ipsam
1709 4022 1935 4078 quoque
1966 4008 2088 4062 lon-

389 4107 522 4162 gam
552 4107 672 4145 non
699 4097 1040 4160 praesentem
1059 4093 1300 4158 .metior,
1337 4095 1564 4164 quando
1593 4095 1705 4148 nisi
1730 4095 1953 4150 ﬁnitam
1975 4113 2089 4150 non

392 4179 614 4233 metior.
651 4179 780 4248 Ejus
827 4184 1020 4232 autem
1050 4180 1255 4246 ﬁnitio,
1289 4182 1606 4249 praeteritio
1647 4188 1748 4237 est.
1777 4183 1922 4248 Quid
1954 4201 2089 4255 ergo

393 4272 478 4320 est
519 4267 671 4336 quod
715 4267 956 4320 metiar?
984 4267 1083 4321 ubi
1131 4274 1235 4334 est,
1270 4285 1385 4338 qua
1408 4272 1426 4305 ¹
1462 4270 1688 4337 metior,
1721 4271 1949 4326 brevis?
1996 4273 2090 4326 ubi

393 4358 475 4408 est
495 4355 666 4424 longa
677 4369 851 4425 quam
868 4354 1076 4409 metior
1090 4355 1117 4409 ?
1135 4356 1332 4410 Ambae
1347 4363 1686 4428 sonuerunt,
1702 4361 2087 4427 avolaverunt,

395 4441 730 4512 praeterieru
739 4446 816 4504 nt,
824 4441 946 4511 jam
961 4457 1076 4496 non
1097 4447 1259 4511 sunt;
1280 4448 1333 4498 et
1346 4461 1451 4516 ego
1466 4446 1694 4514 metior,
1714 4447 2090 4520 ﬁdenterque,

396 4529 735 4600 respondeo,
785 4535 1065 4601 quantum
1103 4533 1402 4588 exercitato
1448 4551 1618 4590 sensu
1664 4537 1884 4606 ﬁditur,
1933 4537 2092 4594 illam

397 4619 664 4689 simplam
693 4634 834 4688 esse,
865 4619 1023 4675 illam
1053 4621 1308 4693 duplam,
1337 4623 1397 4678 in
1421 4624 1602 4695 spatio
1634 4626 1848 4681 scilicet
1873 4631 2093 4698 tempo-

391 4707 485 4760 ris.
521 4707 713 4777 Neque
742 4707 850 4762 hoc
871 4725 1122 4779 possum,
1152 4710 1262 4765 nisi
1287 4713 1422 4783 quia
1452 4715 1853 4783 praeterierunt
1881 4721 1938 4770 et
1965 4716 2087 4770 ﬁni-

393 4800 466 4849 ta
491 4799 640 4848 sunt.
669 4796 789 4849 Non
821 4813 958 4866 ergo
989 4797 1140 4867 ipsas
1171 4815 1298 4870 quae
1312 4801 1432 4870 jam
1460 4807 1739 4870 nonsunt,
1756 4803 1854 4858 sed
1871 4805 2089 4876 aliquid

393 4883 454 4937 in
485 4883 762 4938 memoria
786 4901 914 4939 mea
942 4886 1151 4941 metior
1179 4889 1332 4959 quod
1361 4890 1598 4946 inﬁxum
1626 4898 1841 4947 manet.

466 4975 553 5026 36.
586 4972 647 5025 In
677 4976 754 5040 te,
785 4973 972 5028 anime
1001 4991 1187 5042 meus,
1219 4981 1483 5048 tempora
1511 4980 1748 5052 metior;
1786 4981 1908 5036 noli
1944 4981 2091 5036 mihi

394 5061 754 5130 obstrepere:
805 5062 958 5131 quod
990 5067 1092 5126 est,
1143 5065 1267 5118 Noli
1297 5066 1399 5120 tibi
1427 5067 1750 5139 obstrepere
1793 5069 1976 5124 turbis
2007 5070 2089 5124 af-

391 5149 705 5205 fectionum
745 5153 995 5205 tuarum.
1031 5153 1092 5205 In
1142 5157 1216 5212 te,
1240 5153 1491 5226 inquam,
1539 5162 1800 5228 tempora
1841 5159 2079 5225 metior;

396 5237 755 5293 affectionem
807 5255 980 5309 quam
1033 5256 1123 5294 res
1151 5249 1559 5312 praetereuntes
1588 5246 1647 5300 in
1676 5251 1731 5300 te
1761 5246 1995 5314 faciunt,
2034 5252 2091 5301 et

394 5342 525 5381 cum
570 5327 685 5381 illae
725 5328 1108 5398 praeterierint
1149 5337 1366 5400 manet,
1399 5333 1581 5404 ipsam
1608 5333 1815 5388 metior
1839 5351 2088 5406 praesen-

456 5425 473 5458 ι
510 5423 631 5471 Lov.
656 5428 707 5471 et
733 5423 1054 5486 antiquiores
1076 5425 1351 5483 editiones,
1407 5441 1538 5478 uam
1551 5431 1760 5489 metior;
1783 5429 1874 5478 sed
1901 5431 2088 5480 melius

456 5499 520 5532 'n.
536 5499 655 5533 cum
668 5486 788 5533 Mss.
805 5487 1134 5538 auazstatim
1151 5489 1341 5538 quippe
1355 5442 1556 5538 (fixerat
1595 5491 1920 5538 Anaustinus
1943 5493 2088 5538 brevi

1392 5506 1406 5538 I

395 5485 655 5555 Arn._cum
668 5486 788 5533 Mss.
805 5485 918 5548 qua
934 5502 945 5546 ;
959 5487 1134 5555 statim
1151 5489 1341 5554 quippe
1355 5485 1556 5540 dixerat
1595 5485 1920 5555 Augustinus
1943 5493 2088 5542 brevi

395 5546 599 5608 syllaba
624 5546 836 5610 longam
867 5561 923 5597 se
952 5549 1143 5598 metiri.

1573 266 2109 325 CONFESSIONUM
2161 266 2214 322 S.
2285 265 2691 324 AUGUSTINI.

3784 263 3893 317 824

2191 395 2328 456 tem,
2364 405 2480 442 non
2510 404 2604 442 eas
2643 404 2771 458 quae
2799 386 3202 458 praeterierunt
3233 389 3294 440 ut
3321 385 3516 450 ﬁeret;
3541 385 3724 455 ipsam
3758 401 3890 438 me-

2190 477 2321 543 tior,
2372 492 2502 530 cum
2545 480 2805 546 tempora
2845 473 3070 530 metior.
3124 475 3270 545 Ergo
3301 478 3401 527 aut
3429 473 3556 544 ipsa
3579 476 3713 526 sunt
3740 475 3890 526 tem-

2190 582 2351 636 pora,
2401 569 2500 619 aut
2541 581 2660 618 non
2707 568 2969 634 tempora
3017 563 3241 618 metior.
3275 562 3424 626 Quid
3452 577 3585 616 cum
3612 560 3892 615 metimur

2190 653 2434 719 silentia,
2473 657 2532 708 et
2579 652 2823 706 dicimus
2850 651 2992 706 illud
3045 651 3340 705 silentium
3370 653 3594 703 tantum
3634 649 3892 704 tenuisse

2191 741 2480 812 temporis,
2528 745 2803 812 quantum
2839 740 2935 793 illa
2963 755 3069 793 vox
3097 739 3318 793 tenuit?
3350 739 3547 792 Nonne
3587 736 3891 807 cogitatio-

2192 845 2324 884 nem
2352 830 2643 884 tendimus
2682 828 2752 882 ad
2781 843 3111 882 mensuram
3140 826 3316 894 vocis,
3350 825 3514 897 quasi
3542 829 3794 891 sonaret,
3829 829 3895 878 ut

2191 919 2407 990 aliquid
2458 919 2528 973 de
2574 916 2885 972 intervallis
2915 915 3276 971 silentiorum
3306 914 3368 968 in
3393 914 3576 985 spatio
3615 914 3894 984 temporis

2192 1007 2521 1061 renuntiare
2546 1006 2868 1078 possimus?
2889 1006 3030 1058 Nam
3054 1010 3111 1058 et
3139 1019 3273 1059 voce
3293 1009 3465 1074 atque
3489 1020 3587 1057 ore
3611 1007 3891 1066 cessante,

2192 1095 2520 1166 pcragimus
2550 1093 2855 1164 cogitando
2885 1093 3154 1159 carmina,
3188 1098 3248 1147 et
3289 1109 3485 1147 versus
3516 1097 3572 1146 et
3601 1108 3894 1162 quemque

2193 1199 2538 1249 sermonem,
2560 1182 2999 1253 motionumque
3016 1181 3404 1237 dimensiones
3422 1181 3726 1252 quaslibet,
3747 1184 3805 1234 et
3824 1181 3894 1234 de

2193 1273 2390 1342 spatiis
2410 1278 2758 1343 temporum,
2778 1277 3057 1342 quantum
3081 1270 3223 1324 illud
3239 1270 3312 1324 ad
3327 1270 3470 1323 illud
3499 1269 3572 1324 sit
3601 1268 3895 1324 renuntia-

2194 1377 2343 1426 mus,
2389 1377 2506 1414 non
2553 1360 2722 1414 aliter
2767 1376 2832 1414 ac
2869 1359 2917 1413 si
2946 1377 3012 1413 ea
3039 1359 3295 1413 sonando
3327 1358 3666 1412 diceremus.
3704 1357 3763 1411 Si
3798 1373 3897 1410 νυ-

2196 1449 2368 1503 luerit
2406 1449 2608 1519 aliquis
2641 1449 2809 1502 edere
2852 1448 3266 1518 longiusculam
3313 1462 3529 1506 vocem.
3577 1451 3633 1499 et
3678 1445 3896 1499 consti-

2195 1521 2370 1592 tuerit
2415 1536 2866 1608 praemeditando
2895 1552 3067 1606 quam
3090 1536 3258 1604 longa
3287 1535 3480 1588 futura
3495 1533 3606 1602 sit;
3640 1534 3758 1604 egit
3790 1534 3899 1588 nti-

2197 1641 2308 1695 que
2352 1624 2459 1679 iste
2502 1623 2752 1695 spatium
2784 1623 3057 1693 temporis
3094 1623 3158 1676 in
3201 1621 3430 1675 silentio
3479 1621 3899 1692 memoriaeque

2197 1713 2604 1768 commendans
2649 1713 2822 1782 coepit
2867 1712 3034 1766 edere
3079 1711 3240 1765 illam
3286 1726 3484 1765 vocem
3528 1727 3659 1782 quae
3709 1715 3898 1782 sonat,

2197 1803 2376 1857 donec
2403 1801 2477 1856 ad
2506 1801 2867 1872 propositum
2889 1799 3203 1854 terminum
3235 1799 3612 1870 perducatur;
3646 1798 3764 1853 imo
3807 1816 3898 1854 so-

2198 1891 2323 1946 nuit
2353 1895 2410 1945 et
2435 1889 2688 1956 sonabit;
2721 1905 2856 1942 nam
2884 1889 3034 1959 quod
3054 1889 3177 1957 ejus
3195 1887 3312 1958 jam
3331 1893 3631 1957 peractum
3655 1892 3758 1952 est,
3791 1887 3903 1940 uti-

2198 1996 2308 2050 que
2349 1979 2567 2043 sonuit;
2613 1978 2767 2048 quod
2816 1985 3008 2031 autem
3055 1981 3250 2042 restat,
3300 1975 3548 2030 sonabit:
3599 1981 3772 2047 atque
3820 1975 3899 2028 ita

2197 2067 2510 2138 peragitur,
2543 2067 2681 2120 dum
2729 2081 2978 2136 praesens
3007 2064 3250 2118 intentio
3296 2065 3552 2117 futurum
3584 2063 3642 2116 in
3686 2068 3898 2132 praete-

2201 2156 2373 2208 ritum
2396 2154 2627 2224 trajicit,
2653 2152 3033 2207 diminutione
3061 2151 3243 2207 futuri
3271 2157 3555 2206 crescente
3581 2152 3896 2221 praeterito,

2199 2244 2378 2298 donec
2407 2241 2843 2313 consumptione
2874 2241 3051 2295 futuri
3083 2241 3156 2294 sit
3184 2244 3369 2294 totum
3397 2239 3778 2311 praeteritum.

2801 2330 3025 2384 CAPUT
3054 2330 3289 2384 XXVIII.

2665 2420 2864 2472 Animo
2891 2422 3144 2473 metimur
3171 2423 3431 2486 tempora.

2271 2512 2356 2560 37.
2379 2507 2490 2560 Sed
2510 2506 2793 2576 quomodo
2813 2505 3097 2560 minuitur
3108 2510 3207 2559 aut
3228 2504 3604 2560 comsumitur
3614 2506 3900 2574 futurum,

2199 2595 2353 2664 quod
2391 2594 2648 2648 nondum
2679 2595 2802 2648 est?
2849 2597 2950 2647 aut
2977 2593 3271 2664 quomodo
3303 2593 3501 2648 crescit
3537 2594 3900 2663 praeteritum

2199 2682 2354 2752 quod
2383 2683 2505 2752 jam
2534 2697 2650 2736 non
2679 2686 2780 2748 est,
2825 2681 2937 2736 nisi
2965 2681 3101 2752 quia
3130 2681 3190 2734 in
3224 2681 3416 2735 animo
3471 2680 3572 2752 qui
3599 2681 3741 2736 illud
3781 2684 3902 2752 agit

2199 2769 2309 2823 tria
2337 2771 2509 2824 sunt?
2537 2771 2678 2824 Nam
2701 2773 2759 2824 et
2787 2774 3076 2840 exspectat
3105 2773 3161 2822 et
3181 2769 3419 2824 attendit.
3447 2774 3502 2824 et
3531 2769 3812 2836 meminit,
3838 2777 3903 2824 ut

2199 2857 2253 2912 id
2285 2858 2438 2929 quod
2469 2862 2772 2928 exspectat.
2798 2874 2901 2928 per
2929 2857 2990 2912 id
3011 2858 3166 2928 quod
3197 2858 3458 2924 attendit,
3485 2863 3736 2913 transeat
3757 2859 3816 2912 in
3842 2859 3898 2913 id

2200 2948 2352 3016 quod
2365 2946 2710 3000 meminerit.
2734 2946 2869 3010 Quis
2882 2946 3060 3016 igitur
3071 2951 3245 3016 negat
3257 2947 3448 3000 futura
3461 2947 3720 3001 nondum
3734 2963 3855 3002 esse
3872 2948 3899 3000 ?

2199 3035 2308 3088 Sed
2345 3039 2538 3088 tamen
2581 3035 2703 3105 jam
2752 3040 2839 3088 est
2874 3033 2936 3088 in
2969 3035 3161 3088 animo
3193 3035 3509 3104 expectatio
3549 3036 3898 3090 futurorum.

2203 3125 2267 3175 Et
2314 3123 2440 3194 quis
2489 3128 2662 3193 negat
2706 3123 2998 3193 praeterita
3027 3123 3150 3192 jam
3199 3139 3315 3176 non
3365 3125 3523 3178 esse?
3551 3123 3661 3178 Sed
3705 3129 3900 3180 tamen

2201 3212 2384 3265 adhuc
2413 3215 2497 3264 est.
2547 3211 2606 3264 in
2655 3209 2849 3264 animo
2879 3210 3161 3264 memoria
3189 3211 3636 3282 praeteritorum.
3678 3213 3742 3267 Et
3771 3212 3904 3283 quis

2198 3305 2372 3369 negat
2416 3314 2668 3368 praesens
2699 3303 2926 3369 tempus
2955 3315 3148 3353 carere
3190 3299 3397 3378 spatio,
3436 3299 3571 3371 quia
3596 3301 3656 3355 in
3682 3307 3900 3371 puncto

2199 3387 2497 3457 praeterit?
2525 3387 2634 3442 Sed
2655 3392 2846 3441 tamen
2872 3387 3145 3457 perdurat
3175 3389 3416 3442 attentio
3448 3405 3550 3459 per
3570 3405 3745 3459 quam
3767 3407 3904 3460 per-

2199 3479 2294 3544 gat
2317 3474 2335 3506 ¹
2369 3475 2560 3529 abesse
2603 3475 2754 3545 quod
2783 3474 2985 3529 aderit.
3019 3477 3145 3529 Non
3170 3474 3351 3546 igitur
3395 3477 3632 3548 longum
3673 3482 3905 3547 tempus

2200 3565 2457 3618 futurum
2487 3563 2643 3634 quod
2681 3579 2796 3617 non
2843 3567 2945 3630 est,
2987 3563 3084 3617 sed
3112 3563 3352 3635 longum
3400 3565 3662 3620 futurum
3718 3567 3902 3636 longa

2199 3652 2544 3723 exspectatio
2565 3651 2743 3706 futuri
2759 3656 2843 3706 est
2866 3669 2878 3719 ;
2912 3669 3096 3723 neque
3119 3653 3357 3724 longum
3380 3654 3741 3725 praeteritum
3759 3659 3906 3710 tem-

2200 3758 2309 3812 pus
2339 3742 2491 3812 quod
2525 3757 2642 3796 non
2667 3745 2774 3808 est,
2808 3742 2902 3796 sed
2938 3742 3177 3812 longum
3202 3743 3561 3812 praeteritum
3582 3744 3760 3814 longa
3783 3760 3898 3799 me-

2201 3830 2383 3884 moria
2409 3830 2684 3900 prazteriti
2713 3834 2817 3884 est.

2273 3923 2358 3973 38.
2411 3919 2673 3974 Dicturus
2718 3935 2846 3973 sum
2873 3920 3156 3975 canticum
3189 3920 3341 3991 quod
3379 3921 3545 3975 novi:
3592 3925 3907 3992 antequam

2200 4007 2486 4078 incipiam,
2519 4008 2580 4062 in
2601 4011 2784 4061 totum
2814 4009 3155 4078 exspectatio
3180 4025 3304 4064 mea
3336 4011 3625 4077 tenditur;
3649 4026 3775 4065 cum
3803 4027 3907 4065 au-

2198 4102 2316 4150 tem
2344 4111 2590 4166 ccepero,
2622 4100 2900 4166 quantum
2927 4111 2996 4150 ex
3027 4097 3126 4151 illa
3149 4095 3173 4129 ²
3216 4095 3278 4150 in
3310 4097 3667 4168 praeteritum
3697 4099 3906 4152 decer-

2201 4201 2384 4254 psero,
2435 4184 2688 4238 tenditur
2718 4184 2779 4238 in
2826 4185 3106 4239 memoria
3134 4201 3292 4240 mea:
3345 4190 3517 4258 atque
3557 4185 3908 4242 distenditur

2200 4273 2313 4326 vita
2339 4273 2508 4343 hujus
2540 4273 2779 4327 actionis
2807 4290 2950 4328 meae
2982 4275 3043 4328 in
3080 4274 3440 4341 memoriam,
3473 4281 3711 4346 propter
3737 4278 3905 4346 quod

2200 4361 2348 4429 dixi;
2393 4365 2450 4416 et
2490 4361 2551 4414 in
2599 4362 3099 4432 exspectationem,
3154 4368 3390 4434 propter
3446 4365 3602 4433 quod
3644 4365 3907 4420 dicturus

2201 4465 2354 4504 sum:
2397 4465 2653 4519 praesens
2690 4455 2883 4504 tamen
2931 4451 3088 4504 adest
3134 4450 3369 4504 attentio
3412 4466 3559 4512 mea,
3590 4467 3696 4519 per
3723 4469 3906 4520 quam

2199 4537 2516 4608 trajiciatur
2541 4538 2692 4608 quod
2715 4543 2837 4592 erat
2852 4538 3110 4593 futurum
3132 4543 3196 4592 ut
3215 4538 3315 4592 ﬁat
3332 4537 3705 4608 praeteritum.
3733 4540 3902 4604 Quod

2201 4630 2415 4697 quanto
2435 4625 2616 4697 magis
2636 4626 2826 4697 agitur
2845 4632 2902 4680 et
2923 4626 3133 4698 agitur,
3157 4631 3315 4682 tanto
3337 4625 3592 4680 breviata
3613 4634 3905 4698 exspecta-

2199 4717 2352 4769 tione
2387 4714 2762 4786 prolongatur
2809 4715 3115 4781 memoria;
3161 4715 3343 4769 donec
3391 4708 3510 4769 tota
3554 4718 3903 4786 exspectatio

2199 4807 2589 4870 consumatur,
2631 4819 2760 4856 cum
2798 4807 2918 4856 tota
2964 4803 3061 4856 illa
3107 4802 3252 4857 actio
3295 4802 3460 4857 ﬁnita
3504 4803 3796 4859 transierit
3837 4805 3903 4860 in

2197 4891 2558 4946 memoriam.
2610 4893 2675 4945 Et
2722 4891 2873 4961 quod
2914 4891 2972 4944 in
3002 4894 3119 4944 toto
3150 4891 3391 4960 cantico,
3422 4893 3532 4947 hoc
3562 4893 3621 4946 in
3655 4893 3901 4964 singulis

2199 4980 2491 5051 particulis
2520 4980 2641 5050 ejus
2671 4979 2754 5044 ﬁt,
2797 4983 2966 5049 atque
2993 4977 3053 5032 in
3079 4979 3318 5049 singulis
3349 4982 3575 5051 syllabis
3606 4982 3756 5051 ejus;
3788 4983 3900 5036 hoc

2198 5068 2259 5122 in
2288 5068 2507 5122 actione
2538 5065 2816 5138 longiore,
2851 5067 3011 5136 cujus
3033 5066 3172 5121 forte
3194 5068 3474 5138 particula
3491 5075 3574 5123 est
3597 5068 3737 5122 illud
3760 5085 3896 5122 can-

2196 5157 2402 5222 ticum;
2452 5155 2558 5209 hoc
2606 5154 2666 5207 in
2709 5158 2830 5208 tota
2858 5154 2972 5209 vita
3011 5155 3285 5222 hominis,
3337 5158 3499 5228 cujus
3530 5161 3718 5228 partes
3762 5163 3899 5212 sunt

2267 5245 2277 5272 '
2310 5244 2369 5291 In
2401 5243 2545 5305 prius
2574 5241 2746 5308 editis,
2774 5247 2996 5308 peragat
3028 5245 3206 5294 abesse
3237 5245 3376 5308 quod
3399 5245 3587 5296 aderit.
3624 5243 3809 5294 Melius
3842 5245 3896 5294 in

2199 5307 2554 5376 Mss.,.pergat
2575 5305 2783 5376 abesse;
2807 5305 2862 5353 id
2895 5311 2990 5364 est,
3008 5321 3114 5376 per
3131 5305 3302 5376 quam
3333 5308 3676 5376 attentionem
3702 5312 3901 5376 pergat

2201 5372 2312 5416 tran
2321 5369 2504 5450 sirenip
2525 5369 2847 5450 praeteritum
2858 5404 2869 5425 ,
2884 5369 3024 5450 quod
3036 5369 3377 5450 estlfnturum.
3395 5396 3456 5406 —
3467 5371 3615 5418 Mart.
3635 5375 3686 5419 et
3701 5369 3872 5418 Rond.
3884 5407 3897 5431 ,

2196 5434 2391 5493 pergat
2418 5427 2592 5500 adesse
2621 5427 2756 5490 quod
2780 5427 2972 5481 aberit.
3077 5433 3142 5480 Μ.
3887 5427 3894 5431 ⁷

2200 5491 2774 5602 ουὲεξὲἐὲρχῇἷιῑτ.
2791 5491 2923 5540 Ven.
2943 5493 3111 5556 Lugd.
3134 5493 3332 5543 Somm.
3350 5493 3484 5548 Dub,
3501 5492 3638 5596 Flor.
3657 5496 3709 5541 et
3723 5494 3895 5543 Rond.

2200 5568 2319 5603 cum
2358 5568 2372 5602 Ι
2398 5568 2521 5601 Μεε.
2620 5568 2686 5601 1V1.
3566 5585 3580 5596 ο
