4058 6344
159 291 267 343 825

163 423 369 463 omnes
398 406 651 463 actiones
675 404 962 473 hominis;
986 406 1093 460 hoc
1124 405 1183 461 in
1222 410 1345 461 toto
1377 407 1583 462 saeculo
1614 406 1867 463 ﬁliorum

161 496 491 565 hominum,
521 496 686 568 cujus
714 499 906 567 partes
935 499 1069 553 sunt
1095 511 1295 550 omnes
1324 494 1461 555 vitae,
1475 494 1794 550 hominum.

799 602 1023 656 CAPUT
1060 602 1235 657 XXIX.

253 694 319 747 Se
348 693 406 745 in
434 690 757 760 temporalia
786 690 1084 744 distentam
1119 692 1268 759 cupit
1297 692 1355 743 in
1386 693 1548 745 Deum
1574 691 1773 758 colligi.

236 802 322 852 39.
358 797 467 851 Sed
496 797 773 868 quoniam
812 796 1017 849 melior
1046 801 1130 850 est
1162 796 1543 851 misericordia
1572 801 1668 851 tua
1697 812 1868 867 super

163 886 305 939 vitas
334 887 503 955 (Psal.
552 902 684 951 Lxu,
729 884 805 954 4),
855 900 981 938 ecce
1029 884 1298 939 distentio
1343 890 1427 939 est
1469 886 1583 939 vita
1631 901 1776 952 mea,
1810 889 1867 939 et

167 991 259 1028 me
289 973 540 1044 suscepit
568 973 801 1028 dextera
829 978 928 1027 tua
947 972 1009 1026 in
1030 973 1272 1028 Domino
1302 988 1430 1027 meo
1450 973 1760 1028 mcdiatore
1776 973 1860 1027 Fi-

165 1063 241 1117 lio
273 1063 528 1117 hominis
556 1061 709 1116 inter
745 1067 799 1116 te
831 1077 1015 1116 unum
1067 1066 1125 1117 et
1165 1078 1271 1116 nos
1302 1063 1531 1130 multos,
1576 1061 1635 1117 in
1671 1061 1866 1116 multis

165 1167 270 1221 per
299 1151 502 1217 multa,
533 1155 598 1204 ut
626 1166 731 1221 per
760 1160 890 1203 eum
944 1150 1372 1220 apprehendam
1426 1151 1486 1205 in
1517 1168 1629 1223 quo
1675 1157 1729 1205 et
1757 1167 1864 1221 ap-

164 1238 482 1309 prehensus
512 1255 663 1307 sum,
695 1244 750 1292 et
779 1254 812 1291 a
833 1238 1117 1292 veteribus
1138 1238 1338 1293 diebus
1366 1239 1603 1309 colligar
1622 1255 1865 1310 sequens

168 1343 367 1388 unum,
401 1327 695 1396 praeterita
742 1326 985 1393 oblitus;
1037 1343 1153 1380 non
1200 1326 1260 1380 in
1304 1344 1371 1381 ea
1417 1344 1544 1398 quae
1592 1329 1781 1381 futura
1811 1333 1867 1381 et

165 1415 473 1469 transitura
503 1420 657 1478 sunt,
689 1414 784 1469 sed
817 1414 877 1468 in
908 1430 974 1469 ea
1004 1431 1133 1486 qua:
1162 1419 1294 1470 ante
1325 1420 1476 1483 sunt,
1508 1432 1624 1469 non
1655 1416 1865 1470 disten-

164 1509 275 1569 tus,
309 1504 408 1558 sed
440 1507 710 1558 extentus
731 1502 773 1569 ί,
811 1519 927 1557 non
960 1504 1271 1558 secundum
1304 1504 1736 1573 distentionem,
1768 1504 1866 1559 sed

166 1592 478 1646 secundum
511 1591 892 1646 intentionem
934 1608 1147 1663 sequor
1192 1593 1263 1647 ad
1303 1594 1554 1663 palmam
1602 1609 1864 1664 supernae

164 1679 476 1734 vocationis
517 1682 775 1750 (Philipp.
820 1697 900 1746 iu,
937 1683 1023 1747 l3,
1073 1682 1194 1749 ti);
1246 1681 1346 1735 ubi
1395 1681 1624 1735 audiam
1671 1697 1864 1735 vocem

165 1768 350 1821 laudis
383 1772 515 1834 tum,
550 1772 606 1821 et
653 1769 1010 1838 contempler
1061 1768 1497 1823 delectationem
1543 1774 1720 1834 tuam,
1764 1786 1865 1823 nec

164 1856 509 1921 venientem,
558 1873 660 1909 nec
714 1861 1179 1926 prmtereuntem.
1232 1858 1392 1912 Nunc
1424 1874 1556 1911 vero
1588 1859 1722 1911 anni
1752 1858 1865 1911 mei

166 1943 221 1998 in
254 1945 583 2014 gemitibus.
619 1947 681 1999 Et
712 1950 773 1999 tu
818 1945 1086 1999 solatium
1139 1961 1354 2011 meum,
1410 1947 1667 2013 Domine,
1707 1953 1868 2016 pater

166 2050 326 2087 meus
357 2040 605 2087 aeternus
635 2050 694 2088 es
723 2050 736 2087 :
771 2039 826 2087 at
858 2050 965 2104 ego
998 2035 1057 2088 in
1082 2039 1345 2105 tempora
1376 2036 1594 2089 dissilui
1639 2035 1681 2100 ’,
1714 2052 1861 2106 quo-

166 2139 292 2176 rum
325 2123 587 2177 ordinem
616 2122 845 2187 nescio;
888 2128 943 2177 et
982 2123 1345 2177 tumultuosis
1370 2123 1734 2178 varietatibus
1780 2124 1863 2177 di-

168 2210 458 2264 laniantur
503 2210 875 2281 cogitationes
925 2228 1091 2278 meae,
1143 2212 1344 2265 intima
1399 2212 1610 2265 viscera
1658 2212 1864 2267 animm

168 2314 329 2367 mete,
365 2299 546 2353 donec
570 2300 631 2354 in
659 2303 715 2355 te
744 2301 1031 2354 contluam
1065 2305 1343 2371 purgatus
1372 2304 1427 2354 et
1456 2301 1707 2371 liquidus
1733 2301 1865 2372 igne

169 2387 379 2442 amoris
406 2387 509 2441 tui.

814 2476 1040 2530 CAPUT
1073 2478 1217 2531 XXX.

174 2566 440 2632 Coarguit
474 2579 694 2618 rursum
738 2564 1109 2632 obtrectantes,
1158 2563 1293 2634 quid
1330 2569 1518 2633 fecerit
1566 2569 1700 2622 Deus
1744 2572 1869 2620 ante

734 2654 930 2706 mundi
960 2655 1302 2708 creationem.

233 2760 323 2815 40.
359 2760 425 2813 Et
457 2759 615 2813 stabo
647 2763 815 2830 atque
844 2759 1129 2813 solidabor
1166 2758 1227 2813 in
1252 2764 1327 2825 te,
1376 2760 1437 2813 in
1489 2759 1674 2814 forma
1717 2777 1864 2828 mea,

170 2847 403 2901 veritate
454 2841 591 2913 tua;
634 2862 738 2900 nec
782 2846 970 2917 patiar
1009 2846 1353 2919 quaestiones
1395 2847 1717 2915 hominum,
1768 2847 1866 2919 qui

169 2935 379 3007 pmnali
411 2936 616 2989 morbo
646 2934 772 3006 plus
802 2935 1005 2989 sitiunt
1054 2951 1226 3006 quam
1275 2935 1509 3006 capiunt
1563 2941 1620 2990 et
1649 2936 1864 3004 dicunt,

170 3024 311 3089 Quid
346 3023 593 3079 faciebat
645 3025 792 3078 Deus
826 3028 1136 3095 antequam
1167 3024 1374 3079 faceret
1400 3025 1605 3079 cadum
1645 3029 1702 3079 et
1749 3030 1867 3079 ter-

167 3115 333 3167 ram?
362 3116 480 3168 Aut
508 3112 649 3184 quid
678 3113 728 3167 ei
761 3113 914 3167 venit
949 3112 1007 3166 in
1056 3118 1332 3174 mentem,
1369 3119 1431 3167 ut
1464 3113 1682 3184 aliquid
1717 3115 1865 3168 face-

172 3208 272 3272 ret,
303 3218 438 3256 cum
471 3206 638 3256 antea
666 3200 1194 3273 nunquam'aliquid
1227 3201 1468 3257 fecerit?
1501 3204 1576 3255 Da
1599 3200 1733 3268 illis,
1764 3203 1867 3256 Do-

174 3290 344 3357 mine,
390 3290 542 3344 bene
581 3289 829 3360 cogitare
871 3288 1009 3361 quid
1050 3289 1260 3355 dicant,
1310 3293 1365 3344 et
1410 3289 1663 3345 invenire
1722 3289 1859 3361 quia

170 3394 277 3433 non
309 3377 541 3445 dicitur,
596 3379 926 3449 Nunquam,
983 3377 1082 3431 ubi
1110 3393 1229 3431 non
1268 3384 1352 3432 est
1379 3383 1625 3449 tempus.
1658 3379 1816 3442 Quod
1847 3381 1868 3413 ³

173 3484 300 3539 ergo
329 3467 565 3537 dicitur,
598 3483 897 3538 nunquam
922 3466 1141 3534 fecisse,
1174 3466 1314 3539 quid
1335 3466 1491 3522 aliud
1520 3466 1729 3521 dicitur
1756 3466 1866 3521 nisi

230 3595 240 3624 ¹
274 3591 358 3640 Sic
385 3592 510 3639 Mss.
535 3605 545 3638 :
578 3593 633 3639 at
660 3589 813 3645 Edd.,
848 3592 1100 3640 intentus.

225 3656 244 3688 ³
273 3654 395 3701 Mss.
420 3653 647 3715 ,Benign.
677 3651 832 3701 Corb.
865 3656 917 3700 et
946 3652 1033 3699 alii
1058 3665 1165 3700 non
1192 3651 1494 3715 deteriores,
1528 3650 1773 3701 dissolui.

227 3718 246 3750 ³
276 3714 671 3777 Qui.juxta’Er.
699 3714 831 3763 Ven.
849 3715 1015 3776 Lugd.
1033 3715 1182 3762 Mart.
1211 3718 1263 3762 et
1286 3714 1457 3762 Rond.
1480 3728 1599 3763 cum
1621 3718 1648 3762 8
1668 3715 1863 3763 Mss.M.

1547 285 1760 343 LIBER
1814 284 2293 342 DUODECIMUS.

3568 290 3672 342 8'26

1976 407 2134 461 nullo
2164 411 2419 478 tempore
2445 406 2690 462 fecisse?
2721 406 2962 462 Videant
2978 406 3173 477 itaque
3189 408 3411 463 nullum
3442 412 3668 480 tempus

1975 512 2095 551 esse
2126 512 2289 567 posse
2316 496 2440 551 sine
2471 501 2751 563 creatura,
2779 501 2837 551 et
2862 496 3128 552 desinant
3153 497 3325 552 istam
3362 498 3666 553 vanitatem

1975 583 2158 654 loqui.
2197 583 2584 638 Extendantur
2612 584 2786 638 etiam
2810 582 2874 637 in
2898 600 2964 638 ea
2990 599 3120 654 quae
3146 588 3278 638 ante
3308 589 3461 650 sunt,
3490 589 3546 639 et
3573 584 3668 640 in-

1973 670 2236 740 telligant
2261 673 2317 724 te
2356 673 2486 724 ante
2513 670 2705 725 omnia
2732 675 2994 741 tempora
3033 676 3314 726 aeternum
3345 673 3670 727 Creatorem

1974 758 2236 813 omnium
2265 762 2609 828 temporum,
2632 774 2820 829 neque
2846 760 2964 814 ulla
2984 764 3247 829 tempora
3277 760 3379 816 tibi
3406 776 3528 814 esse
3570 776 3665 814 co-

1975 852 2207 913 interna,
2232 862 2338 900 nec
2369 846 2541 900 ullam
2574 851 2911 914 creaturam,
2944 848 3116 903 etiam
3146 848 3192 903 si
3230 854 3314 903 est
3343 848 3537 920 aliqua
3568 864 3670 902 su-

1972 952 2078 1007 pra
2106 939 2390 1006 tempora.

2610 1021 2838 1078 CAPUT
2858 1025 3028 1079 XXXI.

2150 1120 2424 1186 Quomodo
2452 1124 2720 1190 cegnoscit
2749 1125 2907 1191 Deus,
2929 1124 3189 1191 quomodo
3210 1130 3487 1179 creatura.

2042 1221 2131 1272 41.
2175 1218 2416 1271 Domine
2446 1218 2592 1272 Deus
2620 1233 2801 1287 meus,
2833 1218 2961 1289 quis
3006 1217 3100 1272 ille
3142 1220 3299 1274 sinus
3344 1224 3427 1273 est
3454 1218 3555 1274 alti
3580 1234 3669 1273 se-

1971 1306 2110 1360 creti
2140 1306 2246 1374 tui,
2281 1310 2338 1359 et
2374 1322 2548 1375 quam
2575 1307 2742 1375 longe
2769 1306 2902 1361 inde
2934 1322 3024 1360 me
3081 1308 3446 1377 projecerunt
3472 1324 3667 1362 conse-

1971 1393 2206 1464 quentia
2236 1394 2575 1448 delictorum
2618 1397 2927 1449 meorum?
2980 1395 3129 1451 Sana
3173 1397 3367 1451 oculos
3400 1412 3575 1462 meos,
3616 1400 3674 1449 et

1971 1482 2362 1552 congaudeam
2393 1482 2507 1536 luci
2530 1486 2662 1537 tum.
2695 1483 2858 1537 Certe
2890 1483 2936 1537 si
2966 1490 3051 1538 est
3070 1489 3186 1539 tam
3207 1484 3411 1555 grandi
3438 1483 3672 1538 scientia

1972 1576 2031 1625 et
2056 1570 2417 1640 praescientia
2443 1571 2665 1642 pollens
2697 1571 2943 1641 animus,
2976 1572 3071 1627 cui
3124 1577 3330 1628 cuncta
3377 1572 3676 1644 praeterita

1973 1664 2031 1714 et
2058 1659 2252 1713 futura
2281 1659 2361 1713 ita
2389 1664 2523 1714 nota
2544 1659 2680 1729 sint,
2711 1660 2855 1715 sicut
2881 1660 3024 1715 mihi
3049 1678 3232 1717 unum
3260 1662 3544 1716 canticum
3577 1678 3675 1715 no-

1970 1746 2256 1802 tissimum
2284 1767 2299 1814 ;
2332 1747 2576 1802 nimium
2615 1748 2894 1803 mirabilis
2928 1754 3012 1804 est
3053 1750 3282 1804 animus
3339 1749 3468 1816 iste,
3501 1754 3674 1820 atque

1971 1836 2043 1890 ad
2070 1837 2370 1890 horrorem
2398 1838 2712 1907 stupendus
2746 1854 2758 1891 :
2794 1838 3010 1908 quippe
3040 1854 3211 1909 quem
3242 1837 3322 1892 ita
3352 1854 3473 1893 non
3504 1839 3679 1892 lateat

1971 1923 2257 1995 quidquid
2286 1929 2603 1995 peractum,
2632 1930 2689 1979 et
2716 1926 2998 1997 quidquid
3013 1927 3303 1997 reliquum
3331 1927 3670 1981 saeculorum

1972 2018 2076 2079 est;
2099 2012 2583 2083 quemadmodum
2608 2029 2696 2067 me
2711 2029 2825 2067 non
2848 2014 2984 2068 latet
3012 2019 3341 2069 cantantem
3369 2014 3513 2068 illud
3543 2029 3677 2068 can-

1974 2101 2169 2169 ticum,
2202 2101 2339 2172 quid
2369 2105 2426 2155 et
2455 2107 2734 2172 quantum
2765 2102 2886 2172 ejus
2915 2102 3118 2156 abierit
3147 2103 3217 2157 ab
3248 2102 3499 2167 exordio,
3533 2101 3675 2173 quid

1972 2194 2030 2243 et
2058 2194 2336 2260 quantum
2367 2194 2538 2243 restet
2562 2190 2633 2243 ad
2663 2190 2860 2244 tinem.
2894 2190 3003 2245 Sed
3032 2190 3179 2245 absit
3210 2198 3269 2243 ut
3300 2195 3364 2244 tu
3408 2188 3671 2243 conditor

1973 2276 2384 2344 universitatis,
2416 2277 2683 2332 conditor
2712 2278 3034 2333 animarum
3064 2283 3121 2332 et
3170 2294 3498 2349 corporum,
3529 2277 3678 2333 absit

1974 2369 2036 2418 ut
2064 2364 2145 2419 ita
2173 2364 2399 2419 noveris
2432 2366 2626 2419 omnia
2651 2366 2845 2421 futura
2894 2371 2951 2421 et
2992 2366 3304 2437 praeterita.
3353 2367 3541 2437 Longe
3588 2372 3674 2433 tu,

1975 2454 2147 2524 longe
2177 2452 2519 2519 mirabilius,
2548 2454 2831 2525 longeque
2861 2453 3154 2509 secretius.
3180 2455 3374 2525 Neque
3396 2454 3548 2508 enim
3567 2452 3674 2508 sic-

1971 2546 2036 2595 ut
2084 2547 2219 2595 nota
2254 2540 2537 2595 cantantis
2581 2547 2854 2597 notumve
2900 2542 3189 2598 canticum
3219 2542 3529 2610 audientis,
3578 2558 3674 2596 ex-

1978 2628 2330 2700 spectatione
2360 2646 2565 2684 vocum
2592 2630 2920 2685 futurarum
2950 2636 3006 2685 et
3050 2630 3331 2685 memoria
3362 2629 3675 2701 praeterita-

1974 2735 2106 2772 rum
2136 2718 2391 2772 variatur
2419 2718 2672 2785 affectus,
2705 2735 3017 2790 sensusque
3056 2718 3427 2785 distenditur;
3464 2719 3542 2773 ita
3576 2717 3677 2772 tibi

1974 2805 2194 2877 aliquid
2226 2806 2429 2861 accidit
2456 2806 3004 2861 incommutabiliter
3023 2812 3262 2872 aeterno,
3293 2807 3401 2861 hoc
3421 2811 3525 2872 est,
3546 2822 3678 2860 vere

1973 2899 2190 2948 aeterno
2226 2894 2481 2948 Creatori
2509 2893 2821 2950 mentium.
2859 2894 3012 2948 Sicut
3042 2909 3179 2964 ergo
3211 2892 3356 2946 nosti
3386 2893 3447 2947 in
3462 2891 3674 2963 princi-

1974 2982 2068 3050 pio
2098 2982 2304 3036 cielum
2335 2988 2390 3035 et
2420 2987 2631 3036 terram
2680 2982 2804 3036 sine
2837 2981 3110 3036 varietate
3157 2981 3377 3036 notitia:
3429 2986 3561 3047 tum,
3598 2980 3677 3034 ita

1971 3069 2151 3124 fecisti
2179 3069 2239 3124 in
2259 3069 2542 3141 principio
2574 3071 2780 3124 coelum
2801 3074 2857 3124 et
2884 3075 3096 3124 terram
3117 3069 3239 3123 sine
3270 3068 3610 3124 distentione
3632 3066 3676 3135 ',

1971 3158 2210 3212 actionis
2256 3163 2393 3213 tuae.
2451 3158 2559 3223 Qui
2610 3158 2899 3229 intelligit,
2950 3159 3291 3212 confiteatur
3319 3157 3454 3224 tibi;
3490 3159 3545 3211 et
3576 3156 3676 3227 qui

1973 3264 2090 3302 non
2116 3247 2404 3318 intelligit,
2433 3247 2773 3302 conﬁteatur
2794 3246 2916 3301 tibi.
2951 3248 2993 3302 0
3016 3263 3188 3318 quam
3212 3246 3463 3299 excelsus
3493 3262 3572 3310 es,
3623 3250 3678 3298 et

1971 3335 2219 3390 humiles
2248 3336 2421 3392 corde
2450 3340 2582 3391 sunt
2612 3336 2817 3390 domus
2842 3339 2941 3390 tua
2965 3340 2977 3389 !
3021 3337 3133 3389 Tus
3153 3334 3306 3389 enim
3339 3334 3481 3405 erigi
3510 3332 3677 3387 elisos

1974 3426 2137 3493 (Psal.
2165 3442 2318 3492 CXLV,
2351 3425 2423 3495 8),
2448 3429 2504 3479 et
2534 3441 2651 3479 non
2678 3424 2887 3478 cadunt
2916 3440 3164 3495 quorum
3194 3422 3468 3477 celsitudo
3499 3426 3563 3476 tu
3594 3438 3673 3475 es.

2035 3532 2048 3563 ¹
2084 3530 2143 3577 In
2172 3529 2400 3589 vulgatis
2422 3533 2474 3577 et
2489 3529 2692 3591 aliquot
2712 3529 2856 3591 Mss,
2885 3528 3001 3577 sine
3028 3527 3361 3591 distinctione
3381 3541 3394 3585 ;
3414 3526 3531 3573 atin
3555 3525 3677 3574 Mss.

1971 3590 2211 3654 pluribus
2228 3598 2279 3639 et
2302 3591 2536 3654 melioris
2550 3588 2692 3654 notae
2718 3590 2959 3654 habetur.
2981 3592 3097 3654 sine
3114 3588 3445 3654 distentione
3464 3602 3474 3635 :
3498 3600 3679 3654 conse-

1972 3650 2220 3713 quentiae
2254 3666 2409 3715 porro
2439 3653 2505 3701 ad
2528 3652 2661 3701 illud
2689 3652 2835 3715 quod,
2860 3650 3144 3713 praecedit:
3176 3663 3340 3712 neque
3362 3652 3499 3715 enim
3532 3651 3676 3715 sicut

1970 3710 2099 3765 viola
2121 3710 2458 3765 cantantis...
2485 3710 2726 3764 variatur
2754 3710 2981 3778 affectas
3019 3710 3311 3774 sensusque
3337 3710 3674 3765 distenditur,

1972 3850 1979 3853 .
1998 3848 2227 3855 ν-ρο-ᾑ-οαν

2234 3848 2379 3855 —.a-——

1000 3892 1558 4061 ‘LIBER
1672 3848 2805 4062 1)Ηόὗὲἶῖᾖέἷέ

228 4120 1087 4184 Prosequiturinterpretationem
1108 4119 1327 4184 hujusce
1348 4121 1609 4177 versiculi,
1632 4122 1694 4171 In
1708 4120 1979 4183 principio
2006 4120 2130 4184 fecit
2156 4125 2296 4171 Deus
2310 4123 2496 4172 cretum
2521 4126 2572 4171 et
2587 4126 2806 4173 terram.
2829 4120 2941 4170 Illic
2960 4121 3173 4170 nomine
3189 4119 3310 4169 certi
3329 4117 3676 4184 signiﬁcatam

172 4187 318 4245 putat
345 4179 678 4247 spiritualem
694 4179 777 4231 vél
804 4179 1214 4231 intellectualem
1241 4183 1385 4231 illam
1407 4179 1725 4247 creaturam;
1744 4197 1863 4246 qua:
1886 4179 2091 4247 semper
2111 4184 2294 4233 faciem
2318 4185 2407 4233 Dei
2431 4184 2848 4247 contemplatur;
2871 4187 3021 4234 terra:
3042 4189 3219 4247 autem
3242 4179 3497 4247 vocabulo
3510 4179 3678 4247 infoy-

173 4240 305 4293 inem
328 4240 629 4308 materiam,
660 4258 725 4293 ex
747 4259 851 4308 qua
876 4258 1060 4308 rerum,
1078 4258 1449 4308 corporearum
1480 4246 1688 4308 species
1705 4240 1919 4294 fuerunt
1941 4240 2157 4307 posthac
2177 4247 2432 4295 formatas.
2466 4240 2658 4296 Verum
2683 4246 2812 4294 alias
2839 4240 3233 4308 interpretandi,
3252 4244 3480 4293 rationes
3510 4240 3678 4290 haud-

174 4321 438 4372 quaquam
465 4306 847 4371 improbandas
874 4320 1015 4365 esse;
1049 4306 1155 4355 imo
1174 4306 1247 4356 ex
1280 4306 1564 4371 Scriptura:
1592 4307 1783 4359 divina:
1815 4306 2147 4370 profundiate
2172 4309 2516 4372 multiplicem
2548 4323 2701 4373 posse
2726 4309 2841 4357 erui
2866 4306 3080 4358 sensum
3106 4307 3403 4357 conﬁtetur.

741 4504 965 4559 CAPUT
1005 4504 1303 4559 PRIMUM.

648 4636 912 4709 Difﬁcilis
943 4637 1225 4706 inquisitio
1244 4638 1386 4691 veri.

241 4774 284 4825 t.
313 4771 490 4826 Multa
516 4767 727 4839 satagit
755 4784 855 4823 cor
881 4783 1097 4835 meum,
1125 4766 1385 4833 Domine,
1444 4766 1504 4821 in
1535 4766 1644 4821 hac
1674 4767 1871 4837 inopia

171 4859 295 4914 vita:
323 4873 472 4913 meas
500 4858 792 4928 pulsatum
824 4855 1013 4911 verbis
1040 4860 1250 4910 sanctae
1290 4854 1597 4926 Scripturae
1627 4859 1741 4908 tuae
1771 4873 1788 4908 :
1818 4858 1874 4909 et

174 4945 292 5001 ideo
320 4947 669 5018 plerumque
699 4943 761 4998 in
818 4959 1083 4998 sermone
1124 4942 1355 5014 copiosa
1405 4949 1462 4998 et
1518 4947 1736 5014 egestas
1763 4943 1870 4997 hu-

174 5053 350 5092 mana:
378 5036 835 5109 iintelligentim;
894 5036 1030 5107 quia
1086 5037 1216 5107 plus
1267 5034 1525 5106 loquitur
1578 5033 1872 5105 inquisitio

172 5141 337 5195 quam
365 5123 645 5186 inventio,
679 5127 735 5177 et
782 5122 1012 5194 longior
1040 5129 1127 5177 est
1156 5121 1360 5194 petitio
1394 5137 1569 5193 quam
1600 5121 1873 5190 impetra-

174 5213 264 5280 tio,
294 5219 352 5269 et
381 5212 681 5285 operosior
705 5216 790 5267 est
819 5228 1026 5266 manus
1046 5212 1281 5283 pulsans
1303 5227 1473 5282 quam
1490 5226 1740 5265 sumens.
1770 5210 1873 5264 Te-

176 5317 371 5356 nemus
400 5300 755 5374 promissum
781 5320 797 5368 ;
827 5300 957 5371 quis
979 5304 1306 5371 corrumpet
1318 5299 1459 5354 illud
1474 5302 1501 5355 ?
1524 5299 1579 5354 Si
1602 5299 1749 5352 Deus
1774 5314 1876 5369 pro

178 5391 351 5454 nobis,
390 5392 524 5463 quis
568 5394 770 5444 contra
806 5405 911 5443 nos
951 5386 1129 5460 (Rom.
1174 5405 1269 5455 νυ,
1306 5387 1446 5459 3t)?
1485 5390 1673 5453 Petite,
1705 5392 1753 5441 et
1784 5404 1873 5441 ac-

176 5482 380 5548 cipietis
405 5496 419 5544 ;
446 5480 693 5547 quaerite,
726 5482 775 5532 et
798 5479 1083 5533 invenietis
1111 5493 1124 5543 ;
1153 5479 1383 5545 pulsate,
1412 5481 1462 5531 et
1491 5478 1764 5546 aperietur
1782 5491 1874 5529 υο-

180 5566 271 5622 bis.
298 5568 491 5625 Omnis
516 5569 660 5621 enim
689 5568 785 5636 qui
806 5569 949 5637 petit
993 5568 1212 5637 accipit,
1260 5571 1312 5621 et
1354 5580 1595 5635 quaerens
1646 5565 1875 5634 invenit,

1978 4507 2028 4556 et
2048 4504 2299 4573 pulsanti
2324 4506 2600 4573 aperietur
2630 4504 2836 4573 (Matth.
2878 4518 2975 4571 vu,
3020 4506 3076 4563 7,
3112 4503 3185 4568 8).
3239 4497 3526 4553 Promissa
3580 4499 3680 4551 tua

1982 4595 2153 4657 sunt;
2182 4595 2240 4645 et
2262 4591 2392 4661 quis
2420 4590 2563 4657 falli,
2595 4590 2814 4656 timeat,
2846 4586 3289 4658 cumpromittit
3318 4584 3574 4639 Veritas?

2667 4678 2890 4732 CAPUT
2928 4677 2996 4730 ll.

2468 4769 2541 4821 De
2570 4766 2779 4835 duplici
2807 4766 2930 4820 cwlo
2959 4770 3009 4818 et
3032 4769 3196 4817 terra.
3497 4803 3501 4807 .

2053 4859 2106 4909 '2.
2141 4855 2457 4910 Conﬁtetur
2483 4852 2775 4907 altitudini
2802 4858 2913 4907 tuae
2941 4850 3236 4906 humilitas
3291 4849 3507 4922 lingua:
3536 4866 3680 4903 meae

1982 4943 2256 5015 quoniam
2300 4948 2362 4996 tu
2409 4941 2589 4995 fecisti
2639 4942 2843 4995 caelum
2905 4945 2961 4994 et
3021 4945 3273 5005 terram;
3321 4939 3430 4993 hoc
3473 4938 3679 4992 caelum

1983 5032 2138 5103 quod
2182 5031 2372 5100 video,
2416 5036 2743 5101 terramque
2794 5045 2968 5100 quam
3015 5028 3192 5095 calco,
3241 5028 3392 5083 unde
3448 5031 3532 5080 est
3558 5025 3683 5079 haec

1983 5127 2136 5175 terra
2157 5135 2331 5191 quam
2361 5124 2551 5190 porto,
2579 5124 2642 5173 tu
2671 5117 2872 5173 fecisti.
2897 5117 3009 5173 Sed
3038 5117 3137 5171 ubi
3166 5120 3250 5171 est
3296 5115 3500 5169 caelum
3525 5111 3678 5176 cceli,

1985 5208 2247 5273 Domine,
2283 5208 2354 5261 de
2385 5224 2498 5278 quo
2544 5206 2865 5262 audivimus
2895 5205 2955 5261 in
3003 5221 3139 5261 voce
3194 5201 3402 5259 Psalmi
3437 5218 3449 5255 :
3483 5200 3679 5256 Caelum

1982 5299 2101 5351 cwli
2128 5298 2382 5361 Domi-no;
2419 5302 2617 5351 terram
2642 5302 2820 5351 autem
2844 5296 2997 5350 dedit
3022 5295 3159 5366 ﬁliis
3205 5293 3478 5345 hominum
3508 5288 3674 5358 (Psat.

1983 5401 2131 5451 cxiu,
2166 5386 2296 5450 l6)?
2338 5384 2441 5438 Ubi
2482 5389 2568 5440 est
2613 5385 2819 5439 coelum
2871 5382 3022 5455 quod
3068 5398 3180 5436 non
3229 5376 3540 5446 cernimus,
3586 5374 3680 5430 cui

1984 5479 2137 5529 terra
2164 5478 2250 5527 est
2276 5473 2383 5527 hoc
2412 5489 2583 5562 o‘mne
2612 5473 2765 5543 quod
2796 5471 3125 5527 cernimus?
3152 5469 3267 5521 Hoc
3303 5466 3460 5520 enim
3491 5470 3680 5520 totum

1984 5577 2344 5633 corporeum,
2390 5552 2510 5616 non
2551 5560 2763 5631 ubique
2804 5563 2988 5614 totum
3037 5556 3115 5611 ita
3165 5552 3380 5627 accepit
3431 5553 3682 5627 speciem
