4058 6370
337 300 436 350 8‘27
1567 282 2104 340 CONFESSIUNUM
2155 281 2208 336 S.
2271 280 2674 337 AUGUSTlNl.

351 417 654 487 pulchram
686 415 749 467 in
777 407 1119 472 novissimis,
1146 408 1310 479 cujus
1348 412 1366 446 ί
1390 409 1602 465 fundus
1631 411 1715 462 est
1760 409 1910 459 terra
1957 419 2056 457 no-

354 508 506 570 stra;
543 504 640 557 sed
690 500 762 555 ad
788 498 930 553 illud
960 497 1168 552 calum
1216 498 1366 568 cmli,
1419 497 1591 552 etiam
1642 499 1809 549 terra:
1843 497 2049 546 nostra:

357 591 568 644 coelum
595 594 748 644 terra
778 591 882 641 est.
931 587 994 641 Et
1047 586 1154 640 hoc
1191 591 1501 656 utrumque
1548 598 1821 652 magnum
1849 597 2052 652 corpus

358 693 474 732 non
497 677 743 731 absurde
784 679 936 729 terra
986 679 1091 742 est,
1150 675 1221 729 ad
1248 675 1391 728 illud
1434 671 1620 726 nescio
1649 671 1817 742 quale
1846 670 2051 724 caelum

357 765 514 835 quod
547 764 789 819 Domino
821 767 922 830 est,
952 780 1072 818 non
1103 762 1236 817 ﬁliis
1259 761 1577 816 hominum.

1021 868 1247 923 CAPUT
1295 867 1390 919 Ill.

679 958 826 1024 Quid
857 957 1081 1012 tenebrae
1107 971 1269 1024 super
1295 955 1490 1020 faciem
1519 953 1726 1021 abyssi.

431 1057 481 1110 3.
515 1055 582 1110 Et
609 1054 883 1109 nimirum
913 1055 1034 1107 haec
1066 1058 1213 1107 terra
1240 1056 1355 1105 erat
1382 1051 1677 1104 invisibilis
1706 1054 1756 1105 et
1778 1053 2056 1118 incompo-

359 1147 486 1213 sita,
520 1150 579 1198 et
597 1143 786 1198 nescio
810 1158 937 1213 quae
960 1139 1316 1212 profunditas
1338 1138 1527 1209 abyssi
1547 1154 1720 1208 super
1746 1153 1920 1208 quam
1938 1152 2056 1190 non

359 1236 479 1286 erat
499 1232 635 1297 lux;
671 1231 806 1302 quia
825 1230 982 1283 nulla
1016 1227 1230 1298 species
1260 1232 1381 1282 erat
1403 1226 1482 1280 illi
1511 1243 1524 1292 ;
1559 1226 1707 1280 unde
1747 1225 1967 1295 jussisti
1993 1229 2058 1278 ut

361 1320 722 1384 scriberetur,
747 1317 899 1388 quod
933 1318 1156 1371 tenebrae
1184 1321 1339 1370 erant
1359 1331 1522 1386 super
1541 1316 1794 1383 abyssum
1827 1317 1972 1384 (Gen.
2005 1317 2054 1380 1,

360 1409 452 1477 2);
486 1407 623 1478 quid
653 1406 806 1460 aliud
834 1421 1006 1476 quam
1039 1405 1179 1458 lucis
1208 1403 1512 1458 absentia?
1545 1403 1648 1458 Ubi
1674 1402 1828 1457 enim
1853 1403 1949 1456 lux
1975 1418 2058 1456 es-

360 1501 461 1561 set,
492 1495 540 1549 si
568 1498 731 1562 esset,
763 1493 875 1548 nisi
905 1497 1228 1563 superesset
1255 1491 1563 1546 eminendo
1587 1497 1643 1546 et
1673 1491 2008 1545 illustrando
2029 1491 2058 1544 ?

361 1583 464 1638 Ubi
495 1598 629 1653 ergo
659 1583 754 1636 lux
780 1582 1036 1635 nondum
1059 1586 1198 1644 erat,
1233 1581 1373 1652 quid
1403 1585 1522 1635 erat
1551 1581 1743 1634 adesse
1769 1579 2053 1646 tenebras,

357 1671 469 1725 nisi
499 1672 692 1726 abesse
722 1671 906 1724 lucem
925 1672 954 1723 ‘P
982 1670 1163 1740 Super
1193 1668 1386 1740 itaque
1413 1673 1577 1722 erant
1607 1668 1880 1734 tenebrm,
1921 1665 2058 1737 quia

358 1762 455 1814 lux
487 1777 657 1830 super
681 1760 911 1826 aberat;
943 1758 1087 1812 sicut
1118 1774 1292 1812 sonus
1322 1757 1422 1812 ubi
1474 1773 1591 1811 non
1631 1761 1733 1822 est,
1758 1756 2054 1810 silentium

359 1854 461 1904 est.
497 1851 562 1904 Et
591 1847 728 1919 quid
772 1851 858 1901 est
911 1863 1031 1901 esse
1078 1846 1158 1900 ibi
1211 1845 1522 1912 silentium,
1575 1845 1685 1899 nisi
1729 1861 1933 1899 sonum
1979 1843 2057 1898 ibi

357 1953 474 1992 non
504 1953 624 1991 esse
644 1937 672 1989 ?
703 1937 901 1990 Nonne
934 1940 1020 2003 tu,
1055 1935 1316 2002 Domine,
1344 1934 1584 1989 docuisti
1617 1935 1763 1988 hanc
1804 1933 2057 1987 animam

357 2042 485 2097 quae
510 2024 610 2079 tibi
638 2023 983 2078 conﬁtetur?
1008 2025 1208 2078 Nonne
1234 2027 1319 2085 tu,
1353 2023 1614 2088 Domine,
1650 2021 1890 2076 docuisti
1936 2037 2048 2087 me,

358 2113 514 2185 quod
534 2113 874 2184 priusquam
904 2112 1076 2166 istam
1107 2112 1416 2166 informem
1448 2111 1751 2166 materiam
1781 2110 2059 2164 formares

356 2208 528 2275 atque
559 2201 958 2273 distingueres,
991 2217 1109 2255 non
1157 2205 1278 2254 erat
1305 2199 1524 2272 aliquid
1549 2216 1562 2266 ;
1586 2216 1705 2253 non
1735 2199 1909 2265 color,
1941 2214 2058 2252 non

360 2292 566 2362 ﬁgura,
596 2307 716 2345 non
748 2305 974 2360 corpus,
1008 2305 1126 2342 non
1147 2288 1382 2359 spiritus
1401 2289 1428 2342 ‘?
1448 2289 1571 2342 Non
1597 2291 1791 2341 tamen
1820 2286 2057 2340 omnino

356 2379 503 2434 nihil
532 2397 547 2436 :
583 2384 705 2434 erat
732 2378 1001 2451 quaedam
1021 2377 1342 2432 informitas
1369 2377 1491 2430 sine
1524 2375 1641 2429 ulla
1670 2374 1877 2446 specie.

1046 2483 1270 2538 CAPUT
1301 2484 1390 2537 IV.

645 2573 790 2645 Quid
813 2577 959 2627 terra
991 2572 1282 2626 invisibilis
1313 2575 1362 2625 et
1400 2571 1772 2639 incomposita.

427 2672 477 2724 4.
512 2669 656 2734 Quid
685 2685 820 2740 ergo
850 2672 1166 2733 vocaretur,
1224 2667 1380 2738 quod
1431 2666 1607 2720 etiam
1647 2681 1818 2720 sensu
1846 2662 2059 2721 tardio-

361 2757 521 2810 ribus
550 2761 860 2828 utcumque
901 2757 1311 2822 insinuaretur,
1343 2753 1453 2809 nisi
1482 2753 1688 2809 usitato
1741 2753 1932 2824 aliquo
1962 2768 2060 2806 vo-

361 2845 564 2899 cabulo
583 2848 612 2900 ?
640 2845 788 2909 Quid
819 2849 1010 2899 autem
1041 2845 1101 2898 in
1129 2844 1394 2898 omnibus
1424 2842 1626 2898 mundi
1657 2841 1916 2914 partibus
1963 2856 2060 2894 re-

359 2932 534 3004 periri
566 2937 752 3003 potest
779 2931 1158 3004 propinquius
1188 2931 1480 2987 informati
1500 2931 1868 2997 omnimodae,
1887 2943 2062 3001 quam

361 3025 516 3076 terra
545 3025 602 3076 et
631 3021 865 3092 abyssus
885 3022 913 3076 ‘I
943 3021 1124 3076 Minus
1145 3020 1301 3075 enim
1331 3019 1584 3092 speciosa
1637 3023 1789 3086 sunt,
1824 3035 1929 3090 pro
1959 3033 2061 3071 suo

361 3110 542 3181 gradu
571 3109 797 3177 inﬁmo,
827 3127 1002 3182 quam
1032 3115 1234 3164 caetera
1263 3109 1558 3181 superiora
1586 3107 1882 3180 perlucida
1912 3107 2065 3160 etluo

361 3199 588 3253 culenta
616 3200 837 3254 omnia.
876 3200 989 3253 Cur
1017 3215 1153 3269 ergo
1182 3214 1299 3252 non
1330 3197 1604 3268 accipiam
1650 3195 2062 3250 informitatem

361 3285 634 3353 materiae,
667 3303 841 3358 quam
871 3286 994 3342 sine
1051 3285 1238 3357 specie
1269 3287 1504 3351 feceras,
1541 3285 1696 3338 unde
1739 3282 2062 3354 speciosum

357 3376 639 3430 mundum
651 3376 882 3443 faceres,
924 3376 1004 3429 ita
1023 3375 1326 3429 commode
1353 3372 1686 3427 hominibus
1707 3371 2055 3438 intimatam,

363 3471 429 3520 ut
458 3465 841 3536 appellaretur
870 3469 1015 3519 terra
1042 3464 1332 3518 invisibilis
1353 3467 1402 3517 et
1433 3465 1786 3532 incomposita
1803 3465 1831 3515 ?

1049 3571 1275 3625 CAPUT
1317 3571 1378 3624 V.

538 3661 648 3716 Cur
675 3662 752 3715 sic
780 3660 1058 3730 appellata
1086 3660 1303 3714 videtur
1333 3661 1565 3713 materia
1602 3660 1876 3725 infamis.

510 3759 577 3813 Ut
602 3774 732 3812 cum
761 3758 822 3812 in
853 3775 920 3813 ea
945 3763 966 3795 ³
993 3757 1203 3829 quaerit
1236 3757 1504 3827 cogitatio
1563 3757 1702 3828 quid
1743 3772 1942 3810 sensus
1972 3759 2062 3809 at-

361 3847 562 3918 tingat,
597 3851 653 3902 et
685 3848 820 3902 dicit
856 3848 988 3918 sibi,
1019 3849 1142 3902 Non
1167 3851 1251 3901 cst
1280 3845 1656 3918 intelligibilis
1683 3845 1866 3901 forma
1918 3844 2064 3899 sicut

361 3937 496 4004 vita,
525 3936 670 3991 sicut
709 3936 955 4008 justitia',
1007 3937 1142 4008 quia
1179 3936 1444 3990 materies
1475 3939 1558 3989 est
1585 3949 1928 4004 corporum;
1960 3949 2060 3986 ne-

362 4041 473 4096 que
505 4025 806 4094 sensibilis,
841 4025 1116 4097 quoniam
1147 4025 1303 4096 quod
1335 4024 1597 4078 videatur
1640 4027 1696 4076 et
1728 4021 1884 4093 quod
1932 4037 2061 4074 sen-

358 4113 531 4168 tiatur
559 4115 618 4168 in
659 4115 932 4170 invisibili
960 4120 1017 4169 et
1045 4113 1424 4184 incomposita
1452 4128 1570 4165 non
1615 4115 1738 4165 est:
1785 4110 1922 4164 dum
1955 4109 2062 4163 sibi

359 4203 481 4257 haec
510 4203 644 4257 dicit
671 4203 924 4257 humana
983 4201 1269 4273 cogitatio,
1325 4206 1564 4255 conetur
1608 4216 1731 4253 eam
1779 4199 1868 4253 vel
1898 4214 2063 4253 nosse

362 4292 703 4363 ignorando,
735 4292 824 4346 vel
843 4291 1109 4363 ignorare
1140 4289 1449 4344 noscendo.

1131 4395 1264 4449 PUT
1295 4396 1383 4448 VI.

1131 4397 1170 4448 P
1206 4397 1264 4449 'T
1295 4397 1383 4448 VI.

365 4487 508 4553 Quid
533 4487 661 4540 olim
690 4500 809 4539 cum
836 4397 1149 4539 Maniclgés
1179 4397 1408 4537 lsenserit
1437 4481 1504 4536 de
1547 4483 1778 4536 materia
1818 4483 2062 4549 informi,

1039 4572 1175 4640 quid
1213 4571 1386 4626 modo.

437 4671 489 4722 6.
522 4669 637 4738 Ego
656 4684 814 4737 vero,
840 4669 1103 4732 Domine,
1131 4669 1178 4723 si
1197 4674 1381 4724 totum
1395 4668 1797 4724 conﬁtear'tibi
1819 4685 1916 4723 ore
1933 4685 2062 4724 meo

367 4760 425 4810 et
440 4756 657 4810 calamo
677 4773 827 4820 meo,
844 4758 1126 4829 quidquid
1141 4758 1210 4813 de
1223 4757 1332 4812 ista
1353 4757 1592 4812 materia
1603 4757 1841 4812 docuisti
1858 4775 2067 4824 me,cu-

356 4844 456 4914 jus
485 4848 652 4899 antea
676 4861 888 4900 nomen
905 4847 1141 4901 audiens
1165 4851 1345 4901 etnon
1364 4845 1690 4916 intelligens
1704 4846 2065 4900 narrantibus

364 4932 508 4986 mihi
537 4932 618 4986 eis
631 4933 732 5004 qui
751 4951 864 4989 non
885 4935 1293 5007 intelligerent,
1307 4949 1433 4989 eam
1447 4950 1578 4988 cum
1590 4933 1886 5004 speciebus
1900 4934 2066 4989 innu-

363 5021 537 5076 meris
567 5023 807 5077 etvariis
834 5024 1190 5094 cogitabam;
1216 5023 1412 5078 etideo
1429 5038 1543 5077 non
1560 5039 1685 5077 eam
1712 5022 2060 5094 cogitabam;

363 5111 540 5166 foedas
572 5116 629 5166 et
647 5112 954 5167 horribiles
975 5112 1185 5166 formas
1210 5112 1554 5183 perturbatis
1577 5111 1871 5167 ordinibus
1883 5111 2067 5166 volve-

430 5221 446 5254 ¹
480 5220 597 5275 Cui,
621 5221 774 5282 juxta
801 5220 885 5269 Er.
915 5219 1078 5281 Lugd.
1101 5219 1230 5268 Ven.
1264 5220 1387 5267 Lov.
1413 5220 1486 5268 M.

427 5284 448 5316 ²
480 5283 555 5331 Ita
585 5280 639 5331 in
661 5283 784 5331 Mss.
805 5286 857 5332 et
879 5280 1192 5331 concinnius
1213 5295 1370 5344 quam
1399 5282 1441 5330 si
1470 5282 1612 5344 legas
1649 5284 1706 5330 ut
1734 5280 1788 5344 in
1807 5280 2062 5342 vulgatis:

369 5344 434 5393 El
457 5357 575 5420 cum
597 5347 653 5394 in
674 5357 756 5456 egi.
788 5371 849 5381 —
878 5345 1095 5402 Somm.,
1124 5343 1292 5407 neque
1323 5347 1370 5394 cl
1399 5343 1568 5408 neque
1596 5348 1657 5394 ut
1683 5343 1947 5403 amittens,
1970 5343 2062 5391 sic:

369 5418 482 5456 cum
514 5421 572 5456 ιη
597 5421 677 5456 ea.
704 5447 719 5456 .
759 5445 771 5456 .

366 5418 482 5456 cum
514 5410 572 5456 in
597 5421 677 5456 ea.
704 5410 771 5457 Μ.

426 5471 448 5503 ³
479 5471 538 5518 In
567 5471 688 5519 Mss.
721 5470 971 5520 omnibus
1018 5469 1260 5527 habetur,
1308 5469 1360 5519 si
1391 5471 1566 5519 totum
1593 5463 1854 5528 conﬁtear
1876 5480 1888 5514 :
1912 5466 2065 5529 cujus

363 5533 736 5597 prOpositionis
755 5546 950 5597 sensus
979 5547 1043 5581 ex
1077 5533 1190 5582 istis
1213 5531 1507 5597 completur
1538 5529 1731 5586 verbis,
1753 5529 1874 5593 quis
1891 5529 2062 5594 legen-

367 5595 496 5642 lium
513 5606 704 5647 canere
731 5595 951 5647 durabit
975 5598 998 5643 ζ’

3760 286 3865 338 828

2165 403 2263 458 bat
2288 403 2533 472 animus,
2557 405 2656 460 sed
2670 405 3112 472 formastamen;
3137 410 3194 461 et
3216 405 3458 460 informe
3480 406 3862 477 appellabam,

2162 507 2278 546 non
2303 493 2455 563 quod
2477 498 2694 548 careret
2719 494 2925 564 forma,
2957 496 3052 550 sed
3065 495 3220 567 quod
3247 496 3418 549 talem
3437 495 3688 560 haberet,
3711 499 3793 556 ut,
3815 493 3864 548 si

2161 585 2478 651 appareret,
2510 580 2804 637 insolitum
2835 587 2891 637 et
2935 582 3314 655 incongruum
3347 587 3704 637 aversaretur
3731 599 3860 636 sen-

2161 685 2256 722 sus
2285 685 2464 732 meus,
2509 675 2565 724 et
2593 671 3036 726 conturbaretur
3080 671 3384 727 inﬁrmitas
3431 671 3700 726 hominis.
3756 673 3861 724 Ve-

2161 773 2288 812 rum
2346 764 2536 814 autem
2567 757 2588 792 ¹
2620 759 2762 814 illud
2819 762 2970 832 quod
3021 761 3363 832 cogitabam,
3397 777 3511 815 non
3545 759 3862 830 privatione

2163 847 2348 900 omnis
2377 846 2597 916 formae,
2629 849 2728 902 sed
2761 849 3183 920 comparatione
3202 850 3602 904 formosiorum
3623 853 3745 902 erat
3773 848 3862 902 in-

2160 935 2344 990 forme
2378 953 2390 990 :
2425 941 2482 990 et
2510 937 2784 992 suadebat
2832 955 2962 993 vera
2981 939 3146 1006 ratio,
3184 942 3246 992 ut
3275 938 3461 992 omnis
3490 939 3689 992 formae
3720 955 3863 1009 qua-

2163 1025 2491 1096 lescumque
2522 1025 2795 1097 reliquias
2839 1027 3076 1080 omnino
3133 1027 3514 1094 detraherem,
3564 1027 3612 1080 si
3657 1028 3865 1081 vellem

2163 1130 2393 1185 prorsus
2433 1114 2682 1170 informe
2731 1116 3015 1187 cogitare;
3061 1120 3118 1170 et
3184 1133 3300 1170 non
3349 1121 3630 1187 poteram.
3685 1115 3865 1171 Citius

2164 1202 2319 1256 enim
2348 1218 2466 1257 non
2495 1219 2616 1258 esse
2641 1205 2963 1271 censebam,
3008 1205 3162 1276 quod
3206 1205 3363 1259 omni
3391 1205 3576 1259 forma
3605 1204 3866 1276 privare-

2163 1295 2276 1358 tur,
2313 1308 2487 1362 quam
2520 1293 2842 1363 cogitabam
2873 1294 3147 1365 quiddam
3176 1293 3328 1348 inter
3355 1294 3662 1348 formatum
3694 1297 3748 1346 et
3775 1292 3867 1346 ni-

2164 1380 2267 1448 hil,
2313 1397 2417 1435 nec
2447 1384 2470 1418 ³
2493 1382 2804 1436 formatum
2856 1399 2960 1437 nec
2991 1383 3156 1449 nihil,
3192 1382 3435 1436 informe
3480 1399 3661 1453 prope
3699 1380 3864 1436 nihil.

2165 1471 2232 1524 Et
2284 1470 2520 1524 cessavit
2577 1487 2740 1525 mens
2795 1488 2925 1526 mea
2982 1472 3336 1544 interrogare
3405 1472 3539 1526 hinc
3595 1471 3870 1541 spiritum

2163 1573 2359 1612 meum
2388 1559 2626 1628 plenum
2657 1559 3007 1630 imaginibus
3038 1560 3414 1615 formatorum
3453 1575 3775 1630 corporum,
3813 1563 3872 1613 et

2165 1663 2258 1700 eas
2296 1663 2398 1718 pro
2431 1647 2667 1702 arbitrio
2718 1654 3038 1703 mutantem
3096 1653 3266 1720 atque
3295 1649 3644 1716 vsriantem;
3678 1653 3735 1702 et
3776 1647 3870 1702 in-

2163 1736 2322 1790 tendi
2352 1735 2414 1790 in
2444 1736 2566 1806 ipsa
2597 1754 2855 1808 corpora,
2889 1754 3205 1809 eorumque
3225 1737 3664 1792 mutabilitatem
3695 1737 3871 1792 altius

2165 1823 2408 1894 inspexi,
2439 1841 2554 1896 qua
2584 1825 2855 1879 desinunt
2888 1841 3008 1880 esse
3040 1826 3196 1896 quod
3225 1827 3470 1894 fuerant,
3499 1831 3556 1880 et
3583 1825 3873 1896 incipiunt

2166 1929 2286 1966 esse
2317 1913 2467 1983 quod
2491 1930 2606 1967 non
2631 1915 2793 1967 erant
2817 1934 2831 1981 ;
2855 1914 3241 1985 eumdcmque
3263 1914 3567 1968 transitum
3595 1914 3665 1968 de
3688 1913 3873 1967 forma

2167 2001 2226 2054 in
2256 2002 2501 2056 formam
2526 2019 2629 2073 per
2650 2002 2894 2057 informe
2927 2003 3200 2074 quiddam
3234 2004 3359 2057 ﬁeri
3381 2003 3693 2073 suspicatus
3715 2018 3866 2068 sum,

2166 2107 2282 2144 non
2312 2107 2414 2162 per
2444 2091 2677 2145 omnino
2709 2091 2851 2146 nihil
2884 2107 2898 2159 ;
2932 2093 3027 2146 sed
3053 2109 3215 2146 nosse
3246 2092 3565 2162 cupiebam,
3623 2107 3742 2145 non
3772 2107 3870 2144 su-

2167 2178 2388 2248 spicari.
2426 2181 2490 2234 Et
2517 2179 2562 2232 si
2593 2185 2778 2234 totum
2795 2181 2895 2234 tibi
2928 2182 3269 2236 conﬁteatur
3283 2197 3387 2235 vox
3416 2185 3471 2234 et
3488 2180 3650 2234 stilus
3680 2196 3869 2245 meus,

2167 2266 2447 2338 quidquid
2479 2268 2548 2323 de
2579 2268 2686 2323 ista
2714 2269 3028 2340 quastione
3061 2269 3317 2324 euodasti
3347 2269 3510 2336 mihi,
3532 2268 3660 2340 quis
3681 2270 3874 2340 legen-

2167 2355 2311 2409 tium
2361 2372 2563 2426 capere
2606 2357 2885 2412 durabit?
2936 2359 3048 2414 Nec
3085 2358 3215 2413 ideo
3266 2362 3460 2412 tamen
3506 2357 3748 2413 cessabit
3773 2374 3874 2412 cor

2167 2459 2363 2498 meum
2391 2445 2527 2499 dare
2573 2445 2677 2500 tibi
2723 2446 2998 2501 honorem
3047 2452 3104 2501 et
3140 2447 3422 2501 canticum
3465 2447 3650 2501 laudis
3691 2448 3760 2502 de
3797 2447 3872 2500 iis

2169 2548 2298 2603 quae
2328 2533 2540 2588 dictare
2566 2550 2682 2588 non
2705 2535 2929 2590 sufficit.
2964 2535 3310 2591 Mutabilitas
3332 2536 3484 2590 enim
3513 2552 3707 2590 rerum
3737 2552 3874 2590 mu-

2169 2621 2435 2676 tabilium
2466 2622 2589 2692 ipsa
2617 2639 2789 2692 capax
2847 2630 2931 2678 est
2959 2625 3277 2679 formarum
3320 2625 3579 2678 omnium
3621 2625 3682 2679 in
3729 2641 3874 2694 quas

2171 2715 2469 2764 mutantur
2497 2727 2587 2766 res
2619 2712 2944 2767 mutabiles.
2987 2715 3050 2768 Et
3104 2712 3224 2766 haec
3254 2713 3393 2783 quid
3424 2715 3554 2767 est?
3584 2712 3874 2783 Numquid

2169 2798 2431 2852 animus?
2485 2799 2768 2870 numquid
2811 2805 3064 2872 corpus?
3109 2802 3389 2873 numquid
3433 2802 3648 2872 species
3692 2801 3874 2855 animi

2169 2889 2257 2942 vel
2285 2888 2540 2958 corporis
2557 2891 2586 2942 ‘?
2613 2889 2670 2945 Si
2700 2889 2809 2943 dici
2839 2895 3047 2962 posset,
3082 2891 3231 2946 Nibil
3260 2891 3497 2962 aliquid,
3531 2895 3606 2955 et,
3641 2893 3733 2944 Est
3752 2907 3874 2945 non

2171 2983 2256 3031 est
2279 2982 2320 3040 ³,
2363 2978 2470 3031 hoc
2529 2994 2654 3032 eam
2707 2979 2994 3047 dicerem;
3048 2984 3105 3035 et
3150 2984 3346 3034 tamen
3393 2981 3515 3049 jam
3559 2985 3873 3050 utcumque

2170 3070 2310 3134 erat,
2339 3070 2403 3120 ut
2432 3066 2647 3137 species
2677 3071 2907 3138 caperet
2955 3067 3093 3122 istas
3134 3068 3384 3122 visibiles
3416 3071 3471 3122 et
3500 3067 3866 3138 compositas.

2832 3156 3054 3211 CAPUT
3085 3158 3198 3210 VII.

2169 3247 2307 3299 Deus
2336 3246 2466 3312 fecit
2492 3244 2556 3298 de
2584 3246 2762 3299 nihilo
2814 3246 3018 3311 cwlum,
3070 3245 3131 3299 id
3159 3249 3236 3299 est
3264 3246 3532 3313 Angelos;
3565 3249 3615 3300 et
3643 3250 3871 3311 terram,

2594 3333 2653 3387 id
2681 3338 2758 3388 est
2799 3336 3084 3402 informem
3121 3336 3433 3388 materiam.

2239 3427 2292 3477 '7.
2329 3423 2394 3476 Et
2416 3422 2568 3476 unde
2589 3426 2900 3493 utcumque
2950 3427 3089 3489 erat,
3136 3422 3245 3476 nisi
3276 3426 3422 3476 esset
3445 3422 3544 3476 abs
3576 3427 3651 3489 te,
3685 3438 3717 3475 a
3755 3438 3872 3493 quo

2171 3515 2302 3565 sunt
2331 3509 2523 3564 omnia
2552 3510 2612 3564 in
2662 3515 3190 3582 quantumcumque
3232 3515 3406 3566 sunt?
3430 3511 3540 3566 Sed
3569 3514 3725 3564 tanto
3752 3527 3786 3564 a
3816 3515 3875 3565 te

2171 3598 2418 3669 longius,
2454 3603 2669 3669 quanto
2701 3598 3034 3654 dissimilius
3061 3615 3073 3666 ;
3099 3615 3283 3670 neque
3307 3600 3458 3654 enim
3479 3599 3637 3653 locis.
3673 3601 3872 3670 Itaque

2169 3699 2252 3761 tu,
2279 3694 2534 3761 Domine,
2571 3694 2671 3766 qui
2693 3710 2808 3748 non
2831 3711 2890 3748 es
2907 3695 3047 3748 alias
3076 3695 3233 3749 aliud
3251 3699 3271 3731 ‘
3311 3699 3366 3749 et
3394 3695 3533 3749 alias
3559 3694 3744 3763 aliter,
3773 3696 3871 3750 sed

2168 3782 2419 3852 idipsum
2451 3787 2507 3837 et
2537 3781 2790 3853 idipsum
2815 3783 3700 3854 etidipsum,Sanctus,Sanctus,
3727 3783 3877 3838 San-

2169 3876 2315 3940 ctus,
2353 3871 2626 3925 Dominus
2653 3873 2801 3926 Deus
2831 3872 3193 3942 omnipotens
3225 3876 3370 3942 (Isai.
3403 3890 3479 3939 vr,
3501 3875 3588 3942 3):
3615 3889 3675 3927 1n
3709 3873 3875 3926 Prin-

2170 3960 2318 4032 cipio
2347 3961 2499 4031 quod
2532 3965 2615 4014 est
2645 3960 2714 4014 de
2769 3965 2836 4022 te,
2895 3961 2953 4014 in
2984 3961 3276 4030 Sapientia
3306 3967 3407 4015 tua
3459 3979 3589 4032 quae
3630 3966 3759 4014 nata
3789 3966 3878 4015 est

2171 4049 2240 4103 de
2271 4049 2589 4103 substantia
2619 4054 2737 4118 tua,
2769 4049 2950 4103 fecisti
2976 4049 3194 4121 aliquid
3225 4055 3280 4105 et
3311 4051 3379 4104 de
3409 4050 3608 4104 nihilo.
3671 4051 3876 4104 Fecisti

2170 4136 2324 4190 enim
2355 4138 2561 4192 coelum
2591 4141 2647 4192 et
2674 4141 2886 4192 terram
2912 4158 2927 4205 ;
2958 4154 3068 4192 non
3097 4138 3165 4193 de
3189 4143 3242 4193 te
3273 4155 3286 4194 :
3322 4156 3454 4194 nam
3486 4144 3632 4194 esset
3652 4139 3874 4210 zequale

2176 4226 2477 4297 Unigenito
2507 4231 2628 4292 tuo,
2671 4243 2735 4280 ac
2763 4244 2868 4298 per
2893 4228 3000 4282 hoc
3029 4233 3087 4282 et
3133 4228 3272 4294 tibi;
3307 4233 3362 4282 et
3390 4227 3551 4282 nullo
3584 4228 3758 4282 modo
3782 4228 3876 4298 ju-

2172 4319 2323 4368 stum
2345 4319 2513 4380 esset,
2544 4319 2609 4368 ut
2638 4315 2858 4386 azquale
2879 4315 2984 4369 tibi
3013 4320 3179 4382 esset,
3211 4317 3365 4387 quod
3390 4317 3459 4370 de
3491 4321 3674 4370 tenon
3700 4321 3869 4373 esset.

2173 4405 2239 4458 Et
2263 4403 2420 4457 aliud
2448 4408 2655 4474 praeter
2693 4409 2748 4458 te
2797 4421 2916 4459 non
2966 4408 3087 4459 erat
3126 4406 3279 4458 unde
3331 4405 3541 4458 faceres
3587 4421 3672 4471 ea,
3725 4407 3875 4460 Deus

2175 4508 2286 4546 una
2313 4492 2581 4562 Trinitas,
2613 4497 2670 4547 et
2719 4492 2867 4546 trina
2894 4493 3087 4548 Unitas
3115 4509 3127 4548 :
3162 4497 3217 4546 et
3243 4493 3370 4547 ideo
3401 4493 3470 4546 de
3520 4492 3701 4546 nihilo
3736 4494 3876 4547 feci-

2172 4581 2242 4635 sti
2274 4582 2480 4635 ccelum
2511 4585 2568 4635 et
2599 4585 2833 4648 terram,
2891 4598 3164 4653 magnum
3211 4581 3485 4652 quiddam
3533 4586 3590 4635 et
3632 4598 3875 4652 parvum

2172 4670 2446 4741 quiddam
2474 4687 2487 4736 ;
2545 4669 2820 4740 quoniam
2853 4670 3218 4741 omnipotens
3249 4673 3306 4722 et
3356 4668 3542 4722 bonus
3598 4685 3658 4723 es
3689 4669 3759 4723 ad
3788 4671 3872 4724 fa-

2171 4758 2371 4812 cienda
2403 4758 2596 4813 omnia
2619 4758 2792 4829 bona,
2839 4773 3117 4829 magnum
3165 4757 3367 4811 malum
3417 4762 3473 4811 et
3504 4774 3735 4828 parvam
3763 4763 3874 4812 ter-

2171 4863 2314 4901 ram.
2348 4848 2430 4901 Tu
2463 4863 2608 4914 eras,
2657 4852 2714 4900 et
2761 4847 2916 4901 aliud
2963 4845 3107 4900 nihil
3157 4845 3306 4899 unde
3349 4845 3532 4900 fecisti
3569 4847 3774 4901 coelum
3817 4852 3874 4900 et

2171 4940 2406 5003 terram,
2443 4937 2556 4992 duo
2575 4936 2838 5008 quaedam
2867 4952 2880 5002 ;
2914 4949 3094 4988 unum
3119 4951 3302 5005 prope
3324 4940 3402 5004 te,
3427 4936 3668 4990 alterum
3688 4951 3872 5006 prope

2235 5034 2425 5082 1Mart.
2457 5047 2521 5081 ex
2551 5032 2757 5081 duobus
2805 5032 2927 5079 Mss.
2971 5034 3372 5082 verumtamen:
3420 5033 3496 5082 sic
3539 5034 3694 5083 etiam
3731 5045 3872 5081 unus

2173 5095 2312 5159 apud
2341 5095 2508 5159 Rond.
2535 5094 2940 5159 magnuseriptus.
2965 5095 3031 5159 ill,

2235 5160 2254 5192 9
2285 5157 2563 5218 Sequimur
2583 5157 2713 5218 Mss.
2739 5155 2955 5218 Behigu.
2982 5155 3308 5215 Theodoric.,
3340 5160 3437 5206 etc.
3477 5158 3588 5205 Non
3614 5155 3872 5218 paucita-

2171 5233 2293 5268 men
2329 5217 2463 5282 Lov.
2483 5220 2677 5282 etiArn.
2696 5217 3192 5282 habeutLquiddam
3219 5221 3363 5268 inter
3391 5217 3694 5272 formamet
3708 5217 3869 5274 nihil.

2171 5295 2286 5334 nec.
2319 5285 2418 5329 etc.
2443 5281 2507 5328 At
2536 5280 2790 5328 Bad.Am.
2824 5285 2876 5328 et
2904 5280 2987 5330 Er.
3009 5295 3126 5329 cum
3160 5282 3368 5330 duobus
3400 5283 3520 5331 Mss.
3553 5281 3626 5329 sic
3647 5282 3824 5329 ferunt
3857 5295 3868 5328 :

2172 5355 2334 5416 quam
2351 5355 2418 5414 _co
2453 5343 2660 5392 ilabam
2676 5342 2929 5416 quiddam
2955 5342 3187 5407 informe
3207 5343 3407 5394 elnihil
3433 5342 3747 5407 formatum,
3773 5355 3874 5393 nec

2172 5405 2322 5467 nihil.
2344 5358 2587 5467 inﬂirme.
2604 5417 2780 5467 prope
2806 5405 2966 5456 nihil.

2172 5418 2303 5454 mnu
2314 5442 2321 5447 .
2344 5418 2394 5453 ιη

2235 5469 2256 5502 3
2277 5466 2360 5514 Sic
2381 5466 2504 5515 Mss.
2531 5466 2718 5529 paucis
2741 5469 2990 5529 exceptis.
3023 5468 3088 5518 At
3140 5469 3270 5517 Lov.
3329 5481 3450 5516 cum
3479 5467 3872 5528 antiquioribus

2172 5529 2515 5594 editionibus,
2532 5527 2686 5594 nihil
2703 5527 2916 5594 aliquid
2929 5535 3022 5591 est,
3037 5535 3210 5583 etnon
3220 5533 3318 5590 est,
3352 5531 3446 5580 hoc
3473 5542 3592 5580 eam
3609 5527 3868 5580 dicere-1n.

2235 5594 2254 5626 ι
2276 5591 2432 5652 Editi,
2458 5591 2588 5644 alibi
2610 5591 2776 5642 aliud.

2425 5405 2587 5459 'orme.
2604 5417 2780 5467 prope
2806 5405 2966 5456 nihil.
