4058 6344
187 279 288 330 829

187 399 326 455 nihil
353 416 368 454 :
400 415 601 467 unum,
635 414 754 469 quo
773 397 1035 469 superior
1061 402 1126 453 tu
1154 415 1339 467 esses;
1373 400 1636 468 alterum,
1668 417 1782 474 quo
1812 401 1890 457 in-

188 490 364 545 ferius
399 489 543 543 nihil
565 493 735 543 esset.

837 577 1062 632 CAPUT
1100 578 1243 632 VIII.

257 669 492 723 Materia
516 667 771 733 informis
800 682 867 720 ex
895 667 1068 720 nihilo
1101 680 1112 720 :
1146 684 1212 720 ea:
1234 667 1332 721 hac
1353 671 1531 722 omnia
1554 669 1814 723 visibilia.

257 761 309 812 8.
345 757 455 811 Sed
485 756 624 810 illud
657 757 865 810 caelum
891 755 1020 809 caeli
1047 755 1171 819 tibi,
1202 755 1472 823 Domine;
1519 760 1670 812 terra
1697 762 1890 812 autem

186 861 362 916 quam
395 843 602 899 dedisti
644 843 778 898 ﬁliis
812 843 1113 898 hominum
1147 844 1309 914 (Psal.
1343 862 1490 913 cxui,
1541 849 1620 914 15)
1652 862 1889 901 cernen-

185 935 320 988 dam
347 937 519 1004 atque
574 932 946 1002 tangendam,
998 947 1118 986 non
1149 936 1270 986 erat
1299 933 1426 986 talis
1475 935 1706 1004 qualem
1736 951 1890 989 nunc

184 1021 478 1076 cernimus
507 1025 564 1075 et
591 1021 900 1091 tangimus.
931 1020 1231 1075 Invisibilis
1277 1021 1431 1076 enim
1461 1027 1581 1076 erat
1597 1028 1652 1077 et
1680 1023 1889 1078 incom-

184 1110 394 1182 posita,
427 1115 483 1165 et
513 1110 746 1181 abyssus
779 1114 917 1173 erat
961 1126 1133 1180 super
1187 1127 1360 1181 quam
1417 1127 1535 1166 non
1585 1116 1705 1167 erat
1746 1113 1840 1166 lux
1873 1133 1888 1180 ;

183 1207 283 1256 aut
315 1203 357 1267 ί,
385 1201 630 1255 Tenebrae
649 1205 806 1254 erant
835 1216 1001 1269 super
1045 1200 1300 1268 abyssum
1328 1202 1475 1270 (Gen.
1503 1219 1542 1269 ι,
1586 1204 1662 1273 2),
1694 1202 1750 1256 id
1782 1207 1886 1265 est,

185 1290 370 1361 magis
399 1306 572 1360 quam
603 1288 662 1343 in
692 1289 908 1359 abysso.
943 1290 1054 1342 Ista
1096 1287 1307 1360 quippe
1347 1289 1580 1359 abyssus
1611 1306 1888 1361 aquarum

177 1378 299 1448 jam
328 1377 641 1431 visibilium
674 1377 844 1431 etiam
876 1376 934 1430 in
953 1377 1248 1447 profundis
1291 1377 1406 1430 suis
1454 1378 1624 1432 habet
1678 1378 1888 1448 speciei

183 1482 301 1519 sum
335 1467 523 1519 lucem
549 1470 860 1534 utcumque
909 1465 1235 1518 sensibilem
1279 1465 1549 1535 piscibus,
1581 1469 1637 1520 et
1675 1482 1887 1536 repen-

183 1553 340 1608 tibus
367 1553 429 1607 in
464 1570 568 1606 suo
592 1553 772 1607 fundo
803 1552 1196 1606 animantibus
1232 1569 1244 1607 :
1285 1553 1428 1607 illud
1480 1557 1670 1608 autem
1705 1559 1887 1608 totum

181 1658 367 1714 prope
398 1641 543 1696 nihil
593 1646 734 1707 erat,
795 1640 1074 1712 quoniam
1134 1641 1319 1695 adhuc
1375 1642 1608 1695 omnino
1646 1642 1889 1697 informe

182 1737 302 1785 erat
329 1747 342 1797 ;
369 1731 491 1800 jam
523 1735 715 1784 tamen
747 1734 868 1784 erat
897 1730 1048 1800 quod
1079 1729 1316 1784 formari
1337 1735 1584 1801 poterat.
1607 1733 1688 1785 Tu
1709 1731 1884 1797 enim,

183 1820 452 1887 Domine,
483 1818 667 1872 fecisti
705 1819 986 1872 mundum
1020 1819 1089 1873 de
1138 1819 1378 1873 materia
1408 1819 1658 1886 informi,
1713 1836 1886 1892 quam

180 1907 367 1962 fecisti
399 1908 468 1962 de
513 1908 672 1961 nulla
719 1923 782 1960 re
824 1924 970 1978 pene
1014 1907 1232 1960 nullam
1283 1924 1427 1975 rem,
1477 1909 1629 1962 unde
1675 1908 1886 1962 faceres

181 2013 394 2065 magna
425 2013 552 2066 qua:
582 1996 860 2048 miramur
891 1995 995 2049 ﬁlii
1036 1995 1356 2051 hominum.
1389 1997 1561 2050 Valde
1591 1997 1744 2050 enim
1775 1997 1884 2051 mi-

183 2085 366 2138 rabile
415 2085 524 2138 hoc
570 2085 774 2138 caelum
832 2100 1196 2154 corporeum,
1256 2085 1411 2155 quod
1458 2086 1885 2139 ﬁrmamentum

180 2173 336 2226 inter
355 2187 565 2242 aquam
603 2176 659 2225 et
683 2187 892 2241 aquam
922 2172 1170 2225 secundo
1202 2171 1293 2225 die
1325 2178 1454 2242 post
1486 2173 1877 2227 conditionem

181 2261 325 2314 lucis
356 2259 571 2327 dixisti,
621 2262 783 2328 Fiat;
831 2264 886 2312 et
939 2260 1017 2312 sic
1068 2259 1280 2313 factum
1334 2265 1417 2314 est
1472 2261 1656 2331 (Ibid,
1707 2264 1759 2329 6,
1807 2263 1881 2332 7).

179 2349 346 2413 Quod
378 2349 806 2402 firmamentum
833 2347 1043 2401 vocasti
1067 2349 1305 2413 cmlum;
1341 2349 1436 2402 sed
1483 2349 1688 2403 ccelum
1718 2354 1885 2404 terra:

182 2439 357 2508 hujus
385 2443 443 2491 et
482 2437 656 2491 maris
685 2454 814 2508 quae
844 2437 1026 2492 fecisti
1077 2438 1247 2491 tertio
1277 2437 1389 2505 die,
1421 2438 1608 2493 dando
1639 2439 1886 2510 speciem

179 2526 465 2581 visibilem
495 2526 726 2580 informi
771 2526 1025 2580 materiae
1055 2543 1226 2597 quam
1249 2526 1431 2580 fecisti
1477 2532 1606 2581 ante
1654 2543 1886 2582 omnem

179 2615 359 2669 diem.
389 2617 514 2668 Jam
545 2614 700 2668 enim
729 2614 942 2668 feceras
974 2620 1030 2668 et
1057 2615 1261 2668 caalum
1294 2620 1422 2668 ante
1447 2631 1681 2689 omnem
1709 2615 1884 2682 diem,

151 2773 154 2775 Α
178 2704 274 2758 sed
300 2703 509 2757 coelum
527 2702 654 2756 cmli
670 2703 839 2773 hujus
863 2721 880 2770 ;
899 2703 1036 2774 quia
1056 2703 1114 2756 in
1136 2703 1415 2774 principio
1437 2705 1652 2759 feceras
1677 2706 1886 2759 coelum

181 2797 239 2846 et
271 2798 509 2846 terram.
544 2793 716 2846 Terra
745 2795 936 2845 autem
969 2791 1091 2861 ipsa
1121 2808 1295 2862 quam
1342 2793 1574 2859 feceras,
1628 2793 1887 2848 informis

182 2879 454 2955 materies
484 2885 627 2938 erat,
662 2879 796 2950 quia
828 2879 1128 2933 invisibilis
1150 2885 1271 2934 erat
1315 2885 1372 2934 et
1405 2881 1798 2952 incomposita,
1831 2887 1889 2937 et

182 2969 438 3024 tenebrae
470 2984 643 3039 super
671 2969 936 3039 abyssum
965 2971 1022 3023 ἐ
1057 2969 1125 3023 de
1175 2985 1288 3040 qua
1336 2974 1487 3023 terra
1534 2969 1804 3025 invisibili
1833 2975 1890 3026 et

179 3056 587 3128 incomposita,
621 3057 690 3110 de
720 3073 832 3128 qua
860 3055 1233 3124 informitate,
1268 3058 1336 3112 de
1367 3074 1480 3129 quo
1510 3075 1659 3129 pene
1707 3060 1886 3113 nihilo

179 3143 401 3198 faceres
447 3145 568 3198 haec
623 3144 819 3198 omnia
878 3144 1085 3215 quibus
1141 3145 1249 3199 iste
1301 3147 1591 3200 mutabilis
1637 3149 1886 3203 mundus

179 3238 431 3300 constat,
463 3238 520 3287 et
551 3249 666 3287 non
689 3236 925 3299 constat,
958 3233 1020 3287 in
1045 3250 1158 3304 quo
1184 3234 1306 3306 ipsa
1336 3235 1686 3290 mutabilitas
1711 3253 1885 3308 appa-

180 3327 268 3375 ret
298 3321 356 3375 in
389 3338 503 3392 qua
532 3321 729 3376 sentiri
751 3321 1726 3396 etdinumeraripossunttempora;
1752 3326 1886 3396 quia

179 3426 380 3464 rerum
411 3410 828 3464 mutationibus
856 3410 1003 3464 fiunt
1034 3415 1295 3482 tempora
1335 3412 1471 3466 dum
1502 3412 1794 3468 variantur
1831 3418 1886 3468 et

182 3503 489 3553 vertuntur
520 3498 755 3571 species,
787 3515 1030 3570 quarum
1052 3499 1317 3554 materies
1344 3500 1617 3571 praedicta
1636 3507 1720 3556 est
1735 3507 1887 3558 terra

181 3586 507 3642 invisibilis.

864 3678 1089 3732 CAPUT
1121 3679 1206 3734 IX.

181 3767 294 3821 Cur
313 3765 516 3834 absque
539 3765 755 3820 dierum
783 3769 1047 3820 mentione
1074 3769 1342 3836 script-um
1371 3773 1449 3822 est
1494 3771 1663 3823 Deum
1697 3770 1887 3836 fecisse

578 3856 637 3907 in
661 3856 938 3924 principio
971 3857 1156 3910 uelum
1194 3861 1244 3910 et
1275 3861 1495 3910 terram.

254 3945 311 3997 9.
336 3940 586 4012 Ideoque
612 3941 858 4013 Spiritus
890 3943 1086 3998 doctor
1115 3944 1314 3999 famuli
1342 3945 1447 4014 tui,
1477 3961 1606 3999 cum
1645 3949 1699 4000 te
1729 3961 1882 3999 com-

178 4035 468 4084 memorat
492 4031 690 4085 fecisse
721 4033 782 4085 in
812 4032 1098 4103 principio
1148 4034 1353 4087 caslum
1383 4039 1439 4087 et
1466 4038 1698 4099 terram,
1739 4038 1884 4087 tacet

182 4120 254 4174 de
285 4119 660 4188 temporibus,
690 4121 817 4174 silet
844 4121 913 4174 de
942 4121 1161 4176 diebus.
1188 4121 1468 4176 Nimirum
1498 4121 1650 4175 enim
1677 4124 1882 4176 ccelum

178 4207 311 4263 cceli
357 4213 512 4279 quod
559 4208 621 4262 in
666 4209 950 4284 principio
996 4210 1195 4276 fecisti,
1256 4214 1514 4264 creatura
1562 4215 1647 4264 est
1694 4211 1885 4282 aliqua

179 4296 624 4365 intellectualis;
674 4314 1004 4370 quanquam
1053 4315 1416 4371 nequaquam
1471 4299 1575 4354 tibi
1621 4299 1884 4355 Trinitati

179 4391 492 4452 coaeterna,
523 4387 810 4459 particeps
839 4392 1031 4442 tamen
1060 4387 1392 4442 aeternitatis
1409 4394 1545 4456 tum,
1564 4389 1725 4444 valde
1752 4406 1882 4443 mu-

177 4473 526 4528 tabilitatem
564 4491 725 4530 suam
776 4493 895 4546 pra'.
927 4475 1227 4530 dulcedine
1256 4475 1598 4530 felicissimae
1627 4482 1883 4532 contem~

177 4561 458 4633 plationis
486 4567 600 4617 tua:
631 4563 878 4630 cohibet,
914 4569 969 4618 et
1003 4563 1122 4618 sine
1161 4564 1277 4618 ullo
1307 4565 1472 4634 lapsu
1500 4581 1564 4618 ex
1595 4582 1708 4636 quo
1738 4567 1884 4620 facta

177 4655 266 4705 est
295 4650 628 4706 inhaerendo
660 4652 780 4717 tibi,
813 4653 1034 4707 excedit
1072 4669 1303 4708 omnem
1353 4653 1662 4708 volubilem
1714 4654 1881 4708 vicis-

179 4739 494 4794 situdinem
529 4745 873 4812 temporum.
909 4743 1019 4796 Ista
1042 4758 1175 4795 vero
1202 4741 1543 4807 informitas,
1575 4746 1727 4796 terra
1752 4747 1773 4778 ³
1801 4743 1885 4796 in-

179 4828 420 4882 visibilis
457 4832 512 4882 et
550 4829 953 4901 incomposita,
989 4847 1090 4884 nec
1120 4830 1243 4901 ipsa
1270 4829 1329 4883 in
1352 4830 1552 4884 diebus
1584 4836 1885 4885 numerata

180 4922 293 4971 est.
328 4917 433 4970 Ubi
457 4917 611 4972 enim
639 4920 800 4972 nulla
844 4919 1082 4990 species,
1130 4919 1322 4973 nullus
1372 4919 1551 4985 ordo;
1601 4934 1704 4972 nec
1733 4921 1884 4973 venit

179 5005 520 5078 quidquam,
571 5022 677 5061 nec
723 5007 1024 5078 praeterit:
1073 5011 1130 5062 et
1177 5008 1274 5062 ubi
1316 5008 1424 5062 hoc
1470 5024 1584 5062 non
1627 5008 1730 5075 ﬁt;
1764 5025 1882 5063 non

176 5099 311 5149 sunt
352 5095 546 5166 utique
578 5095 718 5163 dies,
777 5112 882 5150 nec
933 5095 1262 5152 vicissitudo
1316 5097 1630 5168 spatiorum
1661 5103 1881 5168 tempo-

178 5184 412 5238 ralium.

241 5293 254 5324 ¹
290 5290 369 5338 Ita
391 5289 446 5337 in
474 5289 781 5338 melioribus
815 5291 937 5339 Mss.
964 5294 1016 5339 et
1043 5291 1166 5340 Bad.
1199 5291 1358 5341 Porro
1395 5292 1449 5340 in
1479 5292 1594 5341 aliis
1627 5293 1884 5353 Edd.,sed

175 5353 391 5400 tenebrae
422 5354 601 5401 erant.

235 5414 518 5480 2_ln_prius
561 5412 808 5480 vulgatis,
843 5416 892 5463 et
938 5414 1168 5464 tenebra:
1213 5419 1369 5466 erant
1407 5429 1566 5480 super
1611 5417 1880 5480 abyssum.

181 5476 275 5525 Sed
313 5478 469 5526 abest
497 5477 656 5524 erant
684 5489 715 5523 a
742 5476 864 5524 Mss.

233 5541 254 5576 ³
277 5541 406 5590 Lov.
438 5551 566 5587 cum
595 5537 712 5586 aliis
740 5538 869 5588 Edd.
893 5537 1206 5602 informitas
1233 5541 1386 5590 terrae
1414 5540 1714 5594 invisibilis.

1609 279 1822 335 LIBER
1884 280 2366 340 DUODECIMUS.

3591 283 3697 336 830

2677 405 2902 461 CAPUT
2940 406 3007 458 Χ.

2540 495 2589 550 Α
2613 498 2716 549 Deo
2745 496 2894 563 cupit
2933 492 3160 546 edoceri.

2072 585 2155 636 10.
2185 583 2227 636 Ο
2261 581 2492 649 Veritas,
2518 583 2712 636 lumen
2744 581 2928 636 cordis
2959 579 3094 645 mei,
3129 595 3242 634 non
3269 580 3520 634 tenebrzc
3546 596 3692 633 mea:

1995 670 2310 741 loquantur
2328 671 2488 725 mihi.
2515 671 2730 725 Detluxi
2759 672 2824 725 ad
2853 671 2960 724 ista
2982 675 3038 724 et
3065 669 3396 723 obscuratus
3415 683 3574 735 sum;
3595 669 3690 722 sed

1995 758 2129 813 hinc
2155 759 2346 826 etiam,
2377 759 2510 814 hinc
2540 760 2796 813 adamavi
2817 765 2892 814 te.
2929 758 3119 812 Erravi
3141 762 3196 812 et
3217 757 3546 812 recordatus
3567 773 3691 810 sum

1997 848 2098 902 tui.
2144 847 2349 903 Audivi
2386 864 2580 902 vocem
2629 854 2786 902 tuam
2817 852 2943 918 post
2983 864 3075 902 me
3112 851 3178 902 ut
3203 847 3474 913 redirem,
3517 850 3576 900 et
3601 844 3691 899 vix

1995 937 2187 990 audivi
2215 940 2449 1008 propter
2477 937 2758 990 tumultus
2784 936 3202 1005 impacatorum
3223 935 3264 990 ¹.
3293 936 3357 990 Et
3385 951 3538 988 nunc
3567 949 3692 988 ecce

1994 1025 2168 1079 redeo
2195 1031 2443 1079 aestuans
2472 1029 2528 1079 et
2543 1025 2818 1079 anhelans
2839 1025 2906 1077 ad
2939 1025 3153 1077 fontem
3181 1029 3362 1078 tuum.
3395 1025 3570 1078 Nemo
3601 1038 3692 1076 me

1993 1114 2318 1185 prohibeat;
2350 1115 2503 1168 hunc
2541 1114 2756 1178 bibam,
2790 1117 2846 1166 et
2875 1112 3007 1166 hinc
3037 1112 3246 1168 vivam.
3288 1115 3409 1167 Non
3439 1128 3544 1182 ego
3576 1111 3694 1165 vita

1996 1219 2124 1256 mea
2147 1203 2288 1269 sim;
2313 1203 2460 1257 male
2487 1203 2598 1256 vixi
2627 1219 2692 1256 ex
2725 1219 2835 1271 me,
2867 1217 3020 1256 mors
3051 1200 3192 1254 mihi
3222 1201 3304 1254 fui
3325 1201 3427 1254 :'in
3458 1207 3512 1254 te
3543 1200 3687 1253 revi-

1993 1291 2142 1344 visco
2170 1295 2211 1345 ².
2249 1293 2334 1346 'I‘u
2372 1307 2462 1345 me
2491 1292 2806 1361 alloquere,
2838 1294 2898 1344 tu
2930 1289 3072 1343 mihi
3110 1288 3516 1343 sermocinare.
3557 1289 3689 1342 Cre-

1993 1379 2112 1434 didi
2144 1380 2323 1434 Libris
2351 1380 2484 1446 tuis,
2515 1385 2572 1434 et
2598 1380 2769 1434 verba
2798 1395 2994 1432 eorum
3027 1394 3236 1432 arcana
3259 1377 3439 1431 valde.

2673 1488 2896 1541 CAPUT
2934 1487 3016 1540 XI.

2498 1575 2649 1641 Quod
2687 1592 2722 1629 a
2758 1579 2861 1629 Deo
2900 1575 3178 1629 didicerit.

2069 1667 2152 1716 tl.
2186 1665 2312 1717 Iam
2345 1663 2532 1718 dixisti
2564 1663 2727 1729 mihi,
2773 1663 3031 1728 Domine,
3062 1677 3197 1716 voce
3229 1660 3361 1716 forti
3391 1660 3451 1714 in
3493 1675 3689 1713 aurem

1992 1750 2344 1820 interiorem,
2375 1752 2512 1823 quia
2539 1757 2602 1806 tu
2635 1757 2879 1806 aeternus
2909 1768 2985 1816 es,
3021 1751 3174 1804 solus
3205 1749 3420 1804 habens
3452 1747 3690 1802 immor-

1991 1841 2271 1894 talitatem
2313 1839 2354 1909 (I
2400 1843 2536 1894 Tim.
2581 1857 2654 1906 vi,
2706 1841 2820 1906 16);
2873 1837 3149 1909 quoniam
3185 1853 3252 1890 ex
3302 1837 3460 1890 nulla
3505 1835 3689 1906 spccie

1992 1933 2221 1982 motuve
2243 1929 2500 1996 mutaris,
2525 1944 2630 1982 nec
2646 1928 2999 1997 temporibus
3015 1927 3264 1980 variatur
3282 1927 3538 1979 voluntas
3555 1929 3686 1977 tua:

1992 2017 2126 2088 quia
2171 2032 2285 2071 non
2333 2021 2416 2070 est
2462 2016 2802 2070 immortalis
2832 2017 3114 2081 voluntas,
3156 2031 3284 2086 quae
3327 2013 3438 2068 alia
3477 2018 3535 2068 et
3576 2012 3689 2066 alia

1990 2110 2092 2158 est.
2141 2107 2253 2159 Hoc
2282 2104 2342 2158 in
2372 2109 2673 2175 conspectu
2705 2109 2805 2158 tuo
2854 2105 3030 2158 claret
3058 2102 3222 2170 mihi,
3255 2107 3310 2156 et
3335 2101 3516 2172 magis
3569 2118 3688 2155 ma-

1991 2194 2193 2263 gisque
2235 2195 2502 2246 clarescat
2549 2210 2649 2246 oro
2695 2198 2772 2258 te,
2818 2197 2987 2263 atque
3031 2191 3091 2245 in
3121 2208 3187 2246 ea
3233 2190 3689 2245 manifestatione

1991 2283 2291 2354 persistam
2321 2281 2546 2336 sobrius
2572 2283 2676 2335 sub
2699 2281 2802 2335 alis
2827 2282 2959 2335 tuis.
2994 2282 3135 2334 Item
3167 2279 3357 2334 dixisti
3383 2279 3547 2342 mihi,
3580 2280 3691 2333 Do-

1995 2369 2170 2435 mine,
2216 2386 2352 2423 voce
2398 2369 2533 2423 forti
2563 2369 2622 2422 in
2652 2385 2850 2423 aurem
2894 2368 3244 2432 interiorem,
3295 2367 3448 2438 quod
3494 2382 3691 2420 omnes

1993 2463 2226 2512 naturas
2241 2462 2413 2528 atque
2432 2458 2775 2512 substantias
2797 2474 2926 2528 quae
2949 2473 3066 2510 non
3089 2460 3222 2511 sunt
3254 2456 3409 2526 quod
3441 2460 3505 2510 tu
3531 2472 3606 2519 es,
3638 2458 3694 2509 et

1990 2551 2187 2601 tamen
2213 2553 2366 2612 sunt,
2390 2552 2452 2601 tu
2477 2547 2660 2601 fecisti
2685 2563 2698 2601 :
2733 2551 2787 2600 et
2808 2548 2916 2601 hoc
2941 2548 3123 2601 solum
3152 2550 3258 2601 ate
3289 2562 3405 2600 non
3427 2549 3510 2599 est
3539 2546 3692 2616 quod

1997 2652 2110 2688 non
2144 2640 2248 2704 est,
2280 2640 2583 2706 motusque
2606 2635 2911 2689 voluntatis
2940 2652 2974 2688 a
3002 2639 3077 2701 te,
3111 2635 3209 2706 qui
3235 2651 3316 2701 es,
3350 2634 3423 2688 ad
3450 2633 3509 2688 id
3540 2633 3691 2704 quod

1997 2722 2188 2777 minus
2213 2728 2325 2789 est;
2357 2723 2492 2794 quia
2517 2723 2642 2776 talis
2681 2728 2870 2777 motus
2902 2724 3171 2777 delictum
3202 2725 3372 2792 atque
3402 2726 3694 2793 peccatum

1994 2817 2110 2866 est:
2145 2816 2199 2865 et
2228 2812 2380 2882 quod
2411 2811 2622 2864 nullius
2647 2816 2941 2880 peccatum
2971 2815 3069 2864 aut
3096 2810 3200 2864 tibi
3231 2815 3414 2878 nocet,
3446 2815 3544 2863 aut
3568 2825 3695 2879 per-

1993 2901 2187 2954 turbat
2225 2899 2485 2953 ordinem
2525 2899 2753 2969 imperii
2793 2899 2878 2952 tui
2909 2899 2994 2952 vel
3024 2898 3084 2952 in
3115 2898 3300 2969 primo
3331 2899 3417 2951 vel
3449 2897 3506 2950 in
3539 2897 3684 2951 imo.

1997 2990 2111 3042 Hoc
2141 2988 2199 3042 in
2229 2991 2535 3058 conspectu
2564 2992 2663 3041 tuo
2694 2986 2870 3041 claret
2901 2985 3065 3054 mihi,
3103 2991 3160 3040 et
3184 2985 3366 3056 magis
3395 2985 3692 3055 magisque

1992 3078 2280 3143 clarescat,
2314 3092 2414 3130 oro
2446 3079 2521 3142 te,
2551 3079 2719 3146 atque
2739 3075 2798 3128 in
2829 3091 2895 3129 ea
2913 3073 3369 3128 manifestatione
3389 3072 3690 3144 persistam

1986 3165 2218 3220 sobrius
2249 3165 2352 3218 sub
2383 3164 2486 3218 alis
2515 3164 2654 3218 tuis.

2066 3257 2149 3310 l2.
2179 3255 2316 3307 Item
2336 3252 2526 3308 dixisti
2549 3251 2691 3306 mihi
2712 3267 2846 3306 voce
2868 3251 3001 3306 forti
3034 3251 3094 3305 in
3116 3267 3312 3305 aurem
3335 3249 3691 3317 interiorem,

1991 3343 2145 3413 quod
2176 3358 2280 3396 nec
2309 3341 2409 3395 illa
2430 3346 2687 3395 creatura
2711 3341 2817 3395 tibi
2855 3345 3138 3394 comterna
3168 3344 3272 3408 est,
3301 3340 3462 3409 cujus
3491 3340 3692 3393 volun-

1993 3436 2118 3486 tas'
2154 3436 2218 3486 tu
2259 3432 2410 3485 solus
2457 3447 2536 3497 es,
2595 3435 2766 3502 teque
2829 3429 3392 3502 perseverantissima
3437 3429 3694 3483 castitate

1991 3521 2262 3575 hauriens
2297 3519 2738 3574 mutabilitatem
2778 3535 2940 3574 suam
2973 3534 3268 3590 nunquam
3306 3523 3360 3572 et
3408 3533 3691 3588 nusquam

1992 3611 2216 3676 exserit,
2252 3614 2308 3664 et
2337 3613 2390 3663 te
2427 3608 2535 3662 sibi
2577 3624 2803 3678 semper
2842 3611 3123 3678 praisente
3161 3607 3231 3661 ad
3261 3622 3433 3678 quem
3465 3611 3582 3660 toto
3608 3608 3692 3660 af-

1990 3699 2140 3754 fectu
2165 3716 2224 3753 se
2256 3701 2426 3760 tenet,
2463 3714 2579 3750 non
2625 3697 2840 3750 habens
2885 3696 3036 3766 quod
3083 3699 3368 3765 exspectet
3410 3695 3688 3760 futurum,

1993 3804 2097 3842 nec
2125 3788 2186 3841 in
2225 3784 2584 3856 prmteritum
2627 3784 2916 3856 trajiciens
2948 3783 3103 3853 quod
3156 3781 3500 3846 meminerit,
3535 3781 3693 3836 nulla

1995 3876 2109 3930 vice
2161 3874 2433 3940 variatur,
2482 3890 2586 3927 nec
2633 3873 2692 3927 in
2739 3878 2998 3942 tempora
3057 3871 3171 3924 ulla
3219 3870 3589 3926 distenditur.
3647 3871 3690 3925 Ο

1991 3965 2174 4027 beata,
2213 3964 2259 4017 si
2304 3979 2418 4034 qua
2466 3961 2574 4016 ista
2621 3966 2724 4027 est,
2776 3959 3108 4014 inhazrendo
3158 3957 3497 4013 beatitudini
3544 3962 3690 4025 tuae;

1991 4054 2156 4108 beata
2203 4051 2550 4123 sempiterno
2591 4049 2974 4104 inbabitatorc
3003 4054 3079 4117 te,
3130 4052 3302 4118 atque
3342 4047 3689 4101 illustratore

1991 4149 2123 4198 suo!
2159 4143 2270 4196 Nec
2306 4141 2533 4195 invenio
2564 4140 2698 4210 quid
2738 4138 3005 4193 libentius
3043 4136 3450 4209 appellandum
3493 4136 3690 4190 existi-

1992 4249 2144 4286 mem
2175 4233 2370 4288 Ctelum
2397 4232 2512 4285 ωεἰί
2557 4231 2798 4298 Domino,
2847 4244 3019 4299 quam
3070 4227 3303 4281 domum
3345 4230 3526 4294 tuam,
3557 4241 3689 4279 con-

1990 4321 2362 4392 templantem
2421 4317 2854 4374 delectationem
2911 4321 3071 4371 tuam
3120 4315 3242 4370 sine
3299 4315 3418 4368 ullo
3464 4314 3690 4368 defectu

1991 4409 2321 4482 egrediendi
2363 4409 2421 4462 in
2461 4408 2652 4474 aliud;
2691 4412 2943 4461 mentem
2982 4421 3208 4475 puram,
3251 4403 3691 4458 concordissime

1990 4515 2162 4553 unam
2189 4498 2573 4553 stabilimento
2595 4497 2746 4566 pacis
2767 4500 3094 4549 sanctorum
3122 4493 3450 4564 spirituum,
3477 4491 3688 4546 civium

1989 4585 2228 4640 civitatis
2257 4591 2370 4639 tuae
2399 4585 2458 4638 in
2493 4584 2813 4639 caelestibus
2844 4599 3017 4653 super
3045 4583 3152 4636 ista
3179 4582 3448 4636 coelestia.

2065 4677 2155 4729 l3.
2219 4673 2377 4727 Unde
2442 4671 2726 4741 intelligat
2789 4670 2980 4724 anima
3021 4671 3183 4740 cujus
3228 4668 3615 4740 peregrinatio
3670 4673 3691 4704 ι

2055 4800 2068 4832 ¹
2102 4799 2225 4846 Lov.
2251 4800 2300 4846 et
2319 4796 2464 4853 Arn.,
2485 4799 2698 4856 propter
2714 4795 2979 4844 tumultus
2994 4796 3350 4856 peccatorum.
3377 4795 3476 4843 Sed
3504 4796 3691 4844 melius

1993 4860 2116 4909 Bad.
2151 4860 2266 4908 Am.
2299 4863 2350 4907 et
2378 4859 2486 4917 Er.,
2523 4860 2932 4919 impacatorum.
2964 4857 3094 4919 Nam
3137 4857 3210 4919 ita
3243 4857 3363 4906 Mss.
3407 4857 3556 4906 nullo
3585 4858 3690 4907 fere

1991 4926 2242 4985 excepto;
2267 4924 2420 4983 atque
2450 4920 2548 4967 hoc
2583 4918 2796 4985 nomine
2825 4918 3082 4985 «Alesignati
3119 4918 3366 4968 videntur
3393 4920 3689 4979 Manichzei,

1992 4981 2381 5047 Scripturarum
2404 4995 2671 5047 sacrarum
2697 4981 2916 5047 i_u_i1_uici.

2052 5049 2073 5081 3
2091 5041 2174 5094 Sic
2204 5046 2432 5094 habetur
2457 5045 2508 5092 in
2531 5043 2675 5106 prius
2697 5043 2847 5101 Edd.,
2873 5041 3222 5106 huncibibam,
3245 5047 3296 5092 et
3331 5045 3458 5092 tunc
3488 5043 3686 5106 vivam;

1988 5121 2112 5156 nam
2140 5121 2246 5157 non
2265 5122 2362 5170 ego
2384 5107 2494 5156 vita
2516 5103 2651 5155 mea.
2674 5107 2728 5156 Si
2755 5107 2892 5155 male
2909 5105 3041 5163 viri,
3059 5119 3126 5154 ea:
3149 5119 3232 5155 me
3261 5119 3402 5154 mors
3433 5105 3566 5154 mihi
3579 5103 3685 5166 fui,

1991 5175 2042 5220 et
2066 5172 2123 5218 in
2152 5173 2203 5219 te
2229 5171 2494 5218 reuiuisco.

2053 5235 2072 5266 3
2106 5233 2166 5279 In
2197 5233 2319 5279 Mss.
2349 5233 2517 5279 Germ.
2542 5230 2737 5278 Fossat.
2759 5233 2810 5278 et
2840 5229 2954 5278 aliis
2979 5243 3089 5290 sex,
3125 5228 3378 5289 voluptas.

2052 5296 2072 5327 ι
2096 5294 2216 5341 Lov.
2251 5298 2303 5342 et
2326 5295 2477 5341 Arn.:
2511 5293 2654 5340 ('ndr
2683 5291 2940 5353 intelligat
2965 5295 3143 5340 anima
3161 5295 3420 5353 quantum
3443 5291 3688 5350 peregri-

1989 5358 2226 5409 natione.
2277 5355 2608 5403 Przetulimus
2653 5350 2930 5402 lectionem
2979 5353 3102 5402 Bad.
3134 5350 3245 5400 A’m.
3277 5355 3329 5398 et
3361 5350 3443 5398 Er.
3476 5363 3593 5409 quae
3619 5364 3683 5398 ex

1989 5417 2230 5488 pluribus
2264 5419 2386 5488 illss.
2414 5417 2804 5488 com-probatur.
2836 5421 2890 5488 e_t
2915 5416 2999 5488 hic
3021 5410 3685 5488 apprimenqonvetuittgam

1990 5472 2173 5528 isthzec
2202 5480 2381 5538 verba,
2422 5472 2565 5529 unde
2601 5478 2866 5537 intelligat
2906 5472 3106 5535 anima,
3140 5474 3205 5521 ad
3245 5473 3334 5520 illa
3367 5472 3685 5536 referuntur,

1993 5553 2159 5605 quam
2183 5540 2330 5604 longe
2349 5553 2518 5604 super
2542 5543 2724 5590 omnia
2749 5543 2988 5602 tempora
3013 5540 3078 5588 sit
3108 5538 3359 5586 .rternus.
