4058 6352
369 283 465 336 831

365 400 682 473 longinqua
709 400 854 453 facta
882 404 985 466 est,
1014 398 1061 449 si
1085 397 1205 467 jam
1239 395 1358 450 sitit
1375 395 1510 460 tibi;
1543 393 1590 448 si
1615 394 1736 464 jam
1757 392 1916 446 facta:
1936 393 2070 443 sunt

365 489 419 544 ei
447 490 713 558 lacrymae
751 503 868 541 suae
917 486 1097 556 panis,
1143 484 1282 549 dum
1332 483 1543 538 dicitur
1589 482 1640 535 ei
1666 497 1770 550 per
1803 478 2064 550 singulos

365 579 503 639 dies,
540 576 645 631 Ubi
691 580 776 630 est
803 578 947 630 Deus
986 580 1118 628 tuus
1167 575 1330 643 (Psal.
1379 590 1486 633 xu,
1538 575 1588 637 3,
1624 573 1676 631 4,
1715 568 1839 638 11)?
1870 568 1917 622 si
1948 568 2070 637 jam

367 666 560 734 petita
589 669 642 718 te
671 679 843 718 unam
874 670 926 718 et
959 664 1101 717 hanc
1124 661 1388 733 requirit,
1420 667 1487 714 ut
1511 659 1792 713 inhabitet
1820 656 1878 710 in
1900 656 2069 710 domo

369 759 466 808 tua
495 770 598 822 per
623 769 821 807 omnes
848 752 967 806 dies
1006 751 1134 806 vitae
1165 767 1282 804 suae
1317 750 1476 818 (Psal.
1511 764 1658 808 xxw,
1694 745 1746 814 4)
1777 762 1788 800 :
1825 746 1914 814 (Et
1940 759 2069 814 quae

366 842 477 896 vita
520 842 641 910 ejus
670 841 781 894 nisi
809 843 909 894 tu?
935 845 993 896 et
1030 839 1128 910 qui
1173 839 1293 893 dies
1332 836 1417 890 tui
1464 836 1575 890 nisi
1605 837 1894 889 aeternitas
1940 837 2060 898 tua,

366 929 512 983 sicut
556 928 691 982 anni
737 928 820 982 tui
847 927 946 999 qui
990 943 1101 980 non
1154 925 1443 990 deﬁciunt,
1492 923 1626 993 quia
1666 923 1815 976 idem
1857 922 1978 990 ipse
2010 936 2068 972 es

375 1017 543 1087 il’sal.
577 1033 644 1080 ει,
679 1015 805 1087 28])
830 1016 857 1070 ξ)
875 1015 1006 1069 hinc
1034 1029 1168 1084 ergo
1198 1011 1478 1082 intelligat
1494 1011 1686 1064 anima
1709 1025 1837 1080 quae
1864 1010 2067 1078 potest,

370 1121 545 1176 quam
565 1106 736 1175 longe
760 1119 931 1174 super
950 1103 1144 1156 omnia
1166 1105 1424 1172 tempora
1447 1100 1521 1152 sis
1542 1103 1814 1161 aeternus;
1840 1096 2069 1166 quando

373 1200 470 1248 tua
493 1194 699 1247 domus
728 1208 857 1263 quae
888 1191 1251 1262 peregrinata
1283 1205 1396 1242 non
1428 1192 1533 1255 est,
1566 1185 1826 1256 quamvis
1855 1201 1969 1237 non
1999 1183 2072 1237 sit

374 1281 475 1335 tibi
504 1286 807 1345 coaeterna,
836 1284 1027 1333 tamen
1053 1276 1442 1331 indesinenter
1471 1279 1527 1328 et
1555 1273 1945 1327 indeiicienter
1970 1271 2071 1326 tibi

369 1367 710 1422 cohzcrendo
741 1368 958 1421 nullam
989 1365 1206 1436 patitur
1235 1363 1685 1418 vicissitudinem
1716 1366 2066 1431 temporum.

375 1459 489 1511 Hoc
517 1455 578 1510 in
609 1459 916 1526 conspectu
945 1460 1044 1508 tuo
1075 1455 1249 1507 claret
1279 1451 1443 1517 mihi,
1475 1456 1530 1504 et
1557 1450 1740 1521 magis
1769 1449 2071 1520 magisque

371 1547 656 1605 clarescat.
705 1561 803 1598 oro
848 1552 916 1605 te,
970 1549 1140 1614 atque
1185 1541 1246 1595 in
1297 1543 1401 1596 hac
1441 1541 1903 1595 manifestatione
1941 1553 2070 1609 per-

371 1633 566 1687 sistam
594 1632 813 1686 sobrius
842 1631 947 1684 sub
982 1631 1083 1684 alis
1112 1630 1246 1685 tuis.

447 1723 528 1775 li.
563 1722 695 1775 Ecce
727 1719 914 1773 nescio
954 1719 1090 1790 quid
1122 1718 1366 1772 informe
1404 1719 1466 1772 in
1495 1717 1616 1771 istis
1658 1715 2072 1770 mutationibus

375 1825 565 1862 rerum
605 1813 988 1862 extremarum
1032 1812 1202 1878 atque
1240 1806 1629 1860 inﬁrmarum.
1674 1806 1737 1858 Et
1767 1804 1894 1874 quis
1924 1804 2075 1858 dicet

375 1896 536 1963 mihi,
588 1895 696 1950 nisi
745 1894 1007 1966 quisquis
1051 1911 1155 1965 per
1198 1893 1392 1948 inania
1439 1894 1623 1948 cordis
1661 1893 1748 1946 sui
1787 1909 1912 1947 cum
1959 1892 2072 1946 suis

373 1984 864 2056 phantasmatibus
884 1989 1123 2053 vagatur
1139 1987 1194 2037 et
1210 1983 1487 2048 volvitur;
1509 1982 1638 2052 quis
1658 1981 1766 2034 nisi
1785 1981 1911 2035 talis
1928 1981 2075 2034 dicet

373 2072 536 2135 mihi,
562 2073 715 2142 quod
738 2073 1020 2126 diminuta
1043 2076 1216 2142 atque
1239 2077 1576 2140 consumpta
1602 2069 1757 2124 omni
1789 2069 1996 2139 specie,
2027 2067 2072 2120 si

374 2161 494 2214 sola
519 2165 811 2214 remaneat
840 2159 1183 2225 informitas,
1216 2175 1319 2229 per
1349 2174 1522 2229 quam
1554 2157 1622 2212 de
1654 2157 1838 2226 specie
1868 2158 1927 2210 in
1959 2173 2073 2226 spe-

373 2249 519 2303 ciem
563 2265 651 2302 res
700 2247 1030 2302 mutabatur
1071 2251 1127 2300 et
1184 2246 1524 2310 vertebatur,
1583 2243 1762 2317 possit
1807 2243 2073 2298 exhibere

374 2338 522 2391 vices
548 2337 913 2408 temporum?
943 2335 1192 2390 Omnino
1223 2334 1379 2390 enim
1409 2350 1524 2388 non
1549 2338 1756 2404 potest,
1789 2332 1924 2404 quia
1953 2332 2074 2386 sine

373 2427 645 2481 varietate
683 2424 1004 2480 motionum
1047 2441 1166 2478 non
1206 2427 1336 2478 sunt
1377 2428 1676 2494 tempora:
1722 2427 1779 2477 et
1801 2422 1958 2476 nulla
1979 2438 2073 2475 va-

376 2515 568 2584 rietas,
599 2514 700 2570 ubi
726 2514 884 2568 nulla
913 2513 1154 2584 species.

1041 2601 1264 2656 CAPUT
1297 2601 1409 2654 XII.

731 2693 993 2746 Creatura
1024 2689 1226 2757 duplex
1255 2703 1441 2743 carens
1471 2692 1722 2757 tempore.

451 2782 533 2832 15.
569 2777 782 2843 Quibus
810 2777 1180 2832 consideratis
1203 2781 1481 2847 quantum
1504 2777 1702 2844 donas,
1724 2777 1872 2829 Deus
1889 2789 2076 2842 meus,

374 2871 654 2938 quantum
716 2883 807 2920 me
863 2867 932 2920 ad
984 2865 1334 2936 pulsandum
1391 2865 1619 2929 excites,
1679 2866 2074 2934 quantumque

374 2955 622 3026 pulsanti
654 2955 871 3027 aperis;
906 2954 1019 3008 duo
1052 2953 1277 3024 reperio
1306 2969 1434 3024 quae
1452 2951 1633 3006 fecisti
1659 2951 1911 3006 carentia
1937 2956 2077 3006 tem-

375 3046 631 3116 poribus,
683 3060 815 3098 cum
864 3043 967 3097 tibi
1018 3048 1291 3098 neutrum
1340 3047 1687 3096 coaeternum
1726 3040 2076 3108 sit.'Unum,

375 3134 529 3205 quod
559 3133 639 3187 ita
678 3133 991 3187 formatum
1019 3136 1121 3197 est,
1165 3136 1229 3184 ut
1257 3130 1378 3184 sine
1405 3131 1521 3184 ullo
1567 3130 1789 3183 defectu
1822 3133 2078 3182 contem-

376 3221 662 3293 plationis,
723 3221 844 3274 sine
893 3221 1011 3275 ullo
1063 3219 1362 3273 intervallo
1418 3217 1774 3286 mutationis,
1820 3215 2078 3288 quamvis

377 3307 652 3362 mutabile
677 3312 871 3362 tamen
910 3323 1028 3360 non
1069 3310 1375 3371 mutatum,
1408 3311 1508 3358 tua
1546 3303 1864 3358 aeternitate
1905 3306 2076 3372 atque

374 3395 953 3449 incommutabilitate
984 3394 1349 3465 perfruatur:
1397 3393 1643 3446 alterum
1689 3391 1845 3462 quod
1879 3390 1958 3445 ita
1987 3391 2074 3444 in-

378 3483 560 3536 forme
612 3488 754 3551 erat,
794 3487 856 3536 ut
885 3499 950 3535 ex
995 3499 1108 3553 qua
1137 3482 1342 3546 forma,
1391 3479 1453 3534 in
1478 3496 1652 3551 quam
1698 3481 1942 3534 formam
1991 3480 2078 3533 vel

380 3570 650 3625 motionis
671 3572 757 3625 vel
788 3570 1048 3624 stationis
1075 3573 1412 3636 mutaretur,
1447 3585 1558 3640 quo
1590 3569 1838 3640 tempori
1868 3567 2074 3623 subde-

379 3665 556 3725 retur,
590 3677 699 3712 non
733 3659 992 3714 haberet.
1032 3658 1141 3712 Sed
1171 3658 1280 3711 hoc
1308 3663 1371 3712 ut
1399 3658 1645 3712 informe
1675 3663 1824 3713 esset
1854 3674 1969 3712 non
1995 3674 2081 3712 re-

379 3745 612 3818 liquisti,
651 3747 926 3819 quoziiam
953 3746 1136 3800 fecisti
1165 3751 1294 3800 ante
1318 3762 1549 3800 omnem
1580 3746 1751 3808 diem,
1782 3745 1842 3799 in
1871 3744 2080 3816 princi-

375 3838 470 3908 pio
519 3837 724 3891 coelum
762 3840 818 3888 et
854 3840 1085 3902 terram,
1122 3835 1243 3890 haec
1273 3835 1386 3890 duo
1423 3851 1554 3907 quas
1593 3833 1875 3890 dicebam.
1909 3835 2082 3889 Terra

378 3930 572 3980 autem
590 3922 895 3979 invisibilis
916 3928 1036 3978 erat
1055 3929 1113 3978 et
1134 3923 1533 3994 incomposita,
1559 3927 1614 3978 et
1634 3924 1884 3978 tenebrae
1911 3939 2081 3993 super

376 4016 670 4085 abyssum.
732 4011 946 4076 Quibus
1002 4013 1186 4067 verbis
1240 4013 1564 4068 insinuatur
1618 4012 1959 4080 informitas,
2017 4015 2082 4065 ut

377 4102 660 4174 gradatim
693 4101 1064 4171 excipiantur,
1099 4102 1198 4172 qui
1227 4101 1618 4157 omnimodam
1649 4100 1857 4172 speciei
1886 4100 2081 4172 priva-

377 4193 596 4246 tionem
619 4206 722 4244 nec
743 4193 936 4243 tamen
967 4190 1038 4244 ad
1071 4189 1212 4244 nihil
1235 4190 1664 4261 perventionem
1690 4190 1937 4260 cogitare
1962 4206 2080 4243 non

382 4283 640 4350 possunt,
674 4279 827 4332 unde
856 4279 1020 4333 ﬁeret
1049 4279 1294 4333 alterum
1325 4279 1550 4344 coelum,
1585 4283 1640 4332 et
1670 4282 1822 4332 terra
1843 4277 2082 4332 visibilis

379 4373 549 4438 atque
575 4367 907 4438 composita,
940 4372 997 4422 et
1027 4385 1178 4438 aqua
1207 4366 1480 4439 speciosa,
1511 4373 1568 4422 et
1600 4366 1880 4438 quidquid
1912 4365 2078 4420 dein-

379 4473 510 4526 ceps
551 4456 610 4509 in
661 4455 1062 4511 constitutione
1107 4457 1277 4527 hujus
1325 4457 1523 4512 mundi
1567 4473 1677 4510 non
1717 4457 1836 4510 sine
1880 4456 2079 4509 diebus

386 4545 599 4599 factum
630 4550 1138 4612 commemoratur;
1165 4545 1300 4617 quia
1330 4545 1463 4598 talia
1483 4550 1614 4600 sunt
1643 4545 1783 4599 utin
1804 4544 1883 4600 eis
1904 4559 2079 4615 agan-

375 4638 468 4687 tur
498 4633 907 4688 vicissitudines
948 4640 1300 4704 temporum,
1329 4639 1562 4705 propter
1591 4634 1881 4688 ordinatas
1914 4649 2072 4688 com-

382 4721 728 4776 mutationes
759 4723 1080 4778 motionum
1112 4729 1280 4794 utque
1309 4725 1641 4778 formarum.

1027 4814 1252 4867 CAPUT
1289 4815 1431 4867 XIII.

378 4901 498 4954 Cur
525 4902 640 4955 sine
669 4901 880 4956 dierum
909 4905 1399 4956 commemoratione
1431 4903 1565 4957 dicit
1594 4903 1898 4972 Scriptura,
1937 4903 2081 4973 quod

613 4991 669 5042 in
693 4991 967 5059 principio
995 4993 1127 5056 fecit
1158 4994 1292 5044 Deus
1323 4992 1508 5044 coelum
1538 4995 1587 5043 et
1619 4997 1838 5044 terram.

459 5079 540 5130 16.
575 5077 689 5130 Hoc
731 5077 960 5132 interim
1003 5077 1204 5142 sentio,
1244 5079 1388 5131 Deus
1421 5094 1603 5143 meus,
1635 5094 1764 5130 cum
1797 5077 1963 5131 audio
1997 5079 2080 5132 lo-

377 5168 651 5234 quentem
706 5165 1058 5235 Scripturam
1107 5171 1284 5224 tuam,
1327 5167 1399 5218 In
1446 5166 1721 5232 principio
1766 5168 1895 5231 fecit
1941 5170 2078 5221 Deus

378 5253 564 5306 ccelum
587 5258 634 5305 et
666 5259 896 5306 terram:
945 5257 1092 5307 terra
1122 5257 1300 5305 autem
1339 5257 1454 5305 erat
1485 5252 1773 5307 invisibilis
1801 5259 1851 5306 et
1879 5257 2076 5308 incom-

381 5343 581 5409 posita,
613 5347 663 5395 et
692 5342 917 5396 tenebrae
954 5345 1108 5395 erant
1141 5356 1303 5409 super
1338 5340 1588 5407 abyssum
1619 5341 1771 5408 (Gen.
1807 5359 1842 5406 ι,
1882 5344 1948 5409 1),
1981 5359 2078 5397 ne-

382 5445 494 5499 que
541 5434 1088 5483 commemorantem
1133 5434 1309 5498 quoto
1345 5427 1434 5481 die
1466 5429 1666 5482 feceris
1695 5430 1839 5484 haec.
1874 5431 1963 5486 Sic
1990 5431 2078 5486 in-

388 5516 553 5570 terim
594 5518 796 5584 sentio,
844 5503 1078 5589 proptcr
1123 5515 1266 5570 illud
1303 5517 1508 5571 castum
1553 5517 1700 5587 coeli,
1745 5519 1950 5573 coelum
1988 5519 2074 5572 iu-

1556 267 2096 327 tIONFESSlONUM
2153 267 2206 319 S.
2277 262 2680 320 AUGUSTINL

3773 264 3888 313 832

2179 387 2522 454 tellectuale,
2573 384 2670 440 ubi
2699 389 2785 440 est
2841 384 3165 440 intellectus
3214 401 3378 439 nosse
3437 384 3627 450 simul,
3670 400 3781 438 non
3815 399 3887 436 ex

2177 481 2362 546 parte,
2396 491 2513 528 non
2544 473 2603 527 in
2634 473 2962 544 aenigmate,
3015 489 3132 528 non
3163 489 3264 544 per
3304 474 3636 544 speculum;
3685 472 3782 527 sed
3815 488 3888 526 ex

2178 568 2320 631 toto,
2351 562 2410 616 in
2437 560 2894 616 manifestatione
2921 563 2960 626 ί,
2997 561 3138 614 facie
3171 561 3244 615 ad
3282 561 3483 615 faciem
3516 561 3554 629 (Ι
3604 561 3720 620 Cor,
3764 576 3888 620 vui,

2186 654 2295 712 12):
2331 667 2446 704 non
2494 651 2666 704 modo
2702 650 2832 712 hoc,
2887 650 3058 704 modo
3105 649 3286 714 illud;
3319 649 3417 702 sed
3465 648 3616 719 quod
3669 646 3893 702 dictum

2179 743 2281 805 est,
2314 755 2477 792 nosse
2511 737 2679 792 simul
2709 738 2831 791 sine
2866 737 2983 791 ulla
3009 736 3399 792 vicissitudine
3431 743 3760 807 temporum
3783 755 3800 788 :
3834 741 3894 788 et

2184 834 2421 900 propter
2452 828 2797 882 invisibilem
2828 833 2998 897 atque
3039 827 3480 898 incompositam
3520 833 3732 880 terram
3764 825 3892 879 sine

2182 917 2299 970 ulla
2330 915 2716 970 vicissitudine
2761 920 3112 984 temporum,
3141 931 3269 984 quae
3300 915 3441 968 solet
3459 914 3667 968 habere
3714 912 3892 966 modo

2180 1005 2286 1058 hoc
2310 1009 2366 1058 et
2401 1003 2569 1057 modo
2602 1003 2780 1069 illud;
2814 1002 2948 1072 quia
2976 1002 3074 1056 ubi
3118 1003 3278 1055 nulla
3323 1002 3559 1072 species,
3599 1016 3889 1071 nusquam

2179 1098 2264 1146 cst
2291 1093 2399 1146 hoc
2425 1098 2480 1146 et
2507 1093 2670 1147 illud.
2705 1094 2943 1163 Propter
2971 1092 3084 1146 duo
3114 1092 3238 1144 haec
3282 1089 3549 1162 primitus
3569 1090 3890 1144 formatum

2184 1186 2240 1234 et
2265 1180 2495 1251 penitus
2524 1181 2810 1246 informe;
2842 1179 3008 1246 illud,
3055 1180 3280 1243 caelum,
3332 1180 3428 1234 sed
3481 1180 3688 1233 cmlum
3719 1178 3886 1243 coeli;

2179 1270 2286 1324 hoc
2307 1287 2457 1337 vero,
2487 1274 2721 1336 terram,
2754 1269 2851 1324 sed
2881 1274 3092 1323 terram
3121 1267 3466 1322 invisibilem
3495 1272 3551 1321 et
3586 1268 3887 1337 incompo-

2179 1357 2346 1412 sitam
2381 1374 2395 1412 :
2430 1361 2667 1428 propter
2694 1357 2808 1410 duo
2839 1357 2962 1410 haec
2992 1355 3223 1410 interim
3257 1355 3440 1410 sentio
3474 1354 3596 1408 sine
3627 1371 3888 1408 comme-

2177 1447 2498 1501 moratione
2529 1447 2750 1501 dierum
2775 1446 2963 1500 dicere
2994 1445 3345 1515 Scripturam
3374 1449 3552 1505 tuam,
3583 1445 3647 1498 1η
3671 1446 3885 1513 princi-

2177 1539 2268 1605 pio
2304 1539 2436 1602 fecit
2467 1540 2602 1600 Deus
2633 1537 2817 1590 ccelum
2839 1541 2889 1590 et
2914 1540 3133 1588 terram.
3168 1533 3370 1588 Statim
3399 1532 3613 1604 quippe
3644 1531 3889 1603 subjecit

2179 1641 2351 1696 quam
2382 1629 2594 1678 terram
2623 1622 2846 1678 dixerit.
2875 1623 2939 1676 Et
2967 1622 3120 1693 quod
3137 1621 3382 1692 secundo
3409 1620 3502 1674 die
3526 1636 3884 1674 commemo-

2179 1719 2334 1768 ratur
2362 1714 2574 1767 factum
2599 1713 3046 1778 ﬁrmamentum,
3081 1715 3137 1765 et
3172 1716 3434 1764 vocatum
3463 1710 3704 1776 omium;
3739 1709 3886 1763 insi-

2183 1807 2321 1856 nuat
2343 1802 2412 1857 de
2443 1819 2557 1874 quo
2579 1802 2718 1857 coelo
2753 1801 2914 1873 prius
2944 1800 3065 1854 sine
3095 1800 3295 1854 diebus
3321 1815 3508 1854 sermo
3536 1799 3760 1853 locutus
3789 1800 3885 1853 sit.

2835 1889 3061 1943 CAPUT
3092 1890 3226 1942 XIV.

2675 1976 2971 2047 Scriptura:
3009 1977 3385 2046 profunditas.

2259 2072 2339 2122 17.
2374 2068 2509 2122 Mira
2535 2066 2892 2138 profunditas
2941 2065 3301 2136 eloquiorum
3349 2070 3601 2130 tuorum,
3636 2081 3890 2134 quorum

2190 2173 2315 2210 ecce
2372 2158 2503 2210 ante
2562 2172 2667 2209 nos
2716 2154 3042 2226 superﬁcies
3097 2153 3397 2208 blandiens
3449 2154 3745 2224 parvulis:
3790 2155 3892 2208 sed

2186 2244 2333 2298 mira
2382 2243 2762 2315 profunditas,
2824 2245 2972 2297 Deus
3037 2258 3218 2307 meus,
3281 2241 3428 2296 mira
3489 2241 3886 2313 profunditas?

2189 2335 2401 2388 Horror
2451 2337 2534 2387 est
2589 2332 2887 2387 intendere
2941 2331 3003 2385 in
3060 2347 3222 2398 eam;
3269 2332 3476 2385 horror
3526 2330 3778 2395 honoris,
3832 2337 3892 2384 et

2184 2425 2402 2475 tremor
2439 2421 2672 2476 amoris.
2731 2420 2838 2476 Odi
2882 2420 3074 2474 hostes
3117 2420 3238 2489 ejus
3294 2419 3682 2473 vehementer.
3740 2419 3782 2472 Ο
3839 2419 3890 2473 si

2184 2509 2405 2564 occidas
2450 2526 2544 2563 eos
2567 2509 2636 2564 de
2683 2509 2873 2580 gladio
2903 2512 2926 2545 ²
2967 2508 3052 2563 bis
3097 2512 3283 2576 acuto,
3335 2512 3390 2560 et
3440 2524 3555 2560 non
3621 2506 3734 2562 sint
3788 2509 3889 2561 ho-

2194 2603 2304 2652 stes
2360 2597 2516 2668 ejus!
2573 2597 2663 2651 Sic
2710 2597 2866 2650 enim
2913 2613 3042 2650 amo
3118 2612 3215 2649 eos
3276 2594 3454 2649 occidi
3522 2594 3630 2649 sibi
3685 2600 3746 2649 ut
3803 2597 3889 2649 vi-

2186 2691 2321 2741 vant
2366 2687 2489 2740 tibi.
2538 2687 2674 2740 Ecce
2722 2696 2915 2740 autem
2959 2685 3056 2739 alii
3101 2701 3218 2738 non
3256 2684 3721 2755 reprehensores,
3788 2685 3890 2739 sed

2193 2776 2517 2830 laudatores
2547 2774 2680 2829 libri
2711 2777 2989 2830 Geneseos
3018 2794 3030 2828 ς
3065 2775 3213 2842 Non,
3246 2772 3539 2844 inquiunt,
3574 2773 3678 2827 hoc
3709 2774 3896 2827 Voluit

2188 2865 2248 2918 in
2307 2865 2396 2918 his
2427 2864 2612 2918 verbis
2650 2863 2894 2934 intelligi
2923 2863 3168 2933 Spiritus
3209 2861 3331 2931 Dei,
3383 2863 3482 2934 qui
3514 2879 3614 2932 per
3662 2863 3891 2933 Moysen

2183 2954 2464 3008 famulum
2485 2955 2605 3023 ejus
2635 2952 2740 3008 ista
2769 2953 3136 3022 conscripsit;
3163 2968 3278 3006 non
3302 2952 3408 3006 hoc
3430 2952 3610 3006 voluit
3642 2952 3891 3023 intelligi

2187 3043 2337 3114 quod
2368 3048 2428 3096 tu
2459 3041 2615 3106 dicis,
2681 3042 2777 3096 sed
2835 3041 2992 3095 aliud
3037 3041 3190 3112 quod
3223 3057 3322 3094 nos
3374 3039 3634 3094 dicimus.
3669 3039 3892 3104 Quibus

2185 3147 2312 3201 ego,
2381 3134 2437 3185 te
2486 3130 2714 3192 arbitro.
2776 3131 2945 3199 Deus,
3007 3129 3266 3183 omnium
3313 3116 3643 3182 nostrorum
3700 3125 3744 3194 ³,
3807 3128 3891 3182 ita

2186 3219 2528 3290 respondeo.

2855 3306 3079 3361 CAPUT
3115 3307 3221 3361 XV.

2189 3398 2314 3464 Quae
2349 3396 2414 3450 de
2458 3398 2562 3450 Deo
2602 3395 2770 3464 deque
2811 3392 3041 3461 Angelis
3081 3399 3132 3448 et
3178 3395 3406 3460 informi
3438 3395 3669 3447 materia
3722 3399 3892 3448 sentit

2361 3486 2724 3552 Augustinus,
2756 3499 2860 3537 non
2884 3486 3115 3552 possunt
3137 3482 3464 3536 oblocutores
3481 3496 3700 3549 negare.

2263 3576 2344 3627 18.
2383 3573 2532 3626 Num
2556 3571 2752 3625 dicetis
2780 3571 2921 3625 falsa
2967 3587 3108 3635 esse,
3159 3586 3288 3640 quas
3335 3568 3479 3623 mihi
3506 3559 3714 3622 veritas
3753 3585 3891 3624 voce

2186 3660 2320 3716 forti
2358 3660 2417 3714 in
2462 3676 2660 3714 aurem
2709 3658 3037 3713 interiorem
3091 3657 3230 3713 dicit
3274 3658 3342 3712 de
3394 3674 3524 3710 vera
3571 3657 3893 3711 aeternitate

2189 3749 2495 3816 Creatoris,
2528 3748 2681 3821 quod
2718 3763 3082 3820 nequaquam
3111 3747 3234 3817 ejus
3266 3746 3582 3800 substantia
3608 3762 3711 3816 per
3740 3751 3891 3800 tem-

2187 3855 2328 3910 pora
2347 3838 2622 3906 varietur,
2652 3854 2755 3892 nec
2773 3838 2892 3908 ejus
2906 3838 3168 3891 voluntas
3189 3840 3345 3890 extra
3367 3836 3488 3906 ejus
3513 3834 3893 3889 substantiam

2189 3928 2306 3981 sit?
2331 3927 2490 3982 Unde
2507 3943 2623 3981 non
2636 3942 2767 3980 eum
2782 3926 2949 3980 modo
2962 3926 3104 3980 velle
3123 3925 3252 3991 hoc,
3267 3925 3439 3979 modo
3459 3925 3599 3978 velle
3617 3924 3778 3990 illud;
3793 3925 3892 3978 sed

2189 4016 2365 4069 semel
2382 4020 2437 4069 et
2456 4015 2628 4069 simul
2651 4026 2705 4069 et
2726 4031 2953 4085 semper
2973 4015 3115 4068 velle
3135 4013 3326 4068 omnia
3347 4029 3476 4084 qua:
3490 4013 3640 4080 vult;
3663 4011 3897 4066 nouite-

2187 4119 2317 4157 rum
2331 4107 2385 4157 et
2402 4102 2826 4174 iterum,neque
2845 4119 2996 4156 nunc
3009 4102 3118 4156 ista
3132 4118 3284 4155 nunc
3296 4101 3526 4165 illa,nec
3540 4101 3682 4154 velle
3697 4105 3896 4170 postea

2190 4192 2344 4262 quod
2374 4192 2625 4259 nolebat,
2659 4197 2757 4246 aut
2777 4192 2926 4246 nolle
2955 4191 3109 4262 quod
3140 4191 3295 4261 prius
3325 4189 3546 4243 volebat
3570 4205 3582 4243 :
3609 4189 3744 4259 quia
3764 4189 3895 4244 talis

2189 4281 2455 4334 voluntas
2501 4281 2792 4334 mutabilis
2821 4284 2923 4346 est,
2977 4285 3032 4333 et
3068 4295 3235 4332 omne
3290 4277 3563 4331 mutabile
3611 4282 3893 4332 aeternum

2187 4385 2307 4422 non
2342 4374 2461 4435 est;
2499 4370 2647 4423 Deus
2679 4374 2869 4422 autem
2899 4373 3091 4422 noster
3130 4371 3375 4420 internus
3405 4370 3506 4418 est.
3542 4367 3683 4419 Item
3736 4368 3894 4436 quod

2188 4457 2333 4511 mihi
2365 4457 2502 4512 dicit
2535 4462 2554 4493 ‘
2584 4457 2644 4511 in
2674 4473 2870 4510 aurem
2914 4455 3264 4520 interiorem,
3324 4454 3664 4524 exspectatio
3695 4471 3893 4509 rerum

2186 4550 2557 4600 venturarum
2589 4546 2652 4599 lit
2670 4545 2960 4599 contuitus
2977 4561 3103 4599 cum
3132 4541 3427 4607 venerint;
3460 4541 3729 4612 idemque
3751 4560 3889 4599 con-

2188 4635 2364 4689 tuitus
2413 4635 2479 4688 ﬁt
2526 4634 2809 4688 memoria
2856 4651 2986 4688 cum
3029 4629 3454 4704 praeterierint:
3489 4631 3677 4684 omnis
3717 4649 3891 4703 porro

2186 4721 2429 4776 intentio
2459 4739 2589 4794 qua:
2611 4723 2694 4777 ita
2718 4721 2988 4788 variatur,
3017 4718 3306 4776 mutabilis
3324 4722 3410 4772 est
3440 4735 3452 4772 :
3485 4722 3540 4773 et
3559 4735 3731 4773 omne
3763 4737 3887 4775 mu-

2185 4811 2360 4866 tabile
2392 4817 2672 4867 aeternum
2700 4827 2818 4866 non
2846 4815 2963 4865 est:
2997 4812 3146 4864 Deus
3175 4811 3372 4861 autem
3400 4813 3600 4862 noster
3637 4812 3891 4864 aeternus

2187 4906 2288 4955 est.
2309 4903 2437 4955 Haec
2452 4900 2659 4971 colligo
2675 4904 2845 4970 atque
2859 4895 3464 4968 conjungo,etinvenio
3479 4897 3659 4950 Deum
3672 4913 3887 4964 meum,

2187 4990 2370 5042 Deum
2399 4993 2702 5053 aeternum,
2735 5003 2850 5040 non
2865 4985 3054 5056 aliqua
3075 5001 3220 5038 nova
3244 4985 3537 5052 voluntate
3563 4985 3889 5040 condidisse

2185 5082 2641 5141 creaturam,nec
2653 5075 2947 5129 scientiam
2967 5075 3088 5145 ejus
3105 5072 3500 5128 transitorium
3513 5073 3727 5144 aliquid
3749 5075 3886 5144 pati.

2261 5170 2344 5220 19.
2380 5165 2530 5229 Quid
2553 5180 2685 5234 ergo
2711 5162 2930 5230 dicetis,
2953 5162 3402 5216 contradictores
3421 5164 3450 5216 ‘P
3481 5165 3567 5216 An
3594 5162 3730 5215 falsa
3756 5169 3892 5217 sunt

2185 5254 2293 5308 ista
2309 5255 2336 5306 ‘?
2359 5253 2503 5318 Non,
2537 5250 2822 5322 inquiunt.
2859 5251 3006 5315 Quid
3034 5249 3219 5305 illud?
3250 5265 3390 5303 num
3412 5250 3621 5304 falsum
3652 5253 3736 5303 est
3763 5267 3888 5305 om-

2248 5343 2261 5375 1
2297 5339 2357 5389 1η
2381 5338 2751 5402 manifestata,
2769 5338 2925 5402 facie,
2948 5340 3103 5400 juxta
3127 5340 3251 5402 Lov.
3278 5338 3346 5386 M.

2246 5404 2266 5438 9
2295 5403 2494 5468 Somni.
2527 5405 2581 5468 et
2607 5401 2804 5468 R9nd.,_
2824 5414 2912 5468 eos
2932 5402 3139 5463 gladio.
3175 5401 3244 5449 Μ.
3271 5460 3280 5468 ⁸

2249 5468 2269 5499 ³
2296 5465 2378 5512 Sic
2400 5463 2568 5512 Rond.
2594 5479 2606 5511 :
2635 5466 2698 5512 Te
2720 5461 2942 5523 arbitro,
2979 5468 3115 5514 Deus
3133 5461 3377 5512 omnium
3401 5461 3663 5511 nostrum.
3696 5462 3764 5510 Μ.

2253 5529 2273 5561 δ
2307 5527 2391 5577 Sic
2418 5526 2704 5589 legendum
2726 5526 2882 5589 juxta
2897 5528 3019 5576 Mss.
3051 5525 3205 5588 Angl.
3242 5523 3501 5587 [dicitur].
