4058 6356
167 328 270 379 833

169 465 300 502 nem
328 453 595 503 naturam
625 449 930 503 formatam
962 449 1329 503 materiamve
1364 449 1725 504 formabilem
1756 466 1871 503 non

167 552 312 604 esse,
347 538 461 591 nisi
496 539 568 590 ab
598 539 697 592 illo
734 537 834 609 qui
866 554 1088 592 summe
1126 539 1311 592 bonus
1348 544 1452 600 est,
1486 538 1621 609 quia
1651 555 1874 592 summe

168 627 292 680 est?
323 627 519 696 Neque
565 626 674 680 hoc
726 641 1024 696 negamus,
1056 626 1343 697 inquiunt.
1377 627 1524 690 Quid
1556 627 1776 697 igitur?
1803 643 1875 680 an

168 715 316 769 illud
337 715 582 785 negatis,
606 715 917 768 sublimem
946 717 1256 785 quamdam
1283 732 1402 768 esse
1419 720 1739 768 creaturam
1761 720 1875 769 tam

169 808 325 857 casto
356 818 554 857 amore
587 803 968 857 cohmrentem
1007 805 1117 856 Deo
1148 820 1280 857 vero
1310 808 1365 856 et
1389 820 1518 857 vere
1547 809 1784 873 aeterno,
1816 809 1878 858 ut

170 892 437 962 quamvis
485 891 536 944 ei
566 897 846 945 comterna
875 908 992 945 non
1031 892 1122 958 sit,
1172 893 1233 946 in
1261 893 1478 946 nullam
1508 897 1702 946 tamen
1731 897 1876 945 tem-

170 996 379 1052 porum
397 981 731 1034 varietatem
764 985 818 1033 et
839 979 1285 1035 vicissitudinem
1315 981 1386 1034 ab
1415 981 1513 1034 illo
1546 997 1604 1035 se
1636 983 1878 1034 resolvat

170 1086 235 1123 ac
259 1069 496 1134 defluat,
531 1069 630 1123 sed
661 1069 723 1122 in
755 1069 876 1138 ejus
908 1069 1083 1123 solius
1125 1069 1490 1124 veracissima
1519 1071 1876 1141 contempla-

173 1159 332 1213 tione
353 1159 674 1229 requiescat
693 1159 1016 1224 ?Quoniam
1039 1165 1124 1226 tu,
1149 1161 1316 1225 Deus,
1343 1161 1601 1231 diligenti
1614 1167 1667 1216 te
1693 1177 1874 1232 quan-

173 1253 298 1301 tum
347 1248 638 1319 praecipis,
677 1249 929 1302 ostendis
969 1249 1020 1301 ei
1067 1253 1121 1300 te
1169 1253 1224 1302 et
1256 1249 1469 1302 sufficis
1517 1249 1599 1316 ei;
1648 1254 1703 1303 et
1747 1250 1874 1303 ideo

173 1353 292 1390 non
327 1337 578 1390 declinat
606 1354 638 1390 a
667 1342 742 1402 te,
777 1353 880 1390 nec
911 1338 981 1391 ad
1013 1354 1092 1391 se.
1125 1339 1253 1391 Haec
1281 1342 1367 1391 est
1397 1338 1599 1392 domus
1633 1339 1732 1393 Dei
1761 1355 1875 1393 non

173 1432 425 1491 terrena,
457 1442 646 1496 neque
677 1427 792 1480 ulla
825 1425 1037 1480 caelesti
1069 1427 1218 1480 mole
1248 1443 1542 1496 corporea,
1577 1428 1674 1482 sed
1707 1427 1877 1496 spiri-

171 1515 345 1568 tualis
384 1521 436 1568 et
489 1515 772 1585 particeps
815 1514 1144 1568 teternitatis
1185 1519 1316 1581 tuae,
1351 1516 1486 1586 quia
1515 1516 1638 1569 sine
1666 1516 1792 1570 labe
1815 1517 1874 1570 in

171 1609 455 1656 mternum
484 1606 522 1657 ¹.
557 1603 810 1657 Statuisti
845 1603 998 1656 enim
1029 1619 1153 1656 eam
1180 1603 1238 1657 in
1282 1605 1554 1658 saeculum
1590 1609 1646 1658 et
1674 1604 1731 1658 in
1765 1622 1874 1657 sse-

165 1692 362 1744 culum
394 1691 614 1756 saeculi;
648 1695 997 1761 praeceptum
1023 1691 1265 1761 posuisti
1313 1698 1368 1746 et
1396 1710 1508 1746 non
1549 1693 1872 1762 praeteribit

168 1781 343 1848 (Psal.
384 1797 598 1845 CXLVIII,
630 1783 700 1847 6).
742 1781 851 1834 Nec
888 1785 1081 1834 tamen
1115 1780 1217 1835 tibi
1249 1781 1366 1835 Deo
1401 1787 1699 1843 cozeterna,
1731 1799 1872 1853 quo-

171 1868 330 1920 niam
356 1885 472 1922 non
506 1869 628 1922 sine
658 1869 852 1922 initio:
887 1869 1033 1922 facta
1057 1875 1138 1922 est
1167 1869 1340 1924 enim.

241 1959 335 2012 ‘20.
389 1957 530 2010 Nam
575 1957 680 2011 etsi
732 1973 852 2010 non
901 1957 1224 2010 invenimus
1253 1962 1478 2027 tempus
1521 1962 1652 2011 ante
1692 1957 1870 2024 illam,

165 2049 329 2114 prior
362 2048 564 2114 quippe
592 2048 828 2098 omnium
854 2050 1035 2098 creata
1064 2050 1139 2099 est
1186 2048 1457 2114 sapientia
1497 2047 1682 2110 (Eccli.
1713 2063 1751 2109 ι,
1788 2047 1868 2116 4);

172 2150 277 2187 nec
314 2134 510 2204 utique
542 2134 638 2187 illa
681 2133 971 2204 Sapientia
1004 2134 1128 2201 tibi,
1163 2135 1307 2187 Deus
1336 2139 1542 2196 noster,
1588 2135 1741 2188 Patri
1771 2152 1872 2189 suo

171 2223 344 2292 plane
391 2227 672 2276 cozeterna
719 2228 775 2275 et
813 2221 1047 2292 aequalis
1092 2227 1149 2275 et
1181 2237 1282 2291 per
1313 2238 1487 2292 quam
1525 2227 1713 2276 creata
1741 2227 1874 2277 sunt

171 2310 388 2372 omnia,
423 2317 480 2365 et
509 2311 566 2364 in
606 2328 720 2382 quo
761 2310 1046 2380 Principio
1077 2310 1257 2364 fecisti
1293 2311 1501 2364 ccelum
1542 2315 1597 2364 et
1627 2315 1870 2379 terram;

174 2401 273 2454 sed
307 2400 560 2472 profecto
606 2399 887 2470 sapientia
934 2416 1063 2470 quae
1103 2403 1290 2453 creata
1337 2403 1444 2465 est,
1475 2399 1874 2454 intellectualis

175 2495 383 2542 natura
400 2487 628 2552 scilicet,
653 2505 780 2558 qua:
797 2487 1276 2558 contemplatione
1291 2487 1524 2542 luminis
1545 2488 1739 2541 lumen
1761 2494 1868 2543 est:

172 2577 384 2631 dicitur
414 2577 566 2631 enim
602 2583 658 2630 et
686 2576 829 2648 ipsa,
868 2576 1128 2647 quamvis
1175 2581 1382 2642 creata,
1435 2576 1734 2646 sapientia.
1767 2577 1874 2631 Sed

173 2671 462 2736 quantum
482 2666 718 2719 interest
735 2666 1087 2719 interlumen
1111 2665 1262 2736 quod
1280 2665 1566 2718 illuminat
1579 2669 1634 2718 et
1646 2665 1799 2735 quod
1813 2665 1872 2718 il-

172 2755 513 2821 luminatur,
537 2759 759 2808 tantum
779 2753 928 2807 inter
948 2754 1284 2824 sapientiam
1309 2769 1435 2824 quae
1461 2757 1680 2806 createt
1707 2753 1874 2808 istam

171 2860 305 2914 quae
355 2847 545 2896 creata
591 2847 705 2907 est;
748 2841 892 2895 sicut
931 2841 1082 2894 inter
1123 2841 1405 2910 justitiam
1439 2841 1871 2910 justilicantem,

165 2930 454 3002 justitiam
472 2947 599 3002 qua:
614 2929 1021 3000 justiﬁcatione
1047 2928 1194 2983 facta
1214 2935 1315 2983 est.
1352 2930 1492 2982 Nam
1519 2934 1575 2983 et
1604 2945 1708 2983 nos
1729 2929 1865 2983 dicti

173 3035 376 3074 sumus
408 3019 628 3089 justitia
663 3021 779 3072 tua.
826 3017 919 3072 Ait
949 3017 1102 3071 enim
1142 3017 1375 3088 quidam
1408 3034 1600 3070 servus
1630 3022 1782 3082 tuus,
1814 3023 1873 3070 ut

170 3124 269 3162 nos
301 3111 468 3162 simus
482 3109 709 3176 justitia
732 3109 823 3160 Dei
848 3109 907 3160 in
938 3109 1057 3175 ipso
1077 3107 1149 3175 (II
1175 3108 1295 3162 Cor.
1331 3123 1381 3171 v,
1411 3107 1522 3173 2t).
1559 3107 1704 3175 Ergo
1736 3106 1874 3177 quia

173 3197 337 3268 prior
356 3197 614 3249 omnium
639 3200 825 3249 creata
847 3199 931 3248 est
949 3195 1211 3266 quaedam
1237 3194 1517 3264 sapientia
1538 3211 1666 3265 quae
1688 3200 1874 3249 creata

172 3290 281 3351 est,
332 3301 494 3338 meus
538 3284 832 3338 rationalis
869 3288 926 3337 et
969 3283 1368 3338 intellectualis
1415 3288 1582 3337 castas
1631 3283 1874 3337 civitatis

175 3380 315 3440 tuae,
364 3373 562 3427 matris
615 3377 823 3426 nostra:
872 3389 998 3443 quae
1044 3388 1270 3425 sursum
1310 3376 1412 3438 est,
1462 3377 1520 3426 et
1574 3372 1753 3426 libera
1793 3377 1876 3427 est

177 3464 383 3530 (Galat.
420 3480 491 3528 Iv,
527 3462 612 3524 26)
658 3466 712 3515 et
739 3466 950 3514 aeterna
982 3461 1043 3514 in
1077 3461 1249 3525 ccelis,
1295 3461 1522 3532 (quibus
1556 3462 1733 3528 cmlis,
1766 3462 1874 3515 nisi

175 3552 279 3622 qui
310 3551 613 3604 telaudant
638 3549 762 3602 coeli
793 3549 1064 3602 caslornm
1081 3549 1245 3618 (Psal.
1263 3566 1476 3615 CXLVIII,
1501 3549 1586 3618 4);
1610 3553 1745 3621 quia
1769 3551 1876 3604 hoc

176 3646 265 3693 est
300 3645 354 3693 et
379 3640 583 3693 cmlum
606 3638 732 3691 coeli
755 3638 1079 3706 Domino?);
1102 3637 1206 3690 etsi
1241 3654 1357 3691 non
1387 3637 1710 3692 invenimus
1730 3643 1875 3692 tem-

175 3745 287 3798 pus
316 3733 446 3781 ante
476 3727 656 3793 illam,
687 3727 823 3797 quia
845 3731 900 3780 et
919 3731 1240 3780 creaturam
1269 3727 1542 3795 temporis
1567 3727 1870 3792 antecedit,

175 3833 308 3887 qua:
339 3815 496 3887 prior
533 3815 792 3869 omnium
835 3819 1022 3869 creata
1051 3819 1162 3879 est;
1211 3819 1338 3867 ante
1372 3814 1529 3868 illam
1570 3819 1761 3868 tamen
1793 3820 1878 3870 est

177 3905 359 3976 ipsius
389 3905 654 3958 creatoris
703 3903 1010 3971 aeternitas,
1042 3920 1074 3956 a
1113 3919 1226 3973 quo
1257 3904 1400 3956 facta
1429 3903 1676 3972 sumpsit
1706 3919 1872 3956 exor-

174 3995 359 4059 dium,
393 3993 652 4063 quamvis
683 4008 795 4046 non
825 3991 1099 4061 temporis
1124 3991 1260 4062 quia
1289 3991 1548 4046 nondum
1578 3995 1699 4046 erat
1728 3996 1876 4045 tem-

177 4099 308 4154 pus,
340 4081 514 4152 ipsius
543 4085 736 4134 tamen
766 4079 1104 4134 conditionis
1134 4095 1273 4134 suae.

249 4175 342 4225 ‘.'.t.
377 4169 533 4224 Unde
562 4170 640 4223 ita
661 4173 742 4222 est
764 4169 864 4222 abs
882 4172 937 4222 te
970 4169 1083 4222 Deo
1105 4172 1402 4234 nostro,ut
1423 4167 1579 4222 aliud
1608 4168 1680 4222 sit
1707 4169 1874 4238 plane

177 4275 358 4332 quam
391 4263 474 4323 tu,
507 4262 562 4312 et
591 4274 709 4312 non
757 4257 1026 4327 idipsum.
1079 4256 1360 4320 Quoniam
1400 4255 1503 4308 etsi
1541 4272 1658 4310 non
1689 4257 1876 4310 solum

179 4353 314 4403 ante
351 4347 532 4412 illam,
565 4347 660 4400 sed
677 4363 782 4400 nec
806 4346 866 4400 in
889 4346 986 4399 illa
1006 4345 1330 4400 invenimus
1350 4349 1596 4414 tempus,
1628 4344 1764 4414 quia
1792 4349 1875 4398 est

178 4436 391 4489 idonea
420 4435 621 4489 faciem
661 4438 816 4488 tuam
857 4451 1082 4505 semper
1124 4434 1314 4488 videre
1355 4449 1459 4487 nec
1505 4433 1730 4504 uspiam
1776 4432 1875 4487 de-

181 4525 432 4578 tlectitur
477 4524 548 4577 ab
590 4540 672 4588 ea,
709 4540 823 4595 quo
865 4525 929 4576 tit
975 4528 1037 4576 ut
1066 4523 1223 4580 nulla
1254 4521 1570 4576 mutatione
1597 4521 1874 4587 varietur;

177 4614 331 4666 inest
350 4613 404 4666 ei
428 4617 620 4666 tamen
649 4612 772 4683 ipsa
799 4611 1150 4666 mutabilitas
1182 4611 1331 4665 unde
1370 4611 1785 4666 tenebresceret
1819 4614 1878 4664 et

178 4701 534 4772 frigesceret,
566 4700 674 4754 nisi
695 4717 888 4755 amore
920 4699 1123 4770 grandi
1148 4698 1251 4752 tibi
1281 4699 1574 4752 cohaerens
1600 4702 1876 4768 tanquam

177 4805 408 4860 semper
446 4789 716 4843 meridies
745 4790 960 4843 luceret
1008 4793 1064 4842 et
1091 4788 1332 4842 ferveret
1361 4803 1429 4840 ex
1464 4792 1541 4840 te.
1581 4788 1623 4840 Ο
1670 4786 1876 4840 domus

176 4879 469 4932 luminosa
496 4882 551 4931 et
580 4877 855 4947 speciosa,
892 4876 1062 4930 dilexi
1093 4876 1356 4930 decorem
1387 4879 1574 4940 tuum,
1604 4878 1660 4927 et
1687 4875 1875 4928 locum

176 4966 550 5021 habitationis
587 4966 785 5035 gloriae
825 4964 1055 5018 Domini
1094 4963 1207 5017 mei
1255 4962 1608 5017 fabricatoris
1653 4967 1710 5015 et
1751 4979 1876 5032 pos-

174 5056 411 5110 sessoris
441 5055 527 5108 tui
569 5055 741 5117 (Psal.
773 5070 900 5120 xxv,
931 5053 1014 5122 8)!
1057 5051 1180 5107 Tibi
1216 5051 1463 5121 suspiret
1491 5050 1874 5124 peregrinatio

176 5161 335 5210 mea;
381 5147 438 5198 et
463 5143 586 5197 dico
617 5142 670 5197 ei
700 5141 799 5213 qui
829 5141 962 5196 fecit
992 5146 1068 5208 te,
1112 5145 1172 5194 ut
1200 5141 1487 5211 possideat
1509 5143 1566 5193 et
1596 5155 1686 5193 me
1719 5138 1873 5200 inte,

177 5233 312 5304 quia
343 5233 479 5287 fecit
509 5237 568 5286 et
591 5248 709 5286 me.
747 5229 939 5284 Erravi
969 5230 1114 5284 sicut
1141 5229 1260 5282 ovis
1280 5229 1679 5300 perditalPsal.
1713 5243 1874 5294 cxvn,

182 5323 335 5394 176);
361 5321 458 5376 sed
491 5321 552 5374 in
571 5317 827 5373 humeris
847 5318 1087 5389 pastoris
1118 5318 1251 5384 mei,
1274 5317 1565 5373 structoris
1590 5317 1692 5384 tui,
1713 5332 1877 5388 spero

180 5428 268 5467 me
302 5407 591 5482 reportari
621 5407 727 5461 tibi
761 5408 908 5476 (Luc.
941 5423 1029 5474 xv,
1059 5410 1132 5475 5).

240 5581 253 5612 ¹
285 5579 557 5628 Arn.cum
573 5573 696 5623 Mss.
714 5576 956 5636 quatuor,
985 5576 1100 5624 sine
1123 5571 1239 5626 labe
1260 5574 1376 5625 stat
1401 5573 1457 5623 in
1482 5575 1770 5627 calamum.

1560 325 1771 382 LIBER
1825 325 2308 382 DUODECIMUS.

3581 336 3686 389 834

2056 452 2139 503 22.
2171 450 2316 514 Quid
2332 451 2516 506 dicitis
2529 452 2670 506 mihi
2691 469 2832 524 quos
2845 452 3199 524 alloquebar,
3217 455 3678 518 contradictores,

1989 538 2087 608 qui
2113 543 2304 592 tamen
2327 543 2380 593 et
2410 541 2633 609 Moysen
2656 541 2817 610 pium
2839 540 3115 594 famulum
3137 540 3258 608 Dei,
3286 545 3342 595 et
3361 542 3540 595 libros
3561 546 3685 604 eius

1988 627 2218 680 oracula
2249 627 2684 698 sanctiSpiritus
2710 629 2982 684 creditis?
3014 631 3176 683 Estne
3197 628 3304 682 ista
3325 629 3529 683 domus
3561 631 3678 695 Dei,

1986 732 2102 769 non
2155 715 2388 786 quidem
2447 717 2560 770 Deo
2615 722 2917 782 coasterna,
2968 718 3064 772 sed
3116 722 3308 772 tamen
3375 720 3687 774 secundum

1987 804 2226 858 modum
2258 821 2425 858 suum
2471 809 2686 858 aeterna
2714 805 2774 858 in
2821 806 2994 872 ccelis,
3044 805 3144 860 ubi
3176 806 3326 860 vices
3358 811 3684 877 temporum

1985 893 2192 946 frustra
2235 893 2508 965 quaeritis,
2545 893 2681 963 quia
2709 909 2821 947 non
2868 894 3212 949 invenietis?
3244 895 3684 966 supergreditur

1987 981 2141 1034 enim
2171 998 2403 1036 omnem
2436 981 2862 1047 distentionem,
2915 987 2972 1036 et
3003 999 3174 1037 omne
3223 984 3469 1054 spatium
3501 985 3686 1038 aetatis

1984 1070 2256 1138 volubile,
2289 1070 2380 1124 cui
2411 1085 2638 1140 semper
2672 1069 2952 1123 inhaerere
2994 1072 3106 1124 Deo
3152 1072 3366 1125 bonum
3400 1077 3481 1126 est
3515 1073 3680 1142 (Psal.

1986 1173 2112 1224 LxII,
2145 1158 2252 1228 28).
2285 1158 2691 1229 Estinquiunt.
2732 1158 2878 1222 Quid
2903 1157 3076 1228 igitur
3094 1175 3159 1212 ex
3183 1159 3391 1231 iisquae
3421 1162 3686 1215 clamavit

1985 1262 2083 1299 cor
2098 1262 2288 1300 meum
2315 1247 2382 1300 ad
2411 1247 2591 1301 Deum
2611 1263 2825 1312 meum,
2841 1263 2971 1301 cum
2992 1247 3465 1303 audiretinterius
3479 1266 3672 1304 vocem

1986 1334 2166 1388 laudis
2195 1335 2336 1405 ejus,
2370 1335 2507 1406 quid
2540 1336 2774 1389 tandem
2803 1336 3011 1390 falsum
3042 1351 3163 1390 esse
3182 1337 3568 1391 contenditis?
3595 1340 3682 1391 An

1985 1423 2122 1493 quia
2146 1428 2268 1476 erat
2296 1423 2560 1477 informis
2591 1423 2870 1490 materies,
2933 1424 3032 1478 ubi
3063 1429 3302 1494 propter
3328 1425 3546 1479 nullam
3575 1425 3684 1478 for-

1984 1527 2138 1564 mam
2170 1512 2360 1565 nullus
2398 1511 2536 1565 ordo
2567 1514 2736 1565 erat?
2777 1511 2883 1565 Ubi
2927 1517 3117 1566 autem
3151 1513 3342 1566 nullus
3374 1514 3514 1566 ordo
3543 1519 3683 1582 erat,

1986 1599 2140 1652 nulla
2175 1615 2295 1652 esse
2339 1599 2670 1654 vicissitudo
2725 1604 3052 1670 temporum
3100 1605 3363 1670 poterat;
3395 1606 3451 1654 et
3492 1606 3681 1656 tamen

1983 1687 2092 1739 hoc
2120 1702 2266 1755 pene
2297 1686 2460 1752 nihil,
2494 1685 2554 1740 in
2579 1690 2858 1756 quantum
2891 1702 3004 1739 non
3029 1686 3265 1740 omnino
3295 1687 3682 1752 nihilerat,ab

1984 1774 2078 1826 illo
2106 1773 2306 1844 utique
2333 1777 2454 1827 erat
2482 1790 2515 1827 a
2541 1790 2654 1843 quo
2677 1778 2762 1826 est
2778 1774 3053 1844 quidquid
3067 1778 3172 1842 est,
3195 1773 3348 1844 quod
3370 1779 3680 1846 utcumque

1981 1859 2196 1930 aliquid
2227 1865 2328 1914 est.
2363 1861 2472 1913 Hoc
2503 1876 2747 1929 quoque,
2781 1860 2962 1928 aiunt,
2995 1876 3111 1914 non
3141 1875 3439 1931 negamus.

2638 1947 2861 2002 CAPUT
2891 1949 3024 2002 XVI.

1984 2036 2109 2088 Item
2141 2035 2333 2089 habere
2355 2051 2460 2090 non
2488 2037 2604 2090 vult
2633 2051 2751 2089 cum
2781 2038 2871 2101 iis,
2923 2038 3019 2104 qui
3047 2035 3422 2091 contradicunt
3462 2036 3683 2090 raritati

2720 2125 2940 2178 divinae.

2051 2213 2141 2265 23.
2183 2212 2324 2265 Cum
2355 2210 2443 2265 his
2468 2211 2623 2265 enim
2647 2212 2774 2265 volo
2827 2227 3019 2264 coram
3072 2215 3125 2265 te
3156 2211 3376 2282 aliquid
3405 2211 3676 2283 colloqui,

1986 2301 2130 2353 Deus
2161 2315 2346 2366 meus,
2378 2299 2477 2370 qui
2508 2300 2628 2353 haec
2659 2299 2872 2366 omnia,
2898 2316 3024 2370 quas
3054 2299 3208 2353 intus
3241 2300 3300 2352 iu
3332 2305 3519 2354 mente
3549 2316 3675 2354 mea
3726 2315 3728 2317 ·

1986 2404 2096 2441 non
2125 2392 2272 2441 tacet
2301 2388 2508 2442 veritas
2535 2393 2653 2453 tua,
2685 2405 2818 2442 vera
2848 2405 2966 2441 esse
3015 2389 3354 2443 concedunt.
3401 2390 3541 2442 Nam
3579 2388 3678 2458 qui

1983 2477 2105 2529 haec
2136 2482 2366 2545 negant,
2383 2479 2587 2531 latrent
2607 2483 2888 2548 quantum
2916 2478 3523 2547 voluntetobstrepant
3542 2477 3678 2540 sibi;

1983 2567 2328 2636 persuadere
2359 2565 2608 2619 conabor
2636 2570 2698 2618 ut
2726 2565 3040 2636 quiescant,
3059 2571 3114 2619 et
3129 2565 3279 2636 viam
3301 2565 3592 2635 praibeant
3612 2565 3677 2618 ad

1986 2669 2044 2706 se
2064 2655 2235 2708 verbo
2249 2659 2344 2708 tuo
2371 2671 2384 2707 :
2409 2654 2560 2724 quod
2578 2654 2623 2707 si
2639 2655 2930 2707 noluerint
2950 2658 3005 2706 et
3029 2653 3347 2724 repulerint
3371 2669 3490 2717 me;
3515 2653 3678 2706 obse-

1984 2757 2102 2808 cro,
2135 2743 2284 2794 Deus
2313 2757 2494 2806 meus,
2528 2757 2597 2794 ne
2636 2745 2702 2795 tu
2729 2741 2894 2794 sileas
2915 2757 3052 2794 ame
3085 2742 3257 2808 (Psal.
3297 2757 3467 2805 xxvu,
3505 2740 3578 2810 l).
3600 2741 3680 2794 Tu

1984 2828 2218 2898 loquere
2241 2829 2299 2882 in
2321 2829 2488 2883 corde
2501 2845 2630 2883 meo
2653 2829 2951 2895 veraciter;
2972 2829 3122 2882 solus
3137 2828 3290 2882 enim
3309 2829 3388 2881 sic
3409 2827 3682 2897 loqueris;

1984 2922 2040 2970 et
2051 2917 2333 2971 dimittam
2351 2933 2446 2970 eos
2456 2916 2593 2970 foris
2607 2918 2897 2970 sufﬂantes
2913 2916 2972 2968 in
2985 2916 3364 2984 pulverem,et
3375 2916 3685 2968 excitantes

1983 3011 2194 3060 terram
2226 3005 2282 3060 in
2313 3006 2505 3060 oculos
2533 3021 2692 3070 suos;
2729 3010 2786 3059 et
2815 3005 3024 3058 intrem
3063 3004 3122 3058 in
3153 3004 3337 3058 cubile
3360 3020 3574 3069 meum,
3621 3010 3677 3057 et

1984 3097 2205 3146 cantem
2235 3093 2338 3148 tibi
2364 3092 2664 3162 amatoria,
2701 3109 2934 3163 gemens
2975 3092 3390 3146 inenarrabiles
3437 3092 3682 3161 gemitus

1985 3181 2044 3235 in
2074 3181 2536 3252 peregrinatione
2559 3197 2708 3246 mea,
2730 3186 2787 3234 et
2804 3180 3106 3234 recordans
3127 3181 3441 3234 Jerusalem
3455 3184 3681 3233 extento

1985 3270 2045 3323 in
2075 3286 2203 3324 eam
2233 3285 2460 3323 sursum
2491 3271 2682 3335 corde,
2713 3270 3030 3323 Jerusalem
3068 3268 3317 3339 patriam
3350 3285 3559 3333 meam,
3589 3270 3680 3323 Je-

1985 3359 2231 3413 rusalem
2264 3363 2506 3412 matrem
2535 3373 2741 3423 meam,
2775 3362 2946 3427 teque
2963 3373 3273 3427 supeream
3293 3362 3679 3427 regnatorem.

1984 3448 2415 3514 illustratorem,
2474 3451 2718 3517 patrem,
2768 3451 3038 3512 tutorem,
3079 3445 3375 3515 maritum,
3405 3450 3582 3498 castas
3627 3450 3682 3498 et

1986 3536 2158 3589 fortes
2196 3535 2445 3601 delicias,
2479 3539 2535 3588 et
2590 3535 2835 3588 solidum
2866 3535 3157 3605 gaudium,
3198 3538 3254 3587 et
3309 3534 3501 3587 omnia
3530 3534 3680 3587 bona

1985 3623 2304 3682 ineffabilia,
2326 3623 2494 3676 simul
2516 3623 2710 3676 omnia
2729 3641 2742 3689 ;
2760 3622 2896 3691 quia
2914 3638 3096 3676 unum
3112 3638 3402 3675 summum
3420 3627 3476 3675 et
3489 3637 3682 3674 verum

1984 3712 2198 3765 bonum
2229 3727 2242 3764 :
2274 3714 2330 3764 et
2355 3726 2470 3763 non
2501 3714 2738 3775 avertar,
2775 3709 2953 3763 donec
2983 3709 3040 3762 in
3089 3711 3212 3778 ejus
3241 3725 3440 3779 pacem
3488 3710 3684 3763 matris

1984 3797 2354 3865 charissimee,
2383 3797 2482 3850 ubi
2504 3802 2636 3850 sunt
2672 3797 2943 3866 primitiae
2971 3797 3204 3866 spiritus
3226 3796 3680 3862 mei,undemilIi

1986 3885 2093 3939 ista
2121 3890 2272 3940 certa
2299 3889 2452 3951 sunt,
2511 3885 2746 3954 colligas
2801 3889 2987 3939 totum
3019 3884 3170 3954 quod
3209 3901 3356 3949 sum,
3402 3901 3434 3937 a
3465 3884 3683 3953 disper-

1986 3973 2144 4028 sione
2173 3979 2231 4028 et
2257 3973 2617 4028 deformitate
2648 3973 2775 4038 hac,
2823 3977 2880 4027 et
2917 3974 3234 4026 conformes
3273 3977 3442 4042 atque
3471 3972 3680 4026 contir-

1985 4078 2105 4116 mes
2135 4061 2194 4116 in
2224 4067 2526 4127 aeternum,
2562 4063 2710 4116 Deus
2737 4077 2920 4126 meus,
2946 4060 3332 4115 misericordia
3363 4076 3505 4116 mea.
3540 4061 3680 4114 Cum

1986 4150 2074 4204 his
2101 4155 2294 4205 autem
2324 4149 2423 4221 qui
2453 4154 2655 4204 cuncta
2686 4149 2785 4203 illa
2836 4166 2964 4220 quae
2996 4165 3130 4204 vera
3179 4153 3332 4210 sunt,
3381 4148 3520 4202 falsa
3562 4165 3684 4201 esse.

1987 4256 2105 4294 non
2154 4239 2370 4306 dicunt,
2434 4240 2787 4294 honorantes
2847 4242 2902 4292 et
2957 4239 3018 4292 in
3068 4238 3321 4291 culmine
3377 4237 3685 4308 sequendae.

1986 4329 2335 4382 auctoritatis
2364 4328 2661 4382 nobiscum
2675 4327 3087 4381 constituentes
3108 4327 3264 4380 illam
3295 4343 3396 4397 per
3425 4330 3684 4381 sanctum

1988 4419 2214 4487 Moysen
2254 4417 2464 4471 editam
2496 4421 2749 4470 sanctam
2799 4416 3151 4485 Scripturam
3184 4418 3370 4482 tuam,
3412 4419 3467 4467 et
3496 4419 3684 4468 tamen

1986 4506 2153 4559 nobis
2185 4505 2402 4576 aliquid
2429 4503 2844 4569 contradicunt,
2878 4503 2955 4557 ita
2977 4504 3181 4574 loquor
3213 4520 3226 4557 :
3261 4504 3346 4557 Tu
3368 4506 3507 4570 esto,
3542 4504 3686 4555 Deus

1987 4598 2201 4659 noster,
2234 4594 2446 4646 arbiter
2482 4592 2634 4647 inter
2679 4592 3062 4646 confessiones
3121 4607 3278 4646 meas
3298 4596 3354 4646 et
3402 4589 3686 4645 contradi-

1986 4683 2198 4736 ctiones
2237 4697 2458 4735 eorum.

2623 4769 2849 4824 CAPUT
2877 4769 3037 4823 XVII.
3213 4819 3227 4828 ,
3511 4827 3514 4831 ,

1991 4861 2055 4913 Ut
2077 4859 2192 4912 caali
2219 4861 2269 4911 et
2297 4861 2452 4911 terra:
2478 4858 2782 4912 nominibus
2805 4857 2958 4911 aliud
2981 4863 3030 4911 et
3053 4857 3212 4911 aliud
3235 4859 3472 4925 intelligi
3489 4862 3684 4927 potest.

2055 4949 2142 5001 24.
2180 4945 2385 5000 Dicunt
2413 4945 2564 4999 enim
2601 4945 2911 5009 :Quamvis
2950 4961 3082 4999 vera
3130 4945 3243 5000 sint
3271 4945 3410 5012 haec,
3469 4961 3588 4999 non
3619 4962 3684 4998 ea

1985 5039 2177 5088 tamen
2205 5033 2316 5087 duo
2349 5033 2560 5103 Moyses
2590 5032 2941 5098 intuebatur,
2977 5048 3108 5086 cum
3161 5033 3364 5102 spiritu
3397 5033 3682 5087 revelante

1986 5122 2199 5177 diceret
2232 5139 2244 5175 :
2269 5123 2330 5176 In
2357 5123 2631 5191 principio
2671 5123 2801 5188 fecit
2830 5121 2973 5175 Deus
3001 5122 3188 5174 emtum
3216 5127 3268 5176 et
3296 5126 3493 5175 terram
3526 5121 3679 5185 (Gen.

1987 5228 2024 5277 I,
2061 5213 2128 5279 l).
2161 5211 2283 5265 Non
2309 5211 2432 5265 caeli
2462 5211 2696 5264 nomine
2737 5209 3091 5280 spiritualem
3121 5211 3208 5264 vel
3240 5207 3681 5263 intellectualem

1986 5297 2143 5351 illam
2177 5303 2524 5366 creaturam,
2557 5312 2786 5367 semper
2828 5297 3030 5350 faciem
3060 5295 3160 5350 Dei
3198 5293 3681 5362 contemplantem

1986 5385 2360 5454 signiﬁcavit;
2394 5401 2498 5438 nec
2528 5389 2696 5438 terrae.
2737 5383 2971 5438 nomine
3016 5383 3321 5437 informem
3361 5379 3678 5434 materiam.

1985 5472 2131 5537 Quid
2160 5472 2381 5543 igitur?
2409 5472 2571 5536 Quod
2599 5489 2700 5526 nos
2729 5471 2994 5540 dicimus,
3022 5467 3446 5539 inquiunt,‘boc
3474 5466 3566 5519 ille
3599 5467 3685 5520 vir

1988 5561 2184 5629 sensit,
2215 5561 2320 5616 hoc
2350 5561 2536 5616 verbis
2566 5560 2684 5614 istis
2725 5560 2978 5615 elocutus
3028 5561 3130 5611 est.
3182 5553 3328 5617 Quid
3378 5558 3464 5608 est
3490 5553 3683 5609 illud?
