4058 6350
409 316 516 367 835

411 431 674 494 Nomine,
706 431 882 495 aiunt,
917 429 1043 483 οωὶί
1071 432 1126 482 et
1156 432 1345 494 terrm,
1397 429 1582 482 totum
1612 426 1788 482 istum
1820 425 2103 480 visibilem

407 521 686 574 mundum
733 518 890 589 prius
942 516 1337 570 universaliter
1383 520 1440 569 et
1486 515 1732 569 breviter
1785 513 2103 585 signiﬁcare

406 607 608 674 voluit,
665 612 728 660 ut
775 610 972 678 postea
1011 606 1294 676 digereret
1351 605 1576 659 dierum
1650 603 2102 667 enumeratione,

407 695 571 767 quasi
601 694 1239 762 articulatim,universa
1267 710 1395 765 qua:
1425 698 1618 747 sancto
1633 693 1871 762 Spiritui
1893 693 2105 764 placuit

407 784 484 837 sic
513 782 832 838 enuntiare.
860 783 1019 836 Tales
1049 781 1262 852 quippe
1290 780 1550 834 homines
1592 785 1756 834 erant
1804 780 1960 834 rudis
2008 780 2104 834 ille

405 876 576 942 atque
606 870 848 924 carnalis
877 870 1126 940 populus
1157 868 1249 923 cui
1283 869 1643 940 loquebatur,
1700 873 1765 923 ut
1805 868 1884 924 eis
1932 883 2105 940 opera

409 960 506 1014 Dei
531 975 648 1013 non
690 957 797 1012 nisi
843 957 960 1011 sola
999 955 1243 1010 visibilia
1297 957 1752 1010 commendanda
1797 956 2100 1026 judicaret.

403 1048 635 1102 Terram
662 1063 796 1101 vero
838 1044 1183 1099 invisibilem
1219 1050 1276 1098 et
1329 1044 1790 1114 incompositam,
1831 1044 2102 1098 tenebro-

406 1153 640 1208 samque
679 1135 967 1206 abyssum,
1000 1132 1152 1187 unde
1199 1137 1618 1202 consequenter
1651 1132 1975 1186 ostenditur
2004 1147 2106 1201 per

406 1225 531 1278 illos
561 1223 684 1278 dies
705 1223 851 1276 facta
873 1227 1042 1292 atque
1070 1221 1342 1291 disposita
1367 1237 1486 1274 esse
1508 1224 1711 1274 cuncta
1734 1219 1840 1274 ista
1860 1219 2104 1274 visibilia

404 1329 532 1384 quae
562 1315 696 1366 nota
725 1313 860 1365 sunt
884 1309 1168 1375 omnibus,
1191 1324 1304 1362 non
1324 1308 1767 1379 incongruenter
1798 1309 2104 1364 informem

410 1400 580 1454 istam
609 1398 908 1453 materiam
936 1397 1366 1467 intelligendam
1403 1413 1522 1450 esse
1556 1397 1941 1452 consentiunt.

476 1490 562 1540 25.
599 1485 742 1549 Quid
775 1484 822 1539 si
854 1484 1003 1538 dicat
1024 1484 1186 1550 alius,
1222 1484 1482 1539 eamdem
1511 1484 1941 1546 informitatem,
1975 1501 2106 1539 con-

402 1574 800 1644 fusionemque
831 1571 1107 1640 materiae,
1137 1571 1266 1626 (εωΙὶ
1294 1576 1353 1626 et
1378 1577 1545 1626 terrae
1574 1573 1807 1628 nomine
1837 1573 1994 1645 prius
2022 1575 2106 1628 in-

404 1663 707 1728 sinuatam,
741 1662 891 1732 quod
924 1678 986 1714 ex
1010 1678 1077 1714 ea
1107 1661 1356 1714 mundus
1383 1661 1489 1715 iste
1522 1661 1754 1716 visibilis
1771 1679 1897 1716 cum
1916 1663 2104 1716 omni-

402 1749 508 1803 bus
536 1749 754 1804 naturis
783 1765 912 1820 quas
947 1748 1008 1802 in
1037 1764 1104 1804 eo
1154 1749 1615 1804 manifestissime
1661 1755 1960 1822 apparent,
1999 1752 2101 1822 qui

403 1838 530 1892 cceli
559 1843 614 1891 et
645 1842 810 1891 terra:
841 1837 1073 1891 nomine
1122 1853 1273 1907 saepe
1324 1838 1602 1908 appellari
1651 1839 1812 1905 solet,
1844 1840 2103 1894 conditus

402 1931 572 1996 atque
598 1926 880 1997 perfectus
909 1925 1040 1979 est?
1067 1925 1213 1990 Quid
1242 1926 1288 1980 si
1319 1926 1468 1980 dicat
1516 1930 1574 1980 et
1619 1927 1785 1994 alius,
1817 1929 2023 1983 cmlum
2050 1934 2105 1984 et

401 2018 611 2068 terram
639 2013 874 2084 quidem
895 2012 1240 2067 invisibilem
1260 2013 1659 2085 visibilemque
1686 2021 1952 2070 naturam
1984 2033 2100 2071 non

400 2102 731 2156 indecenter
759 2102 1142 2172 appellatam;
1178 2118 1243 2155 ac
1270 2119 1374 2172 per
1420 2103 1526 2156 hoc
1569 2103 1896 2158 universam
1939 2122 2096 2159 crea-

402 2196 590 2245 turam
624 2206 798 2260 quam
823 2189 954 2243 fecit
983 2190 1042 2243 in
1076 2189 1386 2260 Sapientia,
1424 2191 1484 2245 id
1541 2196 1626 2245 est
1678 2192 1739 2246 in
1789 2193 2096 2264 Principio,

406 2281 570 2343 Deus,
603 2277 996 2348 hujuscemodi
1022 2279 1242 2332 duobus
1271 2278 1561 2333 vocabulis
1589 2296 1707 2333 esse
1733 2283 2101 2352 comprehen-

401 2385 523 2422 sam
559 2385 572 2422 :
603 2371 999 2421 verumtamen
1028 2367 1163 2436 quia
1193 2383 1312 2420 non
1341 2367 1409 2420 de
1439 2367 1563 2438 ipsa
1617 2368 1931 2424 substantia
1975 2371 2097 2440 Dei,

401 2457 497 2509 sed
528 2473 596 2509 ex
626 2454 806 2508 nihilo
837 2459 1038 2508 cuncta
1051 2454 1196 2508 facta
1225 2460 1375 2522 sunt,
1409 2455 1672 2527 quianon
1691 2461 1824 2511 sunt
1849 2458 2096 2528 idipsum

402 2543 552 2614 quod
587 2544 756 2608 Deus,
809 2547 861 2596 et
902 2543 1050 2597 inest
1097 2545 1364 2613 quaedam
1409 2545 1759 2598 mutabilitas
1807 2546 2094 2614 omnibus,

402 2631 516 2684 sive
547 2636 841 2698 maneant,
873 2631 1017 2685 sicut
1047 2637 1260 2686 (eterna
1305 2632 1507 2686 domus
1540 2632 1659 2699 Dei;
1707 2632 1822 2688 sive
1868 2640 2094 2689 muten-

401 2724 514 2783 tur,
565 2719 708 2774 sicut
763 2719 957 2774 anima
1013 2720 1264 2774 hominis
1317 2726 1372 2774 et
1429 2737 1669 2791 corpus;
1727 2739 2092 2778 communem

398 2807 658 2862 omnium
687 2825 878 2862 rerum
908 2807 1280 2863 invisibilium
1323 2802 1752 2882 visibiliumque
1796 2812 2094 2866 materiem

397 2897 584 2951 adhuc
612 2895 939 2963 informem,
971 2897 1245 2951 sedcerte
1293 2897 1674 2966 formabilem,
1723 2900 1878 2954 unde
1928 2901 2093 2956 ﬁeret

397 2985 604 3039 coelum
633 2990 686 3039 et
721 2990 890 3050 terra,
921 2984 979 3040 id
1011 2990 1094 3039 est
1141 2986 1440 3040 invisibilis
1485 2991 1654 3058 atque
1701 2988 1938 3042 visibilis
1971 2990 2092 3060 jam

395 3078 637 3145 utraque
665 3074 908 3128 formata
937 3078 1213 3141 creatura,
1246 3075 1334 3128 his
1362 3075 1690 3130 nominibus
1711 3076 2088 3144 enuntiatam,

397 3161 605 3231 quibus
620 3162 1006 3231 appellaretur
1029 3163 1195 3215 Terra
1224 3163 1520 3216 invisibilis
1536 3167 1585 3216 et
1611 3165 1988 3232 incomposita,
2010 3169 2084 3231 et,

398 3250 644 3303 Tencbrz
671 3266 833 3318 super
859 3250 1149 3318 abyssum:
1175 3266 1240 3303 ea
1265 3250 1646 3314 distinctione,
1684 3255 1745 3304 ut
1777 3256 1922 3305 terra
1952 3254 2088 3306 invi-

392 3336 570 3390 sibilis
600 3343 648 3390 ει
685 3339 1037 3406 incomposita
1067 3337 1419 3408 intelligatur
1466 3339 1730 3393 materies
1776 3341 2088 3410 corporalis

392 3429 526 3478 ante
555 3424 891 3496 qualitatem
922 3426 1156 3492 formae;
1214 3427 1438 3482 tenebrz
1483 3431 1676 3482 autem
1717 3443 1880 3496 super
1926 3430 2084 3500 abys-

391 3528 539 3581 sum,
597 3513 909 3583 spiritualis
963 3515 1226 3568 materies
1285 3519 1412 3569 ante
1477 3516 1865 3571 cohibitonem
1922 3519 2086 3590 quasi

393 3599 621 3655 fluentis
651 3601 1140 3658 immoderationis
1171 3607 1225 3658 et
1277 3608 1408 3658 ante
1455 3605 1938 3662 illuminationem
1992 3609 2086 3662 Sa-

393 3687 624 3758 pientiae
644 3691 673 3743 ?

458 3781 546 3832 26.
585 3780 680 3832 Est
708 3778 894 3833 adhuc
925 3781 1079 3850 quod
1121 3780 1270 3836 dicat
1315 3781 1362 3834 si
1389 3781 1518 3852 quis
1572 3783 1719 3837 alius
1769 3784 1924 3852 velit,
1966 3801 2082 3840 non

387 3865 599 3920 scilicet
623 3867 743 3937 jam
775 3869 1052 3937 perfectas
1083 3873 1252 3940 atque
1280 3869 1554 3924 formatas
1583 3871 1896 3926 invisibiles
1943 3873 2079 3927 visi-

385 3953 641 4026 bilesque
672 3959 924 4022 naturas,
956 3957 1082 4011 cceli
1101 3962 1333 4012 etterraa
1365 3959 1600 4013 nomine
1629 3959 2083 4030 signiﬁcaricum

387 4042 617 4114 legitur,
643 4046 708 4098 In
733 4047 1010 4114 principio
1052 4048 1183 4112 fecit
1234 4049 1370 4102 Deus
1415 4049 1601 4102 cazlum
1634 4054 1683 4102 et
1710 4055 1909 4104 terram
1937 4070 1952 4117 ;
1983 4052 2081 4106 sed

385 4129 571 4199 ipsam
619 4131 807 4186 adhuc
850 4133 1157 4186 informem
1188 4134 1610 4189 inchoationem
1641 4152 1833 4191 rerum
1878 4138 2082 4194 forma-

383 4215 561 4269 bilem
591 4217 1010 4288 creabilemque
1032 4219 1328 4273 materiam
1352 4220 1441 4274 his
1465 4221 1793 4276 nominibus
1826 4226 2078 4295 appella-

388 4307 524 4368 tam,
568 4303 718 4373 quod
766 4303 826 4357 in
874 4321 938 4358 ea
979 4305 1100 4374 jam
1143 4311 1332 4360 essent
1376 4306 1482 4361 ista
1535 4309 1769 4364 confusa
1819 4313 2078 4366 nondum

383 4390 753 4460 qualitatibus
799 4392 1114 4462 formisque
1160 4393 1442 4462 distincta,
1490 4413 1619 4467 quae
1668 4413 1821 4452 nunc
1839 4399 1961 4468 jam
1992 4401 2080 4456 di-

377 4482 536 4548 gesta
564 4477 681 4532 suis
703 4479 1000 4534 ordinibus
1029 4487 1306 4537 vocantur
1336 4485 1543 4539 ccelum
1563 4490 1620 4541 et
1634 4490 1813 4556 terra;
1847 4488 1948 4544 illa
1968 4489 2080 4559 spi-

382 4565 629 4637 ritualis,
660 4566 784 4622 haec
813 4569 1124 4640 corporalis
1161 4575 1440 4630 creatura.

1012 4660 1238 4716 CAPUT
1267 4663 1452 4718 XVIII.

699 4748 827 4814 Quis
856 4765 1006 4806 error
1041 4753 1298 4806 innomius
1326 4755 1386 4806 in
1424 4755 1754 4823 Scripturis.

449 4835 535 4890 27.
570 4835 785 4900 Quibus
823 4839 1088 4894 omnibus
1145 4839 1352 4894 auditis
1407 4846 1462 4896 et
1517 4843 1906 4911 consideratis,
1943 4845 2077 4900 nolo

376 4923 562 4977 verbis
589 4925 953 4993 contendere;
978 4927 1052 4982 ad
1073 4927 1215 4982 nihil
1246 4928 1399 4983 enim
1420 4930 1562 4985 utile
1584 4936 1668 4986 est
1696 4932 1806 4986 nisi
1837 4932 1909 4987 ad
1939 4934 2073 4988 sub-

376 5010 696 5067 versionem
753 5013 1109 5069 audientium
1141 5015 1208 5086 (ll
1268 5019 1406 5072 Tim.
1438 5035 1497 5085 η,
1537 5020 1642 5089 tui).
1691 5020 1780 5074 Ad
1829 5022 2072 5077 aedifica-

376 5100 596 5156 tionem
626 5107 818 5157 autem
843 5102 992 5157 bona
1018 5109 1101 5158 est
1121 5106 1229 5171 lex,
1257 5106 1303 5159 si
1329 5107 1456 5176 quis
1486 5125 1551 5162 ea
1579 5109 1837 5178 legitime
1860 5116 2071 5180 utatur;

377 5189 514 5260 quia
541 5190 672 5245 finis
702 5191 824 5262 ejus
844 5196 930 5246 est
949 5192 1193 5247 charitas
1212 5194 1281 5248 de
1311 5196 1480 5250 corde
1502 5213 1672 5267 puro,
1705 5203 1763 5252 et
1788 5200 2074 5255 conscien-

373 5277 455 5331 tia
483 5278 650 5342 bona,
683 5284 739 5333 et
767 5280 878 5334 fide
909 5296 1024 5334 non
1071 5281 1203 5335 ficta
1249 5281 1290 5351 (Ι
1327 5285 1461 5337 Tim.
1521 5288 1572 5352 1,
1631 5287 1684 5347 8,
1716 5285 1789 5355 5).
1822 5288 1888 5340 Et
1915 5289 2075 5343 novit

1610 301 2148 362 CONFESSIONUM
2190 303 2246 358 S.
2289 302 2695 360 AUGUSTINI.

3808 306 3920 361 836

2211 425 2401 480 lorum
2440 439 2702 480 meorum
2730 423 2791 478 in
2821 424 3060 491 occulto,
3107 424 3248 496 quid
3280 425 3421 480 mihi
3448 424 3631 493 obest,
3662 441 3796 483 cum
3827 428 3919 482 di-

2210 530 2371 568 versa
2399 513 2457 568 in
2502 513 2592 567 his
2621 512 2808 567 verbis
2835 511 3082 583 intelligi
3119 512 3357 583 possint,
3387 529 3518 584 quae
3547 518 3744 570 tamen
3775 533 3913 570 vera

2212 601 2344 667 sint,
2377 600 2536 672 quid,
2561 600 2818 672 inquam,
2851 600 3015 668 mihi,
3044 601 3225 670 obest,
3258 601 3304 655 si
3335 603 3486 656 aliud
3519 619 3626 673 ego
3656 621 3910 671 sensero,

2212 706 2384 761 quam
2415 689 2590 743 sensit
2619 689 2764 742 alius
2808 705 2941 743 eum
2986 689 3227 744 sensisse
3259 689 3359 761 qui
3389 691 3654 761 scripsit?
3699 692 3916 748 Omnes

2212 779 2445 850 quidem
2475 777 2575 849 qui
2597 778 2860 848 legimus,
2886 778 3127 832 nitimur
3146 778 3251 833 hoc
3272 780 3545 847 indagare
3569 785 3740 852 atque
3753 798 3914 836 com-

2211 867 2584 936 prehendere,
2629 866 2782 938 quod
2812 867 2992 921 voluit
3033 866 3128 922 ille
3174 884 3345 938 quem
3388 869 3652 939 legimus.
3685 872 3913 925 Etcum

2211 971 2344 1010 eum
2382 955 2693 1010 veridicum
2723 955 3029 1023 credimus,
3061 955 3203 1011 nihil
3231 958 3383 1028 quod
3418 958 3626 1013 falsum
3661 975 3783 1014 esse
3821 961 3914 1014 vel

2211 1043 2473 1098 novimus
2542 1045 2629 1098 vel
2702 1047 2993 1116 putamus,
3068 1045 3344 1100 audemus
3399 1063 3534 1102 eum
3580 1047 3911 1104 existimare

2212 1131 2436 1186 dixisse.
2469 1134 2614 1187 Dum
2647 1149 2783 1205 ergo
2800 1133 3042 1206 quisque
3072 1139 3306 1189 conatur
3335 1135 3392 1191 id
3423 1136 3637 1190 sentire
3669 1136 3729 1191 in
3760 1137 3908 1191 Scri-

2211 1221 2397 1292 pturis
2451 1221 2679 1291 sanctis,
2721 1222 2872 1292 quod
2921 1222 2982 1276 in
3010 1222 3092 1276 eis
3137 1224 3316 1278 sensit
3357 1224 3453 1278 ille
3504 1225 3605 1296 qui
3649 1225 3907 1296 scripsit;

2212 1309 2350 1380 quid
2379 1310 2518 1364 mali
2539 1314 2624 1365 est
2645 1309 2694 1364 si
2721 1311 2831 1365 hoc
2858 1311 3081 1379 sentiat,
3115 1313 3270 1385 quod
3298 1316 3382 1380 tu,
3412 1314 3510 1368 lux
3528 1315 3789 1369 omnium
3818 1331 3915 1368 ve-

2211 1397 2520 1452 ridicarum
2545 1399 2844 1466 mentium,
2870 1401 3117 1456 ostendis
3138 1418 3338 1457 verum
3367 1418 3509 1466 esse,
3544 1403 3772 1458 etiamsi
3798 1404 3913 1458 hoc

2211 1503 2330 1540 non
2357 1488 2534 1542 sensit
2575 1487 2670 1542 ille
2712 1504 2886 1559 quem
2930 1489 3098 1560 legit;
3149 1505 3279 1545 cum
3328 1496 3387 1547 et
3413 1491 3510 1548 ille
3551 1508 3773 1559 verum,
3808 1509 3915 1547 nec

2212 1579 2406 1630 tamen
2434 1577 2540 1630 hoc
2566 1578 2844 1632 senserit?

2858 1655 3086 1739 CAPUT
3113 1687 3244 1740 xxx.

2777 1788 2904 1855 Quae
2933 1791 3140 1859 liquido
3182 1807 3328 1847 vera.

2279 1896 2369 1948 28.
2400 1894 2606 1948 Verum
2650 1898 2735 1950 est
2772 1896 2948 1962 enim,
2984 1898 3243 1968 Domine,
3281 1898 3479 1954 fecisse
3509 1903 3565 1954 te
3610 1900 3822 1956 caelum
3855 1906 3920 1957 et

2209 1985 2448 2048 terram;
2492 1987 2548 2038 et
2605 2001 2803 2038 verum
2845 1991 2928 2039 est
2971 1986 3324 2056 Principium
3383 2006 3504 2042 esse
3548 1989 3912 2061 Sapientiam

2208 2073 2367 2124 tuam
2388 2070 2446 2124 in
2476 2088 2589 2142 qua
2612 2072 2791 2127 fecisti
2823 2074 3015 2128 omnia
3047 2077 3208 2144 (Psal.
3245 2094 3355 2144 cm,
3389 2077 3503 2147 24).
3532 2079 3676 2132 Item
3704 2096 3913 2134 verum

2209 2163 2312 2225 est,
2345 2160 2498 2230 quod
2537 2161 2786 2215 mundus
2824 2161 2931 2216 iste
2970 2163 3207 2217 visibilis
3236 2165 3409 2219 habet
3439 2183 3678 2237 magnas
3706 2173 3909 2238 partes

2207 2262 2337 2300 suas
2380 2249 2586 2302 coelum
2631 2255 2686 2303 et
2715 2255 2948 2317 terram,
2997 2252 3153 2306 brevi
3183 2253 3580 2324 complexione
3625 2255 3909 2311 factarum

2207 2333 2468 2390 omnium
2512 2337 2987 2410 conditarumque
3044 2345 3402 2397 naturarum.
3450 2343 3514 2397 Et
3552 2359 3753 2398 verum
3795 2350 3906 2409 est,

2206 2423 2357 2493 quod
2376 2440 2544 2478 omne
2567 2426 2839 2480 mutabile
2862 2425 3115 2482 insinuat
3131 2429 3352 2483 notitiae
3366 2436 3578 2484 nostra)
3592 2433 3909 2501 quamdam

2205 2510 2634 2582 informitatem,
2677 2530 2789 2584 qua
2832 2514 3074 2570 formam
3103 2518 3275 2588 capit,
3309 2519 3397 2572 vel
3426 2536 3538 2590 qua
3568 2525 3826 2574 mutatur
3851 2526 3911 2575 et

2203 2599 2459 2654 vertitur.
2492 2601 2700 2655 verum
2735 2605 2839 2669 est,
2882 2603 3037 2659 nulla
3068 2610 3331 2676 tempora
3375 2607 3599 2679 perpeti
3632 2609 3785 2680 quod
3825 2609 3911 2664 ita

2205 2688 2451 2742 cohaeret
2463 2689 2659 2744 formae
2673 2690 3143 2759 incommutabili,
3159 2698 3222 2748 ut
3235 2696 3494 2765 quamvis
3516 2696 3589 2750 sit
3601 2697 3908 2765 mutabile,

2204 2790 2320 2829 non
2351 2780 2626 2832 mutetur.
2663 2778 2872 2832 Verum
2903 2784 3006 2846 est,
3040 2779 3474 2849 informitatem,
3508 2800 3636 2854 qum
3667 2800 3849 2855 prope
3882 2783 3904 2817 ‘

2203 2862 2347 2917 nihil
2375 2869 2477 2931 est,
2522 2865 2670 2920 vices
2700 2869 3027 2938 temporum
3068 2869 3278 2924 habere
3325 2887 3441 2924 non
3472 2888 3654 2941 posse.
3689 2873 3907 2927 Verum

2203 2957 2305 3018 est,
2329 2952 2484 3023 quod
2513 2953 2664 3007 unde
2685 2954 2749 3008 fit
2778 2954 3016 3026 aliquid,
3058 2961 3245 3026 potest
3285 2959 3534 3029 quodam
3574 2976 3784 3029 genere
3819 2961 3905 3014 lo-

2201 3040 2446 3094 cutionis
2461 3040 2798 3112 haberejam
2828 3060 3039 3098 nomen
3061 3045 3184 3115 ejus
3212 3045 3292 3100 rei
3317 3063 3446 3117 quae
3467 3045 3602 3102 inde
3627 3048 3720 3114 ﬁt;
3747 3049 3904 3103 unde

2197 3127 2386 3198 potuit
2413 3128 2596 3182 vocari
2622 3131 2830 3184 caelum
2849 3135 2904 3185 et
2932 3135 3085 3186 terra
3104 3133 3376 3203 quaelibet
3406 3135 3724 3190 informitas
3745 3137 3903 3191 unde

2196 3216 2408 3270 factum
2436 3221 2519 3270 est
2565 3219 2770 3273 coelum
2818 3224 2874 3274 et
2905 3225 3081 3275 terra.
3115 3223 3325 3276 Verum
3358 3229 3464 3290 est,
3489 3225 3747 3278 omnium
3779 3225 3898 3279 for-

2198 3308 2484 3359 inatorum
2513 3305 2656 3360 nihil
2702 3323 2822 3361 esse
2863 3308 3096 3364 informi
3125 3309 3366 3366 vicinius
3394 3329 3568 3384 quam
3598 3317 3810 3367 terram
3843 3320 3904 3368 et

2197 3390 2481 3460 abyssum.
2514 3394 2724 3448 Verum
2756 3399 2860 3463 est,
2890 3397 3044 3468 quod
3079 3415 3196 3452 non
3221 3400 3406 3454 solum
3436 3407 3692 3456 creatum
3721 3408 3900 3473 atque

2195 3477 2526 3548 formatum,
2557 3481 2654 3535 sed
2684 3483 2857 3538 etiam
2889 3486 3168 3557 quidquid
3198 3489 3440 3543 creabile
3473 3494 3642 3561 atque
3672 3491 3896 3545 forma-

2194 3565 2307 3620 bile
2347 3572 2450 3634 est,
2483 3573 2546 3622 tu
2591 3569 2771 3624 fecisti
2817 3589 2882 3626 ex
2926 3590 3040 3644 quo
3090 3579 3222 3629 sunt
3268 3577 3480 3632 omnia.
3521 3579 3732 3633 Verum
3785 3584 3894 3647 est,

2195 3670 2366 3709 omne
2412 3657 2564 3727 quod
2595 3675 2661 3712 ex
2691 3659 2926 3716 informi
2955 3663 3253 3734 formatur,
3286 3666 3447 3737 prius
3477 3683 3598 3723 esse
3625 3667 3895 3736 informe,

2195 3742 2398 3798 deinde
2429 3745 2766 3804 formatum.

2865 3855 3092 3910 CAPUT
3121 3858 3223 3912 ΧΧ.

2370 3958 2432 4012 In
2461 3958 2744 4030 principio
2768 3961 2998 4030 creavit,
3025 3967 3155 4031 etc.,
3187 3967 3341 4020 varie
3367 3969 3710 4024 intellectum.

2261 4063 2349 4116 29.
2385 4063 2457 4117 Ex
2498 4063 2586 4118 his
2627 4066 2896 4121 omnibus
2925 4068 3074 4122 veris
3115 4071 3184 4124 de
3218 4072 3427 4142 quibus
3457 4090 3575 4128 non
3627 4075 3896 4132 dubitant

2191 4164 2437 4219 quorum
2485 4151 2746 4207 interiori
2793 4156 2957 4210 oculo
3000 4157 3136 4211 talia
3179 4159 3371 4214 videre
3413 4162 3656 4228 donasti,
3691 4167 3747 4216 et
3788 4165 3892 4234 qui

2190 4237 2415 4308 Moysen
2458 4239 2738 4295 famulum
2777 4246 2942 4298 tuum
2971 4243 3032 4298 in
3077 4245 3296 4316 Spiritu
3339 4248 3591 4303 veritatis
3633 4250 3892 4305 locutum

2189 4340 2308 4378 esse
2338 4325 2710 4382 immobiliter
2745 4330 3011 4398 credunt;
3045 4349 3110 4386 ex
3150 4333 3240 4387 his
3271 4351 3406 4405 ergo
3441 4337 3706 4392 omnibus
3731 4338 3894 4395 aliud

2187 4412 2297 4467 sibi
2329 4415 2476 4469 tollit
2509 4415 2609 4486 qui
2637 4416 2803 4472 dicit:
2852 4421 2916 4473 In
2953 4422 3232 4489 principio
3271 4424 3404 4488 fecit
3444 4426 3582 4477 Deus
3620 4427 3807 4480 coelum
3838 4433 3891 4482 et

2189 4505 2408 4570 terram,
2449 4503 2504 4558 id
2533 4508 2637 4569 est,
2669 4506 2732 4559 In
2761 4507 2941 4564 Verbo
2966 4524 3068 4562 suo
3107 4509 3214 4564 sibi
3249 4515 3532 4566 coaeterno
3571 4513 3706 4569 fecit
3738 4517 3891 4572 Deus

2187 4589 2610 4662 intelligibilem
2636 4597 2808 4665 atque
2832 4595 3177 4663 sensibilem,
3200 4599 3283 4652 vel
3304 4598 3660 4669 spiritualem
3685 4620 3890 4676 corpo-

2185 4679 2480 4752 ralemque
2501 4686 2840 4738 creaturam.
2873 4684 3043 4740 Aliud
3072 4685 3171 4756 qui
3211 4686 3376 4741 dicit:
3411 4690 3471 4742 In
3507 4692 3781 4762 principio
3798 4697 3886 4761 fe-

2185 4769 2258 4821 cit
2299 4771 2435 4824 Deus
2482 4771 2668 4825 caelum
2707 4776 2758 4825 et
2798 4777 3016 4836 terram,
3056 4772 3116 4826 id
3154 4777 3256 4839 est,
3298 4775 3361 4828 In
3399 4777 3580 4832 Verbo
3629 4796 3731 4835 suo
3777 4782 3884 4836 sibi

2185 4860 2466 4912 coaeterno
2514 4859 2644 4913 fecit
2680 4861 2828 4913 Dens
2885 4860 3208 4916 universam
3264 4861 3432 4918 istam
3479 4869 3692 4922 molem
3751 4886 3884 4924 cor-

2183 4945 2343 5014 porei
2413 4946 2615 5001 mundi
2689 4947 2882 5018 hujus,
2930 4963 3062 5020 cum
3119 4951 3388 5007 omnibus
3439 4971 3580 5026 quas
3628 4959 3884 5014 continet

2184 5033 2499 5088 manifestis
2548 5035 2810 5106 notisque
2860 5037 3099 5092 naturis.
3185 5040 3356 5096 Aliud
3411 5043 3511 5115 qui
3577 5045 3740 5100 dicit:
3803 5049 3879 5102 In

2177 5125 2452 5191 principio
2476 5124 2605 5188 fecit
2633 5125 2772 5178 Deus
2803 5124 2988 5179 caelum
3025 5131 3074 5181 et
3105 5131 3326 5197 terram,
3362 5131 3422 5186 id
3453 5137 3555 5198 est,
3588 5134 3651 5186 In
3692 5134 3876 5190 Verbo

2183 5226 2283 5263 suo
2305 5210 2414 5264 sibi
2442 5214 2727 5265 coasterno
2749 5211 2881 5266 fecit
2898 5214 3044 5268 Deus
3065 5215 3375 5274 informem
3396 5221 3693 5276 materiam
3719 5209 3877 5278 crea4

2181 5302 2328 5351 tura:
2388 5297 2700 5366 spiritualis
2740 5304 2796 5355 et
2852 5305 3186 5372 corporalis.
3243 5307 3410 5362 Aliud
3449 5309 3549 5380 qui
3601 5309 3769 5365 dicit:
3814 5315 3879 5368 In

373 5367 656 5466 magister
683 5374 876 5466 noster
912 5369 973 5423 in
1013 5369 1220 5441 quibus
1275 5371 1494 5466 duobus
1522 5374 1834 5466 praeceptis
1889 5380 2072 5432 totam
2172 5387 2448 5455 principio
2488 5387 2620 5453 fecit
2660 5390 2798 5445 Deus
2838 5367 3025 5448 caelum
3049 5398 3100 5449 et
3129 5400 3350 5463 terram,
3381 5397 3439 5451 id
3463 5367 3564 5466 est,
3599 5399 3662 5452 In
3694 5401 3879 5457 Verbo

375 5453 582 5525 Legem
619 5457 1049 5528 Prophetasque
1107 5459 1464 5529 suspenderit
1513 5463 1726 5529 (Matth.
1759 5479 1892 5530 xxu,
1944 5466 2062 5535 40).

373 5541 511 5604 Quia
539 5544 685 5599 mihi
715 5546 983 5602 ardenter
1000 5546 1315 5615 confitenti,
1350 5548 1498 5604 Deus
1521 5565 1700 5617 meus,
1724 5549 1919 5607 lumen
1943 5569 2069 5608 ocu-

2247 5565 2264 5600 ¹
2296 5563 2442 5627 Lov.,
2464 5571 2714 5632 proprie.
