4058 6394
176 325 275 374 837

171 461 274 498 suo
317 443 427 498 sibi
485 447 773 498 coaeterno
821 443 956 498 fecit
1010 445 1157 497 Deus
1212 442 1521 497 informem
1581 443 1883 497 materiam

170 537 454 588 creaturae
486 533 802 602 corporalis
835 532 930 585 ubi
959 531 1264 586 confusum
1315 532 1500 586 adhuc
1530 535 1651 586 erat
1678 533 1882 586 coelum

172 627 228 675 et
256 627 435 687 terra,
469 638 598 692 quae
631 637 785 674 nunc
829 621 951 690 jam
1009 621 1274 676 distincta
1327 627 1500 694 atque
1531 624 1772 677 formata
1825 623 1884 677 in

171 711 336 764 istius
367 711 569 783 mundi
592 710 742 764 mole
765 710 1058 764 sentimus.
1093 710 1261 764 Aliud
1292 712 1391 782 qui
1420 711 1556 766 dicit
1588 727 1602 765 :
1634 714 1696 766 In
1719 714 1882 781 prin-

170 801 314 867 cipio
333 800 463 865 fecit
491 802 630 852 Deus
659 800 844 851 cwlum
869 803 1154 863 etter-ram,
1187 797 1244 852 id
1273 803 1378 864 est,
1412 801 1473 852 In
1500 799 1622 870 ipso
1653 799 1882 853 exordio

170 886 611 956 faciendiatque
625 886 904 956 operandi
935 886 1066 939 fecit
1097 886 1560 941 Deusinformem
1585 887 1882 942 materiam

178 975 418 1028 confuse
449 975 755 1029 habentem
793 975 999 1028 coelum
1051 978 1106 1028 et
1160 978 1391 1042 terram,
1451 975 1600 1030 unde
1640 976 1882 1030 formata

181 1080 334 1118 nunc
375 1063 635 1118 eminent
663 1069 721 1117 et
749 1067 1027 1135 apparent
1068 1079 1198 1118 cum
1228 1064 1493 1119 omnibus
1532 1081 1661 1136 qua:
1711 1064 1772 1118 in
1802 1064 1883 1118 eis

181 1156 334 1209 sunt.

835 1240 1061 1294 CAPUT
1090 1241 1225 1295 XXI.

334 1347 510 1400 Terra
540 1351 661 1400 erat
684 1345 1001 1412 invisibilis,
1035 1350 1164 1410 etc.,
1199 1349 1349 1400 varie
1385 1349 1727 1402 intellectum.

247 1456 337 1507 30.
372 1454 513 1507 ltem
561 1454 713 1524 quod
746 1453 948 1507 attinet
976 1453 1048 1508 ad
1078 1452 1426 1507 intellectum
1457 1454 1761 1509 verborum
1795 1471 1879 1509 se-

183 1541 506 1610 quentium,
540 1557 606 1595 ex
638 1542 748 1594 illis
780 1541 1046 1594 omnibus
1085 1542 1252 1608 veris,
1287 1542 1441 1596 aliud
1477 1543 1585 1596 sibi
1611 1543 1761 1597 tollit
1784 1543 1880 1615 qui

179 1630 318 1682 dicit
350 1647 363 1683 :
402 1634 571 1684 Terra
602 1636 779 1684 autem
809 1635 926 1683 erat
956 1631 1249 1684 invisibilis
1305 1635 1355 1683 et
1401 1633 1772 1700 incomposita,
1832 1639 1882 1687 et

176 1719 409 1772 tenebrae
446 1723 600 1771 erant
629 1734 793 1787 super
821 1718 1097 1788 abyssum,
1128 1718 1185 1772 id
1218 1721 1318 1784 est,
1356 1719 1660 1789 Corporale
1687 1719 1705 1753 ¹
1740 1721 1878 1775 illud

178 1807 332 1878 quod
366 1807 500 1860 fecit
531 1808 704 1876 Deus,
757 1807 942 1860 adhuc
982 1806 1245 1860 materies
1301 1812 1423 1860 erat
1477 1823 1882 1879 corporearum

175 1911 374 1949 rerum
424 1895 705 1961 informis,
757 1895 877 1949 sine
921 1895 1143 1960 ordine,
1197 1895 1318 1949 sine
1367 1896 1510 1950 luce.
1562 1898 1730 1953 Aliud
1783 1899 1880 1970 qui

179 1982 365 2036 dicit:
408 1985 627 2036 Terram
675 1988 854 2037 autem
909 1989 1026 2038 erat
1085 1987 1381 2040 invisibilis
1419 1993 1469 2040 et
1508 1989 1879 2057 incomposita,

178 2078 226 2124 et
256 2073 486 2126 tenebras
523 2078 678 2127 erant
725 2088 888 2142 super
931 2073 1212 2143 abyssum,
1281 2074 1340 2128 id
1391 2079 1495 2139 est,
1537 2077 1652 2129 Hoc
1697 2080 1881 2129 totum

180 2159 338 2228 quod
371 2162 574 2214 coelum
608 2166 665 2214 et
689 2166 839 2214 terra
870 2162 1219 2232 appellatum
1272 2166 1377 2229 est,
1412 2163 1593 2217 adlius
1621 2163 1883 2218 informis

181 2253 239 2300 et
276 2249 578 2303 tenebrosa
624 2250 888 2304 materies
945 2255 1084 2317 erat,
1126 2252 1278 2305 unde
1307 2251 1467 2305 fieret
1517 2253 1722 2307 cmlum
1755 2270 1880 2307 cor-

181 2355 427 2409 poreum
475 2343 533 2392 et
584 2342 734 2392 terra
790 2355 1082 2409 corporea,
1134 2356 1264 2394 cum
1318 2340 1583 2396 omnibus
1639 2358 1766 2413 quae
1822 2342 1882 2396 in

182 2430 264 2482 eis
322 2432 455 2482 sunt
499 2427 788 2498 corporeis
837 2428 1092 2481 sensibus
1127 2433 1283 2483 nota.
1329 2429 1496 2484 Aliud
1540 2429 1639 2500 qui
1695 2431 1879 2486 dicit:

187 2522 358 2572 Terra
390 2521 567 2570 autem
594 2521 709 2570 erat
736 2517 1029 2570 invisibilis
1080 2521 1131 2570 et
1172 2519 1542 2586 incomposita,
1574 2523 1623 2572 et
1661 2521 1884 2575 tenebrae

183 2611 340 2660 erant
355 2622 520 2675 super
537 2605 811 2673 abyssum,
837 2605 892 2658 id
917 2609 1020 2671 est,
1056 2606 1171 2660 Hoc
1192 2611 1378 2659 totum
1410 2606 1561 2677 quod
1591 2609 1797 2662 coelum
1828 2613 1886 2663 et

177 2701 330 2747 terra
360 2693 713 2764 appellatum
771 2698 872 2759 est,
929 2693 1113 2747 adhuc
1167 2693 1428 2747 informis
1478 2700 1533 2749 et
1581 2697 1883 2750 tenebrosa

181 2782 452 2837 materies
482 2786 623 2848 erat,
657 2782 806 2836 unde
859 2782 1021 2835 ﬁeret
1070 2782 1276 2836 coelum
1332 2783 1692 2854 intelligibile
1731 2787 1883 2856 quod

178 2871 316 2925 alibi
362 2870 572 2924 dicitur
602 2871 811 2923 coelum
869 2869 996 2923 (ιωιί
1047 2870 1215 2940 (Psal.
1272 2886 1421 2936 exui,
1463 2870 1583 2940 16);
1627 2875 1681 2925 et
1709 2877 1880 2940 terra,

182 2960 398 3014 scilicet
426 2958 614 3012 omnis
635 2962 843 3012 natura
871 2973 1162 3028 corporea,
1194 2959 1297 3012 sub
1329 2975 1442 3030 quo
1462 2959 1694 3014 nomine
1721 2959 1886 3015 intel-

181 3047 398 3117 ligatur
427 3046 599 3100 etiam
620 3046 729 3100 hoc
759 3048 965 3100 coelum
993 3063 1333 3118 corporeum
1357 3065 1369 3114 ;
1404 3047 1462 3102 id
1494 3052 1578 3102 est
1607 3049 1756 3103 unde
1785 3050 1882 3103 ﬁe-

182 3141 271 3190 ret
310 3135 498 3190 omnis
529 3135 828 3190 invisibilis
860 3135 1208 3207 visibilisque
1252 3140 1529 3190 creatura.
1574 3137 1742 3192 Aliud
1785 3140 1885 3210 qui

181 3224 355 3278 dicit:
396 3227 560 3278 Terra
589 3230 767 3278 autem
821 3230 939 3278 erat
995 3225 1290 3279 invisibilis
1337 3231 1385 3280 et
1419 3228 1794 3296 incomposita,
1837 3234 1884 3282 et

186 3314 416 3367 tenebrae
435 3317 587 3367 erant
617 3328 778 3381 super
808 3313 1098 3384 abyssum;
1132 3330 1247 3368 non
1296 3313 1453 3368 illam
1479 3315 1886 3372 informitatem

185 3402 420 3456 nomine
451 3402 576 3456 cceli
605 3406 661 3455 et
688 3407 852 3456 terrae
900 3401 1193 3472 Scriptura
1247 3403 1586 3472 appellavit;
1643 3403 1736 3457 sed
1765 3405 1886 3474 jam

186 3496 331 3556 erat,
364 3491 570 3561 inquit,
597 3490 722 3560 ipsa
744 3489 1065 3544 informitas
1097 3506 1269 3560 quam
1300 3495 1512 3544 terram
1543 3490 1885 3546 invisibilem

187 3585 244 3633 et
274 3578 712 3648 incompositam
746 3579 1224 3648 tenebrosamque
1250 3578 1517 3648 abyssum
1549 3579 1881 3647 nominavit,

186 3667 256 3721 de
287 3684 402 3737 qua
448 3668 653 3722 coelum
702 3671 758 3720 et
803 3672 1015 3720 terram
1060 3668 1239 3720 Deum
1281 3666 1478 3720 fecisse
1525 3668 1882 3738 prmdixerat,

185 3755 546 3826 spiritualem
577 3755 808 3821 scilicet,
842 3755 1313 3825 corporalemque
1345 3759 1684 3810 creaturam.
1717 3757 1886 3813 Aliud

185 3844 287 3916 qui
322 3844 490 3899 dicit:
537 3848 706 3898 Terra
741 3849 919 3898 autem
955 3847 1072 3898 erat
1108 3844 1403 3898 invisibilis
1433 3847 1482 3897 et
1514 3847 1882 3914 incompOsila,

184 3939 234 3986 et
284 3934 510 3988 tenebrw
547 3939 702 3988 erant
751 3948 914 4002 super
963 3933 1235 4000 abyssum,
1285 3932 1342 3986 id
1392 3937 1496 3997 est,
1561 3933 1887 3988 Informitas

185 4024 454 4092 quaedam
501 4023 619 4092 jam
659 4021 926 4075 materies
980 4025 1118 4086 erat,
1162 4019 1316 4074 unde
1356 4021 1563 4074 coelum
1593 4025 1648 4074 et
1677 4025 1887 4076 terram

188 4113 374 4165 Deum
413 4109 607 4163 fecisse
645 4108 938 4180 Scriptura
977 4108 1279 4179 praedixit:
1311 4112 1490 4162 totam
1521 4109 1732 4164 scilicet
1760 4126 1886 4164 cor-

185 4215 427 4270 poream
449 4199 646 4253 mundi
668 4199 899 4264 molem,
931 4197 988 4251 in
1016 4198 1155 4252 duas
1185 4197 1461 4251 maximas
1485 4202 1694 4268 partes,
1728 4215 1890 4270 supe-

183 4289 401 4342 riorem
439 4292 608 4358 atque
639 4287 970 4341 inferiorem
1018 4285 1400 4354 dislributam,
1445 4302 1575 4341 cum
1624 4288 1890 4342 omnibus

186 4393 318 4448 quae
349 4377 411 4430 in
442 4376 522 4431 eis
548 4380 678 4430 sunt
705 4375 928 4430 usitatis
959 4375 1222 4446 notisque
1252 4375 1545 4431 creaturis.

826 4482 1049 4538 CAPUT
1086 4483 1244 4536 XXII.

307 4572 540 4641 Aliquid
569 4587 678 4626 esse
706 4588 740 4626 a
773 4574 876 4626 Deo
907 4571 1198 4637 conditum,
1230 4570 1296 4625 de
1323 4586 1427 4641 quo
1456 4573 1614 4628 sileat
1641 4574 1775 4628 liber

679 4661 916 4727 Genesis,
945 4659 1085 4714 nihil
1114 4664 1400 4729 repugnat.

260 4755 350 4806 3t.
395 4752 534 4806 Cum
574 4749 728 4804 enim
759 4749 977 4804 duabus
1019 4748 1140 4802 istis
1169 4748 1436 4823 extremis
1475 4749 1769 4804 sententiis
1798 4767 1884 4806 re-

185 4842 388 4895 sistere
426 4838 734 4911 quisquam
776 4838 853 4892 ita
883 4838 1223 4892 tentaverit:
1261 4837 1318 4892 Si
1356 4853 1472 4891 non
1502 4838 1670 4891 vultis
1694 4840 1715 4871 ²
1742 4839 1889 4893 hanc

187 4928 603 4984 informitatem
642 4926 894 4981 materies
925 4926 1050 4980 caeli
1079 4930 1134 4980 et
1171 4930 1338 4980 terra:
1369 4926 1603 4980 nomine
1633 4928 1886 4998 appella-

188 5024 306 5072 tam
338 5015 539 5083 videri,
571 5019 691 5069 erat
729 5031 865 5085 ergo
897 5013 1113 5085 aliquid
1144 5014 1300 5086 quod
1329 5031 1445 5069 non
1473 5014 1684 5069 fecerat
1716 5016 1884 5084 Deus,

189 5106 340 5160 unde
370 5105 579 5159 coelum
607 5107 662 5158 et
687 5108 900 5157 terram
930 5103 1165 5170 faceret;
1200 5119 1384 5174 neque
1416 5103 1570 5158 enim
1600 5104 1890 5174 Scriptura

186 5194 441 5250 narravit
471 5191 627 5264 quod
656 5190 824 5245 istam
852 5191 1150 5245 materiem
1168 5192 1315 5246 Deus
1345 5191 1561 5259 fecerit,
1594 5191 1703 5246 nisi
1726 5192 1890 5248 intel-

250 5325 262 5356 ι
298 5322 378 5370 Ita
407 5318 588 5382 plures
609 5322 661 5365 et
692 5316 920 5382 potiores
952 5316 1073 5382 Mss.
1097 5329 1217 5382 cum
1243 5315 1397 5382 Arn.;
1427 5320 1482 5382 at
1506 5316 1772 5382 Bathm.
1801 5317 1885 5367 Er.

187 5383 384 5433 Somm.
408 5377 572 5444 'Blas.
593 5377 724 5444 cum
759 5378 991 5444 quinque
1013 5379 1145 5444 ΔΜιςε.
1174 5377 1388 5441 habent,
1416 5378 1470 5428 id
1500 5382 1596 5442 est,
1627 5381 1886 5444 Incorpo-

184 5446 330 5502 rale;
356 5445 485 5493 Lov.
507 5480 520 5503 ,
546 5440 605 5491 id
625 5445 720 5503 est,
746 5439 1095 5497 carpo-rabile.

242 5510 262 5544 ξ
293 5502 530 5558 Somm.:
573 5502 868 5562 Quisquam
905 5504 986 5552 ita
1017 5502 1313 5562 tenlaveril,
1341 5502 1388 5554 si
1422 5515 1534 5555 non
1563 5503 1673 5556 vult
1702 5505 1884 5555 istam.

181 5572 361 5622 Mart:
394 5568 460 5619 Si
491 5577 608 5617 non
633 5563 916 5616 vulihauc.
983 5565 1051 5613 Μ.

1557 321 1769 376 LIBER
1845 319 2319 375 DUODECIMUS.

3584 326 3689 377 838

1994 441 2237 512 ligamus
2270 439 2288 472 ¹
2319 457 2446 495 eam
2483 441 2610 495 coeli
2639 445 2692 494 et
2721 445 2910 505 terrm,
2965 444 3063 494 aut
3091 441 3266 496 solius
3296 445 3462 496 terrae
3517 461 3689 500 voca-

1992 529 2127 584 bulo
2151 529 2523 599 significatam
2551 546 2679 583 cum
2702 528 3004 598 diceretur,
3026 531 3089 584 In
3109 531 3381 599 principio
3399 533 3530 597 fecit
3553 536 3687 588 Deus

1994 620 2178 673 caelum
2215 624 2263 672 et
2313 625 2540 680 terram;
2585 623 2646 671 ut
2709 618 2765 672 id
2797 618 2950 688 quod
2995 617 3275 688 sequitur,
3313 621 3480 672 Terra
3512 627 3689 676 autem

1994 712 2111 760 erat
2140 707 2432 760 invisibilis
2459 712 2509 760 et
2539 709 2910 775 incomposita,
2943 707 3201 776 quamvis
3232 706 3535 762 informem
3567 726 3688 763 ma-

1994 793 2197 848 teriam
2219 794 2297 847 sic
2321 793 2598 864 placuerit
2624 793 2930 863 appellare,
2957 811 3074 848 non
3089 799 3280 849 tamen
3302 795 3690 868 intelligamus

1993 883 2102 936 nisi
2155 899 2280 936 eam
2312 898 2483 953 quam
2532 881 2662 935 fecit
2693 883 2838 935 Deus
2886 882 2945 936 in
2977 899 3043 936 eo
3088 884 3242 953 quod
3287 886 3690 956 prmscriptum

1994 975 2101 1036 est,
2131 974 2261 1038 fecit
2282 974 2419 1024 Deus
2449 972 2634 1024 caelum
2653 975 2701 1023 et
2735 975 2951 1023 terram.
2977 971 3423 1040 Respondebant
3455 982 3691 1030 asserto-

1992 1076 2083 1114 res
2123 1060 2366 1114 duarum
2395 1059 2634 1113 istarum
2663 1058 3073 1112 sententiarum
3105 1076 3246 1130 quas
3277 1066 3558 1117 extremas
3588 1081 3688 1135 po-

1994 1148 2231 1215 suimus,
2263 1152 2363 1202 aut
2384 1147 2558 1215 illius,
2600 1151 2700 1201 aut
2729 1146 2903 1214 illius,
2946 1163 3076 1200 cum
3106 1148 3228 1201 haec
3274 1150 3579 1218 audierint,
3631 1157 3689 1208 et

1994 1237 2217 1291 dicent:
2267 1236 2576 1290 Informem
2612 1235 2844 1306 quidem
2884 1235 3051 1289 istam
3098 1237 3395 1290 materiam
3436 1255 3550 1294 non
3582 1257 3686 1296 ne-

1993 1341 2194 1396 gamus
2224 1342 2256 1378 a
2309 1327 2422 1378 Deo
2465 1325 2690 1390 factam,
2740 1325 2854 1378 Deo
2887 1340 2917 1378 a
2970 1340 3084 1394 quo
3125 1329 3259 1379 sunt
3299 1326 3492 1381 omnia
3535 1328 3688 1383 bona

1991 1413 2153 1468 valde
2179 1431 2192 1468 :
2225 1413 2360 1484 quia
2384 1413 2529 1468 sicut
2559 1412 2802 1468 dicimus
2832 1413 3080 1484 amplius
3108 1413 3324 1468 bonum
3372 1431 3492 1477 esse
3531 1419 3684 1487 quod

1992 1507 2244 1556 creatum
2275 1506 2444 1573 atque
2490 1502 2799 1556 formatum
2832 1505 2937 1568 est,
2971 1501 3051 1555 ita
3091 1501 3338 1556 fatemur
3369 1503 3557 1558 minus
3587 1505 3687 1559 bo-

1992 1607 2132 1644 num
2163 1607 2282 1644 esse
2309 1589 2464 1661 quod
2492 1590 2702 1644 factum
2728 1593 2810 1644 est
2839 1589 3102 1655 creabile,
3151 1595 3322 1659 atque
3364 1591 3687 1660 formabile,

1992 1678 2092 1732 sed
2117 1682 2310 1732 tamen
2339 1679 2557 1732 bonum
2590 1694 2602 1732 :
2629 1694 2746 1732 non
2783 1683 2974 1731 autem
3006 1693 3485 1733 commemorasse
3541 1681 3694 1735 Scri-

1991 1771 2242 1837 pturam,
2276 1766 2427 1837 quod
2469 1766 2617 1820 hanc
2647 1765 3056 1819 informitatem
3085 1765 3280 1818 fecerit
3328 1767 3496 1828 Deus,
3547 1767 3694 1822 sicut

1995 1855 2104 1908 alia
2127 1856 2308 1908 multa
2342 1870 2458 1908 non
2486 1853 2968 1919 commemoravit,
3002 1857 3063 1907 ut
3102 1853 3410 1908 Cherubim
3441 1859 3496 1909 et
3524 1855 3690 1910 Sera-

1992 1943 2154 2013 phim
2188 1945 2336 2012 (Isai.
2369 1959 2443 2008 Vl,
2493 1945 2556 2010 2;
2606 1947 2656 1996 et
2702 1958 2902 2008 xxxvu,
2957 1942 3060 2008 l6),
3112 1946 3168 1995 et
3210 1957 3338 2011 qum
3383 1944 3690 2012 Apostolus

1994 2031 2256 2086 distincte
2289 2031 2385 2097 ait,
2427 2031 2612 2098 Sedes,
2659 2031 3077 2096 Dominationes,
3134 2032 3498 2099 Principatus,
3534 2033 3691 2086 Pole-

1993 2124 2157 2174 stales
2213 2120 2426 2188 (Coloss.
2461 2136 2498 2186 1,
2532 2120 2636 2186 16),
2670 2134 2797 2189 qua)
2829 2123 3024 2172 tamen
3060 2117 3253 2170 omnia
3285 2120 3466 2172 Deum
3495 2119 3692 2175 fecisse

1993 2206 2358 2261 manifestum
2389 2210 2491 2260 est.
2540 2207 2654 2259 Aut
2683 2205 2728 2258 si
2757 2205 2818 2258 in
2859 2221 2925 2259 eo
2970 2205 3121 2275 quod
3164 2205 3380 2260 dictum
3416 2211 3520 2274 est,
3561 2211 3692 2275 fecit

1993 2297 2178 2350 caalum
2207 2301 2257 2349 et
2303 2300 2524 2360 terram,
2558 2294 2972 2364 comprehensa
3007 2297 3139 2346 sunt
3167 2295 3397 2350 omnia:
3439 2296 3578 2366 quid
3623 2297 3692 2352 de

1995 2384 2158 2454 aquis
2181 2383 2440 2450 dicimus,
2473 2399 2647 2453 super
2677 2399 2817 2453 quas
2848 2382 3132 2436 ferebatur
3162 2383 3411 2454 Spiritus
3445 2385 3587 2439 Dei?
3633 2384 3692 2439 Si

1996 2472 2173 2537 enim,
2207 2477 2359 2526 terra
2387 2471 2705 2536 nominata,
2737 2471 2908 2524 simul
2935 2471 3376 2542 intelliguntur;
3407 2475 3694 2543 quomodo

1989 2561 2112 2633 jam
2164 2565 2330 2616 terrm
2409 2561 2643 2614 nomine
2709 2559 2974 2614 materies
3068 2559 3326 2614 informis
3399 2562 3694 2632 accipitur,

2001 2650 2231 2720 quando
2274 2655 2390 2703 tam
2420 2649 2704 2720 speciosae
2733 2664 2910 2719 aquas
2934 2648 3193 2702 videmus
3223 2651 3251 2702 ?
3289 2653 3401 2703 Aut
3430 2651 3476 2704 si
3506 2651 3585 2704 ita
3612 2668 3722 2722 ac-_

1997 2739 2243 2810 cipitur;
2279 2755 2380 2794 cur
2409 2755 2476 2792 ex
2515 2739 2714 2794 eadem
2761 2738 3110 2792 informitate
3158 2739 3434 2809 scriptum
3465 2744 3568 2806 est,
3614 2741 3696 2795 fa-

1974 2833 2154 2882 ctum
2204 2826 2632 2881 ﬁrmamentum
2663 2830 2720 2880 et
2748 2830 3007 2879 vocatum
3051 2827 3275 2890 coelum,
3327 2843 3514 2898 neque
3558 2829 3695 2882 scri-

1994 2920 2158 2986 ptum
2187 2920 2273 2968 est
2297 2915 2468 2968 factas
2499 2931 2617 2968 esse
2645 2930 2821 2984 aquas
2841 2914 2867 2966 ?
2889 2916 3010 2968 Non
3029 2914 3181 2968 enim
3205 2915 3391 2968 adhuc
3416 2915 3694 2972 informes

1997 3008 2130 3058 sunt
2150 3008 2205 3058 et
2233 3003 2447 3069 invisae,
2471 3019 2610 3074 quas
2636 3002 2714 3056 ita
2743 3002 2945 3056 decora
2966 3001 3152 3073 specie
3176 3003 3354 3058 fluere
3382 3005 3691 3061 cernimus.

1995 3092 2108 3143 Aut
2159 3088 2205 3142 si
2235 3094 2369 3143 tunc
2398 3091 2740 3158 acceperunt
2761 3087 2926 3142 istam
2950 3088 3194 3158 speciem
3215 3105 3345 3142 cum
3360 3090 3500 3144 dixit
3522 3091 3692 3157 Deus,

2001 3180 2373 3246 Cong-regetur
2405 3192 2552 3245 aqua
2599 3193 2716 3245 quae
2746 3181 2822 3231 est
2860 3177 2958 3230 sub
2987 3179 3322 3245 ﬁrmamento
3363 3179 3514 3248 (Gen.
3548 3196 3588 3249 ι,
3617 3181 3692 3251 9),

1996 3271 2063 3320 ut
2092 3265 2456 3337 congregatio
2491 3265 2567 3319 sit
2591 3265 2714 3336 ipsa
2741 3265 3038 3335 formatio;
3085 3265 3225 3337 quid
3257 3268 3696 3337 respondebitur

1998 3355 2067 3409 de
2097 3354 2262 3425 aquis
2293 3368 2423 3424 qua:
2471 3369 2643 3423 super
2671 3353 3098 3407 ﬁrmamentum
3139 3357 3307 3408 sunt?
3346 3355 3483 3425 quia
3512 3372 3696 3428 neque

1999 3442 2271 3497 informes
2291 3446 2408 3496 tam
2429 3441 2826 3496 honorabilem
2853 3441 3046 3495 sedem
3068 3441 3321 3512 accipere
3335 3444 3694 3513 meruissent,

1996 3547 2101 3584 nec
2132 3529 2406 3600 scriptum
2435 3533 2519 3584 est
2548 3546 2663 3600 qua
2690 3546 2825 3584 voce
2856 3531 3114 3584 formatae.
3147 3530 3287 3586 sint.
3332 3531 3489 3586 Unde
3516 3533 3564 3586 si
3591 3535 3690 3588 ali-

1998 3617 2134 3689 quid
2176 3618 2407 3672 Genesis
2436 3618 2610 3672 tacuit
2641 3619 2819 3672 Deum
2857 3617 3077 3684 fecisse,
3111 3620 3262 3689 quod
3295 3623 3487 3674 tamen
3515 3623 3696 3676 Deum

1998 3706 2196 3760 fecisse
2228 3722 2332 3760 nec
2363 3722 2500 3758 sana
2530 3706 2690 3764 ﬁdes,
2735 3722 2836 3759 nec
2861 3711 3048 3760 certus
3077 3707 3320 3776 ambigit
3343 3706 3689 3776 intellectus;

2000 3809 2101 3847 nec
2132 3793 2260 3847 ideo
2285 3793 2402 3847 ulla
2432 3793 2618 3846 sobria
2632 3793 3086 3847 doctrinadicere
3104 3794 3336 3849 audebit
3356 3795 3494 3850 istas
3516 3813 3694 3868 aquas
3786 3847 3794 3853 .

1999 3886 2307 3936 comternas
2330 3883 2467 3944 Deo,
2503 3881 2638 3951 quia
2667 3880 2727 3934 in
2755 3881 2901 3934 libro
2932 3883 3208 3936 Geneseos
3225 3890 3696 3940 commemoratas

1999 3969 2230 4041 quidem
2263 3968 2582 4022 audivimus
2611 3967 2652 4033 ‘,
2694 3968 2795 4022 ubi
2824 3973 3016 4022 autem
3047 3970 3192 4024 facta
3229 3971 3344 4025 sint
3382 3988 3496 4026 non
3534 3973 3693 4028 inve-

1999 4058 2216 4112 nimus:
2250 4051 2350 4110 cur
2380 4072 2497 4110 non
2553 4055 2858 4110 informem
2904 4074 3130 4129 quoque
3171 4059 3329 4114 illam
3374 4062 3693 4131 materiem,

2002 4163 2174 4218 quam
2203 4145 2495 4216 Scriptura
2523 4144 2646 4198 hmo
2680 4149 2893 4200 terram
2923 4146 3268 4201 invisibilem
3301 4153 3358 4203 et
3398 4149 3694 4223 incompo-

2001 4235 2191 4302 sitam,
2221 4233 2700 4304 tenebrosamque
2713 4233 2979 4303 abyssum
3003 4237 3525 4306 appellat,docente
3555 4242 3698 4295 veri-

2000 4327 2114 4377 tate
2144 4321 2535 4392 intelligamus
2563 4338 2596 4374 a
2625 4323 2740 4376 Deo
2786 4322 2991 4376 factam
3042 4340 3163 4378 esse
3191 4325 3260 4379 de
3297 4325 3500 4398 nihilo,
3530 4329 3690 4385 ideo-

2001 4428 2113 4484 que
2150 4411 2235 4465 illi
2274 4427 2391 4464 non
2430 4427 2549 4465 esse
2595 4415 2958 4478 comtemam,
2994 4413 3253 4484 quamvis
3281 4414 3382 4468 ubi
3415 4416 3563 4472 facta
3601 4419 3696 4486 sit,

2001 4497 2260 4554 omiserit
2279 4499 2574 4553 enuntiare
2599 4498 2707 4552 ista
2734 4499 2987 4553 narratio
3002 4502 3031 4554 ?

2631 4587 2858 4641 CAPUT
2887 4589 3072 4644 XXIII.

2001 4679 2115 4730 Duo
2153 4675 2545 4729 dissensionum
2588 4691 2786 4741 genera
2814 4678 2872 4729 in
2917 4677 3217 4746 Scripturis
3246 4681 3692 4750 interpretandis.

2071 4767 2162 4820 32.
2203 4765 2299 4818 His
2327 4779 2463 4834 ergo
2498 4763 2707 4817 auditis
2737 4768 2906 4834 atque
2937 4766 3244 4836 perspectis
3273 4784 3378 4840 pro
3407 4777 3578 4842 captu
3605 4774 3694 4828 in-

1999 4851 2287 4907 ﬁrmitatis
2324 4867 2492 4920 mem,
2522 4867 2696 4921 quam
2729 4851 2835 4906 tibi
2874 4852 3151 4908 confiteor
3172 4856 3374 4912 scienti
3394 4859 3508 4914 Deo
3544 4878 3695 4932 meo,

1999 4940 2113 4994 duo
2141 4938 2306 4993 video
2352 4938 2772 4993 dissensionum
2829 4956 3040 5010 genera
3089 4944 3303 4999 oboriri
3347 4963 3532 5018 posse,
3566 4966 3693 5005 cum

2000 5028 2217 5100 aliquid
2264 5045 2297 5082 a
2347 5027 2562 5082 nuntiis
2617 5029 2910 5084 veracibus
2964 5047 3068 5102 per
3115 5033 3279 5104 signa
3324 5038 3689 5092 enuntiatur:

2001 5133 2180 5172 unum
2211 5115 2259 5169 si
2287 5116 2356 5170 de
2385 5115 2624 5170 veritate
2651 5133 2868 5188 rerum,
2908 5120 3154 5176 alterum
3195 5123 3243 5176 si
3291 5123 3360 5179 de
3390 5124 3566 5194 ipsius
3593 5127 3692 5196 qui

2001 5203 2261 5260 enuntiat
2284 5204 2573 5258 voluntate
2590 5203 2864 5259 dissensio
2888 5211 2993 5262 est.
3014 5209 3191 5263 Aliter
3202 5210 3356 5265 enim
3382 5209 3692 5280 quazrimus

2001 5293 2068 5347 de
2099 5296 2371 5346 creaturae
2400 5291 2724 5348 conditione
2750 5295 2887 5365 quid
2917 5313 3114 5351 verum
3145 5299 3254 5364 sit;
3299 5298 3463 5351 aliter
3498 5302 3692 5355 autem

2065 5383 2079 5414 ¹
2119 5381 2176 5446 In
2199 5380 2444 5446 omnibus
2475 5379 2581 5428 fere
2597 5380 2759 5446 libris
2784 5382 2992 5446 legitur,
3017 5387 3117 5434 nisi
3137 5385 3599 5446 utinlelligamus,
3628 5387 3694 5434 li-

2000 5442 2299 5507 brariorum
2320 5442 2489 5504 lapsu,
2521 5441 2610 5507 qui
2638 5443 2770 5507 forte
2793 5441 3067 5495 m'utarunt
3089 5452 3185 5496 aut
3204 5447 3258 5493 in
3279 5449 3351 5507 ut.
3369 5441 3511 5492 Hanc
3532 5441 3692 5507 porro

2000 5504 2314 5569 particulam
2343 5499 2664 5569 remOvi'mus
2699 5506 2854 5569 juxta
2881 5509 3006 5557 Arn.
3038 5513 3089 5556 et
3127 5508 3246 5556 Mss.
3284 5499 3690 5569 Benigniahum.

2064 5567 2086 5602 ²
2113 5567 2387 5626 Audimus,
2404 5567 2558 5628 juxta
2587 5567 2757 5617 Rond.
2793 5582 2915 5618 cum
2941 5573 2970 5618 "l
2995 5571 3118 5618 Mss.
3147 5569 3216 5618 M.
