  <div class='ocr_page' id='page_1' title='image "/cluster/home/n/w/nwhite01/storage/ocr_20150623/32/umn.31951002477326y/431.png"; bbox 0 0 4058 6410; ppageno 0'>
   <div class='ocr_carea' id='block_1_1' title="bbox 359 304 2652 368">
    <p class='ocr_par' dir='ltr' id='par_1_1' title="bbox 359 304 2652 368">
     <span class='ocr_line' id='line_1_1' title="bbox 359 304 2652 368; baseline -0.004 0"><span class='ocrx_word' id='word_1_1' title='bbox 359 317 461 368; x_wconf 82' lang='lat'>839</span> <span class='ocrx_word' id='word_1_2' title='bbox 1544 305 2085 362; x_wconf 83' lang='lat' dir='ltr'>CONFESSIONUM</span> <span class='ocrx_word' id='word_1_3' title='bbox 2133 306 2186 361; x_wconf 94' lang='lat' dir='ltr'>S.</span> <span class='ocrx_word' id='word_1_4' title='bbox 2247 304 2652 362; x_wconf 84' lang='lat' dir='ltr'>AUGUSTINI.</span> 
     </span>
    </p>
   </div>
   <div class='ocr_carea' id='block_1_2' title="bbox 361 428 2067 505">
    <p class='ocr_par' dir='ltr' id='par_1_2' title="bbox 361 428 2067 505">
     <span class='ocr_line' id='line_1_2' title="bbox 361 428 2067 505; baseline -0.002 -19"><span class='ocrx_word' id='word_1_5' title='bbox 361 436 496 505; x_wconf 81' lang='lat' dir='ltr'>quid</span> <span class='ocrx_word' id='word_1_6' title='bbox 539 435 598 488; x_wconf 89' lang='lat' dir='ltr'>in</span> <span class='ocrx_word' id='word_1_7' title='bbox 639 433 732 488; x_wconf 87' lang='lat' dir='ltr'>his</span> <span class='ocrx_word' id='word_1_8' title='bbox 765 429 950 485; x_wconf 84' lang='lat' dir='ltr'>verbis</span> <span class='ocrx_word' id='word_1_9' title='bbox 982 430 1222 498; x_wconf 84' lang='lat' dir='ltr'>Moyses,</span> <span class='ocrx_word' id='word_1_10' title='bbox 1255 428 1523 499; x_wconf 88' lang='lat' dir='ltr'>egregius</span> <span class='ocrx_word' id='word_1_11' title='bbox 1556 430 1902 484; x_wconf 90' lang='lat' dir='ltr'>domesticus</span> <span class='ocrx_word' id='word_1_12' title='bbox 1933 428 2067 483; x_wconf 89' lang='lat' dir='ltr'>ﬁdei</span> 
     </span>
    </p>
   </div>
   <div class='ocr_carea' id='block_1_3' title="bbox 368 517 2070 590">
    <p class='ocr_par' dir='ltr' id='par_1_3' title="bbox 368 517 2070 590">
     <span class='ocr_line' id='line_1_3' title="bbox 368 517 2070 590; baseline -0.002 -15"><span class='ocrx_word' id='word_1_13' title='bbox 368 528 504 586; x_wconf 66' lang='lat' dir='ltr'>true,</span> <span class='ocrx_word' id='word_1_14' title='bbox 522 520 852 590; x_wconf 83' lang='lat' dir='ltr'>intelligere</span> <span class='ocrx_word' id='word_1_15' title='bbox 869 519 1139 572; x_wconf 85' lang='lat' dir='ltr'>lectorem</span> <span class='ocrx_word' id='word_1_16' title='bbox 1166 517 1600 588; x_wconf 91' lang='lat' dir='ltr'>auditoremque</span> <span class='ocrx_word' id='word_1_17' title='bbox 1617 519 1877 573; x_wconf 89' lang='lat' dir='ltr'>voluerit.</span> <span class='ocrx_word' id='word_1_18' title='bbox 1894 520 1954 572; x_wconf 88' lang='lat' dir='ltr'>In</span> <span class='ocrx_word' id='word_1_19' title='bbox 1974 518 2070 571; x_wconf 93' lang='lat' dir='ltr'>illo</span> 
     </span>
    </p>
   </div>
   <div class='ocr_carea' id='block_1_4' title="bbox 367 605 2070 679">
    <p class='ocr_par' dir='ltr' id='par_1_4' title="bbox 367 605 2070 679">
     <span class='ocr_line' id='line_1_4' title="bbox 367 605 2070 679; baseline 0 -18"><span class='ocrx_word' id='word_1_20' title='bbox 367 609 553 679; x_wconf 88' lang='lat' dir='ltr'>primo</span> <span class='ocrx_word' id='word_1_21' title='bbox 576 623 790 677; x_wconf 88' lang='lat' dir='ltr'>genere</span> <span class='ocrx_word' id='word_1_22' title='bbox 805 605 1101 678; x_wconf 86' lang='lat' dir='ltr'>discedant</span> <span class='ocrx_word' id='word_1_23' title='bbox 1130 621 1162 659; x_wconf 90' lang='lat' dir='ltr'>a</span> <span class='ocrx_word' id='word_1_24' title='bbox 1191 621 1284 659; x_wconf 91' lang='lat' dir='ltr'>me</span> <span class='ocrx_word' id='word_1_25' title='bbox 1307 622 1524 669; x_wconf 86' lang='lat' dir='ltr'>omnes,</span> <span class='ocrx_word' id='word_1_26' title='bbox 1553 606 1652 676; x_wconf 88' lang='lat' dir='ltr'>qui</span> <span class='ocrx_word' id='word_1_27' title='bbox 1679 623 1745 660; x_wconf 87' lang='lat' dir='ltr'>ea</span> <span class='ocrx_word' id='word_1_28' title='bbox 1775 623 1900 677; x_wconf 63' lang='lat' dir='ltr'>quae</span> <span class='ocrx_word' id='word_1_29' title='bbox 1930 607 2070 661; x_wconf 81' lang='lat' dir='ltr'>falsa</span> 
     </span>
    </p>
   </div>
   <div class='ocr_carea' id='block_1_5' title="bbox 370 694 2066 761">
    <p class='ocr_par' dir='ltr' id='par_1_5' title="bbox 370 694 2066 761">
     <span class='ocr_line' id='line_1_5' title="bbox 370 694 2066 761; baseline -0.004 -12"><span class='ocrx_word' id='word_1_30' title='bbox 370 700 522 761; x_wconf 91' lang='lat' dir='ltr'>sunt,</span> <span class='ocrx_word' id='word_1_31' title='bbox 554 711 613 748; x_wconf 89' lang='lat' dir='ltr'>se</span> <span class='ocrx_word' id='word_1_32' title='bbox 644 696 787 748; x_wconf 90' lang='lat' dir='ltr'>scire</span> <span class='ocrx_word' id='word_1_33' title='bbox 832 695 1202 749; x_wconf 89' lang='lat' dir='ltr'>arbitrantur.</span> <span class='ocrx_word' id='word_1_34' title='bbox 1253 695 1314 748; x_wconf 92' lang='lat' dir='ltr'>In</span> <span class='ocrx_word' id='word_1_35' title='bbox 1361 696 1474 748; x_wconf 86' lang='lat' dir='ltr'>hoc</span> <span class='ocrx_word' id='word_1_36' title='bbox 1515 694 1652 748; x_wconf 91' lang='lat' dir='ltr'>item</span> <span class='ocrx_word' id='word_1_37' title='bbox 1685 697 1861 750; x_wconf 85' lang='lat' dir='ltr'>altero</span> <span class='ocrx_word' id='word_1_38' title='bbox 1889 696 2066 748; x_wconf 62' lang='lat' dir='ltr'>diem-</span> 
     </span>
    </p>
   </div>
   <div class='ocr_carea' id='block_1_6' title="bbox 369 783 2067 854">
    <p class='ocr_par' dir='ltr' id='par_1_6' title="bbox 369 783 2067 854">
     <span class='ocr_line' id='line_1_6' title="bbox 369 783 2067 854; baseline 0.001 -18"><span class='ocrx_word' id='word_1_39' title='bbox 369 783 506 836; x_wconf 86' lang='lat' dir='ltr'>dant</span> <span class='ocrx_word' id='word_1_40' title='bbox 529 799 563 836; x_wconf 91' lang='lat' dir='ltr'>a</span> <span class='ocrx_word' id='word_1_41' title='bbox 589 799 680 837; x_wconf 90' lang='lat' dir='ltr'>me</span> <span class='ocrx_word' id='word_1_42' title='bbox 700 799 899 837; x_wconf 89' lang='lat' dir='ltr'>omnes</span> <span class='ocrx_word' id='word_1_43' title='bbox 927 783 1022 854; x_wconf 86' lang='lat' dir='ltr'>qui</span> <span class='ocrx_word' id='word_1_44' title='bbox 1051 799 1115 836; x_wconf 90' lang='lat' dir='ltr'>ea</span> <span class='ocrx_word' id='word_1_45' title='bbox 1135 798 1262 852; x_wconf 60' lang='lat' dir='ltr'>qua</span> <span class='ocrx_word' id='word_1_46' title='bbox 1278 783 1414 836; x_wconf 89' lang='lat' dir='ltr'>falsa</span> <span class='ocrx_word' id='word_1_47' title='bbox 1436 788 1588 846; x_wconf 92' lang='lat' dir='ltr'>sunt,</span> <span class='ocrx_word' id='word_1_48' title='bbox 1611 784 1839 854; x_wconf 82' lang='lat' dir='ltr'>Moysen</span> <span class='ocrx_word' id='word_1_49' title='bbox 1863 785 2067 838; x_wconf 81' lang='lat' dir='ltr'>dixisse</span> 
     </span>
    </p>
   </div>
   <div class='ocr_carea' id='block_1_7' title="bbox 367 869 2066 942">
    <p class='ocr_par' dir='ltr' id='par_1_7' title="bbox 367 869 2066 942">
     <span class='ocr_line' id='line_1_7' title="bbox 367 869 2066 942; baseline 0.002 -20"><span class='ocrx_word' id='word_1_50' title='bbox 367 870 735 924; x_wconf 81' lang='lat' dir='ltr'>arbitrantur.</span> <span class='ocrx_word' id='word_1_51' title='bbox 769 872 1096 942; x_wconf 89' lang='lat' dir='ltr'>Conjungar</span> <span class='ocrx_word' id='word_1_52' title='bbox 1121 875 1310 923; x_wconf 88' lang='lat' dir='ltr'>autem</span> <span class='ocrx_word' id='word_1_53' title='bbox 1341 869 1473 935; x_wconf 86' lang='lat' dir='ltr'>illis,</span> <span class='ocrx_word' id='word_1_54' title='bbox 1520 871 1778 939; x_wconf 87' lang='lat' dir='ltr'>Domine,</span> <span class='ocrx_word' id='word_1_55' title='bbox 1811 871 1870 926; x_wconf 91' lang='lat' dir='ltr'>in</span> <span class='ocrx_word' id='word_1_56' title='bbox 1903 878 1979 938; x_wconf 89' lang='lat' dir='ltr'>te,</span> <span class='ocrx_word' id='word_1_57' title='bbox 2011 877 2066 927; x_wconf 91' lang='lat' dir='ltr'>et</span> 
     </span>
    </p>
   </div>
   <div class='ocr_carea' id='block_1_8' title="bbox 369 956 2066 1030">
    <p class='ocr_par' dir='ltr' id='par_1_8' title="bbox 369 956 2066 1030">
     <span class='ocr_line' id='line_1_8' title="bbox 369 956 2066 1030; baseline 0.001 -18"><span class='ocrx_word' id='word_1_58' title='bbox 369 959 616 1013; x_wconf 89' lang='lat' dir='ltr'>delecter</span> <span class='ocrx_word' id='word_1_59' title='bbox 653 975 783 1013; x_wconf 90' lang='lat' dir='ltr'>cum</span> <span class='ocrx_word' id='word_1_60' title='bbox 809 959 908 1026; x_wconf 91' lang='lat' dir='ltr'>eis,</span> <span class='ocrx_word' id='word_1_61' title='bbox 942 959 1002 1012; x_wconf 90' lang='lat' dir='ltr'>in</span> <span class='ocrx_word' id='word_1_62' title='bbox 1040 961 1115 1023; x_wconf 90' lang='lat' dir='ltr'>te,</span> <span class='ocrx_word' id='word_1_63' title='bbox 1150 957 1248 1028; x_wconf 88' lang='lat' dir='ltr'>qui</span> <span class='ocrx_word' id='word_1_64' title='bbox 1277 956 1513 1012; x_wconf 83' lang='lat' dir='ltr'><strong>veritate</strong></span> <span class='ocrx_word' id='word_1_65' title='bbox 1545 963 1642 1012; x_wconf 90' lang='lat' dir='ltr'>tua</span> <span class='ocrx_word' id='word_1_66' title='bbox 1669 964 1979 1030; x_wconf 89' lang='lat' dir='ltr'>pascuntur</span> <span class='ocrx_word' id='word_1_67' title='bbox 2007 961 2066 1014; x_wconf 92' lang='lat' dir='ltr'>in</span> 
     </span>
    </p>
   </div>
   <div class='ocr_carea' id='block_1_9' title="bbox 364 1046 2067 1111">
    <p class='ocr_par' dir='ltr' id='par_1_9' title="bbox 364 1046 2067 1111">
     <span class='ocr_line' id='line_1_9' title="bbox 364 1046 2067 1111; baseline 0.002 -11"><span class='ocrx_word' id='word_1_68' title='bbox 364 1047 663 1102; x_wconf 82' lang='lat' dir='ltr'>latitudine</span> <span class='ocrx_word' id='word_1_69' title='bbox 680 1047 999 1111; x_wconf 89' lang='lat' dir='ltr'>charitatis;</span> <span class='ocrx_word' id='word_1_70' title='bbox 1032 1049 1087 1098; x_wconf 80' lang='lat' dir='ltr'>et</span> <span class='ocrx_word' id='word_1_71' title='bbox 1103 1046 1440 1100; x_wconf 84' lang='lat' dir='ltr'>accedamus</span> <span class='ocrx_word' id='word_1_72' title='bbox 1466 1047 1636 1101; x_wconf 84' lang='lat' dir='ltr'>simul</span> <span class='ocrx_word' id='word_1_73' title='bbox 1669 1048 1740 1102; x_wconf 90' lang='lat' dir='ltr'>ad</span> <span class='ocrx_word' id='word_1_74' title='bbox 1769 1049 1942 1103; x_wconf 86' lang='lat' dir='ltr'>verba</span> <span class='ocrx_word' id='word_1_75' title='bbox 1974 1049 2067 1103; x_wconf 88' lang='lat' dir='ltr'>Li-</span> 
     </span>
    </p>
   </div>
   <div class='ocr_carea' id='block_1_10' title="bbox 369 1133 2066 1207">
    <p class='ocr_par' dir='ltr' id='par_1_10' title="bbox 369 1133 2066 1207">
     <span class='ocr_line' id='line_1_10' title="bbox 369 1133 2066 1207; baseline 0.002 -19"><span class='ocrx_word' id='word_1_76' title='bbox 369 1135 458 1188; x_wconf 86' lang='lat' dir='ltr'>bri</span> <span class='ocrx_word' id='word_1_77' title='bbox 486 1135 592 1201; x_wconf 92' lang='lat' dir='ltr'>tui,</span> <span class='ocrx_word' id='word_1_78' title='bbox 620 1141 677 1189; x_wconf 89' lang='lat' dir='ltr'>et</span> <span class='ocrx_word' id='word_1_79' title='bbox 714 1150 1038 1205; x_wconf 59' lang='lat' dir='ltr'>quaeramus</span> <span class='ocrx_word' id='word_1_80' title='bbox 1068 1133 1129 1187; x_wconf 93' lang='lat' dir='ltr'>in</span> <span class='ocrx_word' id='word_1_81' title='bbox 1159 1134 1238 1187; x_wconf 89' lang='lat' dir='ltr'>eis</span> <span class='ocrx_word' id='word_1_82' title='bbox 1261 1134 1614 1190; x_wconf 85' lang='lat' dir='ltr'>voluntatem</span> <span class='ocrx_word' id='word_1_83' title='bbox 1647 1141 1806 1191; x_wconf 89' lang='lat' dir='ltr'>tuam</span> <span class='ocrx_word' id='word_1_84' title='bbox 1835 1153 1938 1207; x_wconf 88' lang='lat' dir='ltr'>per</span> <span class='ocrx_word' id='word_1_85' title='bbox 1963 1153 2066 1191; x_wconf 90' lang='lat' dir='ltr'>vo-</span> 
     </span>
    </p>
   </div>
   <div class='ocr_carea' id='block_1_11' title="bbox 368 1219 1937 1294">
    <p class='ocr_par' dir='ltr' id='par_1_11' title="bbox 368 1219 1937 1294">
     <span class='ocr_line' id='line_1_11' title="bbox 368 1219 1937 1294; baseline 0.001 -18"><span class='ocrx_word' id='word_1_86' title='bbox 368 1223 647 1278; x_wconf 88' lang='lat' dir='ltr'>luntatem</span> <span class='ocrx_word' id='word_1_87' title='bbox 673 1222 870 1276; x_wconf 80' lang='lat' dir='ltr'>famuli</span> <span class='ocrx_word' id='word_1_88' title='bbox 902 1219 1007 1286; x_wconf 87' lang='lat' dir='ltr'>tui,</span> <span class='ocrx_word' id='word_1_89' title='bbox 1039 1222 1200 1291; x_wconf 87' lang='lat' dir='ltr'>cujus</span> <span class='ocrx_word' id='word_1_90' title='bbox 1235 1222 1452 1277; x_wconf 84' lang='lat' dir='ltr'>calamo</span> <span class='ocrx_word' id='word_1_91' title='bbox 1484 1223 1822 1294; x_wconf 82' lang='lat' dir='ltr'>dispensasti</span> <span class='ocrx_word' id='word_1_92' title='bbox 1853 1242 1937 1279; x_wconf 91' lang='lat' dir='ltr'>ea.</span> 
     </span>
    </p>
   </div>
   <div class='ocr_carea' id='block_1_12' title="bbox 993 1328 1435 1385">
    <p class='ocr_par' dir='ltr' id='par_1_12' title="bbox 993 1328 1435 1385">
     <span class='ocr_line' id='line_1_12' title="bbox 993 1328 1435 1385; baseline 0.005 -3"><span class='ocrx_word' id='word_1_93' title='bbox 993 1328 1219 1382; x_wconf 79' lang='lat' dir='ltr'>CAPUT</span> <span class='ocrx_word' id='word_1_94' title='bbox 1257 1329 1435 1385; x_wconf 83' lang='lat' dir='ltr'>XXIV.</span> 
     </span>
    </p>
   </div>
   <div class='ocr_carea' id='block_1_13' title="bbox 368 1415 2067 1484">
    <p class='ocr_par' dir='ltr' id='par_1_13' title="bbox 368 1415 2067 1484">
     <span class='ocr_line' id='line_1_13' title="bbox 368 1415 2067 1484; baseline 0.001 -13"><span class='ocrx_word' id='word_1_95' title='bbox 368 1417 453 1471; x_wconf 72' lang='lat' dir='ltr'>Ea:</span> <span class='ocrx_word' id='word_1_96' title='bbox 483 1416 664 1470; x_wconf 73' lang='lat' dir='ltr'>multis</span> <span class='ocrx_word' id='word_1_97' title='bbox 692 1416 834 1469; x_wconf 70' lang='lat' dir='ltr'>veris</span> <span class='ocrx_word' id='word_1_98' title='bbox 871 1430 976 1469; x_wconf 86' lang='lat' dir='ltr'>non</span> <span class='ocrx_word' id='word_1_99' title='bbox 1026 1415 1178 1469; x_wconf 85' lang='lat' dir='ltr'>debet</span> <span class='ocrx_word' id='word_1_100' title='bbox 1205 1415 1434 1484; x_wconf 80' lang='lat' dir='ltr'>ﬁdenter</span> <span class='ocrx_word' id='word_1_101' title='bbox 1463 1421 1636 1473; x_wconf 70' lang='lat' dir='ltr'>assert</span> <span class='ocrx_word' id='word_1_102' title='bbox 1662 1418 1755 1472; x_wconf 85' lang='lat' dir='ltr'>hoc</span> <span class='ocrx_word' id='word_1_103' title='bbox 1802 1422 1898 1473; x_wconf 84' lang='lat' dir='ltr'>aut</span> <span class='ocrx_word' id='word_1_104' title='bbox 1926 1418 2067 1473; x_wconf 79' lang='lat' dir='ltr'>illud</span> 
     </span>
    </p>
   </div>
   <div class='ocr_carea' id='block_1_14' title="bbox 969 1506 1460 1572">
    <p class='ocr_par' dir='ltr' id='par_1_14' title="bbox 969 1506 1460 1572">
     <span class='ocr_line' id='line_1_14' title="bbox 969 1506 1460 1572; baseline 0.006 -16"><span class='ocrx_word' id='word_1_105' title='bbox 969 1506 1196 1558; x_wconf 81' lang='lat' dir='ltr'>sensisse</span> <span class='ocrx_word' id='word_1_106' title='bbox 1223 1508 1460 1572; x_wconf 81' lang='lat' dir='ltr'>Moysen.</span> 
     </span>
    </p>
   </div>
   <div class='ocr_carea' id='block_1_15' title="bbox 438 1589 2064 1660">
    <p class='ocr_par' dir='ltr' id='par_1_15' title="bbox 438 1589 2064 1660">
     <span class='ocr_line' id='line_1_15' title="bbox 438 1589 2064 1660; baseline 0.002 -15"><span class='ocrx_word' id='word_1_107' title='bbox 438 1593 523 1646; x_wconf 86' lang='lat'>33.</span> <span class='ocrx_word' id='word_1_108' title='bbox 540 1589 646 1644; x_wconf 89' lang='lat' dir='ltr'>Sed</span> <span class='ocrx_word' id='word_1_109' title='bbox 666 1589 794 1660; x_wconf 90' lang='lat' dir='ltr'>quis</span> <span class='ocrx_word' id='word_1_110' title='bbox 807 1593 1065 1644; x_wconf 88' lang='lat' dir='ltr'>nostrum</span> <span class='ocrx_word' id='word_1_111' title='bbox 1079 1590 1157 1644; x_wconf 91' lang='lat' dir='ltr'>sic</span> <span class='ocrx_word' id='word_1_112' title='bbox 1173 1591 1394 1645; x_wconf 88' lang='lat' dir='ltr'>invenit</span> <span class='ocrx_word' id='word_1_113' title='bbox 1415 1596 1428 1629; x_wconf 87' lang='grc'>¹</span> <span class='ocrx_word' id='word_1_114' title='bbox 1454 1609 1578 1646; x_wconf 92' lang='lat' dir='ltr'>eam</span> <span class='ocrx_word' id='word_1_115' title='bbox 1596 1593 1871 1648; x_wconf 87' lang='lat' dir='ltr'>intertam</span> <span class='ocrx_word' id='word_1_116' title='bbox 1886 1597 2064 1649; x_wconf 90' lang='lat' dir='ltr'>multa</span> 
     </span>
    </p>
   </div>
   <div class='ocr_carea' id='block_1_16' title="bbox 367 1679 2064 1752">
    <p class='ocr_par' dir='ltr' id='par_1_16' title="bbox 367 1679 2064 1752">
     <span class='ocr_line' id='line_1_16' title="bbox 367 1679 2064 1752; baseline 0.001 -18"><span class='ocrx_word' id='word_1_117' title='bbox 367 1696 497 1734; x_wconf 89' lang='lat' dir='ltr'>vera</span> <span class='ocrx_word' id='word_1_118' title='bbox 525 1683 567 1745; x_wconf 69' lang='grc'><em>³,</em></span> <span class='ocrx_word' id='word_1_119' title='bbox 597 1695 725 1750; x_wconf 59' lang='lat' dir='ltr'>quae</span> <span class='ocrx_word' id='word_1_120' title='bbox 758 1679 818 1732; x_wconf 92' lang='lat' dir='ltr'>in</span> <span class='ocrx_word' id='word_1_121' title='bbox 841 1679 953 1732; x_wconf 92' lang='lat' dir='ltr'>illis</span> <span class='ocrx_word' id='word_1_122' title='bbox 977 1679 1165 1733; x_wconf 88' lang='lat' dir='ltr'>verbis</span> <span class='ocrx_word' id='word_1_123' title='bbox 1198 1680 1359 1733; x_wconf 88' lang='lat' dir='ltr'>aliter</span> <span class='ocrx_word' id='word_1_124' title='bbox 1379 1685 1547 1752; x_wconf 90' lang='lat' dir='ltr'>atque</span> <span class='ocrx_word' id='word_1_125' title='bbox 1577 1683 1744 1736; x_wconf 89' lang='lat' dir='ltr'>aliter</span> <span class='ocrx_word' id='word_1_126' title='bbox 1764 1683 2064 1742; x_wconf 82' lang='lat' dir='ltr'>intellectis</span> 
     </span>
    </p>
   </div>
   <div class='ocr_carea' id='block_1_17' title="bbox 367 1767 2062 1838">
    <p class='ocr_par' dir='ltr' id='par_1_17' title="bbox 367 1767 2062 1838">
     <span class='ocr_line' id='line_1_17' title="bbox 367 1767 2062 1838; baseline 0.001 -16"><span class='ocrx_word' id='word_1_127' title='bbox 367 1772 670 1822; x_wconf 88' lang='lat' dir='ltr'>occurrunt</span> <span class='ocrx_word' id='word_1_128' title='bbox 701 1767 1118 1838; x_wconf 64' lang='lat' dir='ltr'>quaerentibus;</span> <span class='ocrx_word' id='word_1_129' title='bbox 1145 1772 1207 1821; x_wconf 91' lang='lat' dir='ltr'>ut</span> <span class='ocrx_word' id='word_1_130' title='bbox 1221 1773 1338 1821; x_wconf 90' lang='lat' dir='ltr'>tam</span> <span class='ocrx_word' id='word_1_131' title='bbox 1361 1767 1604 1823; x_wconf 82' lang='lat' dir='ltr'>fidenter</span> <span class='ocrx_word' id='word_1_132' title='bbox 1627 1769 1774 1824; x_wconf 86' lang='lat' dir='ltr'>dicat</span> <span class='ocrx_word' id='word_1_133' title='bbox 1804 1771 1911 1824; x_wconf 90' lang='lat' dir='ltr'>hoc</span> <span class='ocrx_word' id='word_1_134' title='bbox 1934 1786 2062 1824; x_wconf 90' lang='lat' dir='ltr'>sen-</span> 
     </span>
    </p>
   </div>
   <div class='ocr_carea' id='block_1_18' title="bbox 367 1855 2062 1928">
    <p class='ocr_par' dir='ltr' id='par_1_18' title="bbox 367 1855 2062 1928">
     <span class='ocr_line' id='line_1_18' title="bbox 367 1855 2062 1928; baseline 0.001 -18"><span class='ocrx_word' id='word_1_135' title='bbox 367 1857 502 1910; x_wconf 87' lang='lat' dir='ltr'>sisse</span> <span class='ocrx_word' id='word_1_136' title='bbox 535 1857 782 1926; x_wconf 82' lang='lat' dir='ltr'>Moysen,</span> <span class='ocrx_word' id='word_1_137' title='bbox 817 1860 985 1928; x_wconf 89' lang='lat' dir='ltr'>atque</span> <span class='ocrx_word' id='word_1_138' title='bbox 1014 1857 1123 1910; x_wconf 90' lang='lat' dir='ltr'>hoc</span> <span class='ocrx_word' id='word_1_139' title='bbox 1144 1855 1204 1909; x_wconf 91' lang='lat' dir='ltr'>in</span> <span class='ocrx_word' id='word_1_140' title='bbox 1234 1856 1333 1909; x_wconf 89' lang='lat' dir='ltr'>illa</span> <span class='ocrx_word' id='word_1_141' title='bbox 1350 1857 1679 1912; x_wconf 87' lang='lat' dir='ltr'>narratione</span> <span class='ocrx_word' id='word_1_142' title='bbox 1699 1858 1943 1912; x_wconf 88' lang='lat' dir='ltr'>voluisse</span> <span class='ocrx_word' id='word_1_143' title='bbox 1974 1858 2062 1911; x_wconf 85' lang='lat' dir='ltr'>in-</span> 
     </span>
    </p>
   </div>
   <div class='ocr_carea' id='block_1_19' title="bbox 367 1937 2062 2016">
    <p class='ocr_par' dir='ltr' id='par_1_19' title="bbox 367 1937 2062 2016">
     <span class='ocr_line' id='line_1_19' title="bbox 367 1937 2062 2016; baseline 0.001 -18"><span class='ocrx_word' id='word_1_144' title='bbox 367 1945 567 2014; x_wconf 88' lang='lat' dir='ltr'>telligi,</span> <span class='ocrx_word' id='word_1_145' title='bbox 607 1960 780 2015; x_wconf 91' lang='lat' dir='ltr'>quam</span> <span class='ocrx_word' id='word_1_146' title='bbox 812 1937 1053 1997; x_wconf 84' lang='lat' dir='ltr'>fidenter</span> <span class='ocrx_word' id='word_1_147' title='bbox 1094 1943 1231 1997; x_wconf 88' lang='lat' dir='ltr'>dicit</span> <span class='ocrx_word' id='word_1_148' title='bbox 1257 1943 1366 1998; x_wconf 93' lang='lat' dir='ltr'>hoc</span> <span class='ocrx_word' id='word_1_149' title='bbox 1402 1960 1598 1999; x_wconf 89' lang='lat' dir='ltr'>verum</span> <span class='ocrx_word' id='word_1_150' title='bbox 1637 1962 1777 2016; x_wconf 84' lang='lat' dir='ltr'>esse,</span> <span class='ocrx_word' id='word_1_151' title='bbox 1823 1947 1938 2000; x_wconf 89' lang='lat' dir='ltr'>sive</span> <span class='ocrx_word' id='word_1_152' title='bbox 1967 1946 2062 2000; x_wconf 85' lang='lat' dir='ltr'>ille</span> 
     </span>
    </p>
   </div>
   <div class='ocr_carea' id='block_1_20' title="bbox 367 2033 2061 2105">
    <p class='ocr_par' dir='ltr' id='par_1_20' title="bbox 367 2033 2061 2105">
     <span class='ocr_line' id='line_1_20' title="bbox 367 2033 2061 2105; baseline 0.002 -18"><span class='ocrx_word' id='word_1_153' title='bbox 367 2035 471 2088; x_wconf 93' lang='lat' dir='ltr'>hoc</span> <span class='ocrx_word' id='word_1_154' title='bbox 503 2035 742 2088; x_wconf 81' lang='lat' dir='ltr'>senserit</span> <span class='ocrx_word' id='word_1_155' title='bbox 779 2034 893 2088; x_wconf 85' lang='lat' dir='ltr'>sive</span> <span class='ocrx_word' id='word_1_156' title='bbox 933 2033 1135 2087; x_wconf 86' lang='lat' dir='ltr'>aliud?</span> <span class='ocrx_word' id='word_1_157' title='bbox 1177 2034 1318 2087; x_wconf 89' lang='lat' dir='ltr'>Ecce</span> <span class='ocrx_word' id='word_1_158' title='bbox 1351 2034 1526 2103; x_wconf 87' lang='lat' dir='ltr'>enim,</span> <span class='ocrx_word' id='word_1_159' title='bbox 1563 2037 1709 2090; x_wconf 87' lang='lat' dir='ltr'>Deus</span> <span class='ocrx_word' id='word_1_160' title='bbox 1740 2052 1922 2103; x_wconf 90' lang='lat' dir='ltr'>meus,</span> <span class='ocrx_word' id='word_1_161' title='bbox 1955 2053 2061 2105; x_wconf 81' lang='lat' dir='ltr'>ego</span> 
     </span>
    </p>
   </div>
   <div class='ocr_carea' id='block_1_21' title="bbox 366 2121 2064 2194">
    <p class='ocr_par' dir='ltr' id='par_1_21' title="bbox 366 2121 2064 2194">
     <span class='ocr_line' id='line_1_21' title="bbox 366 2121 2064 2194; baseline 0.002 -19"><span class='ocrx_word' id='word_1_162' title='bbox 366 2139 559 2176; x_wconf 85' lang='lat' dir='ltr'>servus</span> <span class='ocrx_word' id='word_1_163' title='bbox 579 2127 710 2177; x_wconf 89' lang='lat' dir='ltr'>tuus</span> <span class='ocrx_word' id='word_1_164' title='bbox 732 2122 830 2194; x_wconf 89' lang='lat' dir='ltr'>qui</span> <span class='ocrx_word' id='word_1_165' title='bbox 856 2122 981 2175; x_wconf 91' lang='lat' dir='ltr'>vovi</span> <span class='ocrx_word' id='word_1_166' title='bbox 1006 2121 1110 2176; x_wconf 91' lang='lat' dir='ltr'>tibi</span> <span class='ocrx_word' id='word_1_167' title='bbox 1133 2122 1472 2177; x_wconf 74' lang='lat' dir='ltr'>sacrificium</span> <span class='ocrx_word' id='word_1_168' title='bbox 1503 2123 1872 2178; x_wconf 85' lang='lat' dir='ltr'>confessionis</span> <span class='ocrx_word' id='word_1_169' title='bbox 1893 2125 1953 2178; x_wconf 91' lang='lat' dir='ltr'>in</span> <span class='ocrx_word' id='word_1_170' title='bbox 1973 2125 2064 2179; x_wconf 89' lang='lat' dir='ltr'>his</span> 
     </span>
    </p>
   </div>
   <div class='ocr_carea' id='block_1_22' title="bbox 364 2209 2064 2280">
    <p class='ocr_par' dir='ltr' id='par_1_22' title="bbox 364 2209 2064 2280">
     <span class='ocr_line' id='line_1_22' title="bbox 364 2209 2064 2280; baseline 0.001 -15"><span class='ocrx_word' id='word_1_171' title='bbox 364 2211 592 2280; x_wconf 88' lang='lat' dir='ltr'>litteris,</span> <span class='ocrx_word' id='word_1_172' title='bbox 610 2216 664 2264; x_wconf 92' lang='lat' dir='ltr'>et</span> <span class='ocrx_word' id='word_1_173' title='bbox 686 2227 784 2265; x_wconf 91' lang='lat' dir='ltr'>oro</span> <span class='ocrx_word' id='word_1_174' title='bbox 813 2214 875 2263; x_wconf 87' lang='lat' dir='ltr'>ut</span> <span class='ocrx_word' id='word_1_175' title='bbox 903 2226 969 2263; x_wconf 87' lang='lat' dir='ltr'>ex</span> <span class='ocrx_word' id='word_1_176' title='bbox 992 2209 1386 2264; x_wconf 87' lang='lat' dir='ltr'>misericordia</span> <span class='ocrx_word' id='word_1_177' title='bbox 1414 2215 1514 2264; x_wconf 89' lang='lat' dir='ltr'>tua</span> <span class='ocrx_word' id='word_1_178' title='bbox 1540 2211 1776 2266; x_wconf 88' lang='lat' dir='ltr'>reddam</span> <span class='ocrx_word' id='word_1_179' title='bbox 1801 2212 1905 2266; x_wconf 88' lang='lat' dir='ltr'>tibi</span> <span class='ocrx_word' id='word_1_180' title='bbox 1936 2217 2064 2267; x_wconf 87' lang='lat' dir='ltr'>vota</span> 
     </span>
    </p>
   </div>
   <div class='ocr_carea' id='block_1_23' title="bbox 367 2298 2060 2370">
    <p class='ocr_par' dir='ltr' id='par_1_23' title="bbox 367 2298 2060 2370">
     <span class='ocr_line' id='line_1_23' title="bbox 367 2298 2060 2370; baseline 0 -16"><span class='ocrx_word' id='word_1_181' title='bbox 367 2316 530 2365; x_wconf 88' lang='lat' dir='ltr'>mea;</span> <span class='ocrx_word' id='word_1_182' title='bbox 555 2315 681 2353; x_wconf 90' lang='lat' dir='ltr'>ecce</span> <span class='ocrx_word' id='word_1_183' title='bbox 709 2315 814 2368; x_wconf 91' lang='lat' dir='ltr'>ego</span> <span class='ocrx_word' id='word_1_184' title='bbox 843 2314 955 2368; x_wconf 93' lang='lat' dir='ltr'>quo</span> <span class='ocrx_word' id='word_1_185' title='bbox 973 2315 1145 2370; x_wconf 88' lang='lat' dir='ltr'>quam</span> <span class='ocrx_word' id='word_1_186' title='bbox 1171 2298 1417 2353; x_wconf 85' lang='lat' dir='ltr'>fidenter</span> <span class='ocrx_word' id='word_1_187' title='bbox 1438 2299 1635 2353; x_wconf 92' lang='lat' dir='ltr'>dicoin</span> <span class='ocrx_word' id='word_1_188' title='bbox 1653 2305 1749 2354; x_wconf 90' lang='lat' dir='ltr'>tuo</span> <span class='ocrx_word' id='word_1_189' title='bbox 1772 2301 1954 2354; x_wconf 83' lang='lat' dir='ltr'>Verbo</span> <span class='ocrx_word' id='word_1_190' title='bbox 1981 2301 2060 2354; x_wconf 90' lang='lat' dir='ltr'>in-</span> 
     </span>
    </p>
   </div>
   <div class='ocr_carea' id='block_1_24' title="bbox 365 2385 2060 2459">
    <p class='ocr_par' dir='ltr' id='par_1_24' title="bbox 365 2385 2060 2459">
     <span class='ocr_line' id='line_1_24' title="bbox 365 2385 2060 2459; baseline 0.001 -18"><span class='ocrx_word' id='word_1_191' title='bbox 365 2386 753 2442; x_wconf 90' lang='lat' dir='ltr'>commutabili</span> <span class='ocrx_word' id='word_1_192' title='bbox 795 2385 990 2440; x_wconf 86' lang='lat' dir='ltr'>omnia</span> <span class='ocrx_word' id='word_1_193' title='bbox 1018 2391 1073 2439; x_wconf 86' lang='lat' dir='ltr'>te</span> <span class='ocrx_word' id='word_1_194' title='bbox 1104 2385 1324 2450; x_wconf 86' lang='lat' dir='ltr'>fecisse,</span> <span class='ocrx_word' id='word_1_195' title='bbox 1368 2386 1675 2441; x_wconf 85' lang='lat' dir='ltr'>invisibilia</span> <span class='ocrx_word' id='word_1_196' title='bbox 1705 2393 1762 2442; x_wconf 89' lang='lat' dir='ltr'>et</span> <span class='ocrx_word' id='word_1_197' title='bbox 1789 2389 2060 2459; x_wconf 88' lang='lat' dir='ltr'>visibilia,</span> 
     </span>
    </p>
   </div>
   <div class='ocr_carea' id='block_1_25' title="bbox 366 2474 2060 2547">
    <p class='ocr_par' dir='ltr' id='par_1_25' title="bbox 366 2474 2060 2547">
     <span class='ocr_line' id='line_1_25' title="bbox 366 2474 2060 2547; baseline 0.002 -19"><span class='ocrx_word' id='word_1_198' title='bbox 366 2476 647 2547; x_wconf 92' lang='lat' dir='ltr'>numquid</span> <span class='ocrx_word' id='word_1_199' title='bbox 670 2479 787 2528; x_wconf 89' lang='lat' dir='ltr'>tam</span> <span class='ocrx_word' id='word_1_200' title='bbox 807 2474 1050 2528; x_wconf 74' lang='lat' dir='ltr'>fidenter</span> <span class='ocrx_word' id='word_1_201' title='bbox 1082 2475 1206 2528; x_wconf 90' lang='lat' dir='ltr'>dico</span> <span class='ocrx_word' id='word_1_202' title='bbox 1232 2491 1343 2528; x_wconf 91' lang='lat' dir='ltr'>non</span> <span class='ocrx_word' id='word_1_203' title='bbox 1365 2475 1516 2529; x_wconf 87' lang='lat' dir='ltr'>aliud</span> <span class='ocrx_word' id='word_1_204' title='bbox 1542 2491 1713 2546; x_wconf 89' lang='lat' dir='ltr'>quam</span> <span class='ocrx_word' id='word_1_205' title='bbox 1745 2477 1852 2531; x_wconf 85' lang='lat' dir='ltr'>hoc</span> <span class='ocrx_word' id='word_1_206' title='bbox 1881 2481 2060 2531; x_wconf 85' lang='lat' dir='ltr'>atten-</span> 
     </span>
    </p>
   </div>
   <div class='ocr_carea' id='block_1_26' title="bbox 364 2563 2059 2633">
    <p class='ocr_par' dir='ltr' id='par_1_26' title="bbox 364 2563 2059 2633">
     <span class='ocr_line' id='line_1_26' title="bbox 364 2563 2059 2633; baseline 0.002 -17"><span class='ocrx_word' id='word_1_207' title='bbox 364 2564 512 2618; x_wconf 89' lang='lat' dir='ltr'>disse</span> <span class='ocrx_word' id='word_1_208' title='bbox 570 2564 791 2633; x_wconf 82' lang='lat' dir='ltr'>Moysen</span> <span class='ocrx_word' id='word_1_209' title='bbox 839 2578 970 2616; x_wconf 91' lang='lat' dir='ltr'>cum</span> <span class='ocrx_word' id='word_1_210' title='bbox 1012 2563 1278 2616; x_wconf 90' lang='lat' dir='ltr'>scriberet</span> <span class='ocrx_word' id='word_1_211' title='bbox 1308 2580 1318 2616; x_wconf 89' lang='lat'><strong>:</strong></span> <span class='ocrx_word' id='word_1_212' title='bbox 1351 2566 1415 2618; x_wconf 87' lang='lat' dir='ltr'>In</span> <span class='ocrx_word' id='word_1_213' title='bbox 1451 2566 1724 2633; x_wconf 75' lang='lat' dir='ltr'>principio</span> <span class='ocrx_word' id='word_1_214' title='bbox 1752 2567 1883 2631; x_wconf 81' lang='lat' dir='ltr'>fecit</span> <span class='ocrx_word' id='word_1_215' title='bbox 1919 2569 2059 2620; x_wconf 86' lang='lat' dir='ltr'>Deus</span> 
     </span>
    </p>
   </div>
   <div class='ocr_carea' id='block_1_27' title="bbox 361 2650 2060 2715">
    <p class='ocr_par' dir='ltr' id='par_1_27' title="bbox 361 2650 2060 2715">
     <span class='ocr_line' id='line_1_27' title="bbox 361 2650 2060 2715; baseline 0.001 -11"><span class='ocrx_word' id='word_1_216' title='bbox 361 2653 548 2706; x_wconf 70' lang='lat' dir='ltr'>castum</span> <span class='ocrx_word' id='word_1_217' title='bbox 577 2656 626 2704; x_wconf 84' lang='lat' dir='ltr'>et</span> <span class='ocrx_word' id='word_1_218' title='bbox 655 2656 856 2705; x_wconf 84' lang='lat' dir='ltr'>terram</span> <span class='ocrx_word' id='word_1_219' title='bbox 885 2650 912 2703; x_wconf 87' lang='lat'><strong>?</strong></span> <span class='ocrx_word' id='word_1_220' title='bbox 941 2650 1087 2715; x_wconf 87' lang='lat' dir='ltr'>Quia</span> <span class='ocrx_word' id='word_1_221' title='bbox 1118 2668 1233 2704; x_wconf 91' lang='lat' dir='ltr'>non</span> <span class='ocrx_word' id='word_1_222' title='bbox 1266 2652 1409 2704; x_wconf 88' lang='lat' dir='ltr'>sicut</span> <span class='ocrx_word' id='word_1_223' title='bbox 1457 2651 1517 2704; x_wconf 91' lang='lat' dir='ltr'>in</span> <span class='ocrx_word' id='word_1_224' title='bbox 1544 2656 1643 2706; x_wconf 91' lang='lat' dir='ltr'>tua</span> <span class='ocrx_word' id='word_1_225' title='bbox 1685 2653 1921 2708; x_wconf 84' lang='lat' dir='ltr'>veritate</span> <span class='ocrx_word' id='word_1_226' title='bbox 1953 2655 2060 2707; x_wconf 86' lang='lat' dir='ltr'>hoc</span> 
     </span>
    </p>
   </div>
   <div class='ocr_carea' id='block_1_28' title="bbox 361 2738 2058 2811">
    <p class='ocr_par' dir='ltr' id='par_1_28' title="bbox 361 2738 2058 2811">
     <span class='ocr_line' id='line_1_28' title="bbox 361 2738 2058 2811; baseline 0.001 -18"><span class='ocrx_word' id='word_1_227' title='bbox 361 2745 578 2795; x_wconf 90' lang='lat' dir='ltr'>certum</span> <span class='ocrx_word' id='word_1_228' title='bbox 605 2739 784 2806; x_wconf 89' lang='lat' dir='ltr'>video,</span> <span class='ocrx_word' id='word_1_229' title='bbox 814 2738 892 2792; x_wconf 90' lang='lat' dir='ltr'>ita</span> <span class='ocrx_word' id='word_1_230' title='bbox 921 2739 980 2793; x_wconf 92' lang='lat' dir='ltr'>in</span> <span class='ocrx_word' id='word_1_231' title='bbox 1007 2740 1128 2809; x_wconf 87' lang='lat' dir='ltr'>ejus</span> <span class='ocrx_word' id='word_1_232' title='bbox 1148 2743 1336 2793; x_wconf 91' lang='lat' dir='ltr'>mente</span> <span class='ocrx_word' id='word_1_233' title='bbox 1357 2739 1520 2794; x_wconf 91' lang='lat' dir='ltr'>video</span> <span class='ocrx_word' id='word_1_234' title='bbox 1549 2739 1605 2794; x_wconf 92' lang='lat' dir='ltr'>id</span> <span class='ocrx_word' id='word_1_235' title='bbox 1633 2755 1762 2794; x_wconf 92' lang='lat' dir='ltr'>eum</span> <span class='ocrx_word' id='word_1_236' title='bbox 1787 2741 2058 2811; x_wconf 84' lang='lat' dir='ltr'>cogitasse</span> 
     </span>
    </p>
   </div>
   <div class='ocr_carea' id='block_1_29' title="bbox 361 2825 2058 2898">
    <p class='ocr_par' dir='ltr' id='par_1_29' title="bbox 361 2825 2058 2898">
     <span class='ocr_line' id='line_1_29' title="bbox 361 2825 2058 2898; baseline 0.001 -18"><span class='ocrx_word' id='word_1_237' title='bbox 361 2843 492 2880; x_wconf 91' lang='lat' dir='ltr'>cum</span> <span class='ocrx_word' id='word_1_238' title='bbox 537 2827 658 2879; x_wconf 69' lang='lat' dir='ltr'>lucc</span> <span class='ocrx_word' id='word_1_239' title='bbox 708 2825 995 2879; x_wconf 87' lang='lat' dir='ltr'>scriberet.</span> <span class='ocrx_word' id='word_1_240' title='bbox 1040 2826 1230 2879; x_wconf 86' lang='lat' dir='ltr'>Potuit</span> <span class='ocrx_word' id='word_1_241' title='bbox 1261 2825 1415 2880; x_wconf 91' lang='lat' dir='ltr'>enim</span> <span class='ocrx_word' id='word_1_242' title='bbox 1463 2826 1707 2896; x_wconf 85' lang='lat' dir='ltr'>cogitare</span> <span class='ocrx_word' id='word_1_243' title='bbox 1734 2827 1793 2881; x_wconf 90' lang='lat' dir='ltr'>in</span> <span class='ocrx_word' id='word_1_244' title='bbox 1825 2828 1946 2898; x_wconf 88' lang='lat' dir='ltr'>ipso</span> <span class='ocrx_word' id='word_1_245' title='bbox 1976 2830 2058 2882; x_wconf 87' lang='lat' dir='ltr'>fa-</span> 
     </span>
    </p>
   </div>
   <div class='ocr_carea' id='block_1_30' title="bbox 359 2913 2060 2986">
    <p class='ocr_par' dir='ltr' id='par_1_30' title="bbox 359 2913 2060 2986">
     <span class='ocr_line' id='line_1_30' title="bbox 359 2913 2060 2986; baseline 0.002 -19"><span class='ocrx_word' id='word_1_246' title='bbox 359 2914 545 2968; x_wconf 89' lang='lat' dir='ltr'>ciendi</span> <span class='ocrx_word' id='word_1_247' title='bbox 573 2913 824 2980; x_wconf 83' lang='lat' dir='ltr'>exordio,</span> <span class='ocrx_word' id='word_1_248' title='bbox 877 2929 1005 2967; x_wconf 92' lang='lat' dir='ltr'>cum</span> <span class='ocrx_word' id='word_1_249' title='bbox 1054 2913 1287 2980; x_wconf 87' lang='lat' dir='ltr'>diceret,</span> <span class='ocrx_word' id='word_1_250' title='bbox 1324 2916 1386 2968; x_wconf 89' lang='lat' dir='ltr'>In</span> <span class='ocrx_word' id='word_1_251' title='bbox 1426 2917 1732 2984; x_wconf 78' lang='lat' dir='ltr'>principio:</span> <span class='ocrx_word' id='word_1_252' title='bbox 1779 2916 1970 2986; x_wconf 90' lang='lat' dir='ltr'>potuit</span> <span class='ocrx_word' id='word_1_253' title='bbox 2003 2921 2060 2971; x_wconf 93' lang='lat' dir='ltr'>et</span> 
     </span>
    </p>
   </div>
   <div class='ocr_carea' id='block_1_31' title="bbox 359 3002 2057 3074">
    <p class='ocr_par' dir='ltr' id='par_1_31' title="bbox 359 3002 2057 3074">
     <span class='ocr_line' id='line_1_31' title="bbox 359 3002 2057 3074; baseline 0.002 -20"><span class='ocrx_word' id='word_1_254' title='bbox 359 3002 566 3055; x_wconf 85' lang='lat' dir='ltr'>coelum</span> <span class='ocrx_word' id='word_1_255' title='bbox 595 3006 649 3055; x_wconf 90' lang='lat' dir='ltr'>et</span> <span class='ocrx_word' id='word_1_256' title='bbox 673 3007 884 3056; x_wconf 88' lang='lat' dir='ltr'>terram</span> <span class='ocrx_word' id='word_1_257' title='bbox 911 3002 1021 3056; x_wconf 90' lang='lat' dir='ltr'>hoc</span> <span class='ocrx_word' id='word_1_258' title='bbox 1042 3002 1186 3068; x_wconf 93' lang='lat' dir='ltr'>loco,</span> <span class='ocrx_word' id='word_1_259' title='bbox 1209 3003 1426 3056; x_wconf 88' lang='lat' dir='ltr'>nullam</span> <span class='ocrx_word' id='word_1_260' title='bbox 1448 3003 1566 3074; x_wconf 91' lang='lat' dir='ltr'>jam</span> <span class='ocrx_word' id='word_1_261' title='bbox 1599 3005 1900 3058; x_wconf 86' lang='lat' dir='ltr'>formatam</span> <span class='ocrx_word' id='word_1_262' title='bbox 1927 3021 2057 3074; x_wconf 84' lang='lat' dir='ltr'>per-</span> 
     </span>
    </p>
   </div>
   <div class='ocr_carea' id='block_1_32' title="bbox 362 3089 2055 3163">
    <p class='ocr_par' dir='ltr' id='par_1_32' title="bbox 362 3089 2055 3163">
     <span class='ocr_line' id='line_1_32' title="bbox 362 3089 2055 3163; baseline 0.002 -21"><span class='ocrx_word' id='word_1_263' title='bbox 362 3090 678 3160; x_wconf 87' lang='lat' dir='ltr'>fectamque</span> <span class='ocrx_word' id='word_1_264' title='bbox 726 3094 990 3144; x_wconf 90' lang='lat' dir='ltr'>naturam</span> <span class='ocrx_word' id='word_1_265' title='bbox 1043 3089 1162 3144; x_wconf 85' lang='lat' dir='ltr'>sive</span> <span class='ocrx_word' id='word_1_266' title='bbox 1212 3091 1566 3161; x_wconf 89' lang='lat' dir='ltr'>spiritualem</span> <span class='ocrx_word' id='word_1_267' title='bbox 1616 3091 1730 3145; x_wconf 89' lang='lat' dir='ltr'>sive</span> <span class='ocrx_word' id='word_1_268' title='bbox 1787 3109 2055 3163; x_wconf 87' lang='lat' dir='ltr'>corpora-</span> 
     </span>
    </p>
   </div>
   <div class='ocr_carea' id='block_1_33' title="bbox 362 3177 2056 3249">
    <p class='ocr_par' dir='ltr' id='par_1_33' title="bbox 362 3177 2056 3249">
     <span class='ocr_line' id='line_1_33' title="bbox 362 3177 2056 3249; baseline 0.003 -19"><span class='ocrx_word' id='word_1_269' title='bbox 362 3179 494 3242; x_wconf 87' lang='lat' dir='ltr'>lem,</span> <span class='ocrx_word' id='word_1_270' title='bbox 517 3179 616 3231; x_wconf 88' lang='lat' dir='ltr'>sed</span> <span class='ocrx_word' id='word_1_271' title='bbox 638 3182 942 3249; x_wconf 87' lang='lat' dir='ltr'>utramque</span> <span class='ocrx_word' id='word_1_272' title='bbox 961 3177 1289 3232; x_wconf 82' lang='lat' dir='ltr'>inchoatam</span> <span class='ocrx_word' id='word_1_273' title='bbox 1319 3183 1375 3232; x_wconf 91' lang='lat' dir='ltr'>et</span> <span class='ocrx_word' id='word_1_274' title='bbox 1395 3179 1895 3235; x_wconf 87' lang='lat' dir='ltr'>adhucinformem</span> <span class='ocrx_word' id='word_1_275' title='bbox 1915 3183 2056 3236; x_wconf 88' lang='lat' dir='ltr'>velle</span> 
     </span>
    </p>
   </div>
   <div class='ocr_carea' id='block_1_34' title="bbox 361 3265 2057 3340">
    <p class='ocr_par' dir='ltr' id='par_1_34' title="bbox 361 3265 2057 3340">
     <span class='ocr_line' id='line_1_34' title="bbox 361 3265 2057 3340; baseline 0.004 -22"><span class='ocrx_word' id='word_1_276' title='bbox 361 3265 624 3335; x_wconf 77' lang='lat' dir='ltr'>intelligi.</span> <span class='ocrx_word' id='word_1_277' title='bbox 658 3265 832 3320; x_wconf 88' lang='lat' dir='ltr'>Video</span> <span class='ocrx_word' id='word_1_278' title='bbox 875 3266 1088 3336; x_wconf 86' lang='lat' dir='ltr'>quippe</span> <span class='ocrx_word' id='word_1_279' title='bbox 1137 3282 1267 3320; x_wconf 88' lang='lat' dir='ltr'>vere</span> <span class='ocrx_word' id='word_1_280' title='bbox 1302 3267 1557 3336; x_wconf 91' lang='lat' dir='ltr'>potuisse</span> <span class='ocrx_word' id='word_1_281' title='bbox 1607 3268 1735 3334; x_wconf 90' lang='lat' dir='ltr'>dici,</span> <span class='ocrx_word' id='word_1_282' title='bbox 1781 3270 2057 3340; x_wconf 87' lang='lat' dir='ltr'>quidquid</span> 
     </span>
    </p>
   </div>
   <div class='ocr_carea' id='block_1_35' title="bbox 360 3353 2057 3424">
    <p class='ocr_par' dir='ltr' id='par_1_35' title="bbox 360 3353 2057 3424">
     <span class='ocr_line' id='line_1_35' title="bbox 360 3353 2057 3424; baseline 0.003 -18"><span class='ocrx_word' id='word_1_283' title='bbox 360 3354 567 3407; x_wconf 84' lang='lat' dir='ltr'>horum</span> <span class='ocrx_word' id='word_1_284' title='bbox 600 3353 920 3421; x_wconf 87' lang='lat' dir='ltr'>diceretur;</span> <span class='ocrx_word' id='word_1_285' title='bbox 975 3354 1067 3408; x_wconf 86' lang='lat' dir='ltr'>sed</span> <span class='ocrx_word' id='word_1_286' title='bbox 1119 3354 1259 3424; x_wconf 90' lang='lat' dir='ltr'>quid</span> <span class='ocrx_word' id='word_1_287' title='bbox 1289 3354 1494 3408; x_wconf 86' lang='lat' dir='ltr'>horum</span> <span class='ocrx_word' id='word_1_288' title='bbox 1526 3355 1585 3409; x_wconf 91' lang='lat' dir='ltr'>in</span> <span class='ocrx_word' id='word_1_289' title='bbox 1619 3356 1706 3409; x_wconf 87' lang='lat' dir='ltr'>his</span> <span class='ocrx_word' id='word_1_290' title='bbox 1745 3357 1932 3411; x_wconf 80' lang='lat' dir='ltr'>verbis</span> <span class='ocrx_word' id='word_1_291' title='bbox 1964 3358 2057 3412; x_wconf 90' lang='lat' dir='ltr'>ille</span> 
     </span>
    </p>
   </div>
   <div class='ocr_carea' id='block_1_36' title="bbox 359 3441 2056 3516">
    <p class='ocr_par' dir='ltr' id='par_1_36' title="bbox 359 3441 2056 3516">
     <span class='ocr_line' id='line_1_36' title="bbox 359 3441 2056 3516; baseline 0.004 -21"><span class='ocrx_word' id='word_1_292' title='bbox 359 3441 710 3513; x_wconf 83' lang='lat' dir='ltr'>cogitaverit,</span> <span class='ocrx_word' id='word_1_293' title='bbox 745 3458 860 3496; x_wconf 91' lang='lat' dir='ltr'>non</span> <span class='ocrx_word' id='word_1_294' title='bbox 889 3442 968 3496; x_wconf 90' lang='lat' dir='ltr'>ita</span> <span class='ocrx_word' id='word_1_295' title='bbox 1007 3442 1206 3496; x_wconf 90' lang='lat' dir='ltr'>video:</span> <span class='ocrx_word' id='word_1_296' title='bbox 1241 3443 1501 3514; x_wconf 80' lang='lat' dir='ltr'>quamvis</span> <span class='ocrx_word' id='word_1_297' title='bbox 1533 3443 1648 3498; x_wconf 91' lang='lat' dir='ltr'>sive</span> <span class='ocrx_word' id='word_1_298' title='bbox 1696 3445 1910 3516; x_wconf 88' lang='lat' dir='ltr'>aliquid</span> <span class='ocrx_word' id='word_1_299' title='bbox 1954 3447 2056 3501; x_wconf 89' lang='lat' dir='ltr'>ho-</span> 
     </span>
    </p>
   </div>
   <div class='ocr_carea' id='block_1_37' title="bbox 360 3531 2058 3602">
    <p class='ocr_par' dir='ltr' id='par_1_37' title="bbox 360 3531 2058 3602">
     <span class='ocr_line' id='line_1_37' title="bbox 360 3531 2058 3602; baseline 0.004 -19"><span class='ocrx_word' id='word_1_300' title='bbox 360 3547 509 3598; x_wconf 89' lang='lat' dir='ltr'>rum,</span> <span class='ocrx_word' id='word_1_301' title='bbox 532 3531 646 3584; x_wconf 89' lang='lat' dir='ltr'>sive</span> <span class='ocrx_word' id='word_1_302' title='bbox 667 3531 881 3602; x_wconf 90' lang='lat' dir='ltr'>aliquid</span> <span class='ocrx_word' id='word_1_303' title='bbox 903 3531 1055 3585; x_wconf 89' lang='lat' dir='ltr'>aliud</span> <span class='ocrx_word' id='word_1_304' title='bbox 1081 3548 1152 3601; x_wconf 92' lang='lat' dir='ltr'>qu</span> <span class='ocrx_word' id='word_1_305' title='bbox 1164 3533 1282 3587; x_wconf 92' lang='lat' dir='ltr'>oda</span> <span class='ocrx_word' id='word_1_306' title='bbox 1298 3549 1388 3585; x_wconf 90' lang='lat' dir='ltr'>me</span> <span class='ocrx_word' id='word_1_307' title='bbox 1405 3540 1919 3589; x_wconf 88' lang='lat' dir='ltr'>commemoratum</span> <span class='ocrx_word' id='word_1_308' title='bbox 1939 3553 2058 3590; x_wconf 91' lang='lat' dir='ltr'>non</span> 
     </span>
    </p>
   </div>
   <div class='ocr_carea' id='block_1_38' title="bbox 358 3620 2057 3691">
    <p class='ocr_par' dir='ltr' id='par_1_38' title="bbox 358 3620 2057 3691">
     <span class='ocr_line' id='line_1_38' title="bbox 358 3620 2057 3691; baseline 0.004 -20"><span class='ocrx_word' id='word_1_309' title='bbox 358 3625 463 3681; x_wconf 88' lang='lat' dir='ltr'>est,</span> <span class='ocrx_word' id='word_1_310' title='bbox 498 3624 690 3673; x_wconf 88' lang='lat' dir='ltr'>tantus</span> <span class='ocrx_word' id='word_1_311' title='bbox 720 3620 806 3673; x_wconf 92' lang='lat' dir='ltr'>vir</span> <span class='ocrx_word' id='word_1_312' title='bbox 834 3620 929 3673; x_wconf 90' lang='lat' dir='ltr'>ille</span> <span class='ocrx_word' id='word_1_313' title='bbox 959 3626 1149 3674; x_wconf 87' lang='lat' dir='ltr'>mente</span> <span class='ocrx_word' id='word_1_314' title='bbox 1173 3622 1556 3691; x_wconf 86' lang='lat' dir='ltr'>conspexerit,</span> <span class='ocrx_word' id='word_1_315' title='bbox 1590 3638 1721 3676; x_wconf 83' lang='lat' dir='ltr'>cum</span> <span class='ocrx_word' id='word_1_316' title='bbox 1742 3623 1864 3676; x_wconf 66' lang='lat' dir='ltr'>ham</span> <span class='ocrx_word' id='word_1_317' title='bbox 1887 3625 2057 3678; x_wconf 86' lang='lat' dir='ltr'>verba</span> 
     </span>
    </p>
   </div>
   <div class='ocr_carea' id='block_1_39' title="bbox 357 3707 2055 3781">
    <p class='ocr_par' dir='ltr' id='par_1_39' title="bbox 357 3707 2055 3781">
     <span class='ocr_line' id='line_1_39' title="bbox 357 3707 2055 3781; baseline 0.003 -21"><span class='ocrx_word' id='word_1_318' title='bbox 357 3713 662 3778; x_wconf 88' lang='lat' dir='ltr'>promeret,</span> <span class='ocrx_word' id='word_1_319' title='bbox 695 3724 893 3762; x_wconf 88' lang='lat' dir='ltr'>verum</span> <span class='ocrx_word' id='word_1_320' title='bbox 924 3724 1056 3763; x_wconf 92' lang='lat' dir='ltr'>eum</span> <span class='ocrx_word' id='word_1_321' title='bbox 1087 3707 1292 3763; x_wconf 80' lang='lat' dir='ltr'>vidisse</span> <span class='ocrx_word' id='word_1_322' title='bbox 1338 3713 1584 3781; x_wconf 85' lang='lat' dir='ltr'>apteque</span> <span class='ocrx_word' id='word_1_323' title='bbox 1628 3710 1683 3764; x_wconf 92' lang='lat' dir='ltr'>id</span> <span class='ocrx_word' id='word_1_324' title='bbox 1732 3711 2055 3766; x_wconf 81' lang='lat' dir='ltr'>enuntiasse</span> 
     </span>
    </p>
   </div>
   <div class='ocr_carea' id='block_1_40' title="bbox 357 3797 786 3852">
    <p class='ocr_par' dir='ltr' id='par_1_40' title="bbox 357 3797 786 3852">
     <span class='ocr_line' id='line_1_40' title="bbox 357 3797 786 3852; baseline 0.002 -2"><span class='ocrx_word' id='word_1_325' title='bbox 357 3813 472 3851; x_wconf 84' lang='lat' dir='ltr'>non</span> <span class='ocrx_word' id='word_1_326' title='bbox 503 3797 786 3852; x_wconf 86' lang='lat' dir='ltr'>dubitem.</span> 
     </span>
    </p>
   </div>
   <div class='ocr_carea' id='block_1_41' title="bbox 997 3905 1412 3960">
    <p class='ocr_par' dir='ltr' id='par_1_41' title="bbox 997 3905 1412 3960">
     <span class='ocr_line' id='line_1_41' title="bbox 997 3905 1412 3960; baseline 0.005 -2"><span class='ocrx_word' id='word_1_327' title='bbox 997 3905 1220 3959; x_wconf 79' lang='lat' dir='ltr'>CAPUT</span> <span class='ocrx_word' id='word_1_328' title='bbox 1261 3905 1412 3960; x_wconf 77' lang='lat' dir='ltr'>XXV.</span> 
     </span>
    </p>
   </div>
   <div class='ocr_carea' id='block_1_42' title="bbox 355 3993 2056 4063">
    <p class='ocr_par' dir='ltr' id='par_1_42' title="bbox 355 3993 2056 4063">
     <span class='ocr_line' id='line_1_42' title="bbox 355 3993 2056 4063; baseline 0.001 -17"><span class='ocrx_word' id='word_1_329' title='bbox 355 3993 630 4047; x_wconf 83' lang='lat' dir='ltr'>Adversus</span> <span class='ocrx_word' id='word_1_330' title='bbox 654 4006 738 4047; x_wconf 88' lang='lat' dir='ltr'>eos</span> <span class='ocrx_word' id='word_1_331' title='bbox 769 3995 865 4061; x_wconf 81' lang='lat' dir='ltr'>qui</span> <span class='ocrx_word' id='word_1_332' title='bbox 884 3993 1116 4047; x_wconf 83' lang='lat' dir='ltr'>aliorum</span> <span class='ocrx_word' id='word_1_333' title='bbox 1149 3993 1550 4063; x_wconf 77' lang='lat' dir='ltr'>interpretandi</span> <span class='ocrx_word' id='word_1_334' title='bbox 1573 3996 1835 4048; x_wconf 71' lang='lat' dir='ltr'>rationem</span> <span class='ocrx_word' id='word_1_335' title='bbox 1869 3998 2056 4048; x_wconf 77' lang='lat' dir='ltr'>temere</span> 
     </span>
    </p>
   </div>
   <div class='ocr_carea' id='block_1_43' title="bbox 1074 4082 1345 4148">
    <p class='ocr_par' dir='ltr' id='par_1_43' title="bbox 1074 4082 1345 4148">
     <span class='ocr_line' id='line_1_43' title="bbox 1074 4082 1345 4148; baseline 0.004 -15"><span class='ocrx_word' id='word_1_336' title='bbox 1074 4082 1345 4148; x_wconf 71' lang='lat' dir='ltr'>reﬁciunt.</span> 
     </span>
    </p>
   </div>
   <div class='ocr_carea' id='block_1_44' title="bbox 423 4162 2051 4239">
    <p class='ocr_par' dir='ltr' id='par_1_44' title="bbox 423 4162 2051 4239">
     <span class='ocr_line' id='line_1_44' title="bbox 423 4162 2051 4239; baseline -0.001 -15"><span class='ocrx_word' id='word_1_337' title='bbox 423 4162 509 4224; x_wconf 58' lang='lat'>33&#39;.</span> <span class='ocrx_word' id='word_1_338' title='bbox 544 4170 718 4222; x_wconf 86' lang='lat' dir='ltr'>Nemo</span> <span class='ocrx_word' id='word_1_339' title='bbox 750 4169 1026 4239; x_wconf 88' lang='lat' dir='ltr'>mihijam</span> <span class='ocrx_word' id='word_1_340' title='bbox 1050 4170 1321 4223; x_wconf 90' lang='lat' dir='ltr'>molestus</span> <span class='ocrx_word' id='word_1_341' title='bbox 1351 4169 1422 4223; x_wconf 92' lang='lat' dir='ltr'>sit</span> <span class='ocrx_word' id='word_1_342' title='bbox 1449 4169 1689 4224; x_wconf 90' lang='lat' dir='ltr'>dicendo</span> <span class='ocrx_word' id='word_1_343' title='bbox 1712 4168 1855 4223; x_wconf 87' lang='lat' dir='ltr'>mihi</span> <span class='ocrx_word' id='word_1_344' title='bbox 1883 4187 1894 4224; x_wconf 93' lang='lat'>:</span> <span class='ocrx_word' id='word_1_345' title='bbox 1926 4171 2051 4223; x_wconf 86' lang='lat' dir='ltr'>Non</span> 
     </span>
    </p>
   </div>
   <div class='ocr_carea' id='block_1_45' title="bbox 355 4257 2050 4329">
    <p class='ocr_par' dir='ltr' id='par_1_45' title="bbox 355 4257 2050 4329">
     <span class='ocr_line' id='line_1_45' title="bbox 355 4257 2050 4329; baseline 0.001 -18"><span class='ocrx_word' id='word_1_346' title='bbox 355 4258 462 4311; x_wconf 85' lang='lat' dir='ltr'>hoc</span> <span class='ocrx_word' id='word_1_347' title='bbox 492 4257 665 4310; x_wconf 89' lang='lat' dir='ltr'>sensit</span> <span class='ocrx_word' id='word_1_348' title='bbox 696 4258 910 4327; x_wconf 79' lang='lat' dir='ltr'>Moyses</span> <span class='ocrx_word' id='word_1_349' title='bbox 948 4257 1102 4327; x_wconf 88' lang='lat' dir='ltr'>quod</span> <span class='ocrx_word' id='word_1_350' title='bbox 1131 4261 1195 4310; x_wconf 90' lang='lat' dir='ltr'>tu</span> <span class='ocrx_word' id='word_1_351' title='bbox 1220 4257 1356 4311; x_wconf 91' lang='lat' dir='ltr'>dicis</span> <span class='ocrx_word' id='word_1_352' title='bbox 1381 4275 1394 4324; x_wconf 89' lang='lat'>;</span> <span class='ocrx_word' id='word_1_353' title='bbox 1428 4259 1526 4312; x_wconf 92' lang='lat' dir='ltr'>sed</span> <span class='ocrx_word' id='word_1_354' title='bbox 1556 4259 1662 4312; x_wconf 90' lang='lat' dir='ltr'>hoc</span> <span class='ocrx_word' id='word_1_355' title='bbox 1693 4258 1868 4311; x_wconf 81' lang='lat' dir='ltr'>sensit</span> <span class='ocrx_word' id='word_1_356' title='bbox 1897 4259 2050 4329; x_wconf 91' lang='lat' dir='ltr'>quod</span> 
     </span>
    </p>
   </div>
   <div class='ocr_carea' id='block_1_46' title="bbox 355 4343 2054 4413">
    <p class='ocr_par' dir='ltr' id='par_1_46' title="bbox 355 4343 2054 4413">
     <span class='ocr_line' id='line_1_46' title="bbox 355 4343 2054 4413; baseline 0.002 -17"><span class='ocrx_word' id='word_1_357' title='bbox 355 4361 462 4413; x_wconf 77' lang='lat' dir='ltr'>ego</span> <span class='ocrx_word' id='word_1_358' title='bbox 496 4344 637 4398; x_wconf 90' lang='lat' dir='ltr'>dico.</span> <span class='ocrx_word' id='word_1_359' title='bbox 671 4343 728 4398; x_wconf 91' lang='lat' dir='ltr'>Si</span> <span class='ocrx_word' id='word_1_360' title='bbox 759 4345 913 4398; x_wconf 91' lang='lat' dir='ltr'>enim</span> <span class='ocrx_word' id='word_1_361' title='bbox 947 4345 1090 4398; x_wconf 91' lang='lat' dir='ltr'>mihi</span> <span class='ocrx_word' id='word_1_362' title='bbox 1119 4345 1331 4399; x_wconf 88' lang='lat' dir='ltr'>diceret</span> <span class='ocrx_word' id='word_1_363' title='bbox 1361 4363 1372 4400; x_wconf 90' lang='lat'><strong>:</strong></span> <span class='ocrx_word' id='word_1_364' title='bbox 1410 4346 1564 4400; x_wconf 90' lang='lat' dir='ltr'>Unde</span> <span class='ocrx_word' id='word_1_365' title='bbox 1582 4345 1688 4400; x_wconf 89' lang='lat' dir='ltr'>scis</span> <span class='ocrx_word' id='word_1_366' title='bbox 1710 4345 1815 4400; x_wconf 87' lang='lat' dir='ltr'>hoc</span> <span class='ocrx_word' id='word_1_367' title='bbox 1844 4347 2054 4400; x_wconf 85' lang='lat' dir='ltr'>sensis-</span> 
     </span>
    </p>
   </div>
   <div class='ocr_carea' id='block_1_47' title="bbox 355 4432 2051 4506">
    <p class='ocr_par' dir='ltr' id='par_1_47' title="bbox 355 4432 2051 4506">
     <span class='ocr_line' id='line_1_47' title="bbox 355 4432 2051 4506; baseline 0.004 -22"><span class='ocrx_word' id='word_1_368' title='bbox 355 4449 413 4487; x_wconf 85' lang='lat' dir='ltr'>se</span> <span class='ocrx_word' id='word_1_369' title='bbox 446 4433 670 4502; x_wconf 78' lang='lat' dir='ltr'>Moysen</span> <span class='ocrx_word' id='word_1_370' title='bbox 711 4433 866 4504; x_wconf 91' lang='lat' dir='ltr'>quod</span> <span class='ocrx_word' id='word_1_371' title='bbox 899 4433 969 4487; x_wconf 92' lang='lat' dir='ltr'>de</span> <span class='ocrx_word' id='word_1_372' title='bbox 1012 4432 1100 4486; x_wconf 88' lang='lat' dir='ltr'>his</span> <span class='ocrx_word' id='word_1_373' title='bbox 1128 4433 1315 4487; x_wconf 87' lang='lat' dir='ltr'>verbis</span> <span class='ocrx_word' id='word_1_374' title='bbox 1348 4435 1470 4505; x_wconf 85' lang='lat' dir='ltr'>ejus</span> <span class='ocrx_word' id='word_1_375' title='bbox 1501 4435 1838 4506; x_wconf 84' lang='lat' dir='ltr'>eloqueris?</span> <span class='ocrx_word' id='word_1_376' title='bbox 1887 4452 2051 4506; x_wconf 64' lang='lat' dir='ltr'>inquo</span> 
     </span>
    </p>
   </div>
   <div class='ocr_carea' id='block_1_48' title="bbox 354 4521 2054 4594">
    <p class='ocr_par' dir='ltr' id='par_1_48' title="bbox 354 4521 2054 4594">
     <span class='ocr_line' id='line_1_48' title="bbox 354 4521 2054 4594; baseline 0.002 -21"><span class='ocrx_word' id='word_1_377' title='bbox 354 4521 546 4574; x_wconf 91' lang='lat' dir='ltr'>animo</span> <span class='ocrx_word' id='word_1_378' title='bbox 594 4521 741 4574; x_wconf 88' lang='lat' dir='ltr'>ferre</span> <span class='ocrx_word' id='word_1_379' title='bbox 797 4521 1063 4575; x_wconf 88' lang='lat' dir='ltr'>deberem</span> <span class='ocrx_word' id='word_1_380' title='bbox 1098 4526 1154 4575; x_wconf 92' lang='lat' dir='ltr'>et</span> <span class='ocrx_word' id='word_1_381' title='bbox 1201 4523 1604 4592; x_wconf 90' lang='lat' dir='ltr'>responderem</span> <span class='ocrx_word' id='word_1_382' title='bbox 1653 4523 1888 4577; x_wconf 82' lang='lat' dir='ltr'>fortasse</span> <span class='ocrx_word' id='word_1_383' title='bbox 1927 4541 2054 4594; x_wconf 84' lang='lat' dir='ltr'>quae</span> 
     </span>
    </p>
   </div>
   <div class='ocr_carea' id='block_1_49' title="bbox 355 4607 2056 4680">
    <p class='ocr_par' dir='ltr' id='par_1_49' title="bbox 355 4607 2056 4680">
     <span class='ocr_line' id='line_1_49' title="bbox 355 4607 2056 4680; baseline 0.003 -19"><span class='ocrx_word' id='word_1_384' title='bbox 355 4607 616 4677; x_wconf 85' lang='lat' dir='ltr'>superius</span> <span class='ocrx_word' id='word_1_385' title='bbox 665 4609 953 4679; x_wconf 88' lang='lat' dir='ltr'>respondi,</span> <span class='ocrx_word' id='word_1_386' title='bbox 1007 4610 1094 4664; x_wconf 89' lang='lat' dir='ltr'>vel</span> <span class='ocrx_word' id='word_1_387' title='bbox 1158 4610 1445 4680; x_wconf 88' lang='lat' dir='ltr'>aliquanto</span> <span class='ocrx_word' id='word_1_388' title='bbox 1511 4611 1765 4678; x_wconf 90' lang='lat' dir='ltr'>uberius,</span> <span class='ocrx_word' id='word_1_389' title='bbox 1815 4612 1862 4665; x_wconf 91' lang='lat' dir='ltr'>si</span> <span class='ocrx_word' id='word_1_390' title='bbox 1911 4617 2056 4667; x_wconf 89' lang='lat' dir='ltr'>esset</span> 
     </span>
    </p>
   </div>
   <div class='ocr_carea' id='block_1_50' title="bbox 355 4695 2055 4772">
    <p class='ocr_par' dir='ltr' id='par_1_50' title="bbox 355 4695 2055 4772">
     <span class='ocr_line' id='line_1_50' title="bbox 355 4695 2055 4772; baseline 0.004 -23"><span class='ocrx_word' id='word_1_391' title='bbox 355 4695 572 4750; x_wconf 89' lang='lat' dir='ltr'>durior.</span> <span class='ocrx_word' id='word_1_392' title='bbox 614 4697 755 4751; x_wconf 91' lang='lat' dir='ltr'>Cum</span> <span class='ocrx_word' id='word_1_393' title='bbox 785 4713 916 4751; x_wconf 91' lang='lat' dir='ltr'>vero</span> <span class='ocrx_word' id='word_1_394' title='bbox 949 4697 1118 4752; x_wconf 90' lang='lat' dir='ltr'>dicit:</span> <span class='ocrx_word' id='word_1_395' title='bbox 1168 4699 1290 4752; x_wconf 86' lang='lat' dir='ltr'>Non</span> <span class='ocrx_word' id='word_1_396' title='bbox 1327 4699 1433 4753; x_wconf 90' lang='lat' dir='ltr'>hoc</span> <span class='ocrx_word' id='word_1_397' title='bbox 1477 4699 1572 4754; x_wconf 90' lang='lat' dir='ltr'>ille</span> <span class='ocrx_word' id='word_1_398' title='bbox 1603 4699 1779 4753; x_wconf 90' lang='lat' dir='ltr'>sensit</span> <span class='ocrx_word' id='word_1_399' title='bbox 1808 4701 1963 4772; x_wconf 92' lang='lat' dir='ltr'>quod</span> <span class='ocrx_word' id='word_1_400' title='bbox 1992 4705 2055 4756; x_wconf 88' lang='lat' dir='ltr'>tu</span> 
     </span>
    </p>
   </div>
   <div class='ocr_carea' id='block_1_51' title="bbox 357 4783 2049 4860">
    <p class='ocr_par' dir='ltr' id='par_1_51' title="bbox 357 4783 2049 4860">
     <span class='ocr_line' id='line_1_51' title="bbox 357 4783 2049 4860; baseline 0.005 -24"><span class='ocrx_word' id='word_1_401' title='bbox 357 4783 516 4850; x_wconf 90' lang='lat' dir='ltr'>dicis,</span> <span class='ocrx_word' id='word_1_402' title='bbox 573 4785 671 4839; x_wconf 91' lang='lat' dir='ltr'>sed</span> <span class='ocrx_word' id='word_1_403' title='bbox 729 4786 880 4858; x_wconf 92' lang='lat' dir='ltr'>quod</span> <span class='ocrx_word' id='word_1_404' title='bbox 926 4787 1091 4855; x_wconf 85' lang='lat' dir='ltr'>dico;</span> <span class='ocrx_word' id='word_1_405' title='bbox 1148 4803 1335 4858; x_wconf 90' lang='lat' dir='ltr'>neque</span> <span class='ocrx_word' id='word_1_406' title='bbox 1393 4793 1584 4842; x_wconf 87' lang='lat' dir='ltr'>tamen</span> <span class='ocrx_word' id='word_1_407' title='bbox 1641 4793 1835 4858; x_wconf 90' lang='lat' dir='ltr'>negat,</span> <span class='ocrx_word' id='word_1_408' title='bbox 1894 4789 2049 4860; x_wconf 90' lang='lat' dir='ltr'>quod</span> 
     </span>
    </p>
   </div>
   <div class='ocr_carea' id='block_1_52' title="bbox 352 4874 2052 4947">
    <p class='ocr_par' dir='ltr' id='par_1_52' title="bbox 352 4874 2052 4947">
     <span class='ocr_line' id='line_1_52' title="bbox 352 4874 2052 4947; baseline 0.005 -23"><span class='ocrx_word' id='word_1_409' title='bbox 352 4877 592 4944; x_wconf 88' lang='lat' dir='ltr'>uterque</span> <span class='ocrx_word' id='word_1_410' title='bbox 626 4879 886 4928; x_wconf 89' lang='lat' dir='ltr'>nostrum</span> <span class='ocrx_word' id='word_1_411' title='bbox 918 4874 1074 4942; x_wconf 89' lang='lat' dir='ltr'>dicit,</span> <span class='ocrx_word' id='word_1_412' title='bbox 1100 4878 1410 4947; x_wconf 90' lang='lat' dir='ltr'>utrumque</span> <span class='ocrx_word' id='word_1_413' title='bbox 1441 4893 1640 4930; x_wconf 88' lang='lat' dir='ltr'>verum</span> <span class='ocrx_word' id='word_1_414' title='bbox 1676 4893 1833 4932; x_wconf 87' lang='lat' dir='ltr'>esse:</span> <span class='ocrx_word' id='word_1_415' title='bbox 1868 4894 1899 4930; x_wconf 87' lang='grc' dir='ltr'>ο</span> <span class='ocrx_word' id='word_1_416' title='bbox 1938 4878 2052 4932; x_wconf 86' lang='lat' dir='ltr'>vita</span> 
     </span>
    </p>
   </div>
   <div class='ocr_carea' id='block_1_53' title="bbox 355 4962 2050 5033">
    <p class='ocr_par' dir='ltr' id='par_1_53' title="bbox 355 4962 2050 5033">
     <span class='ocr_line' id='line_1_53' title="bbox 355 4962 2050 5033; baseline 0.003 -20"><span class='ocrx_word' id='word_1_417' title='bbox 355 4977 680 5031; x_wconf 87' lang='lat' dir='ltr'>pauperum</span> <span class='ocrx_word' id='word_1_418' title='bbox 711 4962 860 5015; x_wconf 90' lang='lat' dir='ltr'>Deus</span> <span class='ocrx_word' id='word_1_419' title='bbox 890 4978 1071 5028; x_wconf 87' lang='lat' dir='ltr'>meus,</span> <span class='ocrx_word' id='word_1_420' title='bbox 1105 4963 1163 5017; x_wconf 92' lang='lat' dir='ltr'>in</span> <span class='ocrx_word' id='word_1_421' title='bbox 1187 4964 1346 5033; x_wconf 85' lang='lat' dir='ltr'>cujus</span> <span class='ocrx_word' id='word_1_422' title='bbox 1378 4963 1502 5018; x_wconf 90' lang='lat' dir='ltr'>sinu</span> <span class='ocrx_word' id='word_1_423' title='bbox 1532 4981 1648 5018; x_wconf 92' lang='lat' dir='ltr'>non</span> <span class='ocrx_word' id='word_1_424' title='bbox 1669 4965 2050 5018; x_wconf 90' lang='lat' dir='ltr'>estcontradi-</span> 
     </span>
    </p>
   </div>
   <div class='ocr_carea' id='block_1_54' title="bbox 353 5038 2050 5123">
    <p class='ocr_par' dir='ltr' id='par_1_54' title="bbox 353 5038 2050 5123">
     <span class='ocr_line' id='line_1_54' title="bbox 353 5038 2050 5123; baseline 0.002 -21"><span class='ocrx_word' id='word_1_425' title='bbox 353 5049 485 5116; x_wconf 86' lang='lat' dir='ltr'>ctio,</span> <span class='ocrx_word' id='word_1_426' title='bbox 517 5050 652 5120; x_wconf 89' lang='lat' dir='ltr'>plue</span> <span class='ocrx_word' id='word_1_427' title='bbox 683 5049 827 5103; x_wconf 91' lang='lat' dir='ltr'>mihi</span> <span class='ocrx_word' id='word_1_428' title='bbox 859 5049 1253 5120; x_wconf 83' lang='lat' dir='ltr'>mitigationes</span> <span class='ocrx_word' id='word_1_429' title='bbox 1283 5050 1341 5104; x_wconf 90' lang='lat' dir='ltr'>in</span> <span class='ocrx_word' id='word_1_430' title='bbox 1369 5068 1484 5116; x_wconf 85' lang='lat' dir='ltr'>cor,</span> <span class='ocrx_word' id='word_1_431' title='bbox 1515 5057 1581 5106; x_wconf 91' lang='lat' dir='ltr'>ut</span> <span class='ocrx_word' id='word_1_432' title='bbox 1605 5053 1887 5123; x_wconf 87' lang='lat' dir='ltr'>patienter</span> <span class='ocrx_word' id='word_1_433' title='bbox 1909 5038 2050 5106; x_wconf 82' lang='lat' dir='ltr'>tales</span> 
     </span>
    </p>
   </div>
   <div class='ocr_carea' id='block_1_55' title="bbox 351 5137 2049 5211">
    <p class='ocr_par' dir='ltr' id='par_1_55' title="bbox 351 5137 2049 5211">
     <span class='ocr_line' id='line_1_55' title="bbox 351 5137 2049 5211; baseline 0.002 -20"><span class='ocrx_word' id='word_1_434' title='bbox 351 5138 530 5192; x_wconf 87' lang='lat' dir='ltr'>feram</span> <span class='ocrx_word' id='word_1_435' title='bbox 562 5138 661 5209; x_wconf 90' lang='lat' dir='ltr'>qui</span> <span class='ocrx_word' id='word_1_436' title='bbox 691 5137 965 5193; x_wconf 88' lang='lat' dir='ltr'>nonmihi</span> <span class='ocrx_word' id='word_1_437' title='bbox 986 5138 1094 5192; x_wconf 89' lang='lat' dir='ltr'>hoc</span> <span class='ocrx_word' id='word_1_438' title='bbox 1126 5139 1340 5206; x_wconf 90' lang='lat' dir='ltr'>dicunt,</span> <span class='ocrx_word' id='word_1_439' title='bbox 1369 5140 1502 5211; x_wconf 91' lang='lat' dir='ltr'>quia</span> <span class='ocrx_word' id='word_1_440' title='bbox 1531 5140 1705 5194; x_wconf 89' lang='lat' dir='ltr'>divini</span> <span class='ocrx_word' id='word_1_441' title='bbox 1729 5145 1880 5206; x_wconf 90' lang='lat' dir='ltr'>sunt,</span> <span class='ocrx_word' id='word_1_442' title='bbox 1909 5145 1962 5194; x_wconf 90' lang='lat' dir='ltr'>et</span> <span class='ocrx_word' id='word_1_443' title='bbox 1989 5141 2049 5194; x_wconf 91' lang='lat' dir='ltr'>in</span> 
     </span>
    </p>
   </div>
   <div class='ocr_carea' id='block_1_56' title="bbox 348 5227 2048 5299">
    <p class='ocr_par' dir='ltr' id='par_1_56' title="bbox 348 5227 2048 5299">
     <span class='ocr_line' id='line_1_56' title="bbox 348 5227 2048 5299; baseline 0.001 -19"><span class='ocrx_word' id='word_1_444' title='bbox 348 5227 518 5281; x_wconf 90' lang='lat' dir='ltr'>corde</span> <span class='ocrx_word' id='word_1_445' title='bbox 540 5227 740 5281; x_wconf 86' lang='lat' dir='ltr'>famuli</span> <span class='ocrx_word' id='word_1_446' title='bbox 759 5227 844 5281; x_wconf 91' lang='lat' dir='ltr'>tui</span> <span class='ocrx_word' id='word_1_447' title='bbox 865 5227 1130 5281; x_wconf 90' lang='lat' dir='ltr'>viderunt</span> <span class='ocrx_word' id='word_1_448' title='bbox 1152 5228 1305 5299; x_wconf 91' lang='lat' dir='ltr'>quod</span> <span class='ocrx_word' id='word_1_449' title='bbox 1320 5229 1544 5295; x_wconf 91' lang='lat' dir='ltr'>dicunt;</span> <span class='ocrx_word' id='word_1_450' title='bbox 1567 5229 1664 5283; x_wconf 91' lang='lat' dir='ltr'>sed</span> <span class='ocrx_word' id='word_1_451' title='bbox 1690 5229 1824 5299; x_wconf 90' lang='lat' dir='ltr'>quia</span> <span class='ocrx_word' id='word_1_452' title='bbox 1850 5245 2048 5299; x_wconf 89' lang='lat' dir='ltr'>super-</span> 
     </span>
    </p>
   </div>
   <div class='ocr_carea' id='block_1_57' title="bbox 351 5315 2050 5386">
    <p class='ocr_par' dir='ltr' id='par_1_57' title="bbox 351 5315 2050 5386">
     <span class='ocr_line' id='line_1_57' title="bbox 351 5315 2050 5386; baseline 0.001 -18"><span class='ocrx_word' id='word_1_453' title='bbox 351 5315 409 5369; x_wconf 90' lang='lat' dir='ltr'>bi</span> <span class='ocrx_word' id='word_1_454' title='bbox 440 5319 604 5371; x_wconf 90' lang='lat' dir='ltr'>sunt:</span> <span class='ocrx_word' id='word_1_455' title='bbox 636 5331 738 5370; x_wconf 90' lang='lat' dir='ltr'>nec</span> <span class='ocrx_word' id='word_1_456' title='bbox 769 5320 1047 5370; x_wconf 87' lang='lat' dir='ltr'>noverunt</span> <span class='ocrx_word' id='word_1_457' title='bbox 1077 5315 1250 5386; x_wconf 84' lang='lat' dir='ltr'>Moysi</span> <span class='ocrx_word' id='word_1_458' title='bbox 1294 5316 1653 5383; x_wconf 88' lang='lat' dir='ltr'>sententiam,</span> <span class='ocrx_word' id='word_1_459' title='bbox 1710 5317 1807 5371; x_wconf 91' lang='lat' dir='ltr'>sed</span> <span class='ocrx_word' id='word_1_460' title='bbox 1856 5322 2050 5371; x_wconf 89' lang='lat' dir='ltr'>amant</span> 
     </span>
    </p>
   </div>
   <div class='ocr_carea' id='block_1_58' title="bbox 351 5402 2049 5476">
    <p class='ocr_par' dir='ltr' id='par_1_58' title="bbox 351 5402 2049 5476">
     <span class='ocr_line' id='line_1_58' title="bbox 351 5402 2049 5476; baseline 0.001 -20"><span class='ocrx_word' id='word_1_461' title='bbox 351 5417 515 5456; x_wconf 90' lang='lat' dir='ltr'>suam</span> <span class='ocrx_word' id='word_1_462' title='bbox 541 5420 555 5473; x_wconf 90' lang='lat'>;</span> <span class='ocrx_word' id='word_1_463' title='bbox 587 5419 704 5458; x_wconf 90' lang='lat' dir='ltr'>non</span> <span class='ocrx_word' id='word_1_464' title='bbox 734 5403 869 5476; x_wconf 86' lang='lat' dir='ltr'>quia</span> <span class='ocrx_word' id='word_1_465' title='bbox 899 5419 1033 5458; x_wconf 88' lang='lat' dir='ltr'>vera</span> <span class='ocrx_word' id='word_1_466' title='bbox 1062 5407 1164 5470; x_wconf 91' lang='lat' dir='ltr'>est,</span> <span class='ocrx_word' id='word_1_467' title='bbox 1200 5404 1298 5458; x_wconf 90' lang='lat' dir='ltr'>sed</span> <span class='ocrx_word' id='word_1_468' title='bbox 1325 5404 1460 5475; x_wconf 89' lang='lat' dir='ltr'>quia</span> <span class='ocrx_word' id='word_1_469' title='bbox 1501 5420 1605 5457; x_wconf 90' lang='lat' dir='ltr'>sua</span> <span class='ocrx_word' id='word_1_470' title='bbox 1632 5406 1742 5457; x_wconf 90' lang='lat' dir='ltr'>est.</span> <span class='ocrx_word' id='word_1_471' title='bbox 1779 5402 2049 5474; x_wconf 84' lang='lat' dir='ltr'>Alioquin</span> 
     </span>
    </p>
   </div>
   <div class='ocr_carea' id='block_1_59' title="bbox 413 5491 2044 5555">
    <p class='ocr_par' dir='ltr' id='par_1_59' title="bbox 413 5491 2044 5555">
     <span class='ocr_line' id='line_1_59' title="bbox 413 5491 2044 5555; baseline -0.001 -15"><span class='ocrx_word' id='word_1_472' title='bbox 413 5493 426 5555; x_wconf 60' lang='lat' dir='ltr'>t</span> <span class='ocrx_word' id='word_1_473' title='bbox 460 5492 724 5555; x_wconf 77' lang='lat' dir='ltr'>Inveniet,</span> <span class='ocrx_word' id='word_1_474' title='bbox 741 5491 898 5555; x_wconf 82' lang='lat' dir='ltr'>juxta</span> <span class='ocrx_word' id='word_1_475' title='bbox 931 5492 1077 5552; x_wconf 90' lang='lat' dir='ltr'>Lov.,</span> <span class='ocrx_word' id='word_1_476' title='bbox 1115 5491 1313 5541; x_wconf 90' lang='lat' dir='ltr'>Somm.</span> <span class='ocrx_word' id='word_1_477' title='bbox 1341 5495 1394 5542; x_wconf 89' lang='lat' dir='ltr'>et</span> <span class='ocrx_word' id='word_1_478' title='bbox 1424 5491 1595 5541; x_wconf 85' lang='lat' dir='ltr'>Rond.</span> <span class='ocrx_word' id='word_1_479' title='bbox 1625 5502 1747 5539; x_wconf 87' lang='lat' dir='ltr'>cum</span> <span class='ocrx_word' id='word_1_480' title='bbox 1776 5491 1804 5539; x_wconf 89' lang='lat'>9</span> <span class='ocrx_word' id='word_1_481' title='bbox 1824 5491 1946 5540; x_wconf 87' lang='lat' dir='ltr'>Mss.</span> <span class='ocrx_word' id='word_1_482' title='bbox 1976 5491 2044 5539; x_wconf 87' lang='grc' dir='ltr'><strong>Μ.</strong></span> 
     </span>
    </p>
   </div>
   <div class='ocr_carea' id='block_1_60' title="bbox 410 5554 1314 5617">
    <p class='ocr_par' dir='ltr' id='par_1_60' title="bbox 410 5554 1314 5617">
     <span class='ocr_line' id='line_1_60' title="bbox 410 5554 1314 5617; baseline 0.002 -17"><span class='ocrx_word' id='word_1_483' title='bbox 410 5554 431 5586; x_wconf 72' lang='lat'><strong><em>9</em></strong></span> <span class='ocrx_word' id='word_1_484' title='bbox 466 5554 648 5612; x_wconf 77' lang='lat' dir='ltr'>Verba,</span> <span class='ocrx_word' id='word_1_485' title='bbox 668 5554 824 5617; x_wconf 67' lang='lat' dir='ltr'>juxta</span> <span class='ocrx_word' id='word_1_486' title='bbox 853 5555 977 5604; x_wconf 85' lang='lat' dir='ltr'>Lov.</span> <span class='ocrx_word' id='word_1_487' title='bbox 1015 5555 1213 5605; x_wconf 89' lang='lat' dir='ltr'>Somm.</span> <span class='ocrx_word' id='word_1_488' title='bbox 1245 5555 1314 5603; x_wconf 90' lang='lat' dir='ltr'>M.</span> 
     </span>
    </p>
   </div>
   <div class='ocr_carea' id='block_1_61' title="bbox 3771 311 3876 364">
    <p class='ocr_par' dir='ltr' id='par_1_61' title="bbox 3771 311 3876 364">
     <span class='ocr_line' id='line_1_61' title="bbox 3771 311 3876 364; baseline 0 -1"><span class='ocrx_word' id='word_1_489' title='bbox 3771 311 3876 364; x_wconf 76' lang='grc'>840</span> 
     </span>
    </p>
   </div>
   <div class='ocr_carea' id='block_1_62' title="bbox 2179 428 3872 502">
    <p class='ocr_par' dir='ltr' id='par_1_62' title="bbox 2179 428 3872 502">
     <span class='ocr_line' id='line_1_62' title="bbox 2179 428 3872 502; baseline 0.002 -20"><span class='ocrx_word' id='word_1_490' title='bbox 2179 433 2234 482; x_wconf 90' lang='lat' dir='ltr'>et</span> <span class='ocrx_word' id='word_1_491' title='bbox 2261 429 2430 483; x_wconf 88' lang='lat' dir='ltr'>aliam</span> <span class='ocrx_word' id='word_1_492' title='bbox 2459 444 2652 483; x_wconf 87' lang='lat' dir='ltr'>veram</span> <span class='ocrx_word' id='word_1_493' title='bbox 2685 428 2902 498; x_wconf 83' lang='lat' dir='ltr'>pariter</span> <span class='ocrx_word' id='word_1_494' title='bbox 2929 434 3212 497; x_wconf 87' lang='lat' dir='ltr'>amarent,</span> <span class='ocrx_word' id='word_1_495' title='bbox 3245 430 3391 484; x_wconf 91' lang='lat' dir='ltr'>sicut</span> <span class='ocrx_word' id='word_1_496' title='bbox 3417 445 3524 500; x_wconf 88' lang='lat' dir='ltr'>ego</span> <span class='ocrx_word' id='word_1_497' title='bbox 3555 446 3685 485; x_wconf 84' lang='lat' dir='ltr'>amo</span> <span class='ocrx_word' id='word_1_498' title='bbox 3723 432 3872 502; x_wconf 91' lang='lat' dir='ltr'>quod</span> 
     </span>
    </p>
   </div>
   <div class='ocr_carea' id='block_1_63' title="bbox 2178 517 3870 590">
    <p class='ocr_par' dir='ltr' id='par_1_63' title="bbox 2178 517 3870 590">
     <span class='ocr_line' id='line_1_63' title="bbox 2178 517 3870 590; baseline 0.002 -19"><span class='ocrx_word' id='word_1_499' title='bbox 2178 517 2393 585; x_wconf 91' lang='lat' dir='ltr'>dicunt,</span> <span class='ocrx_word' id='word_1_500' title='bbox 2427 517 2656 589; x_wconf 90' lang='lat' dir='ltr'>quando</span> <span class='ocrx_word' id='word_1_501' title='bbox 2687 533 2886 572; x_wconf 89' lang='lat' dir='ltr'>verum</span> <span class='ocrx_word' id='word_1_502' title='bbox 2917 518 3139 586; x_wconf 90' lang='lat' dir='ltr'>dicunt;</span> <span class='ocrx_word' id='word_1_503' title='bbox 3175 535 3295 573; x_wconf 91' lang='lat' dir='ltr'>non</span> <span class='ocrx_word' id='word_1_504' title='bbox 3325 519 3460 590; x_wconf 86' lang='lat' dir='ltr'>quia</span> <span class='ocrx_word' id='word_1_505' title='bbox 3483 519 3738 590; x_wconf 90' lang='lat' dir='ltr'>ipsorum</span> <span class='ocrx_word' id='word_1_506' title='bbox 3770 524 3870 586; x_wconf 72' lang='lat' dir='ltr'>est,</span> 
     </span>
    </p>
   </div>
   <div class='ocr_carea' id='block_1_64' title="bbox 2177 606 3874 680">
    <p class='ocr_par' dir='ltr' id='par_1_64' title="bbox 2177 606 3874 680">
     <span class='ocr_line' id='line_1_64' title="bbox 2177 606 3874 680; baseline 0.002 -22"><span class='ocrx_word' id='word_1_507' title='bbox 2177 606 2274 659; x_wconf 90' lang='lat' dir='ltr'>sed</span> <span class='ocrx_word' id='word_1_508' title='bbox 2300 607 2436 676; x_wconf 89' lang='lat' dir='ltr'>quia</span> <span class='ocrx_word' id='word_1_509' title='bbox 2462 621 2660 660; x_wconf 88' lang='lat' dir='ltr'>verum</span> <span class='ocrx_word' id='word_1_510' title='bbox 2691 609 2775 660; x_wconf 91' lang='lat' dir='ltr'>est</span> <span class='ocrx_word' id='word_1_511' title='bbox 2801 623 2814 671; x_wconf 89' lang='lat'>;</span> <span class='ocrx_word' id='word_1_512' title='bbox 2846 606 3042 661; x_wconf 90' lang='lat' dir='ltr'>etideo</span> <span class='ocrx_word' id='word_1_513' title='bbox 3059 607 3181 677; x_wconf 89' lang='lat' dir='ltr'>jam</span> <span class='ocrx_word' id='word_1_514' title='bbox 3204 624 3309 662; x_wconf 91' lang='lat' dir='ltr'>nec</span> <span class='ocrx_word' id='word_1_515' title='bbox 3328 607 3584 677; x_wconf 90' lang='lat' dir='ltr'>ipsorum</span> <span class='ocrx_word' id='word_1_516' title='bbox 3616 614 3719 673; x_wconf 90' lang='lat' dir='ltr'>est,</span> <span class='ocrx_word' id='word_1_517' title='bbox 3743 607 3874 680; x_wconf 85' lang='lat' dir='ltr'>quia</span> 
     </span>
    </p>
   </div>
   <div class='ocr_carea' id='block_1_65' title="bbox 2177 694 3872 767">
    <p class='ocr_par' dir='ltr' id='par_1_65' title="bbox 2177 694 3872 767">
     <span class='ocr_line' id='line_1_65' title="bbox 2177 694 3872 767; baseline 0.002 -20"><span class='ocrx_word' id='word_1_518' title='bbox 2177 709 2375 748; x_wconf 90' lang='lat' dir='ltr'>verum</span> <span class='ocrx_word' id='word_1_519' title='bbox 2412 699 2516 749; x_wconf 89' lang='lat' dir='ltr'>est.</span> <span class='ocrx_word' id='word_1_520' title='bbox 2565 695 2622 749; x_wconf 94' lang='lat' dir='ltr'>Si</span> <span class='ocrx_word' id='word_1_521' title='bbox 2653 698 2844 748; x_wconf 86' lang='lat' dir='ltr'>autem</span> <span class='ocrx_word' id='word_1_522' title='bbox 2891 694 3021 749; x_wconf 91' lang='lat' dir='ltr'>ideo</span> <span class='ocrx_word' id='word_1_523' title='bbox 3062 701 3254 750; x_wconf 87' lang='lat' dir='ltr'>ament</span> <span class='ocrx_word' id='word_1_524' title='bbox 3308 695 3450 750; x_wconf 89' lang='lat' dir='ltr'>illud</span> <span class='ocrx_word' id='word_1_525' title='bbox 3503 696 3643 767; x_wconf 86' lang='lat' dir='ltr'>quia</span> <span class='ocrx_word' id='word_1_526' title='bbox 3679 712 3872 751; x_wconf 88' lang='lat' dir='ltr'>verum</span> 
     </span>
    </p>
   </div>
   <div class='ocr_carea' id='block_1_66' title="bbox 2177 783 3873 855">
    <p class='ocr_par' dir='ltr' id='par_1_66' title="bbox 2177 783 3873 855">
     <span class='ocr_line' id='line_1_66' title="bbox 2177 783 3873 855; baseline 0.002 -21"><span class='ocrx_word' id='word_1_527' title='bbox 2177 785 2278 848; x_wconf 87' lang='lat' dir='ltr'>est,</span> <span class='ocrx_word' id='word_1_528' title='bbox 2312 783 2436 852; x_wconf 89' lang='lat' dir='ltr'>jam</span> <span class='ocrx_word' id='word_1_529' title='bbox 2466 786 2522 836; x_wconf 88' lang='lat' dir='ltr'>et</span> <span class='ocrx_word' id='word_1_530' title='bbox 2573 783 2832 853; x_wconf 88' lang='lat' dir='ltr'>ipsorum</span> <span class='ocrx_word' id='word_1_531' title='bbox 2885 787 2971 838; x_wconf 91' lang='lat' dir='ltr'>est</span> <span class='ocrx_word' id='word_1_532' title='bbox 3030 789 3088 838; x_wconf 90' lang='lat' dir='ltr'>et</span> <span class='ocrx_word' id='word_1_533' title='bbox 3131 801 3323 838; x_wconf 82' lang='lat' dir='ltr'>meum</span> <span class='ocrx_word' id='word_1_534' title='bbox 3357 792 3480 852; x_wconf 85' lang='lat' dir='ltr'>est;</span> <span class='ocrx_word' id='word_1_535' title='bbox 3512 785 3787 855; x_wconf 87' lang='lat' dir='ltr'>quoniam</span> <span class='ocrx_word' id='word_1_536' title='bbox 3814 785 3873 838; x_wconf 93' lang='lat' dir='ltr'>in</span> 
     </span>
    </p>
   </div>
   <div class='ocr_carea' id='block_1_67' title="bbox 2177 870 3870 927">
    <p class='ocr_par' dir='ltr' id='par_1_67' title="bbox 2177 870 3870 927">
     <span class='ocr_line' id='line_1_67' title="bbox 2177 870 3870 927; baseline 0.002 -4"><span class='ocrx_word' id='word_1_537' title='bbox 2177 885 2480 924; x_wconf 90' lang='lat' dir='ltr'>commune</span> <span class='ocrx_word' id='word_1_538' title='bbox 2510 870 2770 924; x_wconf 90' lang='lat' dir='ltr'>omnium</span> <span class='ocrx_word' id='word_1_539' title='bbox 2786 874 2869 925; x_wconf 90' lang='lat' dir='ltr'>est</span> <span class='ocrx_word' id='word_1_540' title='bbox 2893 870 3146 926; x_wconf 88' lang='lat' dir='ltr'>veritatis</span> <span class='ocrx_word' id='word_1_541' title='bbox 3163 877 3504 926; x_wconf 86' lang='lat' dir='ltr'>amatorum.</span> <span class='ocrx_word' id='word_1_542' title='bbox 3522 873 3668 926; x_wconf 89' lang='lat' dir='ltr'>Illud</span> <span class='ocrx_word' id='word_1_543' title='bbox 3684 877 3870 927; x_wconf 89' lang='lat' dir='ltr'>autem</span> 
     </span>
    </p>
   </div>
   <div class='ocr_carea' id='block_1_68' title="bbox 2178 959 3873 1032">
    <p class='ocr_par' dir='ltr' id='par_1_68' title="bbox 2178 959 3873 1032">
     <span class='ocr_line' id='line_1_68' title="bbox 2178 959 3873 1032; baseline 0.001 -20"><span class='ocrx_word' id='word_1_544' title='bbox 2178 959 2332 1028; x_wconf 93' lang='lat' dir='ltr'>quod</span> <span class='ocrx_word' id='word_1_545' title='bbox 2359 959 2716 1013; x_wconf 92' lang='lat' dir='ltr'>contendunt</span> <span class='ocrx_word' id='word_1_546' title='bbox 2745 975 2861 1014; x_wconf 90' lang='lat' dir='ltr'>non</span> <span class='ocrx_word' id='word_1_547' title='bbox 2891 960 2997 1014; x_wconf 89' lang='lat' dir='ltr'>hoc</span> <span class='ocrx_word' id='word_1_548' title='bbox 3044 961 3285 1014; x_wconf 86' lang='lat' dir='ltr'>sensisse</span> <span class='ocrx_word' id='word_1_549' title='bbox 3313 961 3542 1030; x_wconf 82' lang='lat' dir='ltr'>Moysen</span> <span class='ocrx_word' id='word_1_550' title='bbox 3573 961 3728 1032; x_wconf 94' lang='lat' dir='ltr'>quod</span> <span class='ocrx_word' id='word_1_551' title='bbox 3769 976 3873 1031; x_wconf 89' lang='lat' dir='ltr'>ego</span> 
     </span>
    </p>
   </div>
   <div class='ocr_carea' id='block_1_69' title="bbox 2177 1047 3871 1118">
    <p class='ocr_par' dir='ltr' id='par_1_69' title="bbox 2177 1047 3871 1118">
     <span class='ocr_line' id='line_1_69' title="bbox 2177 1047 3871 1118; baseline 0.001 -18"><span class='ocrx_word' id='word_1_552' title='bbox 2177 1047 2320 1109; x_wconf 91' lang='lat' dir='ltr'>dico,</span> <span class='ocrx_word' id='word_1_553' title='bbox 2355 1047 2454 1101; x_wconf 90' lang='lat' dir='ltr'>sed</span> <span class='ocrx_word' id='word_1_554' title='bbox 2482 1047 2637 1118; x_wconf 90' lang='lat' dir='ltr'>quod</span> <span class='ocrx_word' id='word_1_555' title='bbox 2658 1047 2769 1118; x_wconf 91' lang='lat' dir='ltr'>ipsi</span> <span class='ocrx_word' id='word_1_556' title='bbox 2799 1047 3031 1115; x_wconf 90' lang='lat' dir='ltr'>dicunt;</span> <span class='ocrx_word' id='word_1_557' title='bbox 3065 1048 3220 1113; x_wconf 90' lang='lat' dir='ltr'>nolo,</span> <span class='ocrx_word' id='word_1_558' title='bbox 3250 1063 3367 1102; x_wconf 91' lang='lat' dir='ltr'>non</span> <span class='ocrx_word' id='word_1_559' title='bbox 3389 1063 3520 1102; x_wconf 90' lang='lat' dir='ltr'>amo</span> <span class='ocrx_word' id='word_1_560' title='bbox 3558 1064 3572 1102; x_wconf 93' lang='lat'>:</span> <span class='ocrx_word' id='word_1_561' title='bbox 3603 1049 3738 1118; x_wconf 86' lang='lat' dir='ltr'>quia</span> <span class='ocrx_word' id='word_1_562' title='bbox 3767 1049 3871 1102; x_wconf 88' lang='lat' dir='ltr'>etsi</span> 
     </span>
    </p>
   </div>
   <div class='ocr_carea' id='block_1_70' title="bbox 2175 1135 3874 1201">
    <p class='ocr_par' dir='ltr' id='par_1_70' title="bbox 2175 1135 3874 1201">
     <span class='ocr_line' id='line_1_70' title="bbox 2175 1135 3874 1201; baseline 0.001 -13"><span class='ocrx_word' id='word_1_563' title='bbox 2175 1135 2252 1188; x_wconf 89' lang='lat' dir='ltr'>ita</span> <span class='ocrx_word' id='word_1_564' title='bbox 2285 1141 2388 1201; x_wconf 88' lang='lat' dir='ltr'>est,</span> <span class='ocrx_word' id='word_1_565' title='bbox 2422 1141 2612 1190; x_wconf 90' lang='lat' dir='ltr'>tamen</span> <span class='ocrx_word' id='word_1_566' title='bbox 2652 1137 2731 1190; x_wconf 90' lang='lat' dir='ltr'>ita</span> <span class='ocrx_word' id='word_1_567' title='bbox 2757 1137 3048 1191; x_wconf 90' lang='lat' dir='ltr'>temeritas</span> <span class='ocrx_word' id='word_1_568' title='bbox 3088 1153 3204 1191; x_wconf 92' lang='lat' dir='ltr'>non</span> <span class='ocrx_word' id='word_1_569' title='bbox 3247 1137 3498 1191; x_wconf 67' lang='lat' dir='ltr'>scientia:</span> <span class='ocrx_word' id='word_1_570' title='bbox 3553 1138 3652 1192; x_wconf 90' lang='lat' dir='ltr'>sed</span> <span class='ocrx_word' id='word_1_571' title='bbox 3694 1138 3874 1191; x_wconf 89' lang='lat' dir='ltr'>auda-</span> 
     </span>
    </p>
   </div>
   <div class='ocr_carea' id='block_1_71' title="bbox 2176 1223 3871 1296">
    <p class='ocr_par' dir='ltr' id='par_1_71' title="bbox 2176 1223 3871 1296">
     <span class='ocr_line' id='line_1_71' title="bbox 2176 1223 3871 1296; baseline 0.002 -20"><span class='ocrx_word' id='word_1_572' title='bbox 2176 1223 2277 1277; x_wconf 85' lang='lat' dir='ltr'>ciae</span> <span class='ocrx_word' id='word_1_573' title='bbox 2307 1229 2430 1292; x_wconf 90' lang='lat' dir='ltr'>est;</span> <span class='ocrx_word' id='word_1_574' title='bbox 2459 1241 2564 1278; x_wconf 89' lang='lat' dir='ltr'>nec</span> <span class='ocrx_word' id='word_1_575' title='bbox 2593 1225 2765 1291; x_wconf 91' lang='lat' dir='ltr'>visus,</span> <span class='ocrx_word' id='word_1_576' title='bbox 2807 1225 2904 1279; x_wconf 90' lang='lat' dir='ltr'>sed</span> <span class='ocrx_word' id='word_1_577' title='bbox 2927 1225 3136 1295; x_wconf 88' lang='lat' dir='ltr'>typbus</span> <span class='ocrx_word' id='word_1_578' title='bbox 3173 1240 3300 1278; x_wconf 88' lang='lat' dir='ltr'>eam</span> <span class='ocrx_word' id='word_1_579' title='bbox 3339 1225 3579 1295; x_wconf 87' lang='lat' dir='ltr'>peperit.</span> <span class='ocrx_word' id='word_1_580' title='bbox 3609 1226 3871 1296; x_wconf 81' lang='lat' dir='ltr'>Ideoque.</span> 
     </span>
    </p>
   </div>
   <div class='ocr_carea' id='block_1_72' title="bbox 2179 1312 3874 1384">
    <p class='ocr_par' dir='ltr' id='par_1_72' title="bbox 2179 1312 3874 1384">
     <span class='ocr_line' id='line_1_72' title="bbox 2179 1312 3874 1384; baseline 0 -19"><span class='ocrx_word' id='word_1_581' title='bbox 2179 1312 2437 1379; x_wconf 89' lang='lat' dir='ltr'>Domine,</span> <span class='ocrx_word' id='word_1_582' title='bbox 2470 1314 2764 1368; x_wconf 88' lang='lat' dir='ltr'>tremenda</span> <span class='ocrx_word' id='word_1_583' title='bbox 2795 1318 2930 1368; x_wconf 88' lang='lat' dir='ltr'>sunt</span> <span class='ocrx_word' id='word_1_584' title='bbox 2951 1312 3168 1382; x_wconf 90' lang='lat' dir='ltr'>judicia</span> <span class='ocrx_word' id='word_1_585' title='bbox 3195 1317 3330 1381; x_wconf 91' lang='lat' dir='ltr'>tua;</span> <span class='ocrx_word' id='word_1_586' title='bbox 3365 1313 3641 1384; x_wconf 89' lang='lat' dir='ltr'>quoniam</span> <span class='ocrx_word' id='word_1_587' title='bbox 3672 1314 3874 1367; x_wconf 86' lang='lat' dir='ltr'>veritas</span> 
     </span>
    </p>
   </div>
   <div class='ocr_carea' id='block_1_73' title="bbox 2174 1400 3879 1470">
    <p class='ocr_par' dir='ltr' id='par_1_73' title="bbox 2174 1400 3879 1470">
     <span class='ocr_line' id='line_1_73' title="bbox 2174 1400 3879 1470; baseline 0.001 -16"><span class='ocrx_word' id='word_1_588' title='bbox 2174 1405 2274 1454; x_wconf 89' lang='lat' dir='ltr'>tua</span> <span class='ocrx_word' id='word_1_589' title='bbox 2298 1418 2400 1456; x_wconf 91' lang='lat' dir='ltr'>nec</span> <span class='ocrx_word' id='word_1_590' title='bbox 2431 1417 2563 1455; x_wconf 91' lang='lat' dir='ltr'>mea</span> <span class='ocrx_word' id='word_1_591' title='bbox 2587 1405 2689 1470; x_wconf 88' lang='lat' dir='ltr'>est,</span> <span class='ocrx_word' id='word_1_592' title='bbox 2717 1416 2819 1455; x_wconf 90' lang='lat' dir='ltr'>nec</span> <span class='ocrx_word' id='word_1_593' title='bbox 2850 1400 3005 1455; x_wconf 91' lang='lat' dir='ltr'>illius</span> <span class='ocrx_word' id='word_1_594' title='bbox 3024 1405 3123 1454; x_wconf 91' lang='lat' dir='ltr'>aut</span> <span class='ocrx_word' id='word_1_595' title='bbox 3145 1400 3319 1468; x_wconf 89' lang='lat' dir='ltr'>illius,</span> <span class='ocrx_word' id='word_1_596' title='bbox 3353 1401 3445 1456; x_wconf 91' lang='lat' dir='ltr'>sed</span> <span class='ocrx_word' id='word_1_597' title='bbox 3479 1401 3749 1456; x_wconf 90' lang='lat' dir='ltr'>omnium</span> <span class='ocrx_word' id='word_1_598' title='bbox 3779 1417 3879 1455; x_wconf 90' lang='lat' dir='ltr'>no-</span> 
     </span>
    </p>
   </div>
   <div class='ocr_carea' id='block_1_74' title="bbox 2175 1489 3878 1561">
    <p class='ocr_par' dir='ltr' id='par_1_74' title="bbox 2175 1489 3878 1561">
     <span class='ocr_line' id='line_1_74' title="bbox 2175 1489 3878 1561; baseline 0.001 -19"><span class='ocrx_word' id='word_1_599' title='bbox 2175 1494 2356 1543; x_wconf 87' lang='lat' dir='ltr'>strum</span> <span class='ocrx_word' id='word_1_600' title='bbox 2387 1506 2531 1561; x_wconf 91' lang='lat' dir='ltr'>quos</span> <span class='ocrx_word' id='word_1_601' title='bbox 2556 1490 2625 1544; x_wconf 89' lang='lat' dir='ltr'>ad</span> <span class='ocrx_word' id='word_1_602' title='bbox 2656 1491 2776 1560; x_wconf 89' lang='lat' dir='ltr'>ejus</span> <span class='ocrx_word' id='word_1_603' title='bbox 2805 1489 3273 1544; x_wconf 88' lang='lat' dir='ltr'>communionem</span> <span class='ocrx_word' id='word_1_604' title='bbox 3303 1490 3530 1560; x_wconf 88' lang='lat' dir='ltr'>publice</span> <span class='ocrx_word' id='word_1_605' title='bbox 3564 1507 3751 1558; x_wconf 88' lang='lat' dir='ltr'>vocas,</span> <span class='ocrx_word' id='word_1_606' title='bbox 3772 1495 3878 1543; x_wconf 90' lang='lat' dir='ltr'>ter-</span> 
     </span>
    </p>
   </div>
   <div class='ocr_carea' id='block_1_75' title="bbox 2173 1577 3881 1649">
    <p class='ocr_par' dir='ltr' id='par_1_75' title="bbox 2173 1577 3881 1649">
     <span class='ocr_line' id='line_1_75' title="bbox 2173 1577 3881 1649; baseline -0.001 -18"><span class='ocrx_word' id='word_1_607' title='bbox 2173 1578 2413 1632; x_wconf 89' lang='lat' dir='ltr'>ribiliter</span> <span class='ocrx_word' id='word_1_608' title='bbox 2441 1579 2752 1633; x_wconf 89' lang='lat' dir='ltr'>admonens</span> <span class='ocrx_word' id='word_1_609' title='bbox 2774 1595 2897 1645; x_wconf 90' lang='lat' dir='ltr'>nos,</span> <span class='ocrx_word' id='word_1_610' title='bbox 2929 1583 2994 1632; x_wconf 91' lang='lat' dir='ltr'>ut</span> <span class='ocrx_word' id='word_1_611' title='bbox 3014 1578 3260 1631; x_wconf 88' lang='lat' dir='ltr'>nolimus</span> <span class='ocrx_word' id='word_1_612' title='bbox 3291 1594 3416 1632; x_wconf 89' lang='lat' dir='ltr'>eam</span> <span class='ocrx_word' id='word_1_613' title='bbox 3440 1578 3678 1632; x_wconf 87' lang='lat' dir='ltr'>habrere</span> <span class='ocrx_word' id='word_1_614' title='bbox 3700 1577 3881 1649; x_wconf 89' lang='lat' dir='ltr'>priva-</span> 
     </span>
    </p>
   </div>
   <div class='ocr_carea' id='block_1_76' title="bbox 2174 1665 3874 1738">
    <p class='ocr_par' dir='ltr' id='par_1_76' title="bbox 2174 1665 3874 1738">
     <span class='ocr_line' id='line_1_76' title="bbox 2174 1665 3874 1738; baseline 0.001 -19"><span class='ocrx_word' id='word_1_615' title='bbox 2174 1672 2310 1733; x_wconf 89' lang='lat' dir='ltr'>tam,</span> <span class='ocrx_word' id='word_1_616' title='bbox 2345 1683 2414 1721; x_wconf 91' lang='lat' dir='ltr'>ne</span> <span class='ocrx_word' id='word_1_617' title='bbox 2439 1667 2733 1738; x_wconf 89' lang='lat' dir='ltr'>privemur</span> <span class='ocrx_word' id='word_1_618' title='bbox 2763 1683 2848 1721; x_wconf 90' lang='lat' dir='ltr'>ea.</span> <span class='ocrx_word' id='word_1_619' title='bbox 2871 1667 3010 1720; x_wconf 83' lang='lat' dir='ltr'>Nam</span> <span class='ocrx_word' id='word_1_620' title='bbox 3037 1666 3298 1737; x_wconf 88' lang='lat' dir='ltr'>quisquis</span> <span class='ocrx_word' id='word_1_621' title='bbox 3327 1667 3385 1721; x_wconf 91' lang='lat' dir='ltr'>id</span> <span class='ocrx_word' id='word_1_622' title='bbox 3415 1667 3569 1737; x_wconf 89' lang='lat' dir='ltr'>quod</span> <span class='ocrx_word' id='word_1_623' title='bbox 3591 1671 3654 1720; x_wconf 90' lang='lat' dir='ltr'>tu</span> <span class='ocrx_word' id='word_1_624' title='bbox 3685 1665 3874 1720; x_wconf 91' lang='lat' dir='ltr'>omni-</span> 
     </span>
    </p>
   </div>
   <div class='ocr_carea' id='block_1_77' title="bbox 2174 1754 3877 1826">
    <p class='ocr_par' dir='ltr' id='par_1_77' title="bbox 2174 1754 3877 1826">
     <span class='ocr_line' id='line_1_77' title="bbox 2174 1754 3877 1826; baseline 0.001 -18"><span class='ocrx_word' id='word_1_625' title='bbox 2174 1755 2281 1809; x_wconf 91' lang='lat' dir='ltr'>bus</span> <span class='ocrx_word' id='word_1_626' title='bbox 2311 1757 2379 1810; x_wconf 90' lang='lat' dir='ltr'>ad</span> <span class='ocrx_word' id='word_1_627' title='bbox 2406 1755 2715 1810; x_wconf 89' lang='lat' dir='ltr'>fruendum</span> <span class='ocrx_word' id='word_1_628' title='bbox 2771 1754 3066 1826; x_wconf 90' lang='lat' dir='ltr'>proponis,</span> <span class='ocrx_word' id='word_1_629' title='bbox 3109 1754 3215 1808; x_wconf 90' lang='lat' dir='ltr'>sibi</span> <span class='ocrx_word' id='word_1_630' title='bbox 3261 1757 3494 1826; x_wconf 89' lang='lat' dir='ltr'>proprie</span> <span class='ocrx_word' id='word_1_631' title='bbox 3524 1755 3792 1816; x_wconf 84' lang='lat' dir='ltr'>vindicat,</span> <span class='ocrx_word' id='word_1_632' title='bbox 3823 1759 3877 1809; x_wconf 89' lang='lat' dir='ltr'>et</span> 
     </span>
    </p>
   </div>
   <div class='ocr_carea' id='block_1_78' title="bbox 2174 1843 3871 1914">
    <p class='ocr_par' dir='ltr' id='par_1_78' title="bbox 2174 1843 3871 1914">
     <span class='ocr_line' id='line_1_78' title="bbox 2174 1843 3871 1914; baseline -0.001 -18"><span class='ocrx_word' id='word_1_633' title='bbox 2174 1860 2342 1898; x_wconf 92' lang='lat' dir='ltr'>suum</span> <span class='ocrx_word' id='word_1_634' title='bbox 2368 1844 2491 1898; x_wconf 91' lang='lat' dir='ltr'>vult</span> <span class='ocrx_word' id='word_1_635' title='bbox 2519 1859 2640 1897; x_wconf 90' lang='lat' dir='ltr'>esse</span> <span class='ocrx_word' id='word_1_636' title='bbox 2655 1844 2803 1914; x_wconf 93' lang='lat' dir='ltr'>quod</span> <span class='ocrx_word' id='word_1_637' title='bbox 2829 1843 3088 1898; x_wconf 89' lang='lat' dir='ltr'>omnium</span> <span class='ocrx_word' id='word_1_638' title='bbox 3107 1847 3224 1910; x_wconf 92' lang='lat' dir='ltr'>est;</span> <span class='ocrx_word' id='word_1_639' title='bbox 3247 1843 3871 1914; x_wconf 87' lang='lat' dir='ltr'>acommunipropelli-</span> 
     </span>
    </p>
   </div>
   <div class='ocr_carea' id='block_1_79' title="bbox 2172 1931 3872 1998">
    <p class='ocr_par' dir='ltr' id='par_1_79' title="bbox 2172 1931 3872 1998">
     <span class='ocr_line' id='line_1_79' title="bbox 2172 1931 3872 1998; baseline -0.001 -12"><span class='ocrx_word' id='word_1_640' title='bbox 2172 1937 2268 1986; x_wconf 89' lang='lat' dir='ltr'>tur</span> <span class='ocrx_word' id='word_1_641' title='bbox 2298 1932 2364 1986; x_wconf 90' lang='lat' dir='ltr'>ad</span> <span class='ocrx_word' id='word_1_642' title='bbox 2381 1949 2502 1996; x_wconf 84' lang='lat' dir='ltr'>sua,</span> <span class='ocrx_word' id='word_1_643' title='bbox 2525 1932 2633 1986; x_wconf 88' lang='lat' dir='ltr'>hoc</span> <span class='ocrx_word' id='word_1_644' title='bbox 2645 1935 2747 1998; x_wconf 90' lang='lat' dir='ltr'>est,</span> <span class='ocrx_word' id='word_1_645' title='bbox 2776 1949 2809 1986; x_wconf 89' lang='lat' dir='ltr'>a</span> <span class='ocrx_word' id='word_1_646' title='bbox 2837 1931 3073 1989; x_wconf 85' lang='lat' dir='ltr'>veritate</span> <span class='ocrx_word' id='word_1_647' title='bbox 3093 1931 3165 1986; x_wconf 91' lang='lat' dir='ltr'>ad</span> <span class='ocrx_word' id='word_1_648' title='bbox 3187 1931 3570 1986; x_wconf 90' lang='lat' dir='ltr'>mendacium.</span> <span class='ocrx_word' id='word_1_649' title='bbox 3595 1931 3702 1994; x_wconf 87' lang='lat' dir='ltr'>Qui</span> <span class='ocrx_word' id='word_1_650' title='bbox 3721 1931 3872 1985; x_wconf 90' lang='lat' dir='ltr'>enim</span> 
     </span>
    </p>
   </div>
   <div class='ocr_carea' id='block_1_80' title="bbox 2173 2019 3873 2092">
    <p class='ocr_par' dir='ltr' id='par_1_80' title="bbox 2173 2019 3873 2092">
     <span class='ocr_line' id='line_1_80' title="bbox 2173 2019 3873 2092; baseline -0.001 -17"><span class='ocrx_word' id='word_1_651' title='bbox 2173 2020 2427 2092; x_wconf 90' lang='lat' dir='ltr'>loquitur</span> <span class='ocrx_word' id='word_1_652' title='bbox 2457 2021 2840 2088; x_wconf 91' lang='lat' dir='ltr'>mendacium,</span> <span class='ocrx_word' id='word_1_653' title='bbox 2873 2021 2942 2074; x_wconf 94' lang='lat' dir='ltr'>de</span> <span class='ocrx_word' id='word_1_654' title='bbox 2966 2037 3068 2074; x_wconf 90' lang='lat' dir='ltr'>suo</span> <span class='ocrx_word' id='word_1_655' title='bbox 3097 2019 3356 2091; x_wconf 89' lang='lat' dir='ltr'>loquitur</span> <span class='ocrx_word' id='word_1_656' title='bbox 3385 2021 3578 2087; x_wconf 88' lang='lat' dir='ltr'>(Joan.</span> <span class='ocrx_word' id='word_1_657' title='bbox 3607 2037 3726 2087; x_wconf 82' lang='lat' dir='ltr'>vui,</span> <span class='ocrx_word' id='word_1_658' title='bbox 3758 2021 3873 2087; x_wconf 65' lang='grc'><strong>44).</strong></span> 
     </span>
    </p>
   </div>
   <div class='ocr_carea' id='block_1_81' title="bbox 2244 2109 3877 2180">
    <p class='ocr_par' dir='ltr' id='par_1_81' title="bbox 2244 2109 3877 2180">
     <span class='ocr_line' id='line_1_81' title="bbox 2244 2109 3877 2180; baseline -0.001 -18"><span class='ocrx_word' id='word_1_659' title='bbox 2244 2113 2330 2162; x_wconf 78' lang='grc'>35.</span> <span class='ocrx_word' id='word_1_660' title='bbox 2365 2109 2630 2178; x_wconf 85' lang='lat' dir='ltr'>Attende,</span> <span class='ocrx_word' id='word_1_661' title='bbox 2654 2109 2832 2179; x_wconf 77' lang='lat' dir='ltr'>judex</span> <span class='ocrx_word' id='word_1_662' title='bbox 2863 2109 3098 2180; x_wconf 89' lang='lat' dir='ltr'>optime,</span> <span class='ocrx_word' id='word_1_663' title='bbox 3132 2110 3280 2163; x_wconf 92' lang='lat' dir='ltr'>Deus</span> <span class='ocrx_word' id='word_1_664' title='bbox 3305 2109 3427 2180; x_wconf 91' lang='lat' dir='ltr'>ipsa</span> <span class='ocrx_word' id='word_1_665' title='bbox 3450 2109 3674 2175; x_wconf 88' lang='lat' dir='ltr'>veritas,</span> <span class='ocrx_word' id='word_1_666' title='bbox 3700 2113 3877 2161; x_wconf 90' lang='lat' dir='ltr'>atten-</span> 
     </span>
    </p>
   </div>
   <div class='ocr_carea' id='block_1_82' title="bbox 2172 2196 3874 2267">
    <p class='ocr_par' dir='ltr' id='par_1_82' title="bbox 2172 2196 3874 2267">
     <span class='ocr_line' id='line_1_82' title="bbox 2172 2196 3874 2267; baseline 0 -17"><span class='ocrx_word' id='word_1_667' title='bbox 2172 2197 2239 2250; x_wconf 92' lang='lat' dir='ltr'>de</span> <span class='ocrx_word' id='word_1_668' title='bbox 2274 2196 2411 2267; x_wconf 89' lang='lat' dir='ltr'>quid</span> <span class='ocrx_word' id='word_1_669' title='bbox 2454 2196 2640 2250; x_wconf 87' lang='lat' dir='ltr'>dicam</span> <span class='ocrx_word' id='word_1_670' title='bbox 2692 2197 3092 2251; x_wconf 88' lang='lat' dir='ltr'>contradictori</span> <span class='ocrx_word' id='word_1_671' title='bbox 3118 2197 3273 2267; x_wconf 88' lang='lat' dir='ltr'>huic,</span> <span class='ocrx_word' id='word_1_672' title='bbox 3304 2198 3567 2264; x_wconf 90' lang='lat' dir='ltr'>attende;</span> <span class='ocrx_word' id='word_1_673' title='bbox 3600 2213 3790 2250; x_wconf 88' lang='lat' dir='ltr'>coram</span> <span class='ocrx_word' id='word_1_674' title='bbox 3821 2203 3874 2250; x_wconf 90' lang='lat' dir='ltr'>te</span> 
     </span>
    </p>
   </div>
   <div class='ocr_carea' id='block_1_83' title="bbox 2172 2285 3872 2356">
    <p class='ocr_par' dir='ltr' id='par_1_83' title="bbox 2172 2285 3872 2356">
     <span class='ocr_line' id='line_1_83' title="bbox 2172 2285 3872 2356; baseline 0.001 -18"><span class='ocrx_word' id='word_1_675' title='bbox 2172 2285 2326 2338; x_wconf 89' lang='lat' dir='ltr'>enim</span> <span class='ocrx_word' id='word_1_676' title='bbox 2356 2285 2500 2352; x_wconf 89' lang='lat' dir='ltr'>dico,</span> <span class='ocrx_word' id='word_1_677' title='bbox 2533 2289 2589 2338; x_wconf 89' lang='lat' dir='ltr'>et</span> <span class='ocrx_word' id='word_1_678' title='bbox 2613 2301 2805 2339; x_wconf 88' lang='lat' dir='ltr'>coram</span> <span class='ocrx_word' id='word_1_679' title='bbox 2819 2285 3091 2339; x_wconf 86' lang='lat' dir='ltr'>fratribus</span> <span class='ocrx_word' id='word_1_680' title='bbox 3113 2285 3275 2353; x_wconf 90' lang='lat' dir='ltr'>meis,</span> <span class='ocrx_word' id='word_1_681' title='bbox 3302 2286 3401 2356; x_wconf 85' lang='lat' dir='ltr'>qui</span> <span class='ocrx_word' id='word_1_682' title='bbox 3430 2285 3688 2356; x_wconf 84' lang='lat' dir='ltr'>legitime</span> <span class='ocrx_word' id='word_1_683' title='bbox 3702 2289 3872 2339; x_wconf 91' lang='lat' dir='ltr'>utun-</span> 
     </span>
    </p>
   </div>
   <div class='ocr_carea' id='block_1_84' title="bbox 2167 2373 3874 2444">
    <p class='ocr_par' dir='ltr' id='par_1_84' title="bbox 2167 2373 3874 2444">
     <span class='ocr_line' id='line_1_84' title="bbox 2167 2373 3874 2444; baseline -0.001 -16"><span class='ocrx_word' id='word_1_684' title='bbox 2167 2378 2261 2428; x_wconf 89' lang='lat' dir='ltr'>tur</span> <span class='ocrx_word' id='word_1_685' title='bbox 2291 2374 2434 2443; x_wconf 90' lang='lat' dir='ltr'>Lege</span> <span class='ocrx_word' id='word_1_686' title='bbox 2465 2390 2645 2444; x_wconf 88' lang='lat' dir='ltr'>usque</span> <span class='ocrx_word' id='word_1_687' title='bbox 2672 2374 2742 2428; x_wconf 90' lang='lat' dir='ltr'>ad</span> <span class='ocrx_word' id='word_1_688' title='bbox 2761 2374 2935 2428; x_wconf 84' lang='lat' dir='ltr'>tinem</span> <span class='ocrx_word' id='word_1_689' title='bbox 2958 2373 3248 2428; x_wconf 87' lang='lat' dir='ltr'>charitatis</span> <span class='ocrx_word' id='word_1_690' title='bbox 3272 2375 3312 2444; x_wconf 91' lang='lat'>(1</span> <span class='ocrx_word' id='word_1_691' title='bbox 3340 2375 3477 2428; x_wconf 76' lang='lat' dir='ltr'>Tim.</span> <span class='ocrx_word' id='word_1_692' title='bbox 3500 2391 3541 2442; x_wconf 81' lang='grc' dir='ltr'>ι,</span> <span class='ocrx_word' id='word_1_693' title='bbox 3565 2375 3620 2443; x_wconf 90' lang='grc'>8)</span> <span class='ocrx_word' id='word_1_694' title='bbox 3645 2391 3658 2440; x_wconf 93' lang='grc'>;</span> <span class='ocrx_word' id='word_1_695' title='bbox 3694 2379 3874 2428; x_wconf 87' lang='lat' dir='ltr'>atten-</span> 
     </span>
    </p>
   </div>
   <div class='ocr_carea' id='block_1_85' title="bbox 2171 2461 3872 2532">
    <p class='ocr_par' dir='ltr' id='par_1_85' title="bbox 2171 2461 3872 2532">
     <span class='ocr_line' id='line_1_85' title="bbox 2171 2461 3872 2532; baseline 0.001 -17"><span class='ocrx_word' id='word_1_696' title='bbox 2171 2462 2260 2527; x_wconf 93' lang='lat' dir='ltr'>de,</span> <span class='ocrx_word' id='word_1_697' title='bbox 2295 2465 2349 2515; x_wconf 94' lang='lat' dir='ltr'>et</span> <span class='ocrx_word' id='word_1_698' title='bbox 2379 2461 2505 2515; x_wconf 89' lang='lat' dir='ltr'>vide</span> <span class='ocrx_word' id='word_1_699' title='bbox 2538 2461 2675 2531; x_wconf 90' lang='lat' dir='ltr'>quid</span> <span class='ocrx_word' id='word_1_700' title='bbox 2707 2462 2758 2516; x_wconf 91' lang='lat' dir='ltr'>ci</span> <span class='ocrx_word' id='word_1_701' title='bbox 2798 2461 3005 2531; x_wconf 90' lang='lat' dir='ltr'>dicam,</span> <span class='ocrx_word' id='word_1_702' title='bbox 3036 2462 3083 2515; x_wconf 91' lang='lat' dir='ltr'>si</span> <span class='ocrx_word' id='word_1_703' title='bbox 3110 2463 3300 2532; x_wconf 86' lang='lat' dir='ltr'>placet</span> <span class='ocrx_word' id='word_1_704' title='bbox 3353 2461 3477 2516; x_wconf 91' lang='lat' dir='ltr'>tibi.</span> <span class='ocrx_word' id='word_1_705' title='bbox 3536 2463 3687 2515; x_wconf 90' lang='lat' dir='ltr'>Hanc</span> <span class='ocrx_word' id='word_1_706' title='bbox 3718 2462 3872 2516; x_wconf 87' lang='lat' dir='ltr'>enim</span> 
     </span>
    </p>
   </div>
   <div class='ocr_carea' id='block_1_86' title="bbox 2169 2550 3872 2621">
    <p class='ocr_par' dir='ltr' id='par_1_86' title="bbox 2169 2550 3872 2621">
     <span class='ocr_line' id='line_1_86' title="bbox 2169 2550 3872 2621; baseline 0.001 -19"><span class='ocrx_word' id='word_1_707' title='bbox 2169 2566 2366 2603; x_wconf 91' lang='lat' dir='ltr'>vocem</span> <span class='ocrx_word' id='word_1_708' title='bbox 2398 2550 2534 2603; x_wconf 86' lang='lat' dir='ltr'>huic</span> <span class='ocrx_word' id='word_1_709' title='bbox 2563 2550 2748 2604; x_wconf 88' lang='lat' dir='ltr'>refero</span> <span class='ocrx_word' id='word_1_710' title='bbox 2797 2551 3110 2605; x_wconf 88' lang='lat' dir='ltr'>fraternam</span> <span class='ocrx_word' id='word_1_711' title='bbox 3156 2555 3213 2605; x_wconf 89' lang='lat' dir='ltr'>et</span> <span class='ocrx_word' id='word_1_712' title='bbox 3247 2550 3542 2621; x_wconf 82' lang='lat' dir='ltr'>paciﬁcam</span> <span class='ocrx_word' id='word_1_713' title='bbox 3574 2567 3587 2604; x_wconf 90' lang='lat'><strong>:</strong></span> <span class='ocrx_word' id='word_1_714' title='bbox 3619 2550 3674 2604; x_wconf 90' lang='lat' dir='ltr'>Si</span> <span class='ocrx_word' id='word_1_715' title='bbox 3706 2552 3872 2604; x_wconf 84' lang='lat' dir='ltr'>ambo</span> 
     </span>
    </p>
   </div>
   <div class='ocr_carea' id='block_1_87' title="bbox 2170 2633 3864 2705">
    <p class='ocr_par' dir='ltr' id='par_1_87' title="bbox 2170 2633 3864 2705">
     <span class='ocr_line' id='line_1_87' title="bbox 2170 2633 3864 2705; baseline 0.001 -19"><span class='ocrx_word' id='word_1_716' title='bbox 2170 2633 2430 2688; x_wconf 90' lang='lat' dir='ltr'>videmus</span> <span class='ocrx_word' id='word_1_717' title='bbox 2459 2650 2658 2687; x_wconf 86' lang='lat' dir='ltr'>verum</span> <span class='ocrx_word' id='word_1_718' title='bbox 2689 2651 2808 2688; x_wconf 93' lang='lat' dir='ltr'>esse</span> <span class='ocrx_word' id='word_1_719' title='bbox 2841 2635 2992 2705; x_wconf 89' lang='lat' dir='ltr'>quod</span> <span class='ocrx_word' id='word_1_720' title='bbox 3022 2634 3183 2701; x_wconf 90' lang='lat' dir='ltr'>dicis,</span> <span class='ocrx_word' id='word_1_721' title='bbox 3216 2639 3272 2688; x_wconf 89' lang='lat' dir='ltr'>et</span> <span class='ocrx_word' id='word_1_722' title='bbox 3297 2634 3464 2688; x_wconf 88' lang='lat' dir='ltr'>ambo</span> <span class='ocrx_word' id='word_1_723' title='bbox 3493 2634 3752 2688; x_wconf 88' lang='lat' dir='ltr'>videmus</span> <span class='ocrx_word' id='word_1_724' title='bbox 3774 2651 3864 2687; x_wconf 91' lang='lat' dir='ltr'>ve-</span> 
     </span>
    </p>
   </div>
   <div class='ocr_carea' id='block_1_88' title="bbox 2168 2722 3872 2794">
    <p class='ocr_par' dir='ltr' id='par_1_88' title="bbox 2168 2722 3872 2794">
     <span class='ocr_line' id='line_1_88' title="bbox 2168 2722 3872 2794; baseline 0 -19"><span class='ocrx_word' id='word_1_725' title='bbox 2168 2737 2298 2776; x_wconf 91' lang='lat' dir='ltr'>rum</span> <span class='ocrx_word' id='word_1_726' title='bbox 2315 2738 2435 2776; x_wconf 90' lang='lat' dir='ltr'>esse</span> <span class='ocrx_word' id='word_1_727' title='bbox 2466 2722 2619 2792; x_wconf 90' lang='lat' dir='ltr'>quod</span> <span class='ocrx_word' id='word_1_728' title='bbox 2639 2722 2764 2776; x_wconf 90' lang='lat' dir='ltr'>dico</span> <span class='ocrx_word' id='word_1_729' title='bbox 2794 2723 2957 2792; x_wconf 58' lang='lat' dir='ltr'>;:ubi,</span> <span class='ocrx_word' id='word_1_730' title='bbox 2992 2739 3209 2794; x_wconf 84' lang='lat' dir='ltr'>quaeso,</span> <span class='ocrx_word' id='word_1_731' title='bbox 3228 2723 3285 2777; x_wconf 92' lang='lat' dir='ltr'>id</span> <span class='ocrx_word' id='word_1_732' title='bbox 3305 2722 3601 2777; x_wconf 85' lang='lat' dir='ltr'>videmus?</span> <span class='ocrx_word' id='word_1_733' title='bbox 3631 2725 3741 2778; x_wconf 85' lang='lat' dir='ltr'>Nec</span> <span class='ocrx_word' id='word_1_734' title='bbox 3766 2739 3872 2792; x_wconf 90' lang='lat' dir='ltr'>ego</span> 
     </span>
    </p>
   </div>
   <div class='ocr_carea' id='block_1_89' title="bbox 2170 2809 3863 2882">
    <p class='ocr_par' dir='ltr' id='par_1_89' title="bbox 2170 2809 3863 2882">
     <span class='ocr_line' id='line_1_89' title="bbox 2170 2809 3863 2882; baseline 0.001 -19"><span class='ocrx_word' id='word_1_735' title='bbox 2170 2811 2370 2881; x_wconf 89' lang='lat' dir='ltr'>utique</span> <span class='ocrx_word' id='word_1_736' title='bbox 2399 2809 2462 2863; x_wconf 90' lang='lat' dir='ltr'>in</span> <span class='ocrx_word' id='word_1_737' title='bbox 2492 2817 2568 2876; x_wconf 91' lang='lat' dir='ltr'>te,</span> <span class='ocrx_word' id='word_1_738' title='bbox 2601 2826 2706 2864; x_wconf 90' lang='lat' dir='ltr'>nec</span> <span class='ocrx_word' id='word_1_739' title='bbox 2720 2815 2780 2864; x_wconf 91' lang='lat' dir='ltr'>tu</span> <span class='ocrx_word' id='word_1_740' title='bbox 2809 2810 2869 2864; x_wconf 91' lang='lat' dir='ltr'>in</span> <span class='ocrx_word' id='word_1_741' title='bbox 2889 2827 3016 2877; x_wconf 91' lang='lat' dir='ltr'>me;</span> <span class='ocrx_word' id='word_1_742' title='bbox 3051 2812 3149 2865; x_wconf 91' lang='lat' dir='ltr'>sed</span> <span class='ocrx_word' id='word_1_743' title='bbox 3170 2811 3338 2865; x_wconf 91' lang='lat' dir='ltr'>ambo</span> <span class='ocrx_word' id='word_1_744' title='bbox 3365 2811 3583 2881; x_wconf 86' lang='lat' dir='ltr'>inipsa,</span> <span class='ocrx_word' id='word_1_745' title='bbox 3617 2828 3744 2882; x_wconf 65' lang='lat' dir='ltr'>quae</span> <span class='ocrx_word' id='word_1_746' title='bbox 3771 2829 3863 2866; x_wconf 91' lang='lat' dir='ltr'>su-</span> 
     </span>
    </p>
   </div>
   <div class='ocr_carea' id='block_1_90' title="bbox 2168 2897 3871 2967">
    <p class='ocr_par' dir='ltr' id='par_1_90' title="bbox 2168 2897 3871 2967">
     <span class='ocr_line' id='line_1_90' title="bbox 2168 2897 3871 2967; baseline 0.001 -17"><span class='ocrx_word' id='word_1_747' title='bbox 2168 2914 2274 2967; x_wconf 89' lang='lat' dir='ltr'>pra</span> <span class='ocrx_word' id='word_1_748' title='bbox 2301 2901 2521 2952; x_wconf 90' lang='lat' dir='ltr'>mentes</span> <span class='ocrx_word' id='word_1_749' title='bbox 2552 2901 2772 2951; x_wconf 87' lang='lat' dir='ltr'>nostras</span> <span class='ocrx_word' id='word_1_750' title='bbox 2803 2903 2907 2965; x_wconf 89' lang='lat' dir='ltr'>est,</span> <span class='ocrx_word' id='word_1_751' title='bbox 2940 2897 3391 2952; x_wconf 89' lang='lat' dir='ltr'>incommutabili</span> <span class='ocrx_word' id='word_1_752' title='bbox 3433 2899 3695 2952; x_wconf 78' lang='lat' dir='ltr'>Veritate.</span> <span class='ocrx_word' id='word_1_753' title='bbox 3731 2899 3871 2952; x_wconf 86' lang='lat' dir='ltr'>Cum</span> 
     </span>
    </p>
   </div>
   <div class='ocr_carea' id='block_1_91' title="bbox 2169 2984 3866 3056">
    <p class='ocr_par' dir='ltr' id='par_1_91' title="bbox 2169 2984 3866 3056">
     <span class='ocr_line' id='line_1_91' title="bbox 2169 2984 3866 3056; baseline 0 -16"><span class='ocrx_word' id='word_1_754' title='bbox 2169 3003 2306 3056; x_wconf 89' lang='lat' dir='ltr'>ergo</span> <span class='ocrx_word' id='word_1_755' title='bbox 2338 2986 2407 3041; x_wconf 90' lang='lat' dir='ltr'>de</span> <span class='ocrx_word' id='word_1_756' title='bbox 2428 2985 2553 3056; x_wconf 91' lang='lat' dir='ltr'>ipsa</span> <span class='ocrx_word' id='word_1_757' title='bbox 2571 2984 2799 3039; x_wconf 91' lang='lat' dir='ltr'>Domini</span> <span class='ocrx_word' id='word_1_758' title='bbox 2830 2985 2931 3040; x_wconf 93' lang='lat' dir='ltr'>Dei</span> <span class='ocrx_word' id='word_1_759' title='bbox 2946 2985 3127 3040; x_wconf 89' lang='lat' dir='ltr'>nostri</span> <span class='ocrx_word' id='word_1_760' title='bbox 3151 2987 3278 3040; x_wconf 89' lang='lat' dir='ltr'>luce</span> <span class='ocrx_word' id='word_1_761' title='bbox 3300 3003 3416 3040; x_wconf 91' lang='lat' dir='ltr'>non</span> <span class='ocrx_word' id='word_1_762' title='bbox 3437 2987 3866 3052; x_wconf 84' lang='lat' dir='ltr'>contendamus;</span> 
     </span>
    </p>
   </div>
   <div class='ocr_carea' id='block_1_92' title="bbox 2167 3073 3866 3146">
    <p class='ocr_par' dir='ltr' id='par_1_92' title="bbox 2167 3073 3866 3146">
     <span class='ocr_line' id='line_1_92' title="bbox 2167 3073 3866 3146; baseline -0.001 -17"><span class='ocrx_word' id='word_1_763' title='bbox 2167 3091 2268 3130; x_wconf 90' lang='lat' dir='ltr'>cur</span> <span class='ocrx_word' id='word_1_764' title='bbox 2298 3075 2366 3129; x_wconf 91' lang='lat' dir='ltr'>de</span> <span class='ocrx_word' id='word_1_765' title='bbox 2391 3073 2634 3144; x_wconf 80' lang='lat' dir='ltr'>proximi</span> <span class='ocrx_word' id='word_1_766' title='bbox 2663 3073 3005 3144; x_wconf 88' lang='lat' dir='ltr'>cogitatione</span> <span class='ocrx_word' id='word_1_767' title='bbox 3037 3075 3452 3142; x_wconf 89' lang='lat' dir='ltr'>contendimus,</span> <span class='ocrx_word' id='word_1_768' title='bbox 3471 3091 3645 3146; x_wconf 88' lang='lat' dir='ltr'>quam</span> <span class='ocrx_word' id='word_1_769' title='bbox 3674 3075 3755 3128; x_wconf 88' lang='lat' dir='ltr'>sic</span> <span class='ocrx_word' id='word_1_770' title='bbox 3783 3076 3866 3129; x_wconf 89' lang='lat' dir='ltr'>vi-</span> 
     </span>
    </p>
   </div>
   <div class='ocr_carea' id='block_1_93' title="bbox 2167 3163 3865 3232">
    <p class='ocr_par' dir='ltr' id='par_1_93' title="bbox 2167 3163 3865 3232">
     <span class='ocr_line' id='line_1_93' title="bbox 2167 3163 3865 3232; baseline -0.001 -14"><span class='ocrx_word' id='word_1_771' title='bbox 2167 3164 2300 3219; x_wconf 90' lang='lat' dir='ltr'>dere</span> <span class='ocrx_word' id='word_1_772' title='bbox 2332 3178 2446 3216; x_wconf 92' lang='lat' dir='ltr'>non</span> <span class='ocrx_word' id='word_1_773' title='bbox 2477 3177 2780 3232; x_wconf 89' lang='lat' dir='ltr'>possumus</span> <span class='ocrx_word' id='word_1_774' title='bbox 2801 3167 2866 3216; x_wconf 89' lang='lat' dir='ltr'>ut</span> <span class='ocrx_word' id='word_1_775' title='bbox 2893 3163 3613 3218; x_wconf 89' lang='lat' dir='ltr'>vidcturincommutabilis</span> <span class='ocrx_word' id='word_1_776' title='bbox 3627 3164 3865 3230; x_wconf 89' lang='lat' dir='ltr'>Veritas;</span> 
     </span>
    </p>
   </div>
   <div class='ocr_carea' id='block_1_94' title="bbox 2169 3251 3866 3324">
    <p class='ocr_par' dir='ltr' id='par_1_94' title="bbox 2169 3251 3866 3324">
     <span class='ocr_line' id='line_1_94' title="bbox 2169 3251 3866 3324; baseline -0.001 -17"><span class='ocrx_word' id='word_1_777' title='bbox 2169 3253 2398 3324; x_wconf 89' lang='lat' dir='ltr'>quando</span> <span class='ocrx_word' id='word_1_778' title='bbox 2433 3252 2479 3305; x_wconf 91' lang='lat' dir='ltr'>si</span> <span class='ocrx_word' id='word_1_779' title='bbox 2509 3251 2630 3322; x_wconf 89' lang='lat' dir='ltr'>ipse</span> <span class='ocrx_word' id='word_1_780' title='bbox 2654 3252 2867 3321; x_wconf 87' lang='lat' dir='ltr'>Moyses</span> <span class='ocrx_word' id='word_1_781' title='bbox 2897 3252 3252 3323; x_wconf 88' lang='lat' dir='ltr'>apparuisset</span> <span class='ocrx_word' id='word_1_782' title='bbox 3278 3252 3443 3307; x_wconf 92' lang='lat' dir='ltr'>nobis</span> <span class='ocrx_word' id='word_1_783' title='bbox 3471 3257 3642 3323; x_wconf 91' lang='lat' dir='ltr'>atque</span> <span class='ocrx_word' id='word_1_784' title='bbox 3692 3253 3866 3307; x_wconf 84' lang='lat' dir='ltr'>dixis-</span> 
     </span>
    </p>
   </div>
   <div class='ocr_carea' id='block_1_95' title="bbox 2165 3327 3868 3413">
    <p class='ocr_par' dir='ltr' id='par_1_95' title="bbox 2165 3327 3868 3413">
     <span class='ocr_line' id='line_1_95' title="bbox 2165 3327 3868 3413; baseline 0.002 -23"><span class='ocrx_word' id='word_1_785' title='bbox 2165 3344 2266 3405; x_wconf 88' lang='lat' dir='ltr'>set,</span> <span class='ocrx_word' id='word_1_786' title='bbox 2303 3341 2415 3393; x_wconf 86' lang='lat' dir='ltr'>lloc</span> <span class='ocrx_word' id='word_1_787' title='bbox 2444 3327 2724 3408; x_wconf 85' lang='lat' dir='ltr'>cogitavi;</span> <span class='ocrx_word' id='word_1_788' title='bbox 2755 3357 2857 3394; x_wconf 89' lang='lat' dir='ltr'>nec</span> <span class='ocrx_word' id='word_1_789' title='bbox 2889 3341 2967 3395; x_wconf 85' lang='lat' dir='ltr'>sic</span> <span class='ocrx_word' id='word_1_790' title='bbox 2998 3358 3125 3396; x_wconf 90' lang='lat' dir='ltr'>eam</span> <span class='ocrx_word' id='word_1_791' title='bbox 3155 3341 3499 3406; x_wconf 88' lang='lat' dir='ltr'>videremus,</span> <span class='ocrx_word' id='word_1_792' title='bbox 3523 3341 3639 3413; x_wconf 45' lang='lat' dir='ltr'>{sed</span> <span class='ocrx_word' id='word_1_793' title='bbox 3668 3342 3868 3395; x_wconf 82' lang='lat' dir='ltr'>crede-</span> 
     </span>
    </p>
   </div>
   <div class='ocr_carea' id='block_1_96' title="bbox 2167 3427 3869 3500">
    <p class='ocr_par' dir='ltr' id='par_1_96' title="bbox 2167 3427 3869 3500">
     <span class='ocr_line' id='line_1_96' title="bbox 2167 3427 3869 3500; baseline 0.001 -20"><span class='ocrx_word' id='word_1_794' title='bbox 2167 3443 2363 3480; x_wconf 88' lang='lat' dir='ltr'>remus</span> <span class='ocrx_word' id='word_1_795' title='bbox 2382 3429 2410 3480; x_wconf 86' lang='lat'>‘?</span> <span class='ocrx_word' id='word_1_796' title='bbox 2445 3428 2567 3480; x_wconf 88' lang='lat' dir='ltr'>Non</span> <span class='ocrx_word' id='word_1_797' title='bbox 2580 3427 2772 3498; x_wconf 90' lang='lat' dir='ltr'>itaque</span> <span class='ocrx_word' id='word_1_798' title='bbox 2802 3445 2973 3499; x_wconf 90' lang='lat' dir='ltr'>supra</span> <span class='ocrx_word' id='word_1_799' title='bbox 2986 3445 3159 3500; x_wconf 88' lang='lat' dir='ltr'>quam</span> <span class='ocrx_word' id='word_1_800' title='bbox 3173 3429 3450 3499; x_wconf 91' lang='lat' dir='ltr'>scriptum</span> <span class='ocrx_word' id='word_1_801' title='bbox 3465 3434 3568 3496; x_wconf 90' lang='lat' dir='ltr'>est,</span> <span class='ocrx_word' id='word_1_802' title='bbox 3603 3446 3751 3483; x_wconf 89' lang='lat' dir='ltr'>unus</span> <span class='ocrx_word' id='word_1_803' title='bbox 3765 3446 3869 3500; x_wconf 87' lang='lat' dir='ltr'>pro</span> 
     </span>
    </p>
   </div>
   <div class='ocr_carea' id='block_1_97' title="bbox 2168 3515 3870 3588">
    <p class='ocr_par' dir='ltr' id='par_1_97' title="bbox 2168 3515 3870 3588">
     <span class='ocr_line' id='line_1_97' title="bbox 2168 3515 3870 3588; baseline 0.002 -19"><span class='ocrx_word' id='word_1_804' title='bbox 2168 3515 2344 3569; x_wconf 89' lang='lat' dir='ltr'>altero</span> <span class='ocrx_word' id='word_1_805' title='bbox 2375 3515 2610 3569; x_wconf 83' lang='lat' dir='ltr'>inﬂetur</span> <span class='ocrx_word' id='word_1_806' title='bbox 2639 3515 2906 3570; x_wconf 90' lang='lat' dir='ltr'>adversus</span> <span class='ocrx_word' id='word_1_807' title='bbox 2930 3518 3173 3572; x_wconf 90' lang='lat' dir='ltr'>alterum</span> <span class='ocrx_word' id='word_1_808' title='bbox 3207 3517 3249 3588; x_wconf 90' lang='grc' dir='ltr'>(Ι</span> <span class='ocrx_word' id='word_1_809' title='bbox 3279 3520 3400 3574; x_wconf 85' lang='lat' dir='ltr'>Cor.</span> <span class='ocrx_word' id='word_1_810' title='bbox 3437 3535 3510 3584; x_wconf 82' lang='lat' dir='ltr'>1v,</span> <span class='ocrx_word' id='word_1_811' title='bbox 3553 3518 3627 3588; x_wconf 80' lang='lat'>6).</span> <span class='ocrx_word' id='word_1_812' title='bbox 3662 3518 3870 3587; x_wconf 81' lang='lat' dir='ltr'>Diliga-</span> 
     </span>
    </p>
   </div>
   <div class='ocr_carea' id='block_1_98' title="bbox 2169 3604 3868 3675">
    <p class='ocr_par' dir='ltr' id='par_1_98' title="bbox 2169 3604 3868 3675">
     <span class='ocr_line' id='line_1_98' title="bbox 2169 3604 3868 3675; baseline 0.002 -19"><span class='ocrx_word' id='word_1_813' title='bbox 2169 3621 2294 3658; x_wconf 85' lang='lat' dir='ltr'>inus</span> <span class='ocrx_word' id='word_1_814' title='bbox 2319 3604 2625 3658; x_wconf 91' lang='lat' dir='ltr'>Dominum</span> <span class='ocrx_word' id='word_1_815' title='bbox 2654 3605 2831 3658; x_wconf 88' lang='lat' dir='ltr'>Deum</span> <span class='ocrx_word' id='word_1_816' title='bbox 2853 3610 3114 3659; x_wconf 88' lang='lat' dir='ltr'>nostrum</span> <span class='ocrx_word' id='word_1_817' title='bbox 3136 3622 3204 3660; x_wconf 81' lang='lat' dir='ltr'>ex</span> <span class='ocrx_word' id='word_1_818' title='bbox 3235 3611 3353 3660; x_wconf 88' lang='lat' dir='ltr'>toto</span> <span class='ocrx_word' id='word_1_819' title='bbox 3377 3607 3565 3675; x_wconf 91' lang='lat' dir='ltr'>corde,</span> <span class='ocrx_word' id='word_1_820' title='bbox 3596 3612 3653 3660; x_wconf 92' lang='lat' dir='ltr'>et</span> <span class='ocrx_word' id='word_1_821' title='bbox 3684 3623 3751 3660; x_wconf 82' lang='lat' dir='ltr'>ex</span> <span class='ocrx_word' id='word_1_822' title='bbox 3782 3612 3868 3660; x_wconf 90' lang='lat' dir='ltr'>to-</span> 
     </span>
    </p>
   </div>
   <div class='ocr_carea' id='block_1_99' title="bbox 2166 3692 3866 3764">
    <p class='ocr_par' dir='ltr' id='par_1_99' title="bbox 2166 3692 3866 3764">
     <span class='ocr_line' id='line_1_99' title="bbox 2166 3692 3866 3764; baseline 0.002 -19"><span class='ocrx_word' id='word_1_823' title='bbox 2166 3698 2224 3746; x_wconf 88' lang='lat' dir='ltr'>ta</span> <span class='ocrx_word' id='word_1_824' title='bbox 2251 3692 2458 3758; x_wconf 87' lang='lat' dir='ltr'>anima,</span> <span class='ocrx_word' id='word_1_825' title='bbox 2493 3696 2546 3746; x_wconf 93' lang='lat' dir='ltr'>et</span> <span class='ocrx_word' id='word_1_826' title='bbox 2581 3709 2649 3745; x_wconf 81' lang='lat' dir='ltr'>ex</span> <span class='ocrx_word' id='word_1_827' title='bbox 2689 3697 2806 3747; x_wconf 88' lang='lat' dir='ltr'>tota</span> <span class='ocrx_word' id='word_1_828' title='bbox 2836 3699 3026 3748; x_wconf 88' lang='lat' dir='ltr'>mente</span> <span class='ocrx_word' id='word_1_829' title='bbox 3059 3699 3273 3761; x_wconf 88' lang='lat' dir='ltr'>nostra,</span> <span class='ocrx_word' id='word_1_830' title='bbox 3307 3699 3363 3748; x_wconf 90' lang='lat' dir='ltr'>et</span> <span class='ocrx_word' id='word_1_831' title='bbox 3399 3695 3728 3764; x_wconf 79' lang='lat' dir='ltr'>proximum</span> <span class='ocrx_word' id='word_1_832' title='bbox 3765 3711 3866 3748; x_wconf 89' lang='lat' dir='ltr'>no-</span> 
     </span>
    </p>
   </div>
   <div class='ocr_carea' id='block_1_100' title="bbox 2167 3781 3867 3854">
    <p class='ocr_par' dir='ltr' id='par_1_100' title="bbox 2167 3781 3867 3854">
     <span class='ocr_line' id='line_1_100' title="bbox 2167 3781 3867 3854; baseline 0.003 -21"><span class='ocrx_word' id='word_1_833' title='bbox 2167 3781 2517 3834; x_wconf 72' lang='lat' dir='ltr'>strum&#39;sicut</span> <span class='ocrx_word' id='word_1_834' title='bbox 2539 3781 2912 3852; x_wconf 90' lang='lat' dir='ltr'>nosmetipsos</span> <span class='ocrx_word' id='word_1_835' title='bbox 2945 3783 3123 3849; x_wconf 85' lang='lat' dir='ltr'>(Deut.</span> <span class='ocrx_word' id='word_1_836' title='bbox 3157 3801 3228 3851; x_wconf 78' lang='lat' dir='ltr'>v1,</span> <span class='ocrx_word' id='word_1_837' title='bbox 3261 3787 3323 3850; x_wconf 76' lang='lat'>5;</span> <span class='ocrx_word' id='word_1_838' title='bbox 3354 3786 3548 3838; x_wconf 83' lang='lat' dir='ltr'>Matth.</span> <span class='ocrx_word' id='word_1_839' title='bbox 3583 3800 3720 3848; x_wconf 78' lang='lat' dir='ltr'>xxu,</span> <span class='ocrx_word' id='word_1_840' title='bbox 3759 3785 3867 3854; x_wconf 78' lang='lat'>37).</span> 
     </span>
    </p>
   </div>
   <div class='ocr_carea' id='block_1_101' title="bbox 2166 3869 3867 3942">
    <p class='ocr_par' dir='ltr' id='par_1_101' title="bbox 2166 3869 3867 3942">
     <span class='ocr_line' id='line_1_101' title="bbox 2166 3869 3867 3942; baseline 0.002 -20"><span class='ocrx_word' id='word_1_841' title='bbox 2166 3873 2404 3939; x_wconf 84' lang='lat' dir='ltr'>Propter</span> <span class='ocrx_word' id='word_1_842' title='bbox 2432 3886 2560 3940; x_wconf 71' lang='lat' dir='ltr'>qum</span> <span class='ocrx_word' id='word_1_843' title='bbox 2581 3869 2692 3924; x_wconf 91' lang='lat' dir='ltr'>duo</span> <span class='ocrx_word' id='word_1_844' title='bbox 2715 3877 2999 3941; x_wconf 63' lang='lat' dir='ltr'>praecepta</span> <span class='ocrx_word' id='word_1_845' title='bbox 3019 3871 3310 3926; x_wconf 89' lang='lat' dir='ltr'>charitatis</span> <span class='ocrx_word' id='word_1_846' title='bbox 3341 3872 3582 3925; x_wconf 90' lang='lat' dir='ltr'>sensisse</span> <span class='ocrx_word' id='word_1_847' title='bbox 3615 3873 3867 3942; x_wconf 86' lang='lat' dir='ltr'>Moysen,</span> 
     </span>
    </p>
   </div>
   <div class='ocr_carea' id='block_1_102' title="bbox 2165 3953 3869 4028">
    <p class='ocr_par' dir='ltr' id='par_1_102' title="bbox 2165 3953 3869 4028">
     <span class='ocr_line' id='line_1_102' title="bbox 2165 3953 3869 4028; baseline 0.002 -18"><span class='ocrx_word' id='word_1_848' title='bbox 2165 3957 2444 4028; x_wconf 89' lang='lat' dir='ltr'>quidquid</span> <span class='ocrx_word' id='word_1_849' title='bbox 2474 3958 2533 4012; x_wconf 91' lang='lat' dir='ltr'>in</span> <span class='ocrx_word' id='word_1_850' title='bbox 2553 3953 2866 4012; x_wconf 66' lang='lat' dir='ltr'>illis&#39;Libris</span> <span class='ocrx_word' id='word_1_851' title='bbox 2889 3959 3086 4026; x_wconf 88' lang='lat' dir='ltr'>sensit,</span> <span class='ocrx_word' id='word_1_852' title='bbox 3114 3959 3223 4013; x_wconf 90' lang='lat' dir='ltr'>nisi</span> <span class='ocrx_word' id='word_1_853' title='bbox 3244 3960 3681 4027; x_wconf 81' lang='lat' dir='ltr'>crediderimus;</span> <span class='ocrx_word' id='word_1_854' title='bbox 3713 3977 3869 4015; x_wconf 90' lang='lat' dir='ltr'>men-</span> 
     </span>
    </p>
   </div>
   <div class='ocr_carea' id='block_1_103' title="bbox 2166 4044 3870 4113">
    <p class='ocr_par' dir='ltr' id='par_1_103' title="bbox 2166 4044 3870 4113">
     <span class='ocr_line' id='line_1_103' title="bbox 2166 4044 3870 4113; baseline 0.002 -15"><span class='ocrx_word' id='word_1_855' title='bbox 2166 4044 2361 4098; x_wconf 88' lang='lat' dir='ltr'>dacem</span> <span class='ocrx_word' id='word_1_856' title='bbox 2375 4045 2642 4100; x_wconf 87' lang='lat' dir='ltr'>faciemus</span> <span class='ocrx_word' id='word_1_857' title='bbox 2657 4047 2815 4101; x_wconf 92' lang='lat' dir='ltr'>Domi</span> <span class='ocrx_word' id='word_1_858' title='bbox 2827 4064 2984 4113; x_wconf 90' lang='lat' dir='ltr'>num,</span> <span class='ocrx_word' id='word_1_859' title='bbox 3000 4064 3131 4102; x_wconf 92' lang='lat' dir='ltr'>cum</span> <span class='ocrx_word' id='word_1_860' title='bbox 3144 4049 3213 4103; x_wconf 88' lang='lat' dir='ltr'>de</span> <span class='ocrx_word' id='word_1_861' title='bbox 3229 4048 3419 4102; x_wconf 87' lang='lat' dir='ltr'>animo</span> <span class='ocrx_word' id='word_1_862' title='bbox 3432 4048 3689 4102; x_wconf 88' lang='lat' dir='ltr'>conservi</span> <span class='ocrx_word' id='word_1_863' title='bbox 3702 4050 3870 4103; x_wconf 90' lang='lat' dir='ltr'>aliter</span> 
     </span>
    </p>
   </div>
   <div class='ocr_carea' id='block_1_104' title="bbox 2163 4133 3868 4207">
    <p class='ocr_par' dir='ltr' id='par_1_104' title="bbox 2163 4133 3868 4207">
     <span class='ocr_line' id='line_1_104' title="bbox 2163 4133 3868 4207; baseline 0.004 -22"><span class='ocrx_word' id='word_1_864' title='bbox 2163 4149 2336 4202; x_wconf 89' lang='lat' dir='ltr'>quam</span> <span class='ocrx_word' id='word_1_865' title='bbox 2364 4133 2458 4187; x_wconf 91' lang='lat' dir='ltr'>ille</span> <span class='ocrx_word' id='word_1_866' title='bbox 2493 4133 2688 4188; x_wconf 90' lang='lat' dir='ltr'>docuit</span> <span class='ocrx_word' id='word_1_867' title='bbox 2743 4135 3077 4205; x_wconf 85' lang='lat' dir='ltr'>opinamur.</span> <span class='ocrx_word' id='word_1_868' title='bbox 3110 4137 3234 4189; x_wconf 81' lang='lat' dir='ltr'>Jam</span> <span class='ocrx_word' id='word_1_869' title='bbox 3265 4135 3391 4189; x_wconf 88' lang='lat' dir='ltr'>vide</span> <span class='ocrx_word' id='word_1_870' title='bbox 3423 4152 3596 4207; x_wconf 91' lang='lat' dir='ltr'>quam</span> <span class='ocrx_word' id='word_1_871' title='bbox 3625 4137 3868 4191; x_wconf 87' lang='lat' dir='ltr'>stultum</span> 
     </span>
    </p>
   </div>
   <div class='ocr_carea' id='block_1_105' title="bbox 2163 4220 3869 4294">
    <p class='ocr_par' dir='ltr' id='par_1_105' title="bbox 2163 4220 3869 4294">
     <span class='ocr_line' id='line_1_105' title="bbox 2163 4220 3869 4294; baseline 0.002 -22"><span class='ocrx_word' id='word_1_872' title='bbox 2163 4220 2234 4274; x_wconf 90' lang='lat' dir='ltr'>sit</span> <span class='ocrx_word' id='word_1_873' title='bbox 2256 4222 2316 4273; x_wconf 91' lang='lat' dir='ltr'>in</span> <span class='ocrx_word' id='word_1_874' title='bbox 2343 4225 2499 4275; x_wconf 89' lang='lat' dir='ltr'>tanta</span> <span class='ocrx_word' id='word_1_875' title='bbox 2527 4222 2690 4291; x_wconf 92' lang='lat' dir='ltr'>copia</span> <span class='ocrx_word' id='word_1_876' title='bbox 2714 4222 3137 4276; x_wconf 90' lang='lat' dir='ltr'>verissimarum</span> <span class='ocrx_word' id='word_1_877' title='bbox 3171 4223 3602 4289; x_wconf 90' lang='lat' dir='ltr'>sententiarum,</span> <span class='ocrx_word' id='word_1_878' title='bbox 3637 4241 3765 4294; x_wconf 62' lang='lat' dir='ltr'>quas</span> <span class='ocrx_word' id='word_1_879' title='bbox 3798 4224 3869 4278; x_wconf 89' lang='lat' dir='ltr'>de</span> 
     </span>
    </p>
   </div>
   <div class='ocr_carea' id='block_1_106' title="bbox 2162 4309 3867 4383">
    <p class='ocr_par' dir='ltr' id='par_1_106' title="bbox 2162 4309 3867 4383">
     <span class='ocr_line' id='line_1_106' title="bbox 2162 4309 3867 4383; baseline 0.003 -21"><span class='ocrx_word' id='word_1_880' title='bbox 2162 4309 2275 4362; x_wconf 90' lang='lat' dir='ltr'>illis</span> <span class='ocrx_word' id='word_1_881' title='bbox 2315 4309 2499 4363; x_wconf 89' lang='lat' dir='ltr'>verbis</span> <span class='ocrx_word' id='word_1_882' title='bbox 2539 4310 2662 4364; x_wconf 91' lang='lat' dir='ltr'>erui</span> <span class='ocrx_word' id='word_1_883' title='bbox 2700 4315 2939 4380; x_wconf 89' lang='lat' dir='ltr'>possunt</span> <span class='ocrx_word' id='word_1_884' title='bbox 2973 4315 3182 4366; x_wconf 89' lang='lat' dir='ltr'>temere</span> <span class='ocrx_word' id='word_1_885' title='bbox 3225 4312 3535 4380; x_wconf 82' lang='lat' dir='ltr'>afﬁrmare,</span> <span class='ocrx_word' id='word_1_886' title='bbox 3568 4329 3742 4383; x_wconf 90' lang='lat' dir='ltr'>quam</span> <span class='ocrx_word' id='word_1_887' title='bbox 3772 4330 3867 4367; x_wconf 89' lang='lat' dir='ltr'>ea-</span> 
     </span>
    </p>
   </div>
   <div class='ocr_carea' id='block_1_107' title="bbox 2162 4398 3866 4469">
    <p class='ocr_par' dir='ltr' id='par_1_107' title="bbox 2162 4398 3866 4469">
     <span class='ocr_line' id='line_1_107' title="bbox 2162 4398 3866 4469; baseline 0.003 -18"><span class='ocrx_word' id='word_1_888' title='bbox 2162 4414 2291 4452; x_wconf 90' lang='lat' dir='ltr'>rum</span> <span class='ocrx_word' id='word_1_889' title='bbox 2331 4399 2542 4469; x_wconf 88' lang='lat' dir='ltr'>Moyses</span> <span class='ocrx_word' id='word_1_890' title='bbox 2570 4398 2933 4469; x_wconf 89' lang='lat' dir='ltr'>potissimum</span> <span class='ocrx_word' id='word_1_891' title='bbox 2971 4399 3234 4466; x_wconf 88' lang='lat' dir='ltr'>senserit;</span> <span class='ocrx_word' id='word_1_892' title='bbox 3264 4405 3321 4453; x_wconf 92' lang='lat' dir='ltr'>et</span> <span class='ocrx_word' id='word_1_893' title='bbox 3353 4400 3692 4469; x_wconf 88' lang='lat' dir='ltr'>perniciosis</span> <span class='ocrx_word' id='word_1_894' title='bbox 3729 4418 3866 4456; x_wconf 90' lang='lat' dir='ltr'>con-</span> 
     </span>
    </p>
   </div>
   <div class='ocr_carea' id='block_1_108' title="bbox 2162 4487 3868 4561">
    <p class='ocr_par' dir='ltr' id='par_1_108' title="bbox 2162 4487 3868 4561">
     <span class='ocr_line' id='line_1_108' title="bbox 2162 4487 3868 4561; baseline 0.002 -20"><span class='ocrx_word' id='word_1_895' title='bbox 2162 4487 2517 4542; x_wconf 89' lang='lat' dir='ltr'>tentionibus</span> <span class='ocrx_word' id='word_1_896' title='bbox 2539 4489 2719 4559; x_wconf 88' lang='lat' dir='ltr'>ipsam</span> <span class='ocrx_word' id='word_1_897' title='bbox 2743 4488 3029 4542; x_wconf 75' lang='lat' dir='ltr'>oifendcre</span> <span class='ocrx_word' id='word_1_898' title='bbox 3055 4489 3409 4553; x_wconf 89' lang='lat' dir='ltr'>charitatem,</span> <span class='ocrx_word' id='word_1_899' title='bbox 3434 4493 3668 4559; x_wconf 88' lang='lat' dir='ltr'>propter</span> <span class='ocrx_word' id='word_1_900' title='bbox 3691 4507 3868 4561; x_wconf 91' lang='lat' dir='ltr'>quam</span> 
     </span>
    </p>
   </div>
   <div class='ocr_carea' id='block_1_109' title="bbox 2165 4576 3566 4648">
    <p class='ocr_par' dir='ltr' id='par_1_109' title="bbox 2165 4576 3566 4648">
     <span class='ocr_line' id='line_1_109' title="bbox 2165 4576 3566 4648; baseline 0 -18"><span class='ocrx_word' id='word_1_901' title='bbox 2165 4576 2306 4631; x_wconf 83' lang='lat' dir='ltr'>dixit</span> <span class='ocrx_word' id='word_1_902' title='bbox 2337 4577 2550 4645; x_wconf 90' lang='lat' dir='ltr'>omnia,</span> <span class='ocrx_word' id='word_1_903' title='bbox 2582 4577 2743 4648; x_wconf 92' lang='lat' dir='ltr'>cujus</span> <span class='ocrx_word' id='word_1_904' title='bbox 2774 4577 2925 4631; x_wconf 91' lang='lat' dir='ltr'>dicta</span> <span class='ocrx_word' id='word_1_905' title='bbox 2953 4593 3227 4631; x_wconf 89' lang='lat' dir='ltr'>conamur</span> <span class='ocrx_word' id='word_1_906' title='bbox 3257 4592 3566 4647; x_wconf 86' lang='lat' dir='ltr'>exponere.</span> 
     </span>
    </p>
   </div>
   <div class='ocr_carea' id='block_1_110' title="bbox 2791 4665 3232 4719">
    <p class='ocr_par' dir='ltr' id='par_1_110' title="bbox 2791 4665 3232 4719">
     <span class='ocr_line' id='line_1_110' title="bbox 2791 4665 3232 4719; baseline -0.002 0"><span class='ocrx_word' id='word_1_907' title='bbox 2791 4665 3015 4719; x_wconf 84' lang='lat' dir='ltr'>CAPUT</span> <span class='ocrx_word' id='word_1_908' title='bbox 3053 4666 3232 4719; x_wconf 88' lang='lat' dir='ltr'>XXVI.</span> 
     </span>
    </p>
   </div>
   <div class='ocr_carea' id='block_1_111' title="bbox 2555 4752 3463 4820">
    <p class='ocr_par' dir='ltr' id='par_1_111' title="bbox 2555 4752 3463 4820">
     <span class='ocr_line' id='line_1_111' title="bbox 2555 4752 3463 4820; baseline 0.001 -14"><span class='ocrx_word' id='word_1_909' title='bbox 2555 4753 2663 4818; x_wconf 84' lang='lat' dir='ltr'>Qui</span> <span class='ocrx_word' id='word_1_910' title='bbox 2687 4767 2856 4807; x_wconf 82' lang='lat' dir='ltr'>sermo</span> <span class='ocrx_word' id='word_1_911' title='bbox 2886 4752 3066 4805; x_wconf 85' lang='lat' dir='ltr'>deceat</span> <span class='ocrx_word' id='word_1_912' title='bbox 3095 4753 3463 4820; x_wconf 80' lang='lat' dir='ltr'>Scripturam.</span> 
     </span>
    </p>
   </div>
   <div class='ocr_carea' id='block_1_112' title="bbox 2233 4839 3863 4910">
    <p class='ocr_par' dir='ltr' id='par_1_112' title="bbox 2233 4839 3863 4910">
     <span class='ocr_line' id='line_1_112' title="bbox 2233 4839 3863 4910; baseline 0.002 -17"><span class='ocrx_word' id='word_1_913' title='bbox 2233 4842 2319 4895; x_wconf 87' lang='lat'>36.</span> <span class='ocrx_word' id='word_1_914' title='bbox 2355 4842 2420 4894; x_wconf 87' lang='lat' dir='ltr'>Et</span> <span class='ocrx_word' id='word_1_915' title='bbox 2447 4845 2641 4895; x_wconf 91' lang='lat' dir='ltr'>tamen</span> <span class='ocrx_word' id='word_1_916' title='bbox 2672 4856 2795 4910; x_wconf 91' lang='lat' dir='ltr'>ego,</span> <span class='ocrx_word' id='word_1_917' title='bbox 2838 4841 2986 4893; x_wconf 89' lang='lat' dir='ltr'>Deus</span> <span class='ocrx_word' id='word_1_918' title='bbox 3022 4855 3183 4893; x_wconf 89' lang='lat' dir='ltr'>meus</span> <span class='ocrx_word' id='word_1_919' title='bbox 3213 4839 3486 4894; x_wconf 90' lang='lat' dir='ltr'>celsitudo</span> <span class='ocrx_word' id='word_1_920' title='bbox 3519 4840 3863 4896; x_wconf 87' lang='lat' dir='ltr'>humilitatis</span> 
     </span>
    </p>
   </div>
   <div class='ocr_carea' id='block_1_113' title="bbox 2157 4927 3858 4999">
    <p class='ocr_par' dir='ltr' id='par_1_113' title="bbox 2157 4927 3858 4999">
     <span class='ocr_line' id='line_1_113' title="bbox 2157 4927 3858 4999; baseline 0.001 -18"><span class='ocrx_word' id='word_1_921' title='bbox 2157 4944 2322 4997; x_wconf 84' lang='lat' dir='ltr'>meae,</span> <span class='ocrx_word' id='word_1_922' title='bbox 2347 4933 2400 4981; x_wconf 87' lang='lat' dir='ltr'>et</span> <span class='ocrx_word' id='word_1_923' title='bbox 2429 4929 2655 4999; x_wconf 88' lang='lat' dir='ltr'>requies</span> <span class='ocrx_word' id='word_1_924' title='bbox 2694 4927 2903 4982; x_wconf 83' lang='lat' dir='ltr'>laboris</span> <span class='ocrx_word' id='word_1_925' title='bbox 2934 4928 3068 4993; x_wconf 91' lang='lat' dir='ltr'>mei,</span> <span class='ocrx_word' id='word_1_926' title='bbox 3119 4927 3220 4999; x_wconf 91' lang='lat' dir='ltr'>qui</span> <span class='ocrx_word' id='word_1_927' title='bbox 3266 4928 3430 4982; x_wconf 89' lang='lat' dir='ltr'>audis</span> <span class='ocrx_word' id='word_1_928' title='bbox 3469 4930 3858 4985; x_wconf 87' lang='lat' dir='ltr'>confessiones</span> 
     </span>
    </p>
   </div>
   <div class='ocr_carea' id='block_1_114' title="bbox 2159 5016 3863 5088">
    <p class='ocr_par' dir='ltr' id='par_1_114' title="bbox 2159 5016 3863 5088">
     <span class='ocr_line' id='line_1_114' title="bbox 2159 5016 3863 5088; baseline 0.001 -18"><span class='ocrx_word' id='word_1_929' title='bbox 2159 5032 2336 5082; x_wconf 86' lang='lat' dir='ltr'>meas,</span> <span class='ocrx_word' id='word_1_930' title='bbox 2367 5022 2421 5070; x_wconf 91' lang='lat' dir='ltr'>et</span> <span class='ocrx_word' id='word_1_931' title='bbox 2452 5016 2694 5070; x_wconf 81' lang='lat' dir='ltr'>dimittis</span> <span class='ocrx_word' id='word_1_932' title='bbox 2723 5020 2953 5084; x_wconf 79' lang='lat' dir='ltr'>peccata</span> <span class='ocrx_word' id='word_1_933' title='bbox 2970 5031 3122 5083; x_wconf 90' lang='lat' dir='ltr'>mea;</span> <span class='ocrx_word' id='word_1_934' title='bbox 3156 5017 3427 5088; x_wconf 90' lang='lat' dir='ltr'>quoniam</span> <span class='ocrx_word' id='word_1_935' title='bbox 3450 5023 3509 5071; x_wconf 91' lang='lat' dir='ltr'>tu</span> <span class='ocrx_word' id='word_1_936' title='bbox 3541 5017 3682 5071; x_wconf 87' lang='lat' dir='ltr'>mihi</span> <span class='ocrx_word' id='word_1_937' title='bbox 3712 5035 3863 5088; x_wconf 73' lang='lat' dir='ltr'>prm-</span> 
     </span>
    </p>
   </div>
   <div class='ocr_carea' id='block_1_115' title="bbox 2158 5103 3862 5176">
    <p class='ocr_par' dir='ltr' id='par_1_115' title="bbox 2158 5103 3862 5176">
     <span class='ocr_line' id='line_1_115' title="bbox 2158 5103 3862 5176; baseline 0.002 -20"><span class='ocrx_word' id='word_1_938' title='bbox 2158 5105 2300 5174; x_wconf 90' lang='lat' dir='ltr'>cipis</span> <span class='ocrx_word' id='word_1_939' title='bbox 2321 5109 2381 5156; x_wconf 90' lang='lat' dir='ltr'>ut</span> <span class='ocrx_word' id='word_1_940' title='bbox 2405 5104 2643 5174; x_wconf 88' lang='lat' dir='ltr'>diligam</span> <span class='ocrx_word' id='word_1_941' title='bbox 2669 5103 2994 5175; x_wconf 79' lang='lat' dir='ltr'>proximum</span> <span class='ocrx_word' id='word_1_942' title='bbox 3022 5121 3218 5159; x_wconf 91' lang='lat' dir='ltr'>meum</span> <span class='ocrx_word' id='word_1_943' title='bbox 3249 5105 3392 5160; x_wconf 90' lang='lat' dir='ltr'>sicut</span> <span class='ocrx_word' id='word_1_944' title='bbox 3414 5107 3716 5176; x_wconf 89' lang='lat' dir='ltr'>meipsum,</span> <span class='ocrx_word' id='word_1_945' title='bbox 3741 5122 3862 5160; x_wconf 91' lang='lat' dir='ltr'>non</span> 
     </span>
    </p>
   </div>
   <div class='ocr_carea' id='block_1_116' title="bbox 2156 5191 3862 5264">
    <p class='ocr_par' dir='ltr' id='par_1_116' title="bbox 2156 5191 3862 5264">
     <span class='ocr_line' id='line_1_116' title="bbox 2156 5191 3862 5264; baseline 0.002 -20"><span class='ocrx_word' id='word_1_946' title='bbox 2156 5208 2394 5262; x_wconf 88' lang='lat' dir='ltr'>possum</span> <span class='ocrx_word' id='word_1_947' title='bbox 2435 5192 2625 5245; x_wconf 90' lang='lat' dir='ltr'>minus</span> <span class='ocrx_word' id='word_1_948' title='bbox 2665 5191 2891 5246; x_wconf 90' lang='lat' dir='ltr'>credere</span> <span class='ocrx_word' id='word_1_949' title='bbox 2932 5193 3001 5247; x_wconf 91' lang='lat' dir='ltr'>de</span> <span class='ocrx_word' id='word_1_950' title='bbox 3037 5195 3221 5264; x_wconf 88' lang='lat' dir='ltr'>Moyse</span> <span class='ocrx_word' id='word_1_951' title='bbox 3262 5193 3593 5248; x_wconf 89' lang='lat' dir='ltr'>ﬁdelissimo</span> <span class='ocrx_word' id='word_1_952' title='bbox 3639 5193 3862 5248; x_wconf 89' lang='lat' dir='ltr'>famulo</span> 
     </span>
    </p>
   </div>
   <div class='ocr_carea' id='block_1_117' title="bbox 2156 5278 3863 5349">
    <p class='ocr_par' dir='ltr' id='par_1_117' title="bbox 2156 5278 3863 5349">
     <span class='ocr_line' id='line_1_117' title="bbox 2156 5278 3863 5349; baseline 0.002 -18"><span class='ocrx_word' id='word_1_953' title='bbox 2156 5283 2276 5344; x_wconf 86' lang='lat' dir='ltr'>tuo,</span> <span class='ocrx_word' id='word_1_954' title='bbox 2320 5293 2490 5349; x_wconf 87' lang='lat' dir='ltr'>quam</span> <span class='ocrx_word' id='word_1_955' title='bbox 2533 5278 2677 5332; x_wconf 92' lang='lat' dir='ltr'>mihi</span> <span class='ocrx_word' id='word_1_956' title='bbox 2718 5284 2976 5349; x_wconf 90' lang='lat' dir='ltr'>optarem</span> <span class='ocrx_word' id='word_1_957' title='bbox 3007 5297 3070 5335; x_wconf 91' lang='lat' dir='ltr'>ac</span> <span class='ocrx_word' id='word_1_958' title='bbox 3100 5281 3479 5336; x_wconf 88' lang='lat' dir='ltr'>desiderarem</span> <span class='ocrx_word' id='word_1_959' title='bbox 3521 5278 3619 5334; x_wconf 88' lang='lat' dir='ltr'>abs</span> <span class='ocrx_word' id='word_1_960' title='bbox 3649 5283 3703 5334; x_wconf 91' lang='lat' dir='ltr'>te</span> <span class='ocrx_word' id='word_1_961' title='bbox 3734 5281 3863 5334; x_wconf 89' lang='lat' dir='ltr'>dari</span> 
     </span>
    </p>
   </div>
   <div class='ocr_carea' id='block_1_118' title="bbox 2157 5365 3862 5439">
    <p class='ocr_par' dir='ltr' id='par_1_118' title="bbox 2157 5365 3862 5439">
     <span class='ocr_line' id='line_1_118' title="bbox 2157 5365 3862 5439; baseline 0.002 -21"><span class='ocrx_word' id='word_1_962' title='bbox 2157 5366 2430 5432; x_wconf 89' lang='lat' dir='ltr'>muneris,</span> <span class='ocrx_word' id='word_1_963' title='bbox 2466 5365 2513 5419; x_wconf 86' lang='lat' dir='ltr'>si</span> <span class='ocrx_word' id='word_1_964' title='bbox 2538 5371 2796 5438; x_wconf 91' lang='lat' dir='ltr'>tempore</span> <span class='ocrx_word' id='word_1_965' title='bbox 2833 5367 2931 5422; x_wconf 92' lang='lat' dir='ltr'>illo</span> <span class='ocrx_word' id='word_1_966' title='bbox 2960 5373 3126 5423; x_wconf 91' lang='lat' dir='ltr'>natus</span> <span class='ocrx_word' id='word_1_967' title='bbox 3157 5384 3339 5422; x_wconf 91' lang='lat' dir='ltr'>essem</span> <span class='ocrx_word' id='word_1_968' title='bbox 3381 5385 3494 5439; x_wconf 92' lang='lat' dir='ltr'>quo</span> <span class='ocrx_word' id='word_1_969' title='bbox 3525 5367 3642 5434; x_wconf 88' lang='lat' dir='ltr'>ille,</span> <span class='ocrx_word' id='word_1_970' title='bbox 3676 5384 3862 5438; x_wconf 91' lang='lat' dir='ltr'>eoque</span> 
     </span>
    </p>
   </div>
   <div class='ocr_carea' id='block_1_119' title="bbox 2156 5455 3856 5529">
    <p class='ocr_par' dir='ltr' id='par_1_119' title="bbox 2156 5455 3856 5529">
     <span class='ocr_line' id='line_1_119' title="bbox 2156 5455 3856 5529; baseline 0 -21"><span class='ocrx_word' id='word_1_971' title='bbox 2156 5455 2276 5508; x_wconf 89' lang='lat' dir='ltr'>loco</span> <span class='ocrx_word' id='word_1_972' title='bbox 2303 5470 2394 5508; x_wconf 90' lang='lat' dir='ltr'>me</span> <span class='ocrx_word' id='word_1_973' title='bbox 2419 5455 2824 5522; x_wconf 86' lang='lat' dir='ltr'>constituisses,</span> <span class='ocrx_word' id='word_1_974' title='bbox 2853 5461 2917 5511; x_wconf 89' lang='lat' dir='ltr'>ut</span> <span class='ocrx_word' id='word_1_975' title='bbox 2940 5473 3043 5529; x_wconf 89' lang='lat' dir='ltr'>per</span> <span class='ocrx_word' id='word_1_976' title='bbox 3072 5458 3402 5512; x_wconf 88' lang='lat' dir='ltr'>servitutem</span> <span class='ocrx_word' id='word_1_977' title='bbox 3432 5455 3616 5511; x_wconf 77' lang='lat' dir='ltr'>cordis</span> <span class='ocrx_word' id='word_1_978' title='bbox 3646 5472 3709 5510; x_wconf 92' lang='lat' dir='ltr'>ac</span> <span class='ocrx_word' id='word_1_979' title='bbox 3739 5455 3856 5509; x_wconf 89' lang='lat' dir='ltr'>lin-</span> 
     </span>
    </p>
   </div>
   <div class='ocr_carea' id='block_1_120' title="bbox 2157 5545 3862 5620">
    <p class='ocr_par' dir='ltr' id='par_1_120' title="bbox 2157 5545 3862 5620">
     <span class='ocr_line' id='line_1_120' title="bbox 2157 5545 3862 5620; baseline 0 -20"><span class='ocrx_word' id='word_1_980' title='bbox 2157 5560 2284 5616; x_wconf 62' lang='lat' dir='ltr'>guae</span> <span class='ocrx_word' id='word_1_981' title='bbox 2338 5559 2500 5613; x_wconf 69' lang='lat' dir='ltr'>meas,</span> <span class='ocrx_word' id='word_1_982' title='bbox 2553 5546 2776 5603; x_wconf 63' lang='lat' dir='ltr'>Litterae</span> <span class='ocrx_word' id='word_1_983' title='bbox 2824 5545 2937 5602; x_wconf 67' lang='lat' dir='ltr'>illae</span> <span class='ocrx_word' id='word_1_984' title='bbox 2987 5547 3470 5620; x_wconf 88' lang='lat' dir='ltr'>dispensarentur,</span> <span class='ocrx_word' id='word_1_985' title='bbox 3519 5561 3647 5617; x_wconf 79' lang='lat' dir='ltr'>quae</span> <span class='ocrx_word' id='word_1_986' title='bbox 3699 5550 3862 5601; x_wconf 86' lang='lat' dir='ltr'>tanto</span> 
     </span>
    </p>
   </div>
  </div>
