  <div class='ocr_page' id='page_1' title='image "/cluster/home/n/w/nwhite01/storage/ocr_20150623/32/umn.31951002477326y/432.png"; bbox 0 0 4058 6418; ppageno 0'>
   <div class='ocr_carea' id='block_1_1' title="bbox 168 345 258 400">
    <p class='ocr_par' dir='ltr' id='par_1_1' title="bbox 168 345 258 400">
     <span class='ocr_line' id='line_1_1' title="bbox 168 345 258 400; baseline 0.022 -2"><span class='ocrx_word' id='word_1_1' title='bbox 168 345 258 400; x_wconf 70' lang='grc'>841</span> 
     </span>
    </p>
   </div>
   <div class='ocr_carea' id='block_1_2' title="bbox 166 467 1863 547">
    <p class='ocr_par' dir='ltr' id='par_1_2' title="bbox 166 467 1863 547">
     <span class='ocr_line' id='line_1_2' title="bbox 166 467 1863 547; baseline 0.008 -28"><span class='ocrx_word' id='word_1_2' title='bbox 166 470 292 536; x_wconf 88' lang='lat' dir='ltr'>post</span> <span class='ocrx_word' id='word_1_3' title='bbox 319 472 511 522; x_wconf 90' lang='lat' dir='ltr'>essent</span> <span class='ocrx_word' id='word_1_4' title='bbox 539 467 806 522; x_wconf 88' lang='lat' dir='ltr'>omnibus</span> <span class='ocrx_word' id='word_1_5' title='bbox 834 469 1100 540; x_wconf 80' lang='lat' dir='ltr'>gentibus</span> <span class='ocrx_word' id='word_1_6' title='bbox 1136 470 1474 545; x_wconf 80' lang='lat' dir='ltr'>profuturae,</span> <span class='ocrx_word' id='word_1_7' title='bbox 1500 479 1556 529; x_wconf 92' lang='lat' dir='ltr'>et</span> <span class='ocrx_word' id='word_1_8' title='bbox 1592 493 1697 547; x_wconf 87' lang='lat' dir='ltr'>per</span> <span class='ocrx_word' id='word_1_9' title='bbox 1725 477 1863 532; x_wconf 90' lang='lat' dir='ltr'>uni-</span> 
     </span>
    </p>
   </div>
   <div class='ocr_carea' id='block_1_3' title="bbox 168 556 1866 621">
    <p class='ocr_par' dir='ltr' id='par_1_3' title="bbox 168 556 1866 621">
     <span class='ocr_line' id='line_1_3' title="bbox 168 556 1866 621; baseline 0.008 -13"><span class='ocrx_word' id='word_1_10' title='bbox 168 571 388 610; x_wconf 90' lang='lat' dir='ltr'>versum</span> <span class='ocrx_word' id='word_1_11' title='bbox 443 556 641 611; x_wconf 93' lang='lat' dir='ltr'>orbem</span> <span class='ocrx_word' id='word_1_12' title='bbox 702 561 861 611; x_wconf 86' lang='lat' dir='ltr'>tanto</span> <span class='ocrx_word' id='word_1_13' title='bbox 913 559 1265 616; x_wconf 82' lang='lat' dir='ltr'>auctoritatis</span> <span class='ocrx_word' id='word_1_14' title='bbox 1310 563 1560 618; x_wconf 87' lang='lat' dir='ltr'>culmine</span> <span class='ocrx_word' id='word_1_15' title='bbox 1602 566 1866 621; x_wconf 89' lang='lat' dir='ltr'>omnium</span> 
     </span>
    </p>
   </div>
   <div class='ocr_carea' id='block_1_4' title="bbox 167 643 1863 725">
    <p class='ocr_par' dir='ltr' id='par_1_4' title="bbox 167 643 1863 725">
     <span class='ocr_line' id='line_1_4' title="bbox 167 643 1863 725; baseline 0.007 -28"><span class='ocrx_word' id='word_1_16' title='bbox 167 643 433 698; x_wconf 82' lang='lat' dir='ltr'>falsarum</span> <span class='ocrx_word' id='word_1_17' title='bbox 481 646 975 718; x_wconf 88' lang='lat' dir='ltr'>superbarumque</span> <span class='ocrx_word' id='word_1_18' title='bbox 1010 648 1390 705; x_wconf 91' lang='lat' dir='ltr'>doctrinaram</span> <span class='ocrx_word' id='word_1_19' title='bbox 1423 652 1592 707; x_wconf 85' lang='lat' dir='ltr'>verba</span> <span class='ocrx_word' id='word_1_20' title='bbox 1628 671 1863 725; x_wconf 87' lang='lat' dir='ltr'>supera-</span> 
     </span>
    </p>
   </div>
   <div class='ocr_carea' id='block_1_5' title="bbox 167 734 1866 815">
    <p class='ocr_par' dir='ltr' id='par_1_5' title="bbox 167 734 1866 815">
     <span class='ocr_line' id='line_1_5' title="bbox 167 734 1866 815; baseline 0.006 -28"><span class='ocrx_word' id='word_1_21' title='bbox 167 737 327 789; x_wconf 71' lang='lat' dir='ltr'>turaa.</span> <span class='ocrx_word' id='word_1_22' title='bbox 358 734 574 789; x_wconf 84' lang='lat' dir='ltr'>Vellem</span> <span class='ocrx_word' id='word_1_23' title='bbox 627 736 861 808; x_wconf 80' lang='lat' dir='ltr'>quippe,</span> <span class='ocrx_word' id='word_1_24' title='bbox 912 737 959 790; x_wconf 89' lang='lat' dir='ltr'>si</span> <span class='ocrx_word' id='word_1_25' title='bbox 1005 742 1140 793; x_wconf 89' lang='lat' dir='ltr'>tunc</span> <span class='ocrx_word' id='word_1_26' title='bbox 1178 756 1284 810; x_wconf 91' lang='lat' dir='ltr'>ego</span> <span class='ocrx_word' id='word_1_27' title='bbox 1317 757 1503 797; x_wconf 81' lang='lat' dir='ltr'>essem</span> <span class='ocrx_word' id='word_1_28' title='bbox 1533 744 1748 815; x_wconf 77' lang='lat' dir='ltr'>Moyses</span> <span class='ocrx_word' id='word_1_29' title='bbox 1782 746 1866 812; x_wconf 88' lang='lat' dir='ltr'>(ex</span> 
     </span>
    </p>
   </div>
   <div class='ocr_carea' id='block_1_6' title="bbox 169 823 1869 903">
    <p class='ocr_par' dir='ltr' id='par_1_6' title="bbox 169 823 1869 903">
     <span class='ocr_line' id='line_1_6' title="bbox 169 823 1869 903; baseline 0.004 -26"><span class='ocrx_word' id='word_1_30' title='bbox 169 823 367 878; x_wconf 90' lang='lat' dir='ltr'>eadem</span> <span class='ocrx_word' id='word_1_31' title='bbox 397 840 646 895; x_wconf 86' lang='lat' dir='ltr'>namque</span> <span class='ocrx_word' id='word_1_32' title='bbox 676 841 860 878; x_wconf 82' lang='lat' dir='ltr'>massa</span> <span class='ocrx_word' id='word_1_33' title='bbox 900 842 1097 881; x_wconf 89' lang='lat' dir='ltr'>omnes</span> <span class='ocrx_word' id='word_1_34' title='bbox 1141 828 1433 896; x_wconf 86' lang='lat' dir='ltr'>venimus;</span> <span class='ocrx_word' id='word_1_35' title='bbox 1487 834 1541 885; x_wconf 89' lang='lat' dir='ltr'>et</span> <span class='ocrx_word' id='word_1_36' title='bbox 1598 831 1735 903; x_wconf 89' lang='lat' dir='ltr'>quid</span> <span class='ocrx_word' id='word_1_37' title='bbox 1785 837 1869 885; x_wconf 81' lang='lat' dir='ltr'>est</span> 
     </span>
    </p>
   </div>
   <div class='ocr_carea' id='block_1_7' title="bbox 168 912 1865 988">
    <p class='ocr_par' dir='ltr' id='par_1_7' title="bbox 168 912 1865 988">
     <span class='ocr_line' id='line_1_7' title="bbox 168 912 1865 988; baseline 0.005 -23"><span class='ocrx_word' id='word_1_38' title='bbox 168 912 361 979; x_wconf 90' lang='lat' dir='ltr'>homo,</span> <span class='ocrx_word' id='word_1_39' title='bbox 387 912 498 966; x_wconf 89' lang='lat' dir='ltr'>nisi</span> <span class='ocrx_word' id='word_1_40' title='bbox 528 912 664 984; x_wconf 83' lang='lat' dir='ltr'>quia</span> <span class='ocrx_word' id='word_1_41' title='bbox 683 929 905 967; x_wconf 89' lang='lat' dir='ltr'>memor</span> <span class='ocrx_word' id='word_1_42' title='bbox 927 930 986 967; x_wconf 92' lang='lat' dir='ltr'>es</span> <span class='ocrx_word' id='word_1_43' title='bbox 1018 915 1177 985; x_wconf 82' lang='lat' dir='ltr'>ejus?</span> <span class='ocrx_word' id='word_1_44' title='bbox 1207 916 1374 985; x_wconf 80' lang='lat' dir='ltr'>[Psal.</span> <span class='ocrx_word' id='word_1_45' title='bbox 1397 934 1513 985; x_wconf 85' lang='lat' dir='ltr'>vm,</span> <span class='ocrx_word' id='word_1_46' title='bbox 1540 918 1639 988; x_wconf 77' lang='lat'>5]),</span> <span class='ocrx_word' id='word_1_47' title='bbox 1662 920 1865 973; x_wconf 86' lang='lat' dir='ltr'>vellem</span> 
     </span>
    </p>
   </div>
   <div class='ocr_carea' id='block_1_8' title="bbox 169 1000 1869 1074">
    <p class='ocr_par' dir='ltr' id='par_1_8' title="bbox 169 1000 1869 1074">
     <span class='ocr_line' id='line_1_8' title="bbox 169 1000 1869 1074; baseline 0.005 -20"><span class='ocrx_word' id='word_1_48' title='bbox 169 1016 325 1071; x_wconf 87' lang='lat' dir='ltr'>ergo,</span> <span class='ocrx_word' id='word_1_49' title='bbox 358 1000 405 1054; x_wconf 89' lang='lat' dir='ltr'>si</span> <span class='ocrx_word' id='word_1_50' title='bbox 435 1004 573 1055; x_wconf 89' lang='lat' dir='ltr'>tunc</span> <span class='ocrx_word' id='word_1_51' title='bbox 603 1018 709 1072; x_wconf 91' lang='lat' dir='ltr'>ego</span> <span class='ocrx_word' id='word_1_52' title='bbox 741 1018 921 1056; x_wconf 91' lang='lat' dir='ltr'>essem</span> <span class='ocrx_word' id='word_1_53' title='bbox 955 1003 1111 1074; x_wconf 91' lang='lat' dir='ltr'>quod</span> <span class='ocrx_word' id='word_1_54' title='bbox 1144 1003 1259 1070; x_wconf 89' lang='lat' dir='ltr'>ille,</span> <span class='ocrx_word' id='word_1_55' title='bbox 1292 1010 1348 1059; x_wconf 92' lang='lat' dir='ltr'>et</span> <span class='ocrx_word' id='word_1_56' title='bbox 1385 1005 1523 1060; x_wconf 89' lang='lat' dir='ltr'>mihi</span> <span class='ocrx_word' id='word_1_57' title='bbox 1556 1006 1655 1061; x_wconf 91' lang='lat' dir='ltr'>abs</span> <span class='ocrx_word' id='word_1_58' title='bbox 1682 1011 1737 1061; x_wconf 89' lang='lat' dir='ltr'>te</span> <span class='ocrx_word' id='word_1_59' title='bbox 1768 1008 1869 1062; x_wconf 88' lang='lat' dir='ltr'>Gc-</span> 
     </span>
    </p>
   </div>
   <div class='ocr_carea' id='block_1_9' title="bbox 170 1084 1867 1162">
    <p class='ocr_par' dir='ltr' id='par_1_9' title="bbox 170 1084 1867 1162">
     <span class='ocr_line' id='line_1_9' title="bbox 170 1084 1867 1162; baseline 0.004 -19"><span class='ocrx_word' id='word_1_60' title='bbox 170 1105 367 1144; x_wconf 88' lang='lat' dir='ltr'>neseos</span> <span class='ocrx_word' id='word_1_61' title='bbox 396 1088 542 1143; x_wconf 90' lang='lat' dir='ltr'>liber</span> <span class='ocrx_word' id='word_1_62' title='bbox 568 1084 897 1144; x_wconf 78' lang='lat' dir='ltr'>scribendas</span> <span class='ocrx_word' id='word_1_63' title='bbox 925 1089 1344 1162; x_wconf 82' lang='lat' dir='ltr'>injungeretur,</span> <span class='ocrx_word' id='word_1_64' title='bbox 1378 1097 1550 1148; x_wconf 83' lang='lat' dir='ltr'>talem</span> <span class='ocrx_word' id='word_1_65' title='bbox 1579 1094 1724 1149; x_wconf 91' lang='lat' dir='ltr'>mihi</span> <span class='ocrx_word' id='word_1_66' title='bbox 1750 1097 1867 1150; x_wconf 90' lang='lat' dir='ltr'>elo-</span> 
     </span>
    </p>
   </div>
   <div class='ocr_carea' id='block_1_10' title="bbox 169 1175 1869 1248">
    <p class='ocr_par' dir='ltr' id='par_1_10' title="bbox 169 1175 1869 1248">
     <span class='ocr_line' id='line_1_10' title="bbox 169 1175 1869 1248; baseline 0.005 -17"><span class='ocrx_word' id='word_1_67' title='bbox 169 1175 385 1248; x_wconf 89' lang='lat' dir='ltr'>quendi</span> <span class='ocrx_word' id='word_1_68' title='bbox 416 1176 741 1231; x_wconf 83' lang='lat' dir='ltr'>facultatem</span> <span class='ocrx_word' id='word_1_69' title='bbox 766 1176 909 1245; x_wconf 89' lang='lat' dir='ltr'>dari,</span> <span class='ocrx_word' id='word_1_70' title='bbox 940 1183 995 1233; x_wconf 90' lang='lat' dir='ltr'>et</span> <span class='ocrx_word' id='word_1_71' title='bbox 1020 1195 1149 1233; x_wconf 89' lang='lat' dir='ltr'>eum</span> <span class='ocrx_word' id='word_1_72' title='bbox 1178 1180 1405 1235; x_wconf 81' lang='lat' dir='ltr'>texendi</span> <span class='ocrx_word' id='word_1_73' title='bbox 1445 1182 1727 1237; x_wconf 83' lang='lat' dir='ltr'>sermonis</span> <span class='ocrx_word' id='word_1_74' title='bbox 1750 1199 1869 1239; x_wconf 83' lang='lat' dir='ltr'>mo-</span> 
     </span>
    </p>
   </div>
   <div class='ocr_carea' id='block_1_11' title="bbox 172 1264 1866 1341">
    <p class='ocr_par' dir='ltr' id='par_1_11' title="bbox 172 1264 1866 1341">
     <span class='ocr_line' id='line_1_11' title="bbox 172 1264 1866 1341; baseline 0.004 -22"><span class='ocrx_word' id='word_1_75' title='bbox 172 1264 328 1333; x_wconf 91' lang='lat' dir='ltr'>dum,</span> <span class='ocrx_word' id='word_1_76' title='bbox 360 1269 428 1321; x_wconf 90' lang='lat' dir='ltr'>ut</span> <span class='ocrx_word' id='word_1_77' title='bbox 466 1281 652 1337; x_wconf 89' lang='lat' dir='ltr'>neque</span> <span class='ocrx_word' id='word_1_78' title='bbox 694 1266 778 1320; x_wconf 92' lang='lat' dir='ltr'>illi</span> <span class='ocrx_word' id='word_1_79' title='bbox 823 1267 924 1338; x_wconf 87' lang='lat' dir='ltr'>qui</span> <span class='ocrx_word' id='word_1_80' title='bbox 969 1267 1231 1322; x_wconf 92' lang='lat' dir='ltr'>nondum</span> <span class='ocrx_word' id='word_1_81' title='bbox 1281 1274 1502 1339; x_wconf 90' lang='lat' dir='ltr'>queunt</span> <span class='ocrx_word' id='word_1_82' title='bbox 1547 1270 1866 1341; x_wconf 89' lang='lat' dir='ltr'>intelligere</span> 
     </span>
    </p>
   </div>
   <div class='ocr_carea' id='block_1_12' title="bbox 171 1356 1868 1429">
    <p class='ocr_par' dir='ltr' id='par_1_12' title="bbox 171 1356 1868 1429">
     <span class='ocr_line' id='line_1_12' title="bbox 171 1356 1868 1429; baseline 0.004 -21"><span class='ocrx_word' id='word_1_83' title='bbox 171 1356 652 1426; x_wconf 83' lang='lat' dir='ltr'>quemadmodum</span> <span class='ocrx_word' id='word_1_84' title='bbox 685 1357 833 1410; x_wconf 88' lang='lat' dir='ltr'>Deus</span> <span class='ocrx_word' id='word_1_85' title='bbox 864 1362 1038 1423; x_wconf 87' lang='lat' dir='ltr'>creat,</span> <span class='ocrx_word' id='word_1_86' title='bbox 1069 1362 1344 1429; x_wconf 90' lang='lat' dir='ltr'>tanquam</span> <span class='ocrx_word' id='word_1_87' title='bbox 1365 1359 1694 1414; x_wconf 82' lang='lat' dir='ltr'>excedentia</span> <span class='ocrx_word' id='word_1_88' title='bbox 1721 1360 1868 1415; x_wconf 87' lang='lat' dir='ltr'>vires</span> 
     </span>
    </p>
   </div>
   <div class='ocr_carea' id='block_1_13' title="bbox 170 1444 1869 1518">
    <p class='ocr_par' dir='ltr' id='par_1_13' title="bbox 170 1444 1869 1518">
     <span class='ocr_line' id='line_1_13' title="bbox 170 1444 1869 1518; baseline 0.004 -21"><span class='ocrx_word' id='word_1_89' title='bbox 170 1460 298 1498; x_wconf 88' lang='lat' dir='ltr'>suas</span> <span class='ocrx_word' id='word_1_90' title='bbox 318 1444 467 1499; x_wconf 88' lang='lat' dir='ltr'>dicta</span> <span class='ocrx_word' id='word_1_91' title='bbox 498 1449 857 1511; x_wconf 88' lang='lat' dir='ltr'>recusarent;</span> <span class='ocrx_word' id='word_1_92' title='bbox 891 1448 945 1499; x_wconf 90' lang='lat' dir='ltr'>et</span> <span class='ocrx_word' id='word_1_93' title='bbox 972 1445 1056 1499; x_wconf 92' lang='lat' dir='ltr'>illi</span> <span class='ocrx_word' id='word_1_94' title='bbox 1087 1445 1187 1516; x_wconf 90' lang='lat' dir='ltr'>qui</span> <span class='ocrx_word' id='word_1_95' title='bbox 1218 1446 1327 1500; x_wconf 93' lang='lat' dir='ltr'>hoc</span> <span class='ocrx_word' id='word_1_96' title='bbox 1348 1447 1469 1517; x_wconf 90' lang='lat' dir='ltr'>jam</span> <span class='ocrx_word' id='word_1_97' title='bbox 1517 1453 1777 1518; x_wconf 90' lang='lat' dir='ltr'>possunt,</span> <span class='ocrx_word' id='word_1_98' title='bbox 1808 1447 1869 1503; x_wconf 91' lang='lat' dir='ltr'>in</span> 
     </span>
    </p>
   </div>
   <div class='ocr_carea' id='block_1_14' title="bbox 168 1533 1869 1605">
    <p class='ocr_par' dir='ltr' id='par_1_14' title="bbox 168 1533 1869 1605">
     <span class='ocr_line' id='line_1_14' title="bbox 168 1533 1869 1605; baseline 0.004 -19"><span class='ocrx_word' id='word_1_99' title='bbox 168 1533 487 1603; x_wconf 87' lang='lat' dir='ltr'>quamlibet</span> <span class='ocrx_word' id='word_1_100' title='bbox 506 1548 697 1587; x_wconf 85' lang='lat' dir='ltr'>veram</span> <span class='ocrx_word' id='word_1_101' title='bbox 719 1533 1057 1588; x_wconf 87' lang='lat' dir='ltr'>sententiam</span> <span class='ocrx_word' id='word_1_102' title='bbox 1084 1535 1387 1603; x_wconf 84' lang='lat' dir='ltr'>cogitando</span> <span class='ocrx_word' id='word_1_103' title='bbox 1404 1536 1709 1605; x_wconf 88' lang='lat' dir='ltr'>venissent,</span> <span class='ocrx_word' id='word_1_104' title='bbox 1742 1552 1869 1591; x_wconf 90' lang='lat' dir='ltr'>eam</span> 
     </span>
    </p>
   </div>
   <div class='ocr_carea' id='block_1_15' title="bbox 171 1621 1871 1694">
    <p class='ocr_par' dir='ltr' id='par_1_15' title="bbox 171 1621 1871 1694">
     <span class='ocr_line' id='line_1_15' title="bbox 171 1621 1871 1694; baseline 0.002 -20"><span class='ocrx_word' id='word_1_105' title='bbox 171 1637 287 1675; x_wconf 93' lang='lat' dir='ltr'>non</span> <span class='ocrx_word' id='word_1_106' title='bbox 315 1621 762 1692; x_wconf 66' lang='lat' dir='ltr'>praetermissam</span> <span class='ocrx_word' id='word_1_107' title='bbox 796 1621 855 1676; x_wconf 93' lang='lat' dir='ltr'>in</span> <span class='ocrx_word' id='word_1_108' title='bbox 879 1624 1073 1693; x_wconf 85' lang='lat' dir='ltr'>paucis</span> <span class='ocrx_word' id='word_1_109' title='bbox 1103 1622 1290 1677; x_wconf 82' lang='lat' dir='ltr'>verbis</span> <span class='ocrx_word' id='word_1_110' title='bbox 1317 1622 1401 1677; x_wconf 91' lang='lat' dir='ltr'>tui</span> <span class='ocrx_word' id='word_1_111' title='bbox 1431 1622 1633 1678; x_wconf 85' lang='lat' dir='ltr'>famuli</span> <span class='ocrx_word' id='word_1_112' title='bbox 1660 1623 1871 1694; x_wconf 89' lang='lat' dir='ltr'>reperi-</span> 
     </span>
    </p>
   </div>
   <div class='ocr_carea' id='block_1_16' title="bbox 167 1708 1866 1778">
    <p class='ocr_par' dir='ltr' id='par_1_16' title="bbox 167 1708 1866 1778">
     <span class='ocr_line' id='line_1_16' title="bbox 167 1708 1866 1778; baseline -0.001 -14"><span class='ocrx_word' id='word_1_113' title='bbox 167 1713 330 1776; x_wconf 91' lang='lat' dir='ltr'>rent;</span> <span class='ocrx_word' id='word_1_114' title='bbox 362 1714 420 1763; x_wconf 92' lang='lat' dir='ltr'>et</span> <span class='ocrx_word' id='word_1_115' title='bbox 448 1708 495 1762; x_wconf 89' lang='lat' dir='ltr'>si</span> <span class='ocrx_word' id='word_1_116' title='bbox 526 1709 670 1763; x_wconf 88' lang='lat' dir='ltr'>alius</span> <span class='ocrx_word' id='word_1_117' title='bbox 699 1709 869 1765; x_wconf 91' lang='lat' dir='ltr'>aliam</span> <span class='ocrx_word' id='word_1_118' title='bbox 905 1710 1133 1764; x_wconf 86' lang='lat' dir='ltr'>vidisset</span> <span class='ocrx_word' id='word_1_119' title='bbox 1172 1710 1235 1764; x_wconf 91' lang='lat' dir='ltr'>in</span> <span class='ocrx_word' id='word_1_120' title='bbox 1274 1711 1398 1765; x_wconf 93' lang='lat' dir='ltr'>luce</span> <span class='ocrx_word' id='word_1_121' title='bbox 1444 1711 1717 1778; x_wconf 86' lang='lat' dir='ltr'>veritatis,</span> <span class='ocrx_word' id='word_1_122' title='bbox 1762 1726 1866 1765; x_wconf 85' lang='lat' dir='ltr'>nec</span> 
     </span>
    </p>
   </div>
   <div class='ocr_carea' id='block_1_17' title="bbox 169 1796 1521 1869">
    <p class='ocr_par' dir='ltr' id='par_1_17' title="bbox 169 1796 1521 1869">
     <span class='ocr_line' id='line_1_17' title="bbox 169 1796 1521 1869; baseline 0.001 -17"><span class='ocrx_word' id='word_1_123' title='bbox 169 1799 296 1869; x_wconf 88' lang='lat' dir='ltr'>ipsa</span> <span class='ocrx_word' id='word_1_124' title='bbox 321 1799 385 1852; x_wconf 89' lang='lat' dir='ltr'>in</span> <span class='ocrx_word' id='word_1_125' title='bbox 423 1796 637 1853; x_wconf 90' lang='lat' dir='ltr'>eisdem</span> <span class='ocrx_word' id='word_1_126' title='bbox 667 1798 851 1853; x_wconf 77' lang='lat' dir='ltr'>verbis</span> <span class='ocrx_word' id='word_1_127' title='bbox 880 1797 1252 1868; x_wconf 89' lang='lat' dir='ltr'>intelligenda</span> <span class='ocrx_word' id='word_1_128' title='bbox 1281 1798 1521 1855; x_wconf 88' lang='lat' dir='ltr'>deesset.</span> 
     </span>
    </p>
   </div>
   <div class='ocr_carea' id='block_1_18' title="bbox 793 1888 1250 1943">
    <p class='ocr_par' dir='ltr' id='par_1_18' title="bbox 793 1888 1250 1943">
     <span class='ocr_line' id='line_1_18' title="bbox 793 1888 1250 1943; baseline 0 -1"><span class='ocrx_word' id='word_1_129' title='bbox 793 1888 1016 1942; x_wconf 83' lang='lat' dir='ltr'><strong>CAPUT</strong></span> <span class='ocrx_word' id='word_1_130' title='bbox 1045 1888 1250 1943; x_wconf 84' lang='lat' dir='ltr'>XXVII.</span> 
     </span>
    </p>
   </div>
   <div class='ocr_carea' id='block_1_19' title="bbox 200 1976 1831 2046">
    <p class='ocr_par' dir='ltr' id='par_1_19' title="bbox 200 1976 1831 2046">
     <span class='ocr_line' id='line_1_19' title="bbox 200 1976 1831 2046; baseline 0 -15"><span class='ocrx_word' id='word_1_131' title='bbox 200 1978 550 2046; x_wconf 80' lang='lat' dir='ltr'>Scripturam</span> <span class='ocrx_word' id='word_1_132' title='bbox 577 1976 723 2030; x_wconf 81' lang='lat' dir='ltr'>decet</span> <span class='ocrx_word' id='word_1_133' title='bbox 743 1976 942 2030; x_wconf 83' lang='lat' dir='ltr'>humile</span> <span class='ocrx_word' id='word_1_134' title='bbox 972 1978 1308 2045; x_wconf 63' lang='lat' dir='ltr'>simplexque</span> <span class='ocrx_word' id='word_1_135' title='bbox 1335 1977 1617 2031; x_wconf 83' lang='lat' dir='ltr'>verborum</span> <span class='ocrx_word' id='word_1_136' title='bbox 1644 1992 1831 2043; x_wconf 86' lang='lat' dir='ltr'>genus.</span> 
     </span>
    </p>
   </div>
   <div class='ocr_carea' id='block_1_20' title="bbox 240 2064 1868 2136">
    <p class='ocr_par' dir='ltr' id='par_1_20' title="bbox 240 2064 1868 2136">
     <span class='ocr_line' id='line_1_20' title="bbox 240 2064 1868 2136; baseline 0.001 -17"><span class='ocrx_word' id='word_1_137' title='bbox 240 2068 330 2120; x_wconf 84' lang='lat'>3&#39;7.</span> <span class='ocrx_word' id='word_1_138' title='bbox 365 2064 520 2119; x_wconf 89' lang='lat' dir='ltr'>Sicut</span> <span class='ocrx_word' id='word_1_139' title='bbox 552 2064 707 2119; x_wconf 89' lang='lat' dir='ltr'>enim</span> <span class='ocrx_word' id='word_1_140' title='bbox 736 2064 863 2119; x_wconf 90' lang='lat' dir='ltr'>fons</span> <span class='ocrx_word' id='word_1_141' title='bbox 888 2064 944 2118; x_wconf 89' lang='lat' dir='ltr'>in</span> <span class='ocrx_word' id='word_1_142' title='bbox 967 2080 1142 2135; x_wconf 91' lang='lat' dir='ltr'>parvo</span> <span class='ocrx_word' id='word_1_143' title='bbox 1172 2065 1296 2119; x_wconf 92' lang='lat' dir='ltr'>loco</span> <span class='ocrx_word' id='word_1_144' title='bbox 1328 2065 1563 2120; x_wconf 85' lang='lat' dir='ltr'>uberior</span> <span class='ocrx_word' id='word_1_145' title='bbox 1604 2070 1707 2132; x_wconf 90' lang='lat' dir='ltr'>est,</span> <span class='ocrx_word' id='word_1_146' title='bbox 1741 2066 1868 2136; x_wconf 91' lang='lat' dir='ltr'>plu-</span> 
     </span>
    </p>
   </div>
   <div class='ocr_carea' id='block_1_21' title="bbox 171 2152 1870 2227">
    <p class='ocr_par' dir='ltr' id='par_1_21' title="bbox 171 2152 1870 2227">
     <span class='ocr_line' id='line_1_21' title="bbox 171 2152 1870 2227; baseline 0 -20"><span class='ocrx_word' id='word_1_147' title='bbox 171 2154 448 2227; x_wconf 80' lang='lat' dir='ltr'>ribusque</span> <span class='ocrx_word' id='word_1_148' title='bbox 472 2152 609 2208; x_wconf 87' lang='lat' dir='ltr'>rivis</span> <span class='ocrx_word' id='word_1_149' title='bbox 645 2152 706 2207; x_wconf 92' lang='lat' dir='ltr'>in</span> <span class='ocrx_word' id='word_1_150' title='bbox 757 2153 1039 2224; x_wconf 88' lang='lat' dir='ltr'>ampliora</span> <span class='ocrx_word' id='word_1_151' title='bbox 1086 2153 1269 2223; x_wconf 86' lang='lat' dir='ltr'>spatia</span> <span class='ocrx_word' id='word_1_152' title='bbox 1315 2152 1534 2208; x_wconf 86' lang='lat' dir='ltr'>ﬂuxum</span> <span class='ocrx_word' id='word_1_153' title='bbox 1564 2152 1870 2220; x_wconf 89' lang='lat' dir='ltr'>ministrat,</span> 
     </span>
    </p>
   </div>
   <div class='ocr_carea' id='block_1_22' title="bbox 170 2240 1873 2316">
    <p class='ocr_par' dir='ltr' id='par_1_22' title="bbox 170 2240 1873 2316">
     <span class='ocr_line' id='line_1_22' title="bbox 170 2240 1873 2316; baseline 0.001 -21"><span class='ocrx_word' id='word_1_154' title='bbox 170 2258 349 2313; x_wconf 90' lang='lat' dir='ltr'>quam</span> <span class='ocrx_word' id='word_1_155' title='bbox 368 2240 613 2313; x_wconf 89' lang='lat' dir='ltr'>quilibet</span> <span class='ocrx_word' id='word_1_156' title='bbox 634 2257 834 2296; x_wconf 90' lang='lat' dir='ltr'>eorum</span> <span class='ocrx_word' id='word_1_157' title='bbox 849 2240 1126 2308; x_wconf 88' lang='lat' dir='ltr'>rivorum,</span> <span class='ocrx_word' id='word_1_158' title='bbox 1148 2241 1248 2313; x_wconf 88' lang='lat' dir='ltr'>qui</span> <span class='ocrx_word' id='word_1_159' title='bbox 1275 2257 1380 2312; x_wconf 89' lang='lat' dir='ltr'>per</span> <span class='ocrx_word' id='word_1_160' title='bbox 1407 2242 1588 2316; x_wconf 77' lang='lat' dir='ltr'>multa</span> <span class='ocrx_word' id='word_1_161' title='bbox 1615 2242 1873 2296; x_wconf 88' lang='lat' dir='ltr'>locorum</span> 
     </span>
    </p>
   </div>
   <div class='ocr_carea' id='block_1_23' title="bbox 170 2329 1873 2402">
    <p class='ocr_par' dir='ltr' id='par_1_23' title="bbox 170 2329 1873 2402">
     <span class='ocr_line' id='line_1_23' title="bbox 170 2329 1873 2402; baseline 0 -17"><span class='ocrx_word' id='word_1_162' title='bbox 170 2330 240 2385; x_wconf 88' lang='lat' dir='ltr'>ab</span> <span class='ocrx_word' id='word_1_163' title='bbox 271 2330 471 2385; x_wconf 88' lang='lat' dir='ltr'>eodem</span> <span class='ocrx_word' id='word_1_164' title='bbox 510 2329 663 2385; x_wconf 89' lang='lat' dir='ltr'>fonte</span> <span class='ocrx_word' id='word_1_165' title='bbox 698 2330 1031 2397; x_wconf 90' lang='lat' dir='ltr'>deducitur;</span> <span class='ocrx_word' id='word_1_166' title='bbox 1065 2330 1145 2385; x_wconf 88' lang='lat' dir='ltr'>ita</span> <span class='ocrx_word' id='word_1_167' title='bbox 1187 2330 1438 2385; x_wconf 90' lang='lat' dir='ltr'>narratio</span> <span class='ocrx_word' id='word_1_168' title='bbox 1468 2331 1873 2402; x_wconf 89' lang='lat' dir='ltr'>dispensatoris</span> 
     </span>
    </p>
   </div>
   <div class='ocr_carea' id='block_1_24' title="bbox 172 2418 1871 2489">
    <p class='ocr_par' dir='ltr' id='par_1_24' title="bbox 172 2418 1871 2489">
     <span class='ocr_line' id='line_1_24' title="bbox 172 2418 1871 2489; baseline 0.001 -17"><span class='ocrx_word' id='word_1_169' title='bbox 172 2418 259 2473; x_wconf 92' lang='lat' dir='ltr'>tui</span> <span class='ocrx_word' id='word_1_170' title='bbox 286 2418 749 2473; x_wconf 89' lang='lat' dir='ltr'>sermocinaturis</span> <span class='ocrx_word' id='word_1_171' title='bbox 780 2418 1042 2489; x_wconf 88' lang='lat' dir='ltr'>pluribus</span> <span class='ocrx_word' id='word_1_172' title='bbox 1080 2419 1399 2489; x_wconf 88' lang='lat' dir='ltr'>profutura,</span> <span class='ocrx_word' id='word_1_173' title='bbox 1447 2435 1623 2489; x_wconf 90' lang='lat' dir='ltr'>parvo</span> <span class='ocrx_word' id='word_1_174' title='bbox 1653 2435 1871 2474; x_wconf 87' lang='lat' dir='ltr'>sermo-</span> 
     </span>
    </p>
   </div>
   <div class='ocr_carea' id='block_1_25' title="bbox 170 2506 1869 2578">
    <p class='ocr_par' dir='ltr' id='par_1_25' title="bbox 170 2506 1869 2578">
     <span class='ocr_line' id='line_1_25' title="bbox 170 2506 1869 2578; baseline 0 -17"><span class='ocrx_word' id='word_1_175' title='bbox 170 2507 258 2562; x_wconf 90' lang='lat' dir='ltr'>nis</span> <span class='ocrx_word' id='word_1_176' title='bbox 288 2507 521 2564; x_wconf 90' lang='lat' dir='ltr'>modulo</span> <span class='ocrx_word' id='word_1_177' title='bbox 548 2510 722 2562; x_wconf 83' lang='lat' dir='ltr'>scatet</span> <span class='ocrx_word' id='word_1_178' title='bbox 750 2506 967 2562; x_wconf 86' lang='lat' dir='ltr'>ﬂuenta</span> <span class='ocrx_word' id='word_1_179' title='bbox 991 2506 1227 2578; x_wconf 69' lang='lat' dir='ltr'>liquida:</span> <span class='ocrx_word' id='word_1_180' title='bbox 1249 2507 1505 2562; x_wconf 89' lang='lat' dir='ltr'>veritatis</span> <span class='ocrx_word' id='word_1_181' title='bbox 1529 2524 1542 2562; x_wconf 92' lang='lat'><strong>:</strong></span> <span class='ocrx_word' id='word_1_182' title='bbox 1575 2508 1729 2562; x_wconf 90' lang='lat' dir='ltr'>unde</span> <span class='ocrx_word' id='word_1_183' title='bbox 1757 2507 1869 2561; x_wconf 91' lang='lat' dir='ltr'>sibi</span> 
     </span>
    </p>
   </div>
   <div class='ocr_carea' id='block_1_26' title="bbox 167 2595 1869 2669">
    <p class='ocr_par' dir='ltr' id='par_1_26' title="bbox 167 2595 1869 2669">
     <span class='ocr_line' id='line_1_26' title="bbox 167 2595 1869 2669; baseline 0 -19"><span class='ocrx_word' id='word_1_184' title='bbox 167 2596 412 2669; x_wconf 88' lang='lat' dir='ltr'>quisque</span> <span class='ocrx_word' id='word_1_185' title='bbox 438 2612 638 2651; x_wconf 89' lang='lat' dir='ltr'>verum</span> <span class='ocrx_word' id='word_1_186' title='bbox 658 2596 811 2667; x_wconf 89' lang='lat' dir='ltr'>quod</span> <span class='ocrx_word' id='word_1_187' title='bbox 835 2596 903 2651; x_wconf 92' lang='lat' dir='ltr'>de</span> <span class='ocrx_word' id='word_1_188' title='bbox 931 2595 1020 2650; x_wconf 90' lang='lat' dir='ltr'>his</span> <span class='ocrx_word' id='word_1_189' title='bbox 1042 2596 1211 2651; x_wconf 90' lang='lat' dir='ltr'>rebus</span> <span class='ocrx_word' id='word_1_190' title='bbox 1226 2600 1432 2666; x_wconf 88' lang='lat' dir='ltr'>potest,</span> <span class='ocrx_word' id='word_1_191' title='bbox 1456 2596 1549 2651; x_wconf 91' lang='lat' dir='ltr'>hic</span> <span class='ocrx_word' id='word_1_192' title='bbox 1580 2597 1744 2667; x_wconf 90' lang='lat' dir='ltr'>illud,</span> <span class='ocrx_word' id='word_1_193' title='bbox 1769 2596 1869 2651; x_wconf 91' lang='lat' dir='ltr'>ille</span> 
     </span>
    </p>
   </div>
   <div class='ocr_carea' id='block_1_27' title="bbox 170 2683 1874 2758">
    <p class='ocr_par' dir='ltr' id='par_1_27' title="bbox 170 2683 1874 2758">
     <span class='ocr_line' id='line_1_27' title="bbox 170 2683 1874 2758; baseline -0.002 -18"><span class='ocrx_word' id='word_1_194' title='bbox 170 2686 335 2756; x_wconf 86' lang='lat' dir='ltr'>illud,</span> <span class='ocrx_word' id='word_1_195' title='bbox 368 2702 472 2758; x_wconf 91' lang='lat' dir='ltr'>per</span> <span class='ocrx_word' id='word_1_196' title='bbox 498 2685 791 2756; x_wconf 80' lang='lat' dir='ltr'>longiores</span> <span class='ocrx_word' id='word_1_197' title='bbox 819 2685 1181 2756; x_wconf 88' lang='lat' dir='ltr'>quuelarum</span> <span class='ocrx_word' id='word_1_198' title='bbox 1208 2686 1494 2739; x_wconf 83' lang='lat' dir='ltr'>anfractus</span> <span class='ocrx_word' id='word_1_199' title='bbox 1525 2684 1727 2738; x_wconf 86' lang='lat' dir='ltr'>trahat.</span> <span class='ocrx_word' id='word_1_200' title='bbox 1761 2683 1874 2738; x_wconf 91' lang='lat' dir='ltr'>Alii</span> 
     </span>
    </p>
   </div>
   <div class='ocr_carea' id='block_1_28' title="bbox 168 2772 1875 2845">
    <p class='ocr_par' dir='ltr' id='par_1_28' title="bbox 168 2772 1875 2845">
     <span class='ocr_line' id='line_1_28' title="bbox 168 2772 1875 2845; baseline -0.001 -17"><span class='ocrx_word' id='word_1_201' title='bbox 168 2773 327 2829; x_wconf 88' lang='lat' dir='ltr'>enim</span> <span class='ocrx_word' id='word_1_202' title='bbox 380 2788 510 2830; x_wconf 90' lang='lat' dir='ltr'>cum</span> <span class='ocrx_word' id='word_1_203' title='bbox 538 2774 660 2829; x_wconf 63' lang='lat' dir='ltr'>haec</span> <span class='ocrx_word' id='word_1_204' title='bbox 695 2774 869 2829; x_wconf 86' lang='lat' dir='ltr'>verba</span> <span class='ocrx_word' id='word_1_205' title='bbox 920 2774 1117 2845; x_wconf 90' lang='lat' dir='ltr'>legunt</span> <span class='ocrx_word' id='word_1_206' title='bbox 1172 2774 1260 2828; x_wconf 88' lang='lat' dir='ltr'>vel</span> <span class='ocrx_word' id='word_1_207' title='bbox 1293 2773 1572 2839; x_wconf 89' lang='lat' dir='ltr'>audiunt;</span> <span class='ocrx_word' id='word_1_208' title='bbox 1625 2772 1875 2842; x_wconf 90' lang='lat' dir='ltr'>cogitant</span> 
     </span>
    </p>
   </div>
   <div class='ocr_carea' id='block_1_29' title="bbox 174 2860 1872 2935">
    <p class='ocr_par' dir='ltr' id='par_1_29' title="bbox 174 2860 1872 2935">
     <span class='ocr_line' id='line_1_29' title="bbox 174 2860 1872 2935; baseline -0.002 -17"><span class='ocrx_word' id='word_1_209' title='bbox 174 2864 356 2918; x_wconf 90' lang='lat' dir='ltr'>Deum</span> <span class='ocrx_word' id='word_1_210' title='bbox 391 2863 556 2935; x_wconf 89' lang='lat' dir='ltr'>quasi</span> <span class='ocrx_word' id='word_1_211' title='bbox 584 2863 897 2931; x_wconf 90' lang='lat' dir='ltr'>hominem,</span> <span class='ocrx_word' id='word_1_212' title='bbox 926 2867 1023 2918; x_wconf 89' lang='lat' dir='ltr'>aut</span> <span class='ocrx_word' id='word_1_213' title='bbox 1051 2862 1213 2933; x_wconf 89' lang='lat' dir='ltr'>quasi</span> <span class='ocrx_word' id='word_1_214' title='bbox 1243 2862 1494 2933; x_wconf 90' lang='lat' dir='ltr'>aliquam</span> <span class='ocrx_word' id='word_1_215' title='bbox 1524 2862 1735 2916; x_wconf 89' lang='lat' dir='ltr'>molem</span> <span class='ocrx_word' id='word_1_216' title='bbox 1764 2860 1872 2914; x_wconf 77' lang='lat' dir='ltr'>im~</span> 
     </span>
    </p>
   </div>
   <div class='ocr_carea' id='block_1_30' title="bbox 171 2952 1875 3024">
    <p class='ocr_par' dir='ltr' id='par_1_30' title="bbox 171 2952 1875 3024">
     <span class='ocr_line' id='line_1_30' title="bbox 171 2952 1875 3024; baseline -0.002 -17"><span class='ocrx_word' id='word_1_217' title='bbox 171 2969 373 3007; x_wconf 87' lang='lat' dir='ltr'>mensa</span> <span class='ocrx_word' id='word_1_218' title='bbox 403 2952 704 3024; x_wconf 64' lang='lat' dir='ltr'>prmditam</span> <span class='ocrx_word' id='word_1_219' title='bbox 748 2956 1050 3023; x_wconf 79' lang='lat' dir='ltr'>potestate,</span> <span class='ocrx_word' id='word_1_220' title='bbox 1096 2968 1239 3006; x_wconf 93' lang='lat' dir='ltr'>novo</span> <span class='ocrx_word' id='word_1_221' title='bbox 1288 2952 1537 3022; x_wconf 89' lang='lat' dir='ltr'>quodam</span> <span class='ocrx_word' id='word_1_222' title='bbox 1578 2956 1635 3004; x_wconf 91' lang='lat' dir='ltr'>et</span> <span class='ocrx_word' id='word_1_223' title='bbox 1672 2966 1875 3020; x_wconf 84' lang='lat' dir='ltr'>repen-</span> 
     </span>
    </p>
   </div>
   <div class='ocr_carea' id='block_1_31' title="bbox 170 3038 1874 3113">
    <p class='ocr_par' dir='ltr' id='par_1_31' title="bbox 170 3038 1874 3113">
     <span class='ocr_line' id='line_1_31' title="bbox 170 3038 1874 3113; baseline -0.001 -19"><span class='ocrx_word' id='word_1_224' title='bbox 170 3043 298 3095; x_wconf 87' lang='lat' dir='ltr'>tino</span> <span class='ocrx_word' id='word_1_225' title='bbox 328 3042 557 3113; x_wconf 84' lang='lat' dir='ltr'>placito,</span> <span class='ocrx_word' id='word_1_226' title='bbox 589 3045 746 3096; x_wconf 80' lang='lat' dir='ltr'>extra</span> <span class='ocrx_word' id='word_1_227' title='bbox 777 3041 1021 3111; x_wconf 89' lang='lat' dir='ltr'>seipsam</span> <span class='ocrx_word' id='word_1_228' title='bbox 1050 3044 1327 3111; x_wconf 89' lang='lat' dir='ltr'>tanquam</span> <span class='ocrx_word' id='word_1_229' title='bbox 1370 3039 1507 3094; x_wconf 91' lang='lat' dir='ltr'>locis</span> <span class='ocrx_word' id='word_1_230' title='bbox 1537 3038 1874 3093; x_wconf 87' lang='lat' dir='ltr'>distantibus</span> 
     </span>
    </p>
   </div>
   <div class='ocr_carea' id='block_1_32' title="bbox 170 3131 1874 3200">
    <p class='ocr_par' dir='ltr' id='par_1_32' title="bbox 170 3131 1874 3200">
     <span class='ocr_line' id='line_1_32' title="bbox 170 3131 1874 3200; baseline -0.004 -14"><span class='ocrx_word' id='word_1_231' title='bbox 170 3132 373 3186; x_wconf 82' lang='lat' dir='ltr'>fecisse</span> <span class='ocrx_word' id='word_1_232' title='bbox 412 3131 619 3185; x_wconf 71' lang='lat' dir='ltr'>castum</span> <span class='ocrx_word' id='word_1_233' title='bbox 657 3134 713 3184; x_wconf 90' lang='lat' dir='ltr'>et</span> <span class='ocrx_word' id='word_1_234' title='bbox 743 3134 978 3200; x_wconf 90' lang='lat' dir='ltr'>terram,</span> <span class='ocrx_word' id='word_1_235' title='bbox 1012 3131 1125 3184; x_wconf 92' lang='lat' dir='ltr'>duo</span> <span class='ocrx_word' id='word_1_236' title='bbox 1166 3145 1375 3200; x_wconf 88' lang='lat' dir='ltr'>magna</span> <span class='ocrx_word' id='word_1_237' title='bbox 1420 3144 1660 3198; x_wconf 91' lang='lat' dir='ltr'>corpora</span> <span class='ocrx_word' id='word_1_238' title='bbox 1703 3144 1874 3197; x_wconf 87' lang='lat' dir='ltr'>supra</span> 
     </span>
    </p>
   </div>
   <div class='ocr_carea' id='block_1_33' title="bbox 169 3215 1871 3291">
    <p class='ocr_par' dir='ltr' id='par_1_33' title="bbox 169 3215 1871 3291">
     <span class='ocr_line' id='line_1_33' title="bbox 169 3215 1871 3291; baseline -0.002 -17"><span class='ocrx_word' id='word_1_239' title='bbox 169 3226 227 3275; x_wconf 86' lang='lat' dir='ltr'>et</span> <span class='ocrx_word' id='word_1_240' title='bbox 254 3220 429 3287; x_wconf 87' lang='lat' dir='ltr'>infra,</span> <span class='ocrx_word' id='word_1_241' title='bbox 452 3220 656 3291; x_wconf 89' lang='lat' dir='ltr'>quibus</span> <span class='ocrx_word' id='word_1_242' title='bbox 684 3219 879 3274; x_wconf 85' lang='lat' dir='ltr'>omnia</span> <span class='ocrx_word' id='word_1_243' title='bbox 896 3218 1344 3273; x_wconf 90' lang='lat' dir='ltr'>continerentur.</span> <span class='ocrx_word' id='word_1_244' title='bbox 1373 3219 1587 3271; x_wconf 85' lang='lat' dir='ltr'>Etcum</span> <span class='ocrx_word' id='word_1_245' title='bbox 1607 3215 1871 3283; x_wconf 88' lang='lat' dir='ltr'>audiunt,</span> 
     </span>
    </p>
   </div>
   <div class='ocr_carea' id='block_1_34' title="bbox 170 3305 1877 3375">
    <p class='ocr_par' dir='ltr' id='par_1_34' title="bbox 170 3305 1877 3375">
     <span class='ocr_line' id='line_1_34' title="bbox 170 3305 1877 3375; baseline -0.003 -12"><span class='ocrx_word' id='word_1_246' title='bbox 170 3309 334 3363; x_wconf 83' lang='lat' dir='ltr'>Dixit</span> <span class='ocrx_word' id='word_1_247' title='bbox 366 3309 532 3371; x_wconf 87' lang='lat' dir='ltr'>Deus,</span> <span class='ocrx_word' id='word_1_248' title='bbox 566 3308 689 3362; x_wconf 86' lang='lat' dir='ltr'>Fiat</span> <span class='ocrx_word' id='word_1_249' title='bbox 730 3308 893 3375; x_wconf 90' lang='lat' dir='ltr'>illud,</span> <span class='ocrx_word' id='word_1_250' title='bbox 944 3312 1001 3362; x_wconf 91' lang='lat' dir='ltr'>et</span> <span class='ocrx_word' id='word_1_251' title='bbox 1042 3308 1253 3361; x_wconf 91' lang='lat' dir='ltr'>factum</span> <span class='ocrx_word' id='word_1_252' title='bbox 1275 3311 1359 3361; x_wconf 90' lang='lat' dir='ltr'>est</span> <span class='ocrx_word' id='word_1_253' title='bbox 1404 3305 1589 3373; x_wconf 87' lang='lat' dir='ltr'>illud;</span> <span class='ocrx_word' id='word_1_254' title='bbox 1623 3308 1877 3375; x_wconf 90' lang='lat' dir='ltr'>cogitant</span> 
     </span>
    </p>
   </div>
   <div class='ocr_carea' id='block_1_35' title="bbox 169 3394 1876 3467">
    <p class='ocr_par' dir='ltr' id='par_1_35' title="bbox 169 3394 1876 3467">
     <span class='ocr_line' id='line_1_35' title="bbox 169 3394 1876 3467; baseline -0.001 -17"><span class='ocrx_word' id='word_1_255' title='bbox 169 3398 351 3452; x_wconf 89' lang='lat' dir='ltr'>verba</span> <span class='ocrx_word' id='word_1_256' title='bbox 409 3400 588 3467; x_wconf 60' lang='lat' dir='ltr'>coepta</span> <span class='ocrx_word' id='word_1_257' title='bbox 648 3400 704 3451; x_wconf 91' lang='lat' dir='ltr'>et</span> <span class='ocrx_word' id='word_1_258' title='bbox 750 3395 931 3464; x_wconf 84' lang='lat' dir='ltr'>ﬁnita,</span> <span class='ocrx_word' id='word_1_259' title='bbox 992 3394 1258 3449; x_wconf 87' lang='lat' dir='ltr'>sonantia</span> <span class='ocrx_word' id='word_1_260' title='bbox 1309 3394 1663 3465; x_wconf 89' lang='lat' dir='ltr'>temporibus</span> <span class='ocrx_word' id='word_1_261' title='bbox 1706 3398 1876 3464; x_wconf 90' lang='lat' dir='ltr'>atque</span> 
     </span>
    </p>
   </div>
   <div class='ocr_carea' id='block_1_36' title="bbox 170 3482 1875 3555">
    <p class='ocr_par' dir='ltr' id='par_1_36' title="bbox 170 3482 1875 3555">
     <span class='ocr_line' id='line_1_36' title="bbox 170 3482 1875 3555; baseline -0.003 -15"><span class='ocrx_word' id='word_1_262' title='bbox 170 3484 557 3551; x_wconf 74' lang='lat' dir='ltr'>transeuntis,</span> <span class='ocrx_word' id='word_1_263' title='bbox 590 3488 724 3555; x_wconf 88' lang='lat' dir='ltr'>post</span> <span class='ocrx_word' id='word_1_264' title='bbox 752 3499 998 3555; x_wconf 89' lang='lat' dir='ltr'>quorum</span> <span class='ocrx_word' id='word_1_265' title='bbox 1028 3482 1335 3537; x_wconf 72' lang='lat' dir='ltr'>transitum</span> <span class='ocrx_word' id='word_1_266' title='bbox 1367 3483 1560 3537; x_wconf 88' lang='lat' dir='ltr'>statim</span> <span class='ocrx_word' id='word_1_267' title='bbox 1590 3482 1875 3536; x_wconf 69' lang='lat' dir='ltr'>existerett</span> 
     </span>
    </p>
   </div>
   <div class='ocr_carea' id='block_1_37' title="bbox 170 3569 1876 3646">
    <p class='ocr_par' dir='ltr' id='par_1_37' title="bbox 170 3569 1876 3646">
     <span class='ocr_line' id='line_1_37' title="bbox 170 3569 1876 3646; baseline -0.002 -17"><span class='ocrx_word' id='word_1_268' title='bbox 170 3574 331 3646; x_wconf 89' lang='lat' dir='ltr'>quod</span> <span class='ocrx_word' id='word_1_269' title='bbox 361 3573 583 3645; x_wconf 79' lang='lat' dir='ltr'>iussum</span> <span class='ocrx_word' id='word_1_270' title='bbox 610 3576 693 3626; x_wconf 90' lang='lat' dir='ltr'>est</span> <span class='ocrx_word' id='word_1_271' title='bbox 721 3576 787 3627; x_wconf 91' lang='lat' dir='ltr'>ut</span> <span class='ocrx_word' id='word_1_272' title='bbox 816 3571 1081 3626; x_wconf 86' lang='lat' dir='ltr'>existeret</span> <span class='ocrx_word' id='word_1_273' title='bbox 1113 3588 1126 3626; x_wconf 92' lang='lat'><strong>:</strong></span> <span class='ocrx_word' id='word_1_274' title='bbox 1163 3575 1221 3626; x_wconf 92' lang='lat' dir='ltr'>et</span> <span class='ocrx_word' id='word_1_275' title='bbox 1265 3572 1311 3625; x_wconf 93' lang='lat' dir='ltr'>si</span> <span class='ocrx_word' id='word_1_276' title='bbox 1360 3571 1497 3642; x_wconf 91' lang='lat' dir='ltr'>quid</span> <span class='ocrx_word' id='word_1_277' title='bbox 1532 3572 1680 3626; x_wconf 93' lang='lat' dir='ltr'>forte</span> <span class='ocrx_word' id='word_1_278' title='bbox 1723 3569 1876 3625; x_wconf 90' lang='lat' dir='ltr'>aliud</span> 
     </span>
    </p>
   </div>
   <div class='ocr_carea' id='block_1_38' title="bbox 168 3658 1880 3731">
    <p class='ocr_par' dir='ltr' id='par_1_38' title="bbox 168 3658 1880 3731">
     <span class='ocr_line' id='line_1_38' title="bbox 168 3658 1880 3731; baseline -0.004 -14"><span class='ocrx_word' id='word_1_279' title='bbox 168 3664 284 3717; x_wconf 88' lang='lat' dir='ltr'>hoc</span> <span class='ocrx_word' id='word_1_280' title='bbox 317 3661 489 3716; x_wconf 89' lang='lat' dir='ltr'>modo</span> <span class='ocrx_word' id='word_1_281' title='bbox 518 3676 587 3715; x_wconf 90' lang='lat' dir='ltr'>ex</span> <span class='ocrx_word' id='word_1_282' title='bbox 611 3659 996 3715; x_wconf 87' lang='lat' dir='ltr'>familiaritate</span> <span class='ocrx_word' id='word_1_283' title='bbox 1027 3658 1211 3714; x_wconf 89' lang='lat' dir='ltr'>carnis</span> <span class='ocrx_word' id='word_1_284' title='bbox 1233 3659 1561 3731; x_wconf 83' lang='lat' dir='ltr'>opinantur.</span> <span class='ocrx_word' id='word_1_285' title='bbox 1588 3660 1654 3713; x_wconf 94' lang='lat' dir='ltr'>In</span> <span class='ocrx_word' id='word_1_286' title='bbox 1674 3659 1880 3731; x_wconf 89' lang='lat' dir='ltr'>quibus</span> 
     </span>
    </p>
   </div>
   <div class='ocr_carea' id='block_1_39' title="bbox 168 3747 1879 3820">
    <p class='ocr_par' dir='ltr' id='par_1_39' title="bbox 168 3747 1879 3820">
     <span class='ocr_line' id='line_1_39' title="bbox 168 3747 1879 3820; baseline -0.002 -15"><span class='ocrx_word' id='word_1_287' title='bbox 168 3751 364 3805; x_wconf 87' lang='lat' dir='ltr'>adhuc</span> <span class='ocrx_word' id='word_1_288' title='bbox 393 3749 646 3820; x_wconf 89' lang='lat' dir='ltr'>parvulis</span> <span class='ocrx_word' id='word_1_289' title='bbox 675 3748 1040 3815; x_wconf 90' lang='lat' dir='ltr'>animalibus,</span> <span class='ocrx_word' id='word_1_290' title='bbox 1088 3748 1225 3802; x_wconf 90' lang='lat' dir='ltr'>dum</span> <span class='ocrx_word' id='word_1_291' title='bbox 1267 3747 1374 3801; x_wconf 88' lang='lat' dir='ltr'>isto</span> <span class='ocrx_word' id='word_1_292' title='bbox 1407 3747 1734 3802; x_wconf 89' lang='lat' dir='ltr'>humillimo</span> <span class='ocrx_word' id='word_1_293' title='bbox 1781 3762 1879 3817; x_wconf 91' lang='lat' dir='ltr'>ge-</span> 
     </span>
    </p>
   </div>
   <div class='ocr_carea' id='block_1_40' title="bbox 168 3836 1882 3909">
    <p class='ocr_par' dir='ltr' id='par_1_40' title="bbox 168 3836 1882 3909">
     <span class='ocr_line' id='line_1_40' title="bbox 168 3836 1882 3909; baseline -0.003 -15"><span class='ocrx_word' id='word_1_294' title='bbox 168 3856 314 3895; x_wconf 86' lang='lat' dir='ltr'>nere</span> <span class='ocrx_word' id='word_1_295' title='bbox 343 3840 648 3895; x_wconf 86' lang='lat' dir='ltr'>verborum</span> <span class='ocrx_word' id='word_1_296' title='bbox 676 3841 952 3909; x_wconf 87' lang='lat' dir='ltr'>tanquam</span> <span class='ocrx_word' id='word_1_297' title='bbox 975 3841 1237 3891; x_wconf 87' lang='lat' dir='ltr'>materno</span> <span class='ocrx_word' id='word_1_298' title='bbox 1256 3836 1385 3891; x_wconf 90' lang='lat' dir='ltr'>sinu</span> <span class='ocrx_word' id='word_1_299' title='bbox 1407 3852 1606 3891; x_wconf 90' lang='lat' dir='ltr'>eorum</span> <span class='ocrx_word' id='word_1_300' title='bbox 1625 3840 1882 3907; x_wconf 88' lang='lat' dir='ltr'>gestatur</span> 
     </span>
    </p>
   </div>
   <div class='ocr_carea' id='block_1_41' title="bbox 165 3925 1885 3997">
    <p class='ocr_par' dir='ltr' id='par_1_41' title="bbox 165 3925 1885 3997">
     <span class='ocr_line' id='line_1_41' title="bbox 165 3925 1885 3997; baseline -0.003 -13"><span class='ocrx_word' id='word_1_301' title='bbox 165 3928 506 3995; x_wconf 83' lang='lat' dir='ltr'>infirmitas,</span> <span class='ocrx_word' id='word_1_302' title='bbox 540 3927 839 3982; x_wconf 85' lang='lat' dir='ltr'>salubriter</span> <span class='ocrx_word' id='word_1_303' title='bbox 860 3926 1173 3981; x_wconf 67' lang='lat' dir='ltr'>aedificatur</span> <span class='ocrx_word' id='word_1_304' title='bbox 1205 3926 1369 3992; x_wconf 84' lang='lat' dir='ltr'>ﬁdes,</span> <span class='ocrx_word' id='word_1_305' title='bbox 1406 3942 1520 3997; x_wconf 88' lang='lat' dir='ltr'>qua</span> <span class='ocrx_word' id='word_1_306' title='bbox 1539 3929 1756 3979; x_wconf 90' lang='lat' dir='ltr'>certum</span> <span class='ocrx_word' id='word_1_307' title='bbox 1787 3925 1885 3978; x_wconf 87' lang='lat' dir='ltr'>ha-</span> 
     </span>
    </p>
   </div>
   <div class='ocr_carea' id='block_1_42' title="bbox 165 4015 1885 4084">
    <p class='ocr_par' dir='ltr' id='par_1_42' title="bbox 165 4015 1885 4084">
     <span class='ocr_line' id='line_1_42' title="bbox 165 4015 1885 4084; baseline -0.006 -9"><span class='ocrx_word' id='word_1_308' title='bbox 165 4022 354 4075; x_wconf 88' lang='lat' dir='ltr'>beant</span> <span class='ocrx_word' id='word_1_309' title='bbox 382 4023 440 4072; x_wconf 87' lang='lat' dir='ltr'>et</span> <span class='ocrx_word' id='word_1_310' title='bbox 467 4021 701 4072; x_wconf 88' lang='lat' dir='ltr'>teneant</span> <span class='ocrx_word' id='word_1_311' title='bbox 729 4019 910 4072; x_wconf 89' lang='lat' dir='ltr'>Deum</span> <span class='ocrx_word' id='word_1_312' title='bbox 968 4015 1164 4072; x_wconf 79' lang='lat' dir='ltr'>fecisse</span> <span class='ocrx_word' id='word_1_313' title='bbox 1222 4032 1419 4070; x_wconf 91' lang='lat' dir='ltr'>omnes</span> <span class='ocrx_word' id='word_1_314' title='bbox 1457 4018 1709 4081; x_wconf 88' lang='lat' dir='ltr'>naturas,</span> <span class='ocrx_word' id='word_1_315' title='bbox 1744 4029 1885 4084; x_wconf 91' lang='lat' dir='ltr'>quas</span> 
     </span>
    </p>
   </div>
   <div class='ocr_carea' id='block_1_43' title="bbox 162 4103 1883 4175">
    <p class='ocr_par' dir='ltr' id='par_1_43' title="bbox 162 4103 1883 4175">
     <span class='ocr_line' id='line_1_43' title="bbox 162 4103 1883 4175; baseline -0.004 -11"><span class='ocrx_word' id='word_1_316' title='bbox 162 4124 388 4165; x_wconf 88' lang='lat' dir='ltr'>eorum</span> <span class='ocrx_word' id='word_1_317' title='bbox 408 4123 606 4162; x_wconf 91' lang='lat' dir='ltr'>sensus</span> <span class='ocrx_word' id='word_1_318' title='bbox 624 4106 875 4161; x_wconf 90' lang='lat' dir='ltr'>mirabili</span> <span class='ocrx_word' id='word_1_319' title='bbox 893 4105 1163 4160; x_wconf 90' lang='lat' dir='ltr'>varietate</span> <span class='ocrx_word' id='word_1_320' title='bbox 1186 4103 1595 4175; x_wconf 89' lang='lat' dir='ltr'>circumspicit.</span> <span class='ocrx_word' id='word_1_321' title='bbox 1626 4104 1883 4169; x_wconf 85' lang='lat' dir='ltr'>Quorum</span> 
     </span>
    </p>
   </div>
   <div class='ocr_carea' id='block_1_44' title="bbox 159 4194 1887 4271">
    <p class='ocr_par' dir='ltr' id='par_1_44' title="bbox 159 4194 1887 4271">
     <span class='ocr_line' id='line_1_44' title="bbox 159 4194 1887 4271; baseline -0.004 -19"><span class='ocrx_word' id='word_1_322' title='bbox 159 4201 210 4253; x_wconf 94' lang='lat' dir='ltr'>si</span> <span class='ocrx_word' id='word_1_323' title='bbox 242 4196 547 4271; x_wconf 69' lang='lat' dir='ltr'>quispiam</span> <span class='ocrx_word' id='word_1_324' title='bbox 577 4194 738 4267; x_wconf 88' lang='lat' dir='ltr'>quasi</span> <span class='ocrx_word' id='word_1_325' title='bbox 765 4194 1042 4249; x_wconf 87' lang='lat' dir='ltr'>vilitatem</span> <span class='ocrx_word' id='word_1_326' title='bbox 1073 4194 1357 4249; x_wconf 90' lang='lat' dir='ltr'>dictorum</span> <span class='ocrx_word' id='word_1_327' title='bbox 1385 4196 1740 4264; x_wconf 89' lang='lat' dir='ltr'>aspernatus,</span> <span class='ocrx_word' id='word_1_328' title='bbox 1794 4208 1887 4245; x_wconf 84' lang='lat' dir='ltr'>ex-</span> 
     </span>
    </p>
   </div>
   <div class='ocr_carea' id='block_1_45' title="bbox 161 4281 1885 4359">
    <p class='ocr_par' dir='ltr' id='par_1_45' title="bbox 161 4281 1885 4359">
     <span class='ocr_line' id='line_1_45' title="bbox 161 4281 1885 4359; baseline -0.004 -18"><span class='ocrx_word' id='word_1_329' title='bbox 161 4295 257 4342; x_wconf 86' lang='lat' dir='ltr'>tra</span> <span class='ocrx_word' id='word_1_330' title='bbox 308 4284 650 4341; x_wconf 84' lang='lat' dir='ltr'>nutritorias</span> <span class='ocrx_word' id='word_1_331' title='bbox 688 4300 861 4339; x_wconf 90' lang='lat' dir='ltr'>cunas</span> <span class='ocrx_word' id='word_1_332' title='bbox 906 4283 1150 4355; x_wconf 89' lang='lat' dir='ltr'>superba</span> <span class='ocrx_word' id='word_1_333' title='bbox 1173 4281 1562 4337; x_wconf 90' lang='lat' dir='ltr'>imbecillitate</span> <span class='ocrx_word' id='word_1_334' title='bbox 1604 4298 1667 4359; x_wconf 87' lang='lat' dir='ltr'>se</span> <span class='ocrx_word' id='word_1_335' title='bbox 1692 4286 1885 4335; x_wconf 85' lang='lat' dir='ltr'>exten-</span> 
     </span>
    </p>
   </div>
   <div class='ocr_carea' id='block_1_46' title="bbox 160 4370 1882 4443">
    <p class='ocr_par' dir='ltr' id='par_1_46' title="bbox 160 4370 1882 4443">
     <span class='ocr_line' id='line_1_46' title="bbox 160 4370 1882 4443; baseline -0.004 -13"><span class='ocrx_word' id='word_1_336' title='bbox 160 4376 350 4443; x_wconf 89' lang='lat' dir='ltr'>derit,</span> <span class='ocrx_word' id='word_1_337' title='bbox 386 4374 539 4429; x_wconf 88' lang='lat' dir='ltr'>heu!</span> <span class='ocrx_word' id='word_1_338' title='bbox 574 4373 735 4427; x_wconf 88' lang='lat' dir='ltr'>cadet</span> <span class='ocrx_word' id='word_1_339' title='bbox 763 4373 953 4428; x_wconf 87' lang='lat' dir='ltr'>miser.</span> <span class='ocrx_word' id='word_1_340' title='bbox 987 4373 1071 4440; x_wconf 86' lang='lat' dir='ltr'>Et,</span> <span class='ocrx_word' id='word_1_341' title='bbox 1107 4370 1347 4425; x_wconf 91' lang='lat' dir='ltr'>Domine</span> <span class='ocrx_word' id='word_1_342' title='bbox 1376 4372 1546 4437; x_wconf 91' lang='lat' dir='ltr'>Deus,</span> <span class='ocrx_word' id='word_1_343' title='bbox 1588 4370 1882 4437; x_wconf 86' lang='lat' dir='ltr'>miserere,</span> 
     </span>
    </p>
   </div>
   <div class='ocr_carea' id='block_1_47' title="bbox 160 4455 1884 4533">
    <p class='ocr_par' dir='ltr' id='par_1_47' title="bbox 160 4455 1884 4533">
     <span class='ocr_line' id='line_1_47' title="bbox 160 4455 1884 4533; baseline -0.004 -14"><span class='ocrx_word' id='word_1_344' title='bbox 160 4455 237 4520; x_wconf 80' lang='lat' dir='ltr'>ne</span> <span class='ocrx_word' id='word_1_345' title='bbox 273 4463 630 4533; x_wconf 88' lang='lat' dir='ltr'>implumcm</span> <span class='ocrx_word' id='word_1_346' title='bbox 659 4462 883 4532; x_wconf 90' lang='lat' dir='ltr'>pullum</span> <span class='ocrx_word' id='word_1_347' title='bbox 912 4462 1244 4515; x_wconf 88' lang='lat' dir='ltr'>conculcent</span> <span class='ocrx_word' id='word_1_348' title='bbox 1269 4459 1369 4531; x_wconf 89' lang='lat' dir='ltr'>qui</span> <span class='ocrx_word' id='word_1_349' title='bbox 1387 4463 1686 4514; x_wconf 89' lang='lat' dir='ltr'>transeunt</span> <span class='ocrx_word' id='word_1_350' title='bbox 1714 4458 1884 4524; x_wconf 82' lang='lat' dir='ltr'>viam;</span> 
     </span>
    </p>
   </div>
   <div class='ocr_carea' id='block_1_48' title="bbox 158 4546 1889 4621">
    <p class='ocr_par' dir='ltr' id='par_1_48' title="bbox 158 4546 1889 4621">
     <span class='ocr_line' id='line_1_48' title="bbox 158 4546 1889 4621; baseline -0.005 -12"><span class='ocrx_word' id='word_1_351' title='bbox 158 4558 220 4609; x_wconf 90' lang='lat' dir='ltr'>et</span> <span class='ocrx_word' id='word_1_352' title='bbox 251 4553 437 4608; x_wconf 88' lang='lat' dir='ltr'>mitte</span> <span class='ocrx_word' id='word_1_353' title='bbox 469 4553 735 4621; x_wconf 81' lang='lat' dir='ltr'>angelum</span> <span class='ocrx_word' id='word_1_354' title='bbox 772 4555 957 4619; x_wconf 86' lang='lat' dir='ltr'>tuum,</span> <span class='ocrx_word' id='word_1_355' title='bbox 991 4549 1091 4621; x_wconf 91' lang='lat' dir='ltr'>qui</span> <span class='ocrx_word' id='word_1_356' title='bbox 1120 4565 1251 4605; x_wconf 91' lang='lat' dir='ltr'>eum</span> <span class='ocrx_word' id='word_1_357' title='bbox 1277 4552 1517 4621; x_wconf 90' lang='lat' dir='ltr'>reponat</span> <span class='ocrx_word' id='word_1_358' title='bbox 1546 4548 1606 4603; x_wconf 90' lang='lat' dir='ltr'>in</span> <span class='ocrx_word' id='word_1_359' title='bbox 1636 4546 1792 4615; x_wconf 92' lang='lat' dir='ltr'>nido,</span> <span class='ocrx_word' id='word_1_360' title='bbox 1826 4551 1889 4601; x_wconf 91' lang='lat' dir='ltr'>ut</span> 
     </span>
    </p>
   </div>
   <div class='ocr_carea' id='block_1_49' title="bbox 160 4640 753 4699">
    <p class='ocr_par' dir='ltr' id='par_1_49' title="bbox 160 4640 753 4699">
     <span class='ocr_line' id='line_1_49' title="bbox 160 4640 753 4699; baseline -0.008 0"><span class='ocrx_word' id='word_1_361' title='bbox 160 4643 331 4699; x_wconf 84' lang='lat' dir='ltr'>vivat</span> <span class='ocrx_word' id='word_1_362' title='bbox 369 4642 559 4697; x_wconf 90' lang='lat' dir='ltr'>donec</span> <span class='ocrx_word' id='word_1_363' title='bbox 585 4640 753 4695; x_wconf 88' lang='lat' dir='ltr'>volet.</span> 
     </span>
    </p>
   </div>
   <div class='ocr_carea' id='block_1_50' title="bbox 802 4726 1287 4783">
    <p class='ocr_par' dir='ltr' id='par_1_50' title="bbox 802 4726 1287 4783">
     <span class='ocr_line' id='line_1_50' title="bbox 802 4726 1287 4783; baseline -0.004 0"><span class='ocrx_word' id='word_1_364' title='bbox 802 4728 1028 4783; x_wconf 70' lang='lat' dir='ltr'>CAPUT</span> <span class='ocrx_word' id='word_1_365' title='bbox 1057 4726 1287 4782; x_wconf 80' lang='lat' dir='ltr'>XXVIII.</span> 
     </span>
    </p>
   </div>
   <div class='ocr_carea' id='block_1_51' title="bbox 384 4814 1695 4885">
    <p class='ocr_par' dir='ltr' id='par_1_51' title="bbox 384 4814 1695 4885">
     <span class='ocr_line' id='line_1_51' title="bbox 384 4814 1695 4885; baseline -0.005 -12"><span class='ocrx_word' id='word_1_366' title='bbox 384 4822 453 4875; x_wconf 81' lang='lat' dir='ltr'>Ut</span> <span class='ocrx_word' id='word_1_367' title='bbox 479 4819 628 4872; x_wconf 80' lang='lat' dir='ltr'>varie</span> <span class='ocrx_word' id='word_1_368' title='bbox 655 4818 989 4885; x_wconf 78' lang='lat' dir='ltr'>intelligitur</span> <span class='ocrx_word' id='word_1_369' title='bbox 1018 4816 1086 4870; x_wconf 89' lang='lat' dir='ltr'>ab</span> <span class='ocrx_word' id='word_1_370' title='bbox 1118 4815 1347 4870; x_wconf 80' lang='lat' dir='ltr'>eruditis</span> <span class='ocrx_word' id='word_1_371' title='bbox 1376 4814 1695 4883; x_wconf 79' lang='lat' dir='ltr'>Scriptura.</span> 
     </span>
    </p>
   </div>
   <div class='ocr_carea' id='block_1_52' title="bbox 236 4899 1893 4976">
    <p class='ocr_par' dir='ltr' id='par_1_52' title="bbox 236 4899 1893 4976">
     <span class='ocr_line' id='line_1_52' title="bbox 236 4899 1893 4976; baseline -0.007 -11"><span class='ocrx_word' id='word_1_372' title='bbox 236 4912 340 4965; x_wconf 87' lang='lat'>38.</span> <span class='ocrx_word' id='word_1_373' title='bbox 377 4906 494 4961; x_wconf 89' lang='lat' dir='ltr'>Alii</span> <span class='ocrx_word' id='word_1_374' title='bbox 518 4921 653 4960; x_wconf 90' lang='lat' dir='ltr'>vero</span> <span class='ocrx_word' id='word_1_375' title='bbox 685 4904 892 4976; x_wconf 89' lang='lat' dir='ltr'>quibus</span> <span class='ocrx_word' id='word_1_376' title='bbox 918 4905 1041 4959; x_wconf 65' lang='lat' dir='ltr'>haec</span> <span class='ocrx_word' id='word_1_377' title='bbox 1067 4903 1240 4958; x_wconf 90' lang='lat' dir='ltr'>verba</span> <span class='ocrx_word' id='word_1_378' title='bbox 1264 4918 1379 4957; x_wconf 94' lang='lat' dir='ltr'>non</span> <span class='ocrx_word' id='word_1_379' title='bbox 1401 4902 1521 4972; x_wconf 88' lang='lat' dir='ltr'>jam</span> <span class='ocrx_word' id='word_1_380' title='bbox 1550 4900 1741 4969; x_wconf 88' lang='lat' dir='ltr'>nidus,</span> <span class='ocrx_word' id='word_1_381' title='bbox 1791 4899 1893 4954; x_wconf 89' lang='lat' dir='ltr'>sed</span> 
     </span>
    </p>
   </div>
   <div class='ocr_carea' id='block_1_53' title="bbox 156 4988 1897 5072">
    <p class='ocr_par' dir='ltr' id='par_1_53' title="bbox 156 4988 1897 5072">
     <span class='ocr_line' id='line_1_53' title="bbox 156 4988 1897 5072; baseline -0.007 -18"><span class='ocrx_word' id='word_1_382' title='bbox 156 5014 363 5072; x_wconf 84' lang='lat' dir='ltr'>opaca</span> <span class='ocrx_word' id='word_1_383' title='bbox 396 4996 612 5051; x_wconf 85' lang='lat' dir='ltr'>fruteta</span> <span class='ocrx_word' id='word_1_384' title='bbox 643 4997 795 5061; x_wconf 89' lang='lat' dir='ltr'>sunt,</span> <span class='ocrx_word' id='word_1_385' title='bbox 832 4993 1028 5047; x_wconf 88' lang='lat' dir='ltr'>vident</span> <span class='ocrx_word' id='word_1_386' title='bbox 1055 4992 1116 5046; x_wconf 92' lang='lat' dir='ltr'>in</span> <span class='ocrx_word' id='word_1_387' title='bbox 1171 4990 1253 5045; x_wconf 90' lang='lat' dir='ltr'>eis</span> <span class='ocrx_word' id='word_1_388' title='bbox 1297 4991 1537 5045; x_wconf 88' lang='lat' dir='ltr'>latentes</span> <span class='ocrx_word' id='word_1_389' title='bbox 1567 4988 1807 5051; x_wconf 86' lang='lat' dir='ltr'>fructus,</span> <span class='ocrx_word' id='word_1_390' title='bbox 1840 4991 1897 5042; x_wconf 92' lang='lat' dir='ltr'>et</span> 
     </span>
    </p>
   </div>
   <div class='ocr_carea' id='block_1_54' title="bbox 155 5079 1896 5151">
    <p class='ocr_par' dir='ltr' id='par_1_54' title="bbox 155 5079 1896 5151">
     <span class='ocr_line' id='line_1_54' title="bbox 155 5079 1896 5151; baseline -0.009 -8"><span class='ocrx_word' id='word_1_391' title='bbox 155 5087 438 5143; x_wconf 85' lang='lat' dir='ltr'>volitant</span> <span class='ocrx_word' id='word_1_392' title='bbox 482 5083 766 5151; x_wconf 60' lang='lat' dir='ltr'>latentes,</span> <span class='ocrx_word' id='word_1_393' title='bbox 814 5085 869 5135; x_wconf 92' lang='lat' dir='ltr'>et</span> <span class='ocrx_word' id='word_1_394' title='bbox 898 5080 1154 5151; x_wconf 90' lang='lat' dir='ltr'>grrriunt</span> <span class='ocrx_word' id='word_1_395' title='bbox 1203 5081 1533 5145; x_wconf 88' lang='lat' dir='ltr'>scrutantes,</span> <span class='ocrx_word' id='word_1_396' title='bbox 1570 5081 1625 5131; x_wconf 89' lang='lat' dir='ltr'>et</span> <span class='ocrx_word' id='word_1_397' title='bbox 1653 5079 1896 5147; x_wconf 90' lang='lat' dir='ltr'>carpunt</span> 
     </span>
    </p>
   </div>
   <div class='ocr_carea' id='block_1_55' title="bbox 155 5164 1895 5239">
    <p class='ocr_par' dir='ltr' id='par_1_55' title="bbox 155 5164 1895 5239">
     <span class='ocr_line' id='line_1_55' title="bbox 155 5164 1895 5239; baseline -0.007 -10"><span class='ocrx_word' id='word_1_398' title='bbox 155 5193 288 5235; x_wconf 80' lang='lat' dir='ltr'>eos.</span> <span class='ocrx_word' id='word_1_399' title='bbox 329 5172 554 5228; x_wconf 81' lang='lat' dir='ltr'>Vident</span> <span class='ocrx_word' id='word_1_400' title='bbox 581 5170 760 5239; x_wconf 90' lang='lat' dir='ltr'>enim,</span> <span class='ocrx_word' id='word_1_401' title='bbox 792 5186 923 5225; x_wconf 91' lang='lat' dir='ltr'>cum</span> <span class='ocrx_word' id='word_1_402' title='bbox 952 5170 1076 5224; x_wconf 63' lang='lat' dir='ltr'>haec</span> <span class='ocrx_word' id='word_1_403' title='bbox 1106 5169 1277 5224; x_wconf 88' lang='lat' dir='ltr'>verha</span> <span class='ocrx_word' id='word_1_404' title='bbox 1296 5168 1499 5239; x_wconf 88' lang='lat' dir='ltr'>legunt</span> <span class='ocrx_word' id='word_1_405' title='bbox 1517 5167 1601 5220; x_wconf 92' lang='lat' dir='ltr'>vel</span> <span class='ocrx_word' id='word_1_406' title='bbox 1633 5164 1895 5230; x_wconf 90' lang='lat' dir='ltr'>audiunt,</span> 
     </span>
    </p>
   </div>
   <div class='ocr_carea' id='block_1_56' title="bbox 158 5255 1899 5335">
    <p class='ocr_par' dir='ltr' id='par_1_56' title="bbox 158 5255 1899 5335">
     <span class='ocr_line' id='line_1_56' title="bbox 158 5255 1899 5335; baseline -0.011 -12"><span class='ocrx_word' id='word_1_407' title='bbox 158 5275 290 5335; x_wconf 87' lang='lat' dir='ltr'>tua,</span> <span class='ocrx_word' id='word_1_408' title='bbox 316 5265 508 5328; x_wconf 88' lang='lat' dir='ltr'>Deus,</span> <span class='ocrx_word' id='word_1_409' title='bbox 543 5263 758 5314; x_wconf 69' lang='lat' dir='ltr'>aeterna</span> <span class='ocrx_word' id='word_1_410' title='bbox 786 5263 843 5313; x_wconf 91' lang='lat' dir='ltr'>et</span> <span class='ocrx_word' id='word_1_411' title='bbox 873 5257 1062 5313; x_wconf 85' lang='lat' dir='ltr'>stabili</span> <span class='ocrx_word' id='word_1_412' title='bbox 1088 5255 1491 5329; x_wconf 87' lang='lat' dir='ltr'>permansione</span> <span class='ocrx_word' id='word_1_413' title='bbox 1522 5257 1723 5309; x_wconf 89' lang='lat' dir='ltr'>cuncta</span> <span class='ocrx_word' id='word_1_414' title='bbox 1754 5266 1899 5323; x_wconf 67' lang='lat' dir='ltr'>pras-</span> 
     </span>
    </p>
   </div>
   <div class='ocr_carea' id='block_1_57' title="bbox 156 5342 1900 5419">
    <p class='ocr_par' dir='ltr' id='par_1_57' title="bbox 156 5342 1900 5419">
     <span class='ocr_line' id='line_1_57' title="bbox 156 5342 1900 5419; baseline -0.01 -7"><span class='ocrx_word' id='word_1_415' title='bbox 156 5355 347 5412; x_wconf 82' lang='lat' dir='ltr'>terita</span> <span class='ocrx_word' id='word_1_416' title='bbox 366 5354 434 5405; x_wconf 86' lang='lat' dir='ltr'>et</span> <span class='ocrx_word' id='word_1_417' title='bbox 449 5349 644 5405; x_wconf 89' lang='lat' dir='ltr'>futura</span> <span class='ocrx_word' id='word_1_418' title='bbox 662 5352 925 5419; x_wconf 89' lang='lat' dir='ltr'>tempora</span> <span class='ocrx_word' id='word_1_419' title='bbox 953 5345 1239 5418; x_wconf 88' lang='lat' dir='ltr'>superari;</span> <span class='ocrx_word' id='word_1_420' title='bbox 1259 5360 1362 5400; x_wconf 90' lang='lat' dir='ltr'>nec</span> <span class='ocrx_word' id='word_1_421' title='bbox 1372 5349 1567 5399; x_wconf 91' lang='lat' dir='ltr'>tamen</span> <span class='ocrx_word' id='word_1_422' title='bbox 1586 5342 1900 5414; x_wconf 88' lang='lat' dir='ltr'>quidquam</span> 
     </span>
    </p>
   </div>
   <div class='ocr_carea' id='block_1_58' title="bbox 157 5430 1897 5510">
    <p class='ocr_par' dir='ltr' id='par_1_58' title="bbox 157 5430 1897 5510">
     <span class='ocr_line' id='line_1_58' title="bbox 157 5430 1897 5510; baseline -0.01 -8"><span class='ocrx_word' id='word_1_423' title='bbox 157 5461 293 5502; x_wconf 86' lang='lat' dir='ltr'>esse</span> <span class='ocrx_word' id='word_1_424' title='bbox 319 5437 674 5510; x_wconf 87' lang='lat' dir='ltr'>temporalis</span> <span class='ocrx_word' id='word_1_425' title='bbox 703 5442 1000 5504; x_wconf 73' lang='lat' dir='ltr'>creaturae,</span> <span class='ocrx_word' id='word_1_426' title='bbox 1033 5434 1187 5506; x_wconf 89' lang='lat' dir='ltr'>quod</span> <span class='ocrx_word' id='word_1_427' title='bbox 1212 5438 1276 5489; x_wconf 93' lang='lat' dir='ltr'>tu</span> <span class='ocrx_word' id='word_1_428' title='bbox 1303 5450 1423 5488; x_wconf 92' lang='lat' dir='ltr'>non</span> <span class='ocrx_word' id='word_1_429' title='bbox 1449 5432 1653 5487; x_wconf 76' lang='lat' dir='ltr'>feceris</span> <span class='ocrx_word' id='word_1_430' title='bbox 1685 5448 1698 5486; x_wconf 92' lang='lat'>:</span> <span class='ocrx_word' id='word_1_431' title='bbox 1735 5430 1897 5499; x_wconf 88' lang='lat' dir='ltr'>cujus</span> 
     </span>
    </p>
   </div>
   <div class='ocr_carea' id='block_1_59' title="bbox 226 5538 1900 5605">
    <p class='ocr_par' dir='ltr' id='par_1_59' title="bbox 226 5538 1900 5605">
     <span class='ocr_line' id='line_1_59' title="bbox 226 5538 1900 5605; baseline -0.008 -5"><span class='ocrx_word' id='word_1_432' title='bbox 226 5557 243 5588; x_wconf 80' lang='grc'>¹</span> <span class='ocrx_word' id='word_1_433' title='bbox 278 5552 347 5600; x_wconf 85' lang='lat' dir='ltr'>In</span> <span class='ocrx_word' id='word_1_434' title='bbox 395 5547 482 5605; x_wconf 89' lang='lat' dir='ltr'>B.,</span> <span class='ocrx_word' id='word_1_435' title='bbox 512 5545 779 5601; x_wconf 72' lang='lat' dir='ltr'>existere;</span> <span class='ocrx_word' id='word_1_436' title='bbox 811 5542 1009 5603; x_wconf 25' lang='lat' dir='ltr'>Somml.</span> <span class='ocrx_word' id='word_1_437' title='bbox 1059 5542 1184 5590; x_wconf 91' lang='lat' dir='ltr'>Lov.</span> <span class='ocrx_word' id='word_1_438' title='bbox 1223 5539 1521 5605; x_wconf 33' lang='lat' dir='ltr'>Arn.A_Dub.</span> <span class='ocrx_word' id='word_1_439' title='bbox 1548 5539 1697 5588; x_wconf 84' lang='lat' dir='ltr'>Mart.</span> <span class='ocrx_word' id='word_1_440' title='bbox 1723 5550 1841 5586; x_wconf 89' lang='lat' dir='ltr'>cum</span> <span class='ocrx_word' id='word_1_441' title='bbox 1874 5538 1900 5586; x_wconf 71' lang='grc'><strong>4</strong></span> 
     </span>
    </p>
   </div>
   <div class='ocr_carea' id='block_1_60' title="bbox 159 5602 1414 5668">
    <p class='ocr_par' dir='ltr' id='par_1_60' title="bbox 159 5602 1414 5668">
     <span class='ocr_line' id='line_1_60' title="bbox 159 5602 1414 5668; baseline -0.014 0"><span class='ocrx_word' id='word_1_442' title='bbox 159 5619 295 5668; x_wconf 80' lang='lat' dir='ltr'>Mss.</span> <span class='ocrx_word' id='word_1_443' title='bbox 327 5614 391 5662; x_wconf 85' lang='lat' dir='ltr'>et</span> <span class='ocrx_word' id='word_1_444' title='bbox 427 5602 640 5657; x_wconf 34' lang='lat' dir='ltr'>Il&#39;ondet</span> <span class='ocrx_word' id='word_1_445' title='bbox 662 5617 786 5653; x_wconf 87' lang='lat' dir='ltr'>cum</span> <span class='ocrx_word' id='word_1_446' title='bbox 818 5607 846 5653; x_wconf 89' lang='lat'><strong>6</strong></span> <span class='ocrx_word' id='word_1_447' title='bbox 871 5602 1016 5661; x_wconf 83' lang='lat' dir='ltr'>Mss.,</span> <span class='ocrx_word' id='word_1_448' title='bbox 1046 5606 1318 5654; x_wconf 70' lang='lat' dir='ltr'>existeret.</span> <span class='ocrx_word' id='word_1_449' title='bbox 1347 5602 1414 5651; x_wconf 85' lang='lat' dir='ltr'>M.</span> 
     </span>
    </p>
   </div>
   <div class='ocr_carea' id='block_1_61' title="bbox 567 5682 1161 5751">
    <p class='ocr_par' dir='ltr' id='par_1_61' title="bbox 567 5682 1161 5751">
     <span class='ocr_line' id='line_1_61' title="bbox 567 5682 1161 5751; baseline -0.005 0"><span class='ocrx_word' id='word_1_450' title='bbox 567 5685 848 5751; x_wconf 79' lang='lat' dir='ltr'>PATBOL.</span> <span class='ocrx_word' id='word_1_451' title='bbox 898 5682 1161 5750; x_wconf 83' lang='lat' dir='ltr'>XXXII.</span> 
     </span>
    </p>
   </div>
   <div class='ocr_carea' id='block_1_62' title="bbox 1555 349 2291 416">
    <p class='ocr_par' dir='ltr' id='par_1_62' title="bbox 1555 349 2291 416">
     <span class='ocr_line' id='line_1_62' title="bbox 1555 349 2291 416; baseline 0.011 -8"><span class='ocrx_word' id='word_1_452' title='bbox 1555 349 1767 411; x_wconf 86' lang='lat' dir='ltr'>LIBER</span> <span class='ocrx_word' id='word_1_453' title='bbox 1807 355 2291 416; x_wconf 90' lang='lat' dir='ltr'>DUODECIMUS.</span> 
     </span>
    </p>
   </div>
   <div class='ocr_carea' id='block_1_63' title="bbox 3566 380 3670 433">
    <p class='ocr_par' dir='ltr' id='par_1_63' title="bbox 3566 380 3670 433">
     <span class='ocr_line' id='line_1_63' title="bbox 3566 380 3670 433; baseline 0.01 -1"><span class='ocrx_word' id='word_1_454' title='bbox 3566 380 3670 433; x_wconf 82' lang='grc'>842</span> 
     </span>
    </p>
   </div>
   <div class='ocr_carea' id='block_1_64' title="bbox 1971 481 3671 569">
    <p class='ocr_par' dir='ltr' id='par_1_64' title="bbox 1971 481 3671 569">
     <span class='ocr_line' id='line_1_64' title="bbox 1971 481 3671 569; baseline 0.012 -35"><span class='ocrx_word' id='word_1_455' title='bbox 1971 481 2233 537; x_wconf 89' lang='lat' dir='ltr'>voluntas</span> <span class='ocrx_word' id='word_1_456' title='bbox 2265 483 2401 555; x_wconf 87' lang='lat' dir='ltr'>quia</span> <span class='ocrx_word' id='word_1_457' title='bbox 2428 485 2486 540; x_wconf 92' lang='lat' dir='ltr'>id</span> <span class='ocrx_word' id='word_1_458' title='bbox 2511 493 2595 543; x_wconf 92' lang='lat' dir='ltr'>est</span> <span class='ocrx_word' id='word_1_459' title='bbox 2623 488 2779 560; x_wconf 90' lang='lat' dir='ltr'>quod</span> <span class='ocrx_word' id='word_1_460' title='bbox 2808 494 2890 558; x_wconf 92' lang='lat' dir='ltr'>tu,</span> <span class='ocrx_word' id='word_1_461' title='bbox 2922 491 3081 547; x_wconf 91' lang='lat' dir='ltr'>nullo</span> <span class='ocrx_word' id='word_1_462' title='bbox 3112 495 3279 549; x_wconf 93' lang='lat' dir='ltr'>modo</span> <span class='ocrx_word' id='word_1_463' title='bbox 3312 501 3547 569; x_wconf 86' lang='lat' dir='ltr'>mutata,</span> <span class='ocrx_word' id='word_1_464' title='bbox 3578 503 3671 555; x_wconf 89' lang='lat' dir='ltr'>vel</span> 
     </span>
    </p>
   </div>
   <div class='ocr_carea' id='block_1_65' title="bbox 1973 575 3661 646">
    <p class='ocr_par' dir='ltr' id='par_1_65' title="bbox 1973 575 3661 646">
     <span class='ocr_line' id='line_1_65' title="bbox 1973 575 3661 646; baseline 0.011 -23"><span class='ocrx_word' id='word_1_465' title='bbox 1973 586 2102 641; x_wconf 71' lang='lat' dir='ltr'>quae</span> <span class='ocrx_word' id='word_1_466' title='bbox 2120 577 2285 627; x_wconf 90' lang='lat' dir='ltr'>antea</span> <span class='ocrx_word' id='word_1_467' title='bbox 2307 590 2424 628; x_wconf 89' lang='lat' dir='ltr'>non</span> <span class='ocrx_word' id='word_1_468' title='bbox 2444 575 2664 646; x_wconf 88' lang='lat' dir='ltr'>fuisset,</span> <span class='ocrx_word' id='word_1_469' title='bbox 2687 585 2883 635; x_wconf 88' lang='lat' dir='ltr'>exorta</span> <span class='ocrx_word' id='word_1_470' title='bbox 2914 583 3207 637; x_wconf 87' lang='lat' dir='ltr'>voluntate</span> <span class='ocrx_word' id='word_1_471' title='bbox 3225 583 3410 639; x_wconf 87' lang='lat' dir='ltr'>fecisti</span> <span class='ocrx_word' id='word_1_472' title='bbox 3440 588 3661 642; x_wconf 89' lang='lat' dir='ltr'>omnia:</span> 
     </span>
    </p>
   </div>
   <div class='ocr_carea' id='block_1_66' title="bbox 1975 660 3675 742">
    <p class='ocr_par' dir='ltr' id='par_1_66' title="bbox 1975 660 3675 742">
     <span class='ocr_line' id='line_1_66' title="bbox 1975 660 3675 742; baseline 0.012 -30"><span class='ocrx_word' id='word_1_473' title='bbox 1975 675 2091 713; x_wconf 93' lang='lat' dir='ltr'>non</span> <span class='ocrx_word' id='word_1_474' title='bbox 2120 660 2188 715; x_wconf 93' lang='lat' dir='ltr'>de</span> <span class='ocrx_word' id='word_1_475' title='bbox 2227 666 2281 715; x_wconf 94' lang='lat' dir='ltr'>te</span> <span class='ocrx_word' id='word_1_476' title='bbox 2312 662 2744 721; x_wconf 90' lang='lat' dir='ltr'>similitudinem</span> <span class='ocrx_word' id='word_1_477' title='bbox 2775 674 2929 723; x_wconf 88' lang='lat' dir='ltr'>tuam</span> <span class='ocrx_word' id='word_1_478' title='bbox 2962 671 3207 726; x_wconf 89' lang='lat' dir='ltr'>formam</span> <span class='ocrx_word' id='word_1_479' title='bbox 3237 674 3537 742; x_wconf 87' lang='lat' dir='ltr'>omnium;</span> <span class='ocrx_word' id='word_1_480' title='bbox 3576 678 3675 732; x_wconf 90' lang='lat' dir='ltr'>sed</span> 
     </span>
    </p>
   </div>
   <div class='ocr_carea' id='block_1_67' title="bbox 1975 747 3677 832">
    <p class='ocr_par' dir='ltr' id='par_1_67' title="bbox 1975 747 3677 832">
     <span class='ocr_line' id='line_1_67' title="bbox 1975 747 3677 832; baseline 0.011 -31"><span class='ocrx_word' id='word_1_481' title='bbox 1975 747 2044 802; x_wconf 91' lang='lat' dir='ltr'>de</span> <span class='ocrx_word' id='word_1_482' title='bbox 2074 749 2254 804; x_wconf 90' lang='lat' dir='ltr'>nihilo</span> <span class='ocrx_word' id='word_1_483' title='bbox 2276 750 2797 811; x_wconf 88' lang='lat' dir='ltr'>dissimilitudinem</span> <span class='ocrx_word' id='word_1_484' title='bbox 2819 758 3146 827; x_wconf 89' lang='lat' dir='ltr'>informem,</span> <span class='ocrx_word' id='word_1_485' title='bbox 3181 778 3311 832; x_wconf 62' lang='lat' dir='ltr'>quas</span> <span class='ocrx_word' id='word_1_486' title='bbox 3332 763 3677 819; x_wconf 78' lang='lat' dir='ltr'>formar‘etur</span> 
     </span>
    </p>
   </div>
   <div class='ocr_carea' id='block_1_68' title="bbox 1975 839 3676 924">
    <p class='ocr_par' dir='ltr' id='par_1_68' title="bbox 1975 839 3676 924">
     <span class='ocr_line' id='line_1_68' title="bbox 1975 839 3676 924; baseline 0.011 -34"><span class='ocrx_word' id='word_1_487' title='bbox 1975 853 2078 907; x_wconf 88' lang='lat' dir='ltr'>per</span> <span class='ocrx_word' id='word_1_488' title='bbox 2108 839 2541 895; x_wconf 90' lang='lat' dir='ltr'>similitudinem</span> <span class='ocrx_word' id='word_1_489' title='bbox 2571 846 2747 910; x_wconf 86' lang='lat' dir='ltr'>tuam,</span> <span class='ocrx_word' id='word_1_490' title='bbox 2796 862 3089 902; x_wconf 86' lang='lat' dir='ltr'>recurrens</span> <span class='ocrx_word' id='word_1_491' title='bbox 3126 849 3200 919; x_wconf 34' lang='lat' dir='ltr'>.in</span> <span class='ocrx_word' id='word_1_492' title='bbox 3249 855 3304 905; x_wconf 91' lang='lat' dir='ltr'>te</span> <span class='ocrx_word' id='word_1_493' title='bbox 3354 869 3533 908; x_wconf 89' lang='lat' dir='ltr'>unum</span> <span class='ocrx_word' id='word_1_494' title='bbox 3571 871 3676 924; x_wconf 91' lang='lat' dir='ltr'>pro</span> 
     </span>
    </p>
   </div>
   <div class='ocr_carea' id='block_1_69' title="bbox 1975 928 3675 1010">
    <p class='ocr_par' dir='ltr' id='par_1_69' title="bbox 1975 928 3675 1010">
     <span class='ocr_line' id='line_1_69' title="bbox 1975 928 3675 1010; baseline 0.011 -31"><span class='ocrx_word' id='word_1_495' title='bbox 1975 929 2140 996; x_wconf 90' lang='lat' dir='ltr'>captu</span> <span class='ocrx_word' id='word_1_496' title='bbox 2172 928 2452 996; x_wconf 89' lang='lat' dir='ltr'>ordinato,</span> <span class='ocrx_word' id='word_1_497' title='bbox 2475 936 2756 998; x_wconf 87' lang='lat' dir='ltr'>quantum</span> <span class='ocrx_word' id='word_1_498' title='bbox 2785 934 2989 1004; x_wconf 86' lang='lat' dir='ltr'>cuique</span> <span class='ocrx_word' id='word_1_499' title='bbox 3016 953 3209 991; x_wconf 90' lang='lat' dir='ltr'>rerum</span> <span class='ocrx_word' id='word_1_500' title='bbox 3241 938 3300 992; x_wconf 91' lang='lat' dir='ltr'>in</span> <span class='ocrx_word' id='word_1_501' title='bbox 3330 956 3433 994; x_wconf 89' lang='lat' dir='ltr'>suo</span> <span class='ocrx_word' id='word_1_502' title='bbox 3463 957 3675 1010; x_wconf 89' lang='lat' dir='ltr'>genere</span> 
     </span>
    </p>
   </div>
   <div class='ocr_carea' id='block_1_70' title="bbox 1977 1014 3679 1092">
    <p class='ocr_par' dir='ltr' id='par_1_70' title="bbox 1977 1014 3679 1092">
     <span class='ocr_line' id='line_1_70' title="bbox 1977 1014 3679 1092; baseline 0.01 -24"><span class='ocrx_word' id='word_1_503' title='bbox 1977 1014 2173 1070; x_wconf 91' lang='lat' dir='ltr'>datum</span> <span class='ocrx_word' id='word_1_504' title='bbox 2201 1022 2303 1084; x_wconf 91' lang='lat' dir='ltr'>est,</span> <span class='ocrx_word' id='word_1_505' title='bbox 2334 1022 2391 1072; x_wconf 91' lang='lat' dir='ltr'>et</span> <span class='ocrx_word' id='word_1_506' title='bbox 2418 1018 2622 1074; x_wconf 84' lang='lat' dir='ltr'>fierent</span> <span class='ocrx_word' id='word_1_507' title='bbox 2648 1020 2840 1075; x_wconf 88' lang='lat' dir='ltr'>omnia</span> <span class='ocrx_word' id='word_1_508' title='bbox 2868 1022 3021 1077; x_wconf 91' lang='lat' dir='ltr'>bona</span> <span class='ocrx_word' id='word_1_509' title='bbox 3048 1027 3231 1092; x_wconf 87' lang='lat' dir='ltr'>valde,</span> <span class='ocrx_word' id='word_1_510' title='bbox 3265 1028 3379 1081; x_wconf 85' lang='lat' dir='ltr'>sive</span> <span class='ocrx_word' id='word_1_511' title='bbox 3406 1036 3679 1085; x_wconf 90' lang='lat' dir='ltr'>maneant</span> 
     </span>
    </p>
   </div>
   <div class='ocr_carea' id='block_1_71' title="bbox 1976 1104 3672 1188">
    <p class='ocr_par' dir='ltr' id='par_1_71' title="bbox 1976 1104 3672 1188">
     <span class='ocr_line' id='line_1_71' title="bbox 1976 1104 3672 1188; baseline 0.009 -31"><span class='ocrx_word' id='word_1_512' title='bbox 1976 1104 2124 1159; x_wconf 89' lang='lat' dir='ltr'>circa</span> <span class='ocrx_word' id='word_1_513' title='bbox 2154 1109 2228 1172; x_wconf 90' lang='lat' dir='ltr'>te,</span> <span class='ocrx_word' id='word_1_514' title='bbox 2263 1106 2377 1161; x_wconf 88' lang='lat' dir='ltr'>sive</span> <span class='ocrx_word' id='word_1_515' title='bbox 2408 1107 2693 1178; x_wconf 89' lang='lat' dir='ltr'>gradatim</span> <span class='ocrx_word' id='word_1_516' title='bbox 2738 1112 3037 1165; x_wconf 88' lang='lat' dir='ltr'>remotiori</span> <span class='ocrx_word' id='word_1_517' title='bbox 3082 1114 3350 1170; x_wconf 84' lang='lat' dir='ltr'>distantia</span> <span class='ocrx_word' id='word_1_518' title='bbox 3388 1134 3491 1188; x_wconf 90' lang='lat' dir='ltr'>per</span> <span class='ocrx_word' id='word_1_519' title='bbox 3520 1124 3672 1172; x_wconf 90' lang='lat' dir='ltr'>tem-</span> 
     </span>
    </p>
   </div>
   <div class='ocr_carea' id='block_1_72' title="bbox 1976 1195 3673 1276">
    <p class='ocr_par' dir='ltr' id='par_1_72' title="bbox 1976 1195 3673 1276">
     <span class='ocr_line' id='line_1_72' title="bbox 1976 1195 3673 1276; baseline 0.01 -30"><span class='ocrx_word' id='word_1_520' title='bbox 1976 1209 2117 1263; x_wconf 82' lang='lat' dir='ltr'>pora</span> <span class='ocrx_word' id='word_1_521' title='bbox 2146 1200 2202 1247; x_wconf 92' lang='lat' dir='ltr'>et</span> <span class='ocrx_word' id='word_1_522' title='bbox 2222 1195 2371 1249; x_wconf 91' lang='lat' dir='ltr'>locos</span> <span class='ocrx_word' id='word_1_523' title='bbox 2400 1197 2667 1266; x_wconf 87' lang='lat' dir='ltr'>pulchras</span> <span class='ocrx_word' id='word_1_524' title='bbox 2693 1198 3295 1257; x_wconf 75' lang='lat' dir='ltr'>variationes‘faciant</span> <span class='ocrx_word' id='word_1_525' title='bbox 3321 1210 3420 1258; x_wconf 88' lang='lat' dir='ltr'>aut</span> <span class='ocrx_word' id='word_1_526' title='bbox 3450 1206 3673 1276; x_wconf 90' lang='lat' dir='ltr'>patian-</span> 
     </span>
    </p>
   </div>
   <div class='ocr_carea' id='block_1_73' title="bbox 1976 1283 3675 1362">
    <p class='ocr_par' dir='ltr' id='par_1_73' title="bbox 1976 1283 3675 1362">
     <span class='ocr_line' id='line_1_73' title="bbox 1976 1283 3675 1362; baseline 0.01 -29"><span class='ocrx_word' id='word_1_527' title='bbox 1976 1285 2095 1337; x_wconf 88' lang='lat' dir='ltr'>tur.</span> <span class='ocrx_word' id='word_1_528' title='bbox 2131 1283 2336 1338; x_wconf 81' lang='lat' dir='ltr'>Vident</span> <span class='ocrx_word' id='word_1_529' title='bbox 2364 1285 2505 1351; x_wconf 83' lang='lat' dir='ltr'>haec,</span> <span class='ocrx_word' id='word_1_530' title='bbox 2560 1289 2616 1339; x_wconf 90' lang='lat' dir='ltr'>et</span> <span class='ocrx_word' id='word_1_531' title='bbox 2662 1288 2913 1358; x_wconf 88' lang='lat' dir='ltr'>gaudent</span> <span class='ocrx_word' id='word_1_532' title='bbox 2963 1288 3022 1343; x_wconf 90' lang='lat' dir='ltr'>in</span> <span class='ocrx_word' id='word_1_533' title='bbox 3060 1289 3186 1344; x_wconf 90' lang='lat' dir='ltr'>luce</span> <span class='ocrx_word' id='word_1_534' title='bbox 3233 1292 3485 1347; x_wconf 89' lang='lat' dir='ltr'>veritatis</span> <span class='ocrx_word' id='word_1_535' title='bbox 3535 1299 3675 1362; x_wconf 69' lang='lat' dir='ltr'>tute,</span> 
     </span>
    </p>
   </div>
   <div class='ocr_carea' id='block_1_74' title="bbox 1977 1370 2684 1439">
    <p class='ocr_par' dir='ltr' id='par_1_74' title="bbox 1977 1370 2684 1439">
     <span class='ocr_line' id='line_1_74' title="bbox 1977 1370 2684 1439; baseline 0.01 -19"><span class='ocrx_word' id='word_1_536' title='bbox 1977 1370 2320 1439; x_wconf 88' lang='lat' dir='ltr'>quantulum</span> <span class='ocrx_word' id='word_1_537' title='bbox 2349 1370 2443 1425; x_wconf 88' lang='lat' dir='ltr'>hic</span> <span class='ocrx_word' id='word_1_538' title='bbox 2474 1372 2684 1427; x_wconf 88' lang='lat' dir='ltr'>valent.</span> 
     </span>
    </p>
   </div>
   <div class='ocr_carea' id='block_1_75' title="bbox 2048 1458 3668 1535">
    <p class='ocr_par' dir='ltr' id='par_1_75' title="bbox 2048 1458 3668 1535">
     <span class='ocr_line' id='line_1_75' title="bbox 2048 1458 3668 1535; baseline 0.007 -25"><span class='ocrx_word' id='word_1_539' title='bbox 2048 1460 2135 1512; x_wconf 86' lang='lat'>39.</span> <span class='ocrx_word' id='word_1_540' title='bbox 2170 1459 2235 1512; x_wconf 88' lang='lat' dir='ltr'>Et</span> <span class='ocrx_word' id='word_1_541' title='bbox 2254 1458 2399 1512; x_wconf 89' lang='lat' dir='ltr'>alius</span> <span class='ocrx_word' id='word_1_542' title='bbox 2427 1476 2627 1515; x_wconf 90' lang='lat' dir='ltr'>eorum</span> <span class='ocrx_word' id='word_1_543' title='bbox 2671 1461 2921 1518; x_wconf 88' lang='lat' dir='ltr'>intendit</span> <span class='ocrx_word' id='word_1_544' title='bbox 2948 1463 3009 1517; x_wconf 92' lang='lat' dir='ltr'>in</span> <span class='ocrx_word' id='word_1_545' title='bbox 3038 1464 3099 1518; x_wconf 93' lang='lat' dir='ltr'>id</span> <span class='ocrx_word' id='word_1_546' title='bbox 3130 1465 3286 1535; x_wconf 91' lang='lat' dir='ltr'>quod</span> <span class='ocrx_word' id='word_1_547' title='bbox 3318 1466 3532 1522; x_wconf 91' lang='lat' dir='ltr'>dictum</span> <span class='ocrx_word' id='word_1_548' title='bbox 3566 1473 3668 1534; x_wconf 87' lang='lat' dir='ltr'>est,</span> 
     </span>
    </p>
   </div>
   <div class='ocr_carea' id='block_1_76' title="bbox 1972 1546 3678 1623">
    <p class='ocr_par' dir='ltr' id='par_1_76' title="bbox 1972 1546 3678 1623">
     <span class='ocr_line' id='line_1_76' title="bbox 1972 1546 3678 1623; baseline 0.007 -25"><span class='ocrx_word' id='word_1_549' title='bbox 1972 1546 2036 1599; x_wconf 86' lang='lat' dir='ltr'>In</span> <span class='ocrx_word' id='word_1_550' title='bbox 2064 1548 2337 1616; x_wconf 78' lang='lat' dir='ltr'>principio</span> <span class='ocrx_word' id='word_1_551' title='bbox 2377 1550 2510 1615; x_wconf 77' lang='lat' dir='ltr'>fecit</span> <span class='ocrx_word' id='word_1_552' title='bbox 2543 1552 2695 1614; x_wconf 86' lang='lat' dir='ltr'>Deus,</span> <span class='ocrx_word' id='word_1_553' title='bbox 2740 1554 2796 1604; x_wconf 93' lang='lat' dir='ltr'>et</span> <span class='ocrx_word' id='word_1_554' title='bbox 2819 1551 3049 1623; x_wconf 91' lang='lat' dir='ltr'>respicit</span> <span class='ocrx_word' id='word_1_555' title='bbox 3078 1554 3426 1623; x_wconf 89' lang='lat' dir='ltr'>Sapientiam</span> <span class='ocrx_word' id='word_1_556' title='bbox 3459 1555 3678 1609; x_wconf 89' lang='lat' dir='ltr'>Princi-</span> 
     </span>
    </p>
   </div>
   <div class='ocr_carea' id='block_1_77' title="bbox 1975 1633 3677 1710">
    <p class='ocr_par' dir='ltr' id='par_1_77' title="bbox 1975 1633 3677 1710">
     <span class='ocr_line' id='line_1_77' title="bbox 1975 1633 3677 1710; baseline 0.006 -23"><span class='ocrx_word' id='word_1_557' title='bbox 1975 1633 2159 1705; x_wconf 91' lang='lat' dir='ltr'>pium,</span> <span class='ocrx_word' id='word_1_558' title='bbox 2194 1636 2329 1707; x_wconf 91' lang='lat' dir='ltr'>quia</span> <span class='ocrx_word' id='word_1_559' title='bbox 2358 1641 2414 1691; x_wconf 92' lang='lat' dir='ltr'>et</span> <span class='ocrx_word' id='word_1_560' title='bbox 2442 1638 2698 1708; x_wconf 89' lang='lat' dir='ltr'>loquitur</span> <span class='ocrx_word' id='word_1_561' title='bbox 2722 1639 2846 1710; x_wconf 91' lang='lat' dir='ltr'>ipsa</span> <span class='ocrx_word' id='word_1_562' title='bbox 2866 1640 3047 1694; x_wconf 88' lang='lat' dir='ltr'>nobis.</span> <span class='ocrx_word' id='word_1_563' title='bbox 3080 1641 3239 1695; x_wconf 87' lang='lat' dir='ltr'>Alius</span> <span class='ocrx_word' id='word_1_564' title='bbox 3266 1642 3466 1697; x_wconf 88' lang='lat' dir='ltr'>itidem</span> <span class='ocrx_word' id='word_1_565' title='bbox 3486 1643 3677 1697; x_wconf 91' lang='lat' dir='ltr'>inten-</span> 
     </span>
    </p>
   </div>
   <div class='ocr_carea' id='block_1_78' title="bbox 1979 1722 3677 1799">
    <p class='ocr_par' dir='ltr' id='par_1_78' title="bbox 1979 1722 3677 1799">
     <span class='ocr_line' id='line_1_78' title="bbox 1979 1722 3677 1799; baseline 0.006 -23"><span class='ocrx_word' id='word_1_566' title='bbox 1979 1722 2061 1777; x_wconf 93' lang='lat' dir='ltr'>dit</span> <span class='ocrx_word' id='word_1_567' title='bbox 2088 1723 2148 1777; x_wconf 89' lang='lat' dir='ltr'>in</span> <span class='ocrx_word' id='word_1_568' title='bbox 2171 1725 2373 1779; x_wconf 90' lang='lat' dir='ltr'>eadem</span> <span class='ocrx_word' id='word_1_569' title='bbox 2402 1726 2594 1798; x_wconf 88' lang='lat' dir='ltr'>verba,</span> <span class='ocrx_word' id='word_1_570' title='bbox 2626 1732 2679 1781; x_wconf 90' lang='lat' dir='ltr'>et</span> <span class='ocrx_word' id='word_1_571' title='bbox 2709 1728 3059 1799; x_wconf 83' lang='lat' dir='ltr'>principium</span> <span class='ocrx_word' id='word_1_572' title='bbox 3084 1729 3353 1799; x_wconf 90' lang='lat' dir='ltr'>intelligit</span> <span class='ocrx_word' id='word_1_573' title='bbox 3382 1732 3677 1786; x_wconf 86' lang='lat' dir='ltr'>exordium</span> 
     </span>
    </p>
   </div>
   <div class='ocr_carea' id='block_1_79' title="bbox 1979 1813 3674 1888">
    <p class='ocr_par' dir='ltr' id='par_1_79' title="bbox 1979 1813 3674 1888">
     <span class='ocr_line' id='line_1_79' title="bbox 1979 1813 3674 1888; baseline 0.005 -23"><span class='ocrx_word' id='word_1_574' title='bbox 1979 1828 2173 1867; x_wconf 88' lang='lat' dir='ltr'>rerum</span> <span class='ocrx_word' id='word_1_575' title='bbox 2204 1813 2602 1877; x_wconf 79' lang='lat' dir='ltr'>conditarum;</span> <span class='ocrx_word' id='word_1_576' title='bbox 2659 1820 2716 1870; x_wconf 88' lang='lat' dir='ltr'>et</span> <span class='ocrx_word' id='word_1_577' title='bbox 2747 1816 2824 1869; x_wconf 92' lang='lat' dir='ltr'>sic</span> <span class='ocrx_word' id='word_1_578' title='bbox 2869 1817 3091 1887; x_wconf 90' lang='lat' dir='ltr'>accipit,</span> <span class='ocrx_word' id='word_1_579' title='bbox 3127 1820 3189 1871; x_wconf 84' lang='lat' dir='ltr'>In</span> <span class='ocrx_word' id='word_1_580' title='bbox 3222 1821 3501 1888; x_wconf 75' lang='lat' dir='ltr'>principio</span> <span class='ocrx_word' id='word_1_581' title='bbox 3542 1822 3674 1886; x_wconf 78' lang='lat' dir='ltr'>fecit</span> 
     </span>
    </p>
   </div>
   <div class='ocr_carea' id='block_1_80' title="bbox 1981 1900 3680 1976">
    <p class='ocr_par' dir='ltr' id='par_1_80' title="bbox 1981 1900 3680 1976">
     <span class='ocr_line' id='line_1_80' title="bbox 1981 1900 3680 1976; baseline 0.004 -23"><span class='ocrx_word' id='word_1_582' title='bbox 1981 1916 2042 1953; x_wconf 89' lang='lat' dir='ltr'>ac</span> <span class='ocrx_word' id='word_1_583' title='bbox 2076 1900 2123 1953; x_wconf 90' lang='lat' dir='ltr'>si</span> <span class='ocrx_word' id='word_1_584' title='bbox 2154 1900 2454 1967; x_wconf 90' lang='lat' dir='ltr'>diceretur,</span> <span class='ocrx_word' id='word_1_585' title='bbox 2483 1901 2673 1955; x_wconf 91' lang='lat' dir='ltr'>Primo</span> <span class='ocrx_word' id='word_1_586' title='bbox 2703 1902 2858 1957; x_wconf 85' lang='lat' dir='ltr'>fecit.</span> <span class='ocrx_word' id='word_1_587' title='bbox 2896 1906 3081 1974; x_wconf 87' lang='lat' dir='ltr'>Atque</span> <span class='ocrx_word' id='word_1_588' title='bbox 3109 1904 3171 1958; x_wconf 89' lang='lat' dir='ltr'>in</span> <span class='ocrx_word' id='word_1_589' title='bbox 3225 1904 3304 1958; x_wconf 88' lang='lat' dir='ltr'>eis</span> <span class='ocrx_word' id='word_1_590' title='bbox 3336 1906 3435 1976; x_wconf 90' lang='lat' dir='ltr'>qui</span> <span class='ocrx_word' id='word_1_591' title='bbox 3467 1905 3680 1960; x_wconf 88' lang='lat' dir='ltr'>intelli—</span> 
     </span>
    </p>
   </div>
   <div class='ocr_carea' id='block_1_81' title="bbox 1977 1989 3680 2062">
    <p class='ocr_par' dir='ltr' id='par_1_81' title="bbox 1977 1989 3680 2062">
     <span class='ocr_line' id='line_1_81' title="bbox 1977 1989 3680 2062; baseline 0.005 -21"><span class='ocrx_word' id='word_1_592' title='bbox 1977 1992 2139 2057; x_wconf 89' lang='lat' dir='ltr'>gunt,</span> <span class='ocrx_word' id='word_1_593' title='bbox 2169 1991 2233 2043; x_wconf 83' lang='lat' dir='ltr'>In</span> <span class='ocrx_word' id='word_1_594' title='bbox 2256 1989 2557 2058; x_wconf 78' lang='lat' dir='ltr'>principio,</span> <span class='ocrx_word' id='word_1_595' title='bbox 2589 1991 2740 2061; x_wconf 90' lang='lat' dir='ltr'>quod</span> <span class='ocrx_word' id='word_1_596' title='bbox 2762 1991 2821 2044; x_wconf 93' lang='lat' dir='ltr'>in</span> <span class='ocrx_word' id='word_1_597' title='bbox 2851 1991 3138 2062; x_wconf 87' lang='lat' dir='ltr'>Sapientia</span> <span class='ocrx_word' id='word_1_598' title='bbox 3167 1992 3352 2047; x_wconf 86' lang='lat' dir='ltr'>fecisti</span> <span class='ocrx_word' id='word_1_599' title='bbox 3383 1995 3590 2049; x_wconf 68' lang='lat' dir='ltr'>cazlum</span> <span class='ocrx_word' id='word_1_600' title='bbox 3620 1999 3680 2048; x_wconf 92' lang='lat' dir='ltr'>et</span> 
     </span>
    </p>
   </div>
   <div class='ocr_carea' id='block_1_82' title="bbox 1980 2078 3684 2149">
    <p class='ocr_par' dir='ltr' id='par_1_82' title="bbox 1980 2078 3684 2149">
     <span class='ocr_line' id='line_1_82' title="bbox 1980 2078 3684 2149; baseline 0.003 -19"><span class='ocrx_word' id='word_1_601' title='bbox 1980 2082 2191 2131; x_wconf 90' lang='lat' dir='ltr'>terram</span> <span class='ocrx_word' id='word_1_602' title='bbox 2218 2094 2230 2132; x_wconf 92' lang='lat'>:</span> <span class='ocrx_word' id='word_1_603' title='bbox 2264 2078 2408 2131; x_wconf 87' lang='lat' dir='ltr'>alius</span> <span class='ocrx_word' id='word_1_604' title='bbox 2440 2094 2641 2133; x_wconf 91' lang='lat' dir='ltr'>eorum</span> <span class='ocrx_word' id='word_1_605' title='bbox 2672 2079 2862 2149; x_wconf 91' lang='lat' dir='ltr'>ipsum</span> <span class='ocrx_word' id='word_1_606' title='bbox 2886 2079 3093 2133; x_wconf 69' lang='lat' dir='ltr'>coelum</span> <span class='ocrx_word' id='word_1_607' title='bbox 3113 2084 3169 2134; x_wconf 91' lang='lat' dir='ltr'>et</span> <span class='ocrx_word' id='word_1_608' title='bbox 3198 2084 3431 2149; x_wconf 86' lang='lat' dir='ltr'>terram,</span> <span class='ocrx_word' id='word_1_609' title='bbox 3465 2083 3684 2137; x_wconf 87' lang='lat' dir='ltr'>creabi-</span> 
     </span>
    </p>
   </div>
   <div class='ocr_carea' id='block_1_83' title="bbox 1981 2166 3680 2240">
    <p class='ocr_par' dir='ltr' id='par_1_83' title="bbox 1981 2166 3680 2240">
     <span class='ocr_line' id='line_1_83' title="bbox 1981 2166 3680 2240; baseline 0.003 -21"><span class='ocrx_word' id='word_1_610' title='bbox 1981 2166 2094 2219; x_wconf 92' lang='lat' dir='ltr'>lem</span> <span class='ocrx_word' id='word_1_611' title='bbox 2124 2167 2418 2221; x_wconf 89' lang='lat' dir='ltr'>materiam</span> <span class='ocrx_word' id='word_1_612' title='bbox 2452 2167 2579 2221; x_wconf 67' lang='lat' dir='ltr'>caeli</span> <span class='ocrx_word' id='word_1_613' title='bbox 2612 2171 2668 2221; x_wconf 88' lang='lat' dir='ltr'>et</span> <span class='ocrx_word' id='word_1_614' title='bbox 2692 2172 2861 2221; x_wconf 68' lang='lat' dir='ltr'>terrm</span> <span class='ocrx_word' id='word_1_615' title='bbox 2892 2168 2971 2221; x_wconf 81' lang='lat' dir='ltr'>sic</span> <span class='ocrx_word' id='word_1_616' title='bbox 3014 2184 3134 2223; x_wconf 92' lang='lat' dir='ltr'>esse</span> <span class='ocrx_word' id='word_1_617' title='bbox 3167 2169 3344 2223; x_wconf 90' lang='lat' dir='ltr'>credit</span> <span class='ocrx_word' id='word_1_618' title='bbox 3384 2171 3680 2240; x_wconf 91' lang='lat' dir='ltr'>cognomi-</span> 
     </span>
    </p>
   </div>
   <div class='ocr_carea' id='block_1_84' title="bbox 1981 2254 3681 2327">
    <p class='ocr_par' dir='ltr' id='par_1_84' title="bbox 1981 2254 3681 2327">
     <span class='ocr_line' id='line_1_84' title="bbox 1981 2254 3681 2327; baseline 0.003 -20"><span class='ocrx_word' id='word_1_619' title='bbox 1981 2258 2175 2308; x_wconf 89' lang='lat' dir='ltr'>natam</span> <span class='ocrx_word' id='word_1_620' title='bbox 2206 2273 2223 2308; x_wconf 87' lang='lat'><strong><em>:</em></strong></span> <span class='ocrx_word' id='word_1_621' title='bbox 2256 2254 2401 2309; x_wconf 90' lang='lat' dir='ltr'>alius</span> <span class='ocrx_word' id='word_1_622' title='bbox 2451 2255 2573 2325; x_wconf 90' lang='lat' dir='ltr'>jam</span> <span class='ocrx_word' id='word_1_623' title='bbox 2620 2255 2893 2309; x_wconf 87' lang='lat' dir='ltr'>formatas</span> <span class='ocrx_word' id='word_1_624' title='bbox 2942 2256 3349 2327; x_wconf 91' lang='lat' dir='ltr'>distinctasque</span> <span class='ocrx_word' id='word_1_625' title='bbox 3399 2263 3681 2313; x_wconf 90' lang='lat' dir='ltr'>naturas:</span> 
     </span>
    </p>
   </div>
   <div class='ocr_carea' id='block_1_85' title="bbox 1981 2343 3686 2415">
    <p class='ocr_par' dir='ltr' id='par_1_85' title="bbox 1981 2343 3686 2415">
     <span class='ocr_line' id='line_1_85' title="bbox 1981 2343 3686 2415; baseline 0.002 -17"><span class='ocrx_word' id='word_1_626' title='bbox 1981 2343 2126 2398; x_wconf 88' lang='lat' dir='ltr'>alius</span> <span class='ocrx_word' id='word_1_627' title='bbox 2152 2359 2327 2396; x_wconf 90' lang='lat' dir='ltr'>unam</span> <span class='ocrx_word' id='word_1_628' title='bbox 2371 2343 2699 2413; x_wconf 87' lang='lat' dir='ltr'>formatam,</span> <span class='ocrx_word' id='word_1_629' title='bbox 2729 2345 3107 2415; x_wconf 90' lang='lat' dir='ltr'>eamdemque</span> <span class='ocrx_word' id='word_1_630' title='bbox 3159 2345 3514 2415; x_wconf 90' lang='lat' dir='ltr'>spiritualem</span> <span class='ocrx_word' id='word_1_631' title='bbox 3558 2347 3686 2401; x_wconf 73' lang='lat' dir='ltr'>cceli</span> 
     </span>
    </p>
   </div>
   <div class='ocr_carea' id='block_1_86' title="bbox 1981 2431 3681 2503">
    <p class='ocr_par' dir='ltr' id='par_1_86' title="bbox 1981 2431 3681 2503">
     <span class='ocr_line' id='line_1_86' title="bbox 1981 2431 3681 2503; baseline 0.002 -16"><span class='ocrx_word' id='word_1_632' title='bbox 1981 2431 2250 2499; x_wconf 88' lang='lat' dir='ltr'>nomine;</span> <span class='ocrx_word' id='word_1_633' title='bbox 2284 2431 2456 2487; x_wconf 91' lang='lat' dir='ltr'>aliam</span> <span class='ocrx_word' id='word_1_634' title='bbox 2489 2432 2798 2487; x_wconf 87' lang='lat' dir='ltr'>informem</span> <span class='ocrx_word' id='word_1_635' title='bbox 2843 2433 3151 2503; x_wconf 91' lang='lat' dir='ltr'>corporalis</span> <span class='ocrx_word' id='word_1_636' title='bbox 3195 2435 3471 2501; x_wconf 66' lang='lat' dir='ltr'>materias,</span> <span class='ocrx_word' id='word_1_637' title='bbox 3514 2439 3681 2490; x_wconf 64' lang='lat' dir='ltr'>terre</span> 
     </span>
    </p>
   </div>
   <div class='ocr_carea' id='block_1_87' title="bbox 1980 2518 3683 2591">
    <p class='ocr_par' dir='ltr' id='par_1_87' title="bbox 1980 2518 3683 2591">
     <span class='ocr_line' id='line_1_87' title="bbox 1980 2518 3683 2591; baseline 0.001 -16"><span class='ocrx_word' id='word_1_638' title='bbox 1980 2519 2241 2576; x_wconf 90' lang='lat' dir='ltr'>nomine.</span> <span class='ocrx_word' id='word_1_639' title='bbox 2283 2518 2391 2584; x_wconf 89' lang='lat' dir='ltr'>Qui</span> <span class='ocrx_word' id='word_1_640' title='bbox 2422 2524 2614 2574; x_wconf 90' lang='lat' dir='ltr'>autem</span> <span class='ocrx_word' id='word_1_641' title='bbox 2640 2520 2974 2591; x_wconf 90' lang='lat' dir='ltr'>intelligunt</span> <span class='ocrx_word' id='word_1_642' title='bbox 3014 2520 3075 2575; x_wconf 93' lang='lat' dir='ltr'>in</span> <span class='ocrx_word' id='word_1_643' title='bbox 3103 2521 3436 2576; x_wconf 90' lang='lat' dir='ltr'>nominibus</span> <span class='ocrx_word' id='word_1_644' title='bbox 3467 2523 3593 2577; x_wconf 86' lang='lat' dir='ltr'>coeli</span> <span class='ocrx_word' id='word_1_645' title='bbox 3625 2528 3683 2577; x_wconf 91' lang='lat' dir='ltr'>et</span> 
     </span>
    </p>
   </div>
   <div class='ocr_carea' id='block_1_88' title="bbox 1983 2608 3684 2681">
    <p class='ocr_par' dir='ltr' id='par_1_88' title="bbox 1983 2608 3684 2681">
     <span class='ocr_line' id='line_1_88' title="bbox 1983 2608 3684 2681; baseline 0.001 -18"><span class='ocrx_word' id='word_1_646' title='bbox 1983 2613 2165 2674; x_wconf 73' lang='lat' dir='ltr'>terras,</span> <span class='ocrx_word' id='word_1_647' title='bbox 2204 2609 2390 2663; x_wconf 90' lang='lat' dir='ltr'>adhuc</span> <span class='ocrx_word' id='word_1_648' title='bbox 2410 2608 2719 2663; x_wconf 89' lang='lat' dir='ltr'>informem</span> <span class='ocrx_word' id='word_1_649' title='bbox 2746 2609 3066 2676; x_wconf 89' lang='lat' dir='ltr'>materiem,</span> <span class='ocrx_word' id='word_1_650' title='bbox 3099 2610 3168 2665; x_wconf 93' lang='lat' dir='ltr'>de</span> <span class='ocrx_word' id='word_1_651' title='bbox 3199 2627 3312 2681; x_wconf 88' lang='lat' dir='ltr'>qua</span> <span class='ocrx_word' id='word_1_652' title='bbox 3337 2612 3684 2665; x_wconf 88' lang='lat' dir='ltr'>formaretur</span> 
     </span>
    </p>
   </div>
   <div class='ocr_carea' id='block_1_89' title="bbox 1983 2696 3679 2770">
    <p class='ocr_par' dir='ltr' id='par_1_89' title="bbox 1983 2696 3679 2770">
     <span class='ocr_line' id='line_1_89' title="bbox 1983 2696 3679 2770; baseline 0.001 -19"><span class='ocrx_word' id='word_1_653' title='bbox 1983 2698 2188 2751; x_wconf 69' lang='lat' dir='ltr'>caelum</span> <span class='ocrx_word' id='word_1_654' title='bbox 2220 2701 2275 2751; x_wconf 89' lang='lat' dir='ltr'>et</span> <span class='ocrx_word' id='word_1_655' title='bbox 2305 2702 2475 2764; x_wconf 91' lang='lat' dir='ltr'>terra,</span> <span class='ocrx_word' id='word_1_656' title='bbox 2503 2713 2607 2751; x_wconf 92' lang='lat' dir='ltr'>nec</span> <span class='ocrx_word' id='word_1_657' title='bbox 2633 2696 2743 2767; x_wconf 92' lang='lat' dir='ltr'>ipsi</span> <span class='ocrx_word' id='word_1_658' title='bbox 2765 2714 2879 2751; x_wconf 92' lang='lat' dir='ltr'>uno</span> <span class='ocrx_word' id='word_1_659' title='bbox 2900 2699 3071 2752; x_wconf 92' lang='lat' dir='ltr'>modo</span> <span class='ocrx_word' id='word_1_660' title='bbox 3100 2698 3158 2751; x_wconf 94' lang='lat' dir='ltr'>id</span> <span class='ocrx_word' id='word_1_661' title='bbox 3180 2698 3547 2770; x_wconf 90' lang='lat' dir='ltr'>intelligunt:</span> <span class='ocrx_word' id='word_1_662' title='bbox 3580 2700 3679 2754; x_wconf 91' lang='lat' dir='ltr'>sed</span> 
     </span>
    </p>
   </div>
   <div class='ocr_carea' id='block_1_90' title="bbox 1979 2785 3681 2858">
    <p class='ocr_par' dir='ltr' id='par_1_90' title="bbox 1979 2785 3681 2858">
     <span class='ocr_line' id='line_1_90' title="bbox 1979 2785 3681 2858; baseline 0.001 -19"><span class='ocrx_word' id='word_1_663' title='bbox 1979 2785 2123 2839; x_wconf 91' lang='lat' dir='ltr'>alius</span> <span class='ocrx_word' id='word_1_664' title='bbox 2154 2786 2303 2840; x_wconf 90' lang='lat' dir='ltr'>unde</span> <span class='ocrx_word' id='word_1_665' title='bbox 2342 2790 2837 2840; x_wconf 89' lang='lat' dir='ltr'>consummaretur</span> <span class='ocrx_word' id='word_1_666' title='bbox 2860 2785 3238 2856; x_wconf 88' lang='lat' dir='ltr'>intelligibilis</span> <span class='ocrx_word' id='word_1_667' title='bbox 3278 2787 3681 2858; x_wconf 88' lang='lat' dir='ltr'>sensibilisque</span> 
     </span>
    </p>
   </div>
   <div class='ocr_carea' id='block_1_91' title="bbox 1982 2873 3682 2940">
    <p class='ocr_par' dir='ltr' id='par_1_91' title="bbox 1982 2873 3682 2940">
     <span class='ocr_line' id='line_1_91' title="bbox 1982 2873 3682 2940; baseline 0.001 -13"><span class='ocrx_word' id='word_1_668' title='bbox 1982 2879 2239 2927; x_wconf 88' lang='lat' dir='ltr'>creatura</span> <span class='ocrx_word' id='word_1_669' title='bbox 2263 2890 2276 2940; x_wconf 92' lang='lat'><strong>;</strong></span> <span class='ocrx_word' id='word_1_670' title='bbox 2310 2873 2457 2928; x_wconf 90' lang='lat' dir='ltr'>alius</span> <span class='ocrx_word' id='word_1_671' title='bbox 2487 2879 2710 2929; x_wconf 89' lang='lat' dir='ltr'>tantum</span> <span class='ocrx_word' id='word_1_672' title='bbox 2736 2875 2886 2929; x_wconf 91' lang='lat' dir='ltr'>unde</span> <span class='ocrx_word' id='word_1_673' title='bbox 2917 2875 3198 2929; x_wconf 88' lang='lat' dir='ltr'>sensibilis</span> <span class='ocrx_word' id='word_1_674' title='bbox 3217 2878 3399 2931; x_wconf 90' lang='lat' dir='ltr'>moles</span> <span class='ocrx_word' id='word_1_675' title='bbox 3419 2877 3529 2931; x_wconf 90' lang='lat' dir='ltr'>ista</span> <span class='ocrx_word' id='word_1_676' title='bbox 3558 2893 3682 2930; x_wconf 87' lang='lat' dir='ltr'>cor-</span> 
     </span>
    </p>
   </div>
   <div class='ocr_carea' id='block_1_92' title="bbox 1981 2962 3685 3037">
    <p class='ocr_par' dir='ltr' id='par_1_92' title="bbox 1981 2962 3685 3037">
     <span class='ocr_line' id='line_1_92' title="bbox 1981 2962 3685 3037; baseline 0.002 -22"><span class='ocrx_word' id='word_1_677' title='bbox 1981 2978 2175 3032; x_wconf 90' lang='lat' dir='ltr'>porea,</span> <span class='ocrx_word' id='word_1_678' title='bbox 2210 2962 2337 3015; x_wconf 90' lang='lat' dir='ltr'>sinu</span> <span class='ocrx_word' id='word_1_679' title='bbox 2366 2962 2569 3032; x_wconf 89' lang='lat' dir='ltr'>grandi</span> <span class='ocrx_word' id='word_1_680' title='bbox 2587 2962 2885 3017; x_wconf 90' lang='lat' dir='ltr'>continens</span> <span class='ocrx_word' id='word_1_681' title='bbox 2914 2962 3245 3034; x_wconf 85' lang='lat' dir='ltr'>perspicuas</span> <span class='ocrx_word' id='word_1_682' title='bbox 3272 2969 3685 3037; x_wconf 88' lang='lat' dir='ltr'>promptasque</span> 
     </span>
    </p>
   </div>
   <div class='ocr_carea' id='block_1_93' title="bbox 1983 3049 3678 3123">
    <p class='ocr_par' dir='ltr' id='par_1_93' title="bbox 1983 3049 3678 3123">
     <span class='ocr_line' id='line_1_93' title="bbox 1983 3049 3678 3123; baseline 0.001 -19"><span class='ocrx_word' id='word_1_683' title='bbox 1983 3056 2238 3106; x_wconf 86' lang='lat' dir='ltr'>naturas.</span> <span class='ocrx_word' id='word_1_684' title='bbox 2278 3051 2390 3104; x_wconf 89' lang='lat' dir='ltr'>Nec</span> <span class='ocrx_word' id='word_1_685' title='bbox 2426 3049 2511 3103; x_wconf 93' lang='lat' dir='ltr'>illi</span> <span class='ocrx_word' id='word_1_686' title='bbox 2542 3067 2655 3104; x_wconf 90' lang='lat' dir='ltr'>uno</span> <span class='ocrx_word' id='word_1_687' title='bbox 2687 3052 2856 3106; x_wconf 89' lang='lat' dir='ltr'>modo</span> <span class='ocrx_word' id='word_1_688' title='bbox 2916 3051 3016 3123; x_wconf 84' lang='lat' dir='ltr'>qui</span> <span class='ocrx_word' id='word_1_689' title='bbox 3035 3051 3156 3121; x_wconf 85' lang='lat' dir='ltr'>jam</span> <span class='ocrx_word' id='word_1_690' title='bbox 3186 3052 3491 3123; x_wconf 90' lang='lat' dir='ltr'>dispositas</span> <span class='ocrx_word' id='word_1_691' title='bbox 3520 3054 3678 3123; x_wconf 89' lang='lat' dir='ltr'>dige-</span> 
     </span>
    </p>
   </div>
   <div class='ocr_carea' id='block_1_94' title="bbox 1983 3140 3672 3209">
    <p class='ocr_par' dir='ltr' id='par_1_94' title="bbox 1983 3140 3672 3209">
     <span class='ocr_line' id='line_1_94' title="bbox 1983 3140 3672 3209; baseline 0.002 -17"><span class='ocrx_word' id='word_1_692' title='bbox 1983 3143 2210 3209; x_wconf 90' lang='lat' dir='ltr'>stasque</span> <span class='ocrx_word' id='word_1_693' title='bbox 2240 3142 2525 3193; x_wconf 88' lang='lat' dir='ltr'>creaturas</span> <span class='ocrx_word' id='word_1_694' title='bbox 2555 3140 2759 3193; x_wconf 89' lang='lat' dir='ltr'>coelum</span> <span class='ocrx_word' id='word_1_695' title='bbox 2799 3144 2857 3194; x_wconf 93' lang='lat' dir='ltr'>et</span> <span class='ocrx_word' id='word_1_696' title='bbox 2905 3144 3119 3196; x_wconf 88' lang='lat' dir='ltr'>terram</span> <span class='ocrx_word' id='word_1_697' title='bbox 3162 3141 3349 3195; x_wconf 91' lang='lat' dir='ltr'>vocari</span> <span class='ocrx_word' id='word_1_698' title='bbox 3400 3142 3507 3195; x_wconf 90' lang='lat' dir='ltr'>hoc</span> <span class='ocrx_word' id='word_1_699' title='bbox 3551 3142 3672 3195; x_wconf 91' lang='lat' dir='ltr'>loco</span> 
     </span>
    </p>
   </div>
   <div class='ocr_carea' id='block_1_95' title="bbox 1984 3227 3671 3302">
    <p class='ocr_par' dir='ltr' id='par_1_95' title="bbox 1984 3227 3671 3302">
     <span class='ocr_line' id='line_1_95' title="bbox 1984 3227 3671 3302; baseline 0 -21"><span class='ocrx_word' id='word_1_700' title='bbox 1984 3228 2262 3294; x_wconf 86' lang='lat' dir='ltr'>credunt;</span> <span class='ocrx_word' id='word_1_701' title='bbox 2293 3227 2390 3282; x_wconf 90' lang='lat' dir='ltr'>sed</span> <span class='ocrx_word' id='word_1_702' title='bbox 2414 3228 2559 3282; x_wconf 92' lang='lat' dir='ltr'>alius</span> <span class='ocrx_word' id='word_1_703' title='bbox 2590 3227 2933 3283; x_wconf 88' lang='lat' dir='ltr'>invisibilem</span> <span class='ocrx_word' id='word_1_704' title='bbox 2974 3233 3140 3302; x_wconf 89' lang='lat' dir='ltr'>atque</span> <span class='ocrx_word' id='word_1_705' title='bbox 3170 3230 3448 3284; x_wconf 89' lang='lat' dir='ltr'>visibilem</span> <span class='ocrx_word' id='word_1_706' title='bbox 3477 3247 3489 3284; x_wconf 88' lang='lat'><strong>:</strong></span> <span class='ocrx_word' id='word_1_707' title='bbox 3525 3230 3671 3284; x_wconf 90' lang='lat' dir='ltr'>alius</span> 
     </span>
    </p>
   </div>
   <div class='ocr_carea' id='block_1_96' title="bbox 1986 3315 3683 3390">
    <p class='ocr_par' dir='ltr' id='par_1_96' title="bbox 1986 3315 3683 3390">
     <span class='ocr_line' id='line_1_96' title="bbox 1986 3315 3683 3390; baseline -0.001 -19"><span class='ocrx_word' id='word_1_708' title='bbox 1986 3316 2164 3371; x_wconf 91' lang='lat' dir='ltr'>solam</span> <span class='ocrx_word' id='word_1_709' title='bbox 2194 3315 2475 3370; x_wconf 90' lang='lat' dir='ltr'>visibilem</span> <span class='ocrx_word' id='word_1_710' title='bbox 2495 3316 2555 3371; x_wconf 93' lang='lat' dir='ltr'>in</span> <span class='ocrx_word' id='word_1_711' title='bbox 2577 3333 2690 3388; x_wconf 85' lang='lat' dir='ltr'>qua</span> <span class='ocrx_word' id='word_1_712' title='bbox 2705 3316 3057 3373; x_wconf 89' lang='lat' dir='ltr'>luminosum</span> <span class='ocrx_word' id='word_1_713' title='bbox 3089 3319 3295 3374; x_wconf 69' lang='lat' dir='ltr'>caelum</span> <span class='ocrx_word' id='word_1_714' title='bbox 3317 3318 3683 3390; x_wconf 91' lang='lat' dir='ltr'>suspicimus,</span> 
     </span>
    </p>
   </div>
   <div class='ocr_carea' id='block_1_97' title="bbox 1987 3404 3409 3478">
    <p class='ocr_par' dir='ltr' id='par_1_97' title="bbox 1987 3404 3409 3478">
     <span class='ocr_line' id='line_1_97' title="bbox 1987 3404 3409 3478; baseline 0.003 -19"><span class='ocrx_word' id='word_1_715' title='bbox 1987 3410 2043 3459; x_wconf 89' lang='lat' dir='ltr'>et</span> <span class='ocrx_word' id='word_1_716' title='bbox 2072 3411 2281 3461; x_wconf 89' lang='lat' dir='ltr'>terram</span> <span class='ocrx_word' id='word_1_717' title='bbox 2310 3404 2705 3475; x_wconf 86' lang='lat' dir='ltr'>caliginosam,</span> <span class='ocrx_word' id='word_1_718' title='bbox 2736 3421 2981 3478; x_wconf 67' lang='lat' dir='ltr'>quasque</span> <span class='ocrx_word' id='word_1_719' title='bbox 3011 3407 3076 3462; x_wconf 91' lang='lat' dir='ltr'>in</span> <span class='ocrx_word' id='word_1_720' title='bbox 3104 3406 3186 3461; x_wconf 91' lang='lat' dir='ltr'>eis</span> <span class='ocrx_word' id='word_1_721' title='bbox 3218 3412 3378 3463; x_wconf 91' lang='lat' dir='ltr'>sunt.</span> <span class='ocrx_word' id='word_1_722' title='bbox 3404 3468 3409 3474; x_wconf 85' lang='grc' dir='ltr'> </span> 
     </span>
    </p>
   </div>
   <div class='ocr_carea' id='block_1_98' title="bbox 2626 3531 3050 3586">
    <p class='ocr_par' dir='ltr' id='par_1_98' title="bbox 2626 3531 3050 3586">
     <span class='ocr_line' id='line_1_98' title="bbox 2626 3531 3050 3586; baseline 0 -2"><span class='ocrx_word' id='word_1_723' title='bbox 2626 3531 2849 3585; x_wconf 88' lang='lat' dir='ltr'>CAPUT</span> <span class='ocrx_word' id='word_1_724' title='bbox 2879 3532 3050 3586; x_wconf 84' lang='lat' dir='ltr'>XXIX.</span> 
     </span>
    </p>
   </div>
   <div class='ocr_carea' id='block_1_99' title="bbox 2333 3636 3340 3707">
    <p class='ocr_par' dir='ltr' id='par_1_99' title="bbox 2333 3636 3340 3707">
     <span class='ocr_line' id='line_1_99' title="bbox 2333 3636 3340 3707; baseline 0.002 -19"><span class='ocrx_word' id='word_1_725' title='bbox 2333 3636 2469 3701; x_wconf 86' lang='lat' dir='ltr'>Quot</span> <span class='ocrx_word' id='word_1_726' title='bbox 2496 3636 2666 3689; x_wconf 79' lang='lat' dir='ltr'>modis</span> <span class='ocrx_word' id='word_1_727' title='bbox 2691 3636 2895 3690; x_wconf 78' lang='lat' dir='ltr'>dicitur</span> <span class='ocrx_word' id='word_1_728' title='bbox 2916 3637 3133 3706; x_wconf 77' lang='lat' dir='ltr'>aliquid</span> <span class='ocrx_word' id='word_1_729' title='bbox 3159 3639 3340 3707; x_wconf 80' lang='lat' dir='ltr'>prius.</span> 
     </span>
    </p>
   </div>
   <div class='ocr_carea' id='block_1_100' title="bbox 2059 3741 3689 3812">
    <p class='ocr_par' dir='ltr' id='par_1_100' title="bbox 2059 3741 3689 3812">
     <span class='ocr_line' id='line_1_100' title="bbox 2059 3741 3689 3812; baseline -0.002 -15"><span class='ocrx_word' id='word_1_730' title='bbox 2059 3745 2147 3797; x_wconf 81' lang='grc'><strong>40.</strong></span> <span class='ocrx_word' id='word_1_731' title='bbox 2179 3743 2251 3796; x_wconf 89' lang='lat' dir='ltr'>At</span> <span class='ocrx_word' id='word_1_732' title='bbox 2280 3742 2374 3795; x_wconf 90' lang='lat' dir='ltr'>ille</span> <span class='ocrx_word' id='word_1_733' title='bbox 2405 3741 2505 3812; x_wconf 90' lang='lat' dir='ltr'>qui</span> <span class='ocrx_word' id='word_1_734' title='bbox 2537 3757 2656 3795; x_wconf 92' lang='lat' dir='ltr'>non</span> <span class='ocrx_word' id='word_1_735' title='bbox 2684 3741 2849 3795; x_wconf 89' lang='lat' dir='ltr'>aliter</span> <span class='ocrx_word' id='word_1_736' title='bbox 2877 3741 3101 3811; x_wconf 91' lang='lat' dir='ltr'>accipit.</span> <span class='ocrx_word' id='word_1_737' title='bbox 3134 3743 3207 3795; x_wconf 87' lang='lat' dir='ltr'>In</span> <span class='ocrx_word' id='word_1_738' title='bbox 3227 3741 3505 3810; x_wconf 77' lang='lat' dir='ltr'>principio</span> <span class='ocrx_word' id='word_1_739' title='bbox 3532 3741 3689 3808; x_wconf 82' lang='lat' dir='ltr'>fecit,</span> 
     </span>
    </p>
   </div>
   <div class='ocr_carea' id='block_1_101' title="bbox 1990 3829 3690 3902">
    <p class='ocr_par' dir='ltr' id='par_1_101' title="bbox 1990 3829 3690 3902">
     <span class='ocr_line' id='line_1_101' title="bbox 1990 3829 3690 3902; baseline -0.002 -18"><span class='ocrx_word' id='word_1_740' title='bbox 1990 3847 2164 3902; x_wconf 91' lang='lat' dir='ltr'>quam</span> <span class='ocrx_word' id='word_1_741' title='bbox 2193 3830 2240 3883; x_wconf 93' lang='lat' dir='ltr'>si</span> <span class='ocrx_word' id='word_1_742' title='bbox 2271 3830 2575 3897; x_wconf 90' lang='lat' dir='ltr'>diceretur,</span> <span class='ocrx_word' id='word_1_743' title='bbox 2607 3829 2799 3884; x_wconf 91' lang='lat' dir='ltr'>Primo</span> <span class='ocrx_word' id='word_1_744' title='bbox 2839 3830 3009 3896; x_wconf 91' lang='lat' dir='ltr'>fecit;</span> <span class='ocrx_word' id='word_1_745' title='bbox 3043 3846 3158 3884; x_wconf 91' lang='lat' dir='ltr'>non</span> <span class='ocrx_word' id='word_1_746' title='bbox 3205 3830 3377 3884; x_wconf 90' lang='lat' dir='ltr'>habet</span> <span class='ocrx_word' id='word_1_747' title='bbox 3406 3829 3690 3899; x_wconf 88' lang='lat' dir='ltr'>quomodo</span> 
     </span>
    </p>
   </div>
   <div class='ocr_carea' id='block_1_102' title="bbox 1989 3915 3690 3987">
    <p class='ocr_par' dir='ltr' id='par_1_102' title="bbox 1989 3915 3690 3987">
     <span class='ocr_line' id='line_1_102' title="bbox 1989 3915 3690 3987; baseline -0.004 -13"><span class='ocrx_word' id='word_1_748' title='bbox 1989 3918 2265 3975; x_wconf 85' lang='lat' dir='ltr'>veraciter</span> <span class='ocrx_word' id='word_1_749' title='bbox 2318 3917 2618 3987; x_wconf 86' lang='lat' dir='ltr'>intelligat,</span> <span class='ocrx_word' id='word_1_750' title='bbox 2650 3918 2855 3973; x_wconf 90' lang='lat' dir='ltr'>coelum</span> <span class='ocrx_word' id='word_1_751' title='bbox 2886 3922 2943 3973; x_wconf 91' lang='lat' dir='ltr'>et</span> <span class='ocrx_word' id='word_1_752' title='bbox 2970 3920 3204 3985; x_wconf 88' lang='lat' dir='ltr'>terram,</span> <span class='ocrx_word' id='word_1_753' title='bbox 3238 3917 3350 3971; x_wconf 88' lang='lat' dir='ltr'>nisi</span> <span class='ocrx_word' id='word_1_754' title='bbox 3390 3915 3690 3970; x_wconf 88' lang='lat' dir='ltr'>materiam</span> 
     </span>
    </p>
   </div>
   <div class='ocr_carea' id='block_1_103' title="bbox 1992 4004 3691 4077">
    <p class='ocr_par' dir='ltr' id='par_1_103' title="bbox 1992 4004 3691 4077">
     <span class='ocr_line' id='line_1_103' title="bbox 1992 4004 3691 4077; baseline -0.003 -15"><span class='ocrx_word' id='word_1_755' title='bbox 1992 4008 2118 4062; x_wconf 76' lang='lat' dir='ltr'>coeli</span> <span class='ocrx_word' id='word_1_756' title='bbox 2146 4011 2200 4060; x_wconf 91' lang='lat' dir='ltr'>et</span> <span class='ocrx_word' id='word_1_757' title='bbox 2228 4010 2394 4061; x_wconf 60' lang='lat' dir='ltr'>terrae</span> <span class='ocrx_word' id='word_1_758' title='bbox 2427 4006 2730 4077; x_wconf 88' lang='lat' dir='ltr'>intelligat,</span> <span class='ocrx_word' id='word_1_759' title='bbox 2751 4005 3012 4061; x_wconf 89' lang='lat' dir='ltr'>videlicet</span> <span class='ocrx_word' id='word_1_760' title='bbox 3039 4006 3340 4072; x_wconf 71' lang='lat' dir='ltr'>universae,</span> <span class='ocrx_word' id='word_1_761' title='bbox 3374 4004 3434 4059; x_wconf 89' lang='lat' dir='ltr'>id</span> <span class='ocrx_word' id='word_1_762' title='bbox 3463 4008 3547 4057; x_wconf 91' lang='lat' dir='ltr'>est</span> <span class='ocrx_word' id='word_1_763' title='bbox 3597 4004 3691 4057; x_wconf 88' lang='lat' dir='ltr'>in-</span> 
     </span>
    </p>
   </div>
   <div class='ocr_carea' id='block_1_104' title="bbox 1992 4091 3692 4165">
    <p class='ocr_par' dir='ltr' id='par_1_104' title="bbox 1992 4091 3692 4165">
     <span class='ocr_line' id='line_1_104' title="bbox 1992 4091 3692 4165; baseline -0.004 -15"><span class='ocrx_word' id='word_1_764' title='bbox 1992 4094 2307 4165; x_wconf 87' lang='lat' dir='ltr'>telligibilis</span> <span class='ocrx_word' id='word_1_765' title='bbox 2336 4093 2756 4164; x_wconf 89' lang='lat' dir='ltr'>corporalisque</span> <span class='ocrx_word' id='word_1_766' title='bbox 2795 4096 3088 4148; x_wconf 66' lang='lat' dir='ltr'>creaturas.</span> <span class='ocrx_word' id='word_1_767' title='bbox 3122 4093 3179 4148; x_wconf 90' lang='lat' dir='ltr'>Si</span> <span class='ocrx_word' id='word_1_768' title='bbox 3233 4092 3389 4146; x_wconf 91' lang='lat' dir='ltr'>enim</span> <span class='ocrx_word' id='word_1_769' title='bbox 3422 4093 3544 4163; x_wconf 91' lang='lat' dir='ltr'>jam</span> <span class='ocrx_word' id='word_1_770' title='bbox 3576 4091 3692 4145; x_wconf 90' lang='lat' dir='ltr'>for-</span> 
     </span>
    </p>
   </div>
   <div class='ocr_carea' id='block_1_105' title="bbox 1993 4180 3695 4253">
    <p class='ocr_par' dir='ltr' id='par_1_105' title="bbox 1993 4180 3695 4253">
     <span class='ocr_line' id='line_1_105' title="bbox 1993 4180 3695 4253; baseline -0.004 -13"><span class='ocrx_word' id='word_1_771' title='bbox 1993 4187 2206 4240; x_wconf 86' lang='lat' dir='ltr'>matam</span> <span class='ocrx_word' id='word_1_772' title='bbox 2232 4183 2367 4237; x_wconf 90' lang='lat' dir='ltr'>velit</span> <span class='ocrx_word' id='word_1_773' title='bbox 2395 4183 2741 4249; x_wconf 89' lang='lat' dir='ltr'>universam,</span> <span class='ocrx_word' id='word_1_774' title='bbox 2774 4186 2926 4237; x_wconf 89' lang='lat' dir='ltr'>recte</span> <span class='ocrx_word' id='word_1_775' title='bbox 2965 4182 3034 4236; x_wconf 91' lang='lat' dir='ltr'>ab</span> <span class='ocrx_word' id='word_1_776' title='bbox 3066 4199 3133 4237; x_wconf 92' lang='lat' dir='ltr'>eo</span> <span class='ocrx_word' id='word_1_777' title='bbox 3164 4181 3347 4253; x_wconf 59' lang='lat' dir='ltr'>quaeri</span> <span class='ocrx_word' id='word_1_778' title='bbox 3373 4180 3605 4252; x_wconf 90' lang='lat' dir='ltr'>poterit,</span> <span class='ocrx_word' id='word_1_779' title='bbox 3636 4180 3695 4234; x_wconf 88' lang='lat' dir='ltr'>Si</span> 
     </span>
    </p>
   </div>
   <div class='ocr_carea' id='block_1_106' title="bbox 1994 4269 3700 4341">
    <p class='ocr_par' dir='ltr' id='par_1_106' title="bbox 1994 4269 3700 4341">
     <span class='ocr_line' id='line_1_106' title="bbox 1994 4269 3700 4341; baseline -0.003 -16"><span class='ocrx_word' id='word_1_780' title='bbox 1994 4271 2103 4325; x_wconf 91' lang='lat' dir='ltr'>hoc</span> <span class='ocrx_word' id='word_1_781' title='bbox 2132 4270 2318 4341; x_wconf 91' lang='lat' dir='ltr'>primo</span> <span class='ocrx_word' id='word_1_782' title='bbox 2348 4269 2481 4325; x_wconf 88' lang='lat' dir='ltr'>fecit</span> <span class='ocrx_word' id='word_1_783' title='bbox 2511 4270 2677 4337; x_wconf 88' lang='lat' dir='ltr'>Deus,</span> <span class='ocrx_word' id='word_1_784' title='bbox 2710 4269 2850 4341; x_wconf 92' lang='lat' dir='ltr'>quid</span> <span class='ocrx_word' id='word_1_785' title='bbox 2904 4269 3102 4325; x_wconf 90' lang='lat' dir='ltr'>fecerit</span> <span class='ocrx_word' id='word_1_786' title='bbox 3150 4270 3451 4339; x_wconf 91' lang='lat' dir='ltr'>deinceps:</span> <span class='ocrx_word' id='word_1_787' title='bbox 3474 4272 3530 4322; x_wconf 89' lang='lat' dir='ltr'>et</span> <span class='ocrx_word' id='word_1_788' title='bbox 3572 4273 3700 4338; x_wconf 89' lang='lat' dir='ltr'>post</span> 
     </span>
    </p>
   </div>
   <div class='ocr_carea' id='block_1_107' title="bbox 1994 4356 3699 4429">
    <p class='ocr_par' dir='ltr' id='par_1_107' title="bbox 1994 4356 3699 4429">
     <span class='ocr_line' id='line_1_107' title="bbox 1994 4356 3699 4429; baseline -0.002 -16"><span class='ocrx_word' id='word_1_789' title='bbox 1994 4359 2424 4414; x_wconf 88' lang='lat' dir='ltr'>universitatem</span> <span class='ocrx_word' id='word_1_790' title='bbox 2454 4375 2568 4413; x_wconf 90' lang='lat' dir='ltr'>non</span> <span class='ocrx_word' id='word_1_791' title='bbox 2612 4358 2903 4427; x_wconf 88' lang='lat' dir='ltr'>inveniet;</span> <span class='ocrx_word' id='word_1_792' title='bbox 2937 4375 3001 4413; x_wconf 94' lang='lat' dir='ltr'>ac</span> <span class='ocrx_word' id='word_1_793' title='bbox 3036 4374 3143 4429; x_wconf 90' lang='lat' dir='ltr'>per</span> <span class='ocrx_word' id='word_1_794' title='bbox 3170 4358 3278 4412; x_wconf 90' lang='lat' dir='ltr'>hoc</span> <span class='ocrx_word' id='word_1_795' title='bbox 3326 4357 3521 4411; x_wconf 89' lang='lat' dir='ltr'>audiet</span> <span class='ocrx_word' id='word_1_796' title='bbox 3558 4356 3699 4410; x_wconf 88' lang='lat' dir='ltr'>invi-</span> 
     </span>
    </p>
   </div>
   <div class='ocr_carea' id='block_1_108' title="bbox 1994 4445 3699 4519">
    <p class='ocr_par' dir='ltr' id='par_1_108' title="bbox 1994 4445 3699 4519">
     <span class='ocr_line' id='line_1_108' title="bbox 1994 4445 3699 4519; baseline -0.004 -15"><span class='ocrx_word' id='word_1_797' title='bbox 1994 4452 2106 4516; x_wconf 89' lang='lat' dir='ltr'>tus,</span> <span class='ocrx_word' id='word_1_798' title='bbox 2148 4448 2441 4513; x_wconf 85' lang='lat' dir='ltr'>Quomodo</span> <span class='ocrx_word' id='word_1_799' title='bbox 2470 4447 2613 4503; x_wconf 92' lang='lat' dir='ltr'>illud</span> <span class='ocrx_word' id='word_1_800' title='bbox 2639 4447 2847 4519; x_wconf 91' lang='lat' dir='ltr'>primo,</span> <span class='ocrx_word' id='word_1_801' title='bbox 2870 4447 2917 4501; x_wconf 91' lang='lat' dir='ltr'>si</span> <span class='ocrx_word' id='word_1_802' title='bbox 2942 4452 3139 4519; x_wconf 90' lang='lat' dir='ltr'>postea</span> <span class='ocrx_word' id='word_1_803' title='bbox 3166 4446 3360 4501; x_wconf 87' lang='lat' dir='ltr'>nihil?</span> <span class='ocrx_word' id='word_1_804' title='bbox 3392 4445 3535 4500; x_wconf 90' lang='lat' dir='ltr'>Cum</span> <span class='ocrx_word' id='word_1_805' title='bbox 3563 4460 3699 4499; x_wconf 89' lang='lat' dir='ltr'>vero</span> 
     </span>
    </p>
   </div>
   <div class='ocr_carea' id='block_1_109' title="bbox 1998 4534 3702 4607">
    <p class='ocr_par' dir='ltr' id='par_1_109' title="bbox 1998 4534 3702 4607">
     <span class='ocr_line' id='line_1_109' title="bbox 1998 4534 3702 4607; baseline -0.002 -16"><span class='ocrx_word' id='word_1_806' title='bbox 1998 4537 2134 4592; x_wconf 91' lang='lat' dir='ltr'>dicit</span> <span class='ocrx_word' id='word_1_807' title='bbox 2170 4537 2356 4607; x_wconf 91' lang='lat' dir='ltr'>primo</span> <span class='ocrx_word' id='word_1_808' title='bbox 2386 4535 2713 4597; x_wconf 84' lang='lat' dir='ltr'>informem.</span> <span class='ocrx_word' id='word_1_809' title='bbox 2746 4535 2949 4591; x_wconf 91' lang='lat' dir='ltr'>deinde</span> <span class='ocrx_word' id='word_1_810' title='bbox 2978 4536 3305 4605; x_wconf 90' lang='lat' dir='ltr'>formatam,</span> <span class='ocrx_word' id='word_1_811' title='bbox 3339 4550 3458 4588; x_wconf 93' lang='lat' dir='ltr'>non</span> <span class='ocrx_word' id='word_1_812' title='bbox 3488 4539 3575 4588; x_wconf 85' lang='lat' dir='ltr'>est</span> <span class='ocrx_word' id='word_1_813' title='bbox 3605 4534 3702 4587; x_wconf 86' lang='lat' dir='ltr'>ab-</span> 
     </span>
    </p>
   </div>
   <div class='ocr_carea' id='block_1_110' title="bbox 1999 4611 3704 4693">
    <p class='ocr_par' dir='ltr' id='par_1_110' title="bbox 1999 4611 3704 4693">
     <span class='ocr_line' id='line_1_110' title="bbox 1999 4611 3704 4693; baseline -0.003 -13"><span class='ocrx_word' id='word_1_814' title='bbox 1999 4626 2206 4681; x_wconf 91' lang='lat' dir='ltr'>surdus</span> <span class='ocrx_word' id='word_1_815' title='bbox 2230 4642 2243 4691; x_wconf 90' lang='lat'><strong>;</strong></span> <span class='ocrx_word' id='word_1_816' title='bbox 2279 4625 2325 4679; x_wconf 92' lang='lat' dir='ltr'>si</span> <span class='ocrx_word' id='word_1_817' title='bbox 2352 4625 2523 4679; x_wconf 92' lang='lat' dir='ltr'>modo</span> <span class='ocrx_word' id='word_1_818' title='bbox 2557 4629 2639 4679; x_wconf 83' lang='lat' dir='ltr'>est</span> <span class='ocrx_word' id='word_1_819' title='bbox 2667 4625 2909 4679; x_wconf 89' lang='lat' dir='ltr'>idoneus</span> <span class='ocrx_word' id='word_1_820' title='bbox 2933 4625 3276 4690; x_wconf 91' lang='lat' dir='ltr'>discernere,</span> <span class='ocrx_word' id='word_1_821' title='bbox 3310 4611 3451 4693; x_wconf 79' lang='lat' dir='ltr'>quid</span> <span class='ocrx_word' id='word_1_822' title='bbox 3479 4638 3704 4693; x_wconf 62' lang='lat' dir='ltr'>praece-</span> 
     </span>
    </p>
   </div>
   <div class='ocr_carea' id='block_1_111' title="bbox 1999 4710 3703 4783">
    <p class='ocr_par' dir='ltr' id='par_1_111' title="bbox 1999 4710 3703 4783">
     <span class='ocr_line' id='line_1_111' title="bbox 1999 4710 3703 4783; baseline -0.002 -14"><span class='ocrx_word' id='word_1_823' title='bbox 1999 4715 2096 4770; x_wconf 89' lang='lat' dir='ltr'>dat</span> <span class='ocrx_word' id='word_1_824' title='bbox 2139 4713 2477 4779; x_wconf 68' lang='lat' dir='ltr'>aaternitate,</span> <span class='ocrx_word' id='word_1_825' title='bbox 2520 4713 2658 4783; x_wconf 91' lang='lat' dir='ltr'>quid</span> <span class='ocrx_word' id='word_1_826' title='bbox 2696 4717 2976 4783; x_wconf 89' lang='lat' dir='ltr'>tempore,</span> <span class='ocrx_word' id='word_1_827' title='bbox 3025 4712 3165 4783; x_wconf 85' lang='lat' dir='ltr'>quid</span> <span class='ocrx_word' id='word_1_828' title='bbox 3211 4710 3509 4779; x_wconf 89' lang='lat' dir='ltr'>electione,</span> <span class='ocrx_word' id='word_1_829' title='bbox 3562 4712 3703 4781; x_wconf 91' lang='lat' dir='ltr'>quid</span> 
     </span>
    </p>
   </div>
   <div class='ocr_carea' id='block_1_112' title="bbox 2001 4800 3704 4874">
    <p class='ocr_par' dir='ltr' id='par_1_112' title="bbox 2001 4800 3704 4874">
     <span class='ocr_line' id='line_1_112' title="bbox 2001 4800 3704 4874; baseline 0.001 -17"><span class='ocrx_word' id='word_1_830' title='bbox 2001 4802 2241 4874; x_wconf 87' lang='lat' dir='ltr'>origine.</span> <span class='ocrx_word' id='word_1_831' title='bbox 2297 4801 2656 4867; x_wconf 65' lang='lat' dir='ltr'>Alternitate,</span> <span class='ocrx_word' id='word_1_832' title='bbox 2716 4800 2861 4854; x_wconf 87' lang='lat' dir='ltr'>sicut</span> <span class='ocrx_word' id='word_1_833' title='bbox 2929 4801 3075 4854; x_wconf 91' lang='lat' dir='ltr'>Deus</span> <span class='ocrx_word' id='word_1_834' title='bbox 3132 4800 3367 4867; x_wconf 87' lang='lat' dir='ltr'>omnia;</span> <span class='ocrx_word' id='word_1_835' title='bbox 3416 4804 3704 4870; x_wconf 88' lang='lat' dir='ltr'>tempore.</span> 
     </span>
    </p>
   </div>
   <div class='ocr_carea' id='block_1_113' title="bbox 2002 4886 3706 4957">
    <p class='ocr_par' dir='ltr' id='par_1_113' title="bbox 2002 4886 3706 4957">
     <span class='ocr_line' id='line_1_113' title="bbox 2002 4886 3706 4957; baseline -0.002 -12"><span class='ocrx_word' id='word_1_836' title='bbox 2002 4892 2151 4945; x_wconf 84' lang='lat' dir='ltr'>sicut</span> <span class='ocrx_word' id='word_1_837' title='bbox 2178 4890 2283 4944; x_wconf 85' lang='lat' dir='ltr'>ﬂos</span> <span class='ocrx_word' id='word_1_838' title='bbox 2338 4889 2628 4955; x_wconf 90' lang='lat' dir='ltr'>fructum;</span> <span class='ocrx_word' id='word_1_839' title='bbox 2689 4888 2985 4957; x_wconf 90' lang='lat' dir='ltr'>electione,</span> <span class='ocrx_word' id='word_1_840' title='bbox 3034 4888 3178 4942; x_wconf 90' lang='lat' dir='ltr'>sicut</span> <span class='ocrx_word' id='word_1_841' title='bbox 3209 4886 3428 4943; x_wconf 90' lang='lat' dir='ltr'>fructus</span> <span class='ocrx_word' id='word_1_842' title='bbox 3457 4888 3660 4943; x_wconf 83' lang='lat' dir='ltr'>florem</span> <span class='ocrx_word' id='word_1_843' title='bbox 3692 4905 3706 4953; x_wconf 89' lang='lat'><strong>;</strong></span> 
     </span>
    </p>
   </div>
   <div class='ocr_carea' id='block_1_114' title="bbox 2003 4976 3708 5051">
    <p class='ocr_par' dir='ltr' id='par_1_114' title="bbox 2003 4976 3708 5051">
     <span class='ocr_line' id='line_1_114' title="bbox 2003 4976 3708 5051; baseline -0.004 -15"><span class='ocrx_word' id='word_1_844' title='bbox 2003 4980 2248 5051; x_wconf 88' lang='lat' dir='ltr'>origine,</span> <span class='ocrx_word' id='word_1_845' title='bbox 2279 4978 2426 5033; x_wconf 90' lang='lat' dir='ltr'>sicut</span> <span class='ocrx_word' id='word_1_846' title='bbox 2467 4994 2639 5033; x_wconf 92' lang='lat' dir='ltr'>sonus</span> <span class='ocrx_word' id='word_1_847' title='bbox 2669 4982 2921 5033; x_wconf 89' lang='lat' dir='ltr'>cantum.</span> <span class='ocrx_word' id='word_1_848' title='bbox 2955 4978 3023 5032; x_wconf 93' lang='lat' dir='ltr'>In</span> <span class='ocrx_word' id='word_1_849' title='bbox 3052 4976 3142 5031; x_wconf 86' lang='lat' dir='ltr'>his</span> <span class='ocrx_word' id='word_1_850' title='bbox 3174 4982 3424 5048; x_wconf 90' lang='lat' dir='ltr'>quatuor</span> <span class='ocrx_word' id='word_1_851' title='bbox 3454 4976 3708 5048; x_wconf 90' lang='lat' dir='ltr'>primum</span> 
     </span>
    </p>
   </div>
   <div class='ocr_carea' id='block_1_115' title="bbox 2006 5066 3707 5138">
    <p class='ocr_par' dir='ltr' id='par_1_115' title="bbox 2006 5066 3707 5138">
     <span class='ocr_line' id='line_1_115' title="bbox 2006 5066 3707 5138; baseline -0.004 -14"><span class='ocrx_word' id='word_1_852' title='bbox 2006 5076 2064 5124; x_wconf 91' lang='lat' dir='ltr'>et</span> <span class='ocrx_word' id='word_1_853' title='bbox 2093 5068 2358 5123; x_wconf 91' lang='lat' dir='ltr'>ultimum</span> <span class='ocrx_word' id='word_1_854' title='bbox 2388 5084 2516 5138; x_wconf 77' lang='lat' dir='ltr'>qua:</span> <span class='ocrx_word' id='word_1_855' title='bbox 2535 5066 2998 5134; x_wconf 88' lang='lat' dir='ltr'>commemoravi,</span> <span class='ocrx_word' id='word_1_856' title='bbox 3014 5066 3352 5122; x_wconf 83' lang='lat' dir='ltr'>difficillime</span> <span class='ocrx_word' id='word_1_857' title='bbox 3372 5067 3707 5135; x_wconf 84' lang='lat' dir='ltr'>intelligun-</span> 
     </span>
    </p>
   </div>
   <div class='ocr_carea' id='block_1_116' title="bbox 2010 5154 3711 5226">
    <p class='ocr_par' dir='ltr' id='par_1_116' title="bbox 2010 5154 3711 5226">
     <span class='ocr_line' id='line_1_116' title="bbox 2010 5154 3711 5226; baseline -0.006 -13"><span class='ocrx_word' id='word_1_858' title='bbox 2010 5164 2139 5223; x_wconf 90' lang='lat' dir='ltr'>tur;</span> <span class='ocrx_word' id='word_1_859' title='bbox 2175 5157 2287 5212; x_wconf 91' lang='lat' dir='ltr'>duo</span> <span class='ocrx_word' id='word_1_860' title='bbox 2317 5155 2506 5210; x_wconf 89' lang='lat' dir='ltr'>media</span> <span class='ocrx_word' id='word_1_861' title='bbox 2544 5155 2833 5211; x_wconf 87' lang='lat' dir='ltr'>facillime.</span> <span class='ocrx_word' id='word_1_862' title='bbox 2886 5155 3142 5226; x_wconf 81' lang='lat' dir='ltr'>Namque</span> <span class='ocrx_word' id='word_1_863' title='bbox 3190 5171 3321 5209; x_wconf 90' lang='lat' dir='ltr'>rara</span> <span class='ocrx_word' id='word_1_864' title='bbox 3357 5154 3497 5207; x_wconf 91' lang='lat' dir='ltr'>visio</span> <span class='ocrx_word' id='word_1_865' title='bbox 3544 5155 3711 5205; x_wconf 87' lang='lat' dir='ltr'>estet</span> 
     </span>
    </p>
   </div>
   <div class='ocr_carea' id='block_1_117' title="bbox 2010 5246 3708 5319">
    <p class='ocr_par' dir='ltr' id='par_1_117' title="bbox 2010 5246 3708 5319">
     <span class='ocr_line' id='line_1_117' title="bbox 2010 5246 3708 5319; baseline -0.007 -14"><span class='ocrx_word' id='word_1_866' title='bbox 2010 5248 2184 5305; x_wconf 91' lang='lat' dir='ltr'>nimis</span> <span class='ocrx_word' id='word_1_867' title='bbox 2214 5248 2394 5303; x_wconf 88' lang='lat' dir='ltr'>ardua</span> <span class='ocrx_word' id='word_1_868' title='bbox 2431 5248 2779 5319; x_wconf 90' lang='lat' dir='ltr'>conspicere,</span> <span class='ocrx_word' id='word_1_869' title='bbox 2816 5248 3077 5314; x_wconf 89' lang='lat' dir='ltr'>Domine,</span> <span class='ocrx_word' id='word_1_870' title='bbox 3129 5246 3508 5301; x_wconf 69' lang='lat' dir='ltr'>aeternitatem</span> <span class='ocrx_word' id='word_1_871' title='bbox 3549 5246 3708 5296; x_wconf 90' lang='lat' dir='ltr'>tuam</span> 
     </span>
    </p>
   </div>
   <div class='ocr_carea' id='block_1_118' title="bbox 2008 5330 3711 5401">
    <p class='ocr_par' dir='ltr' id='par_1_118' title="bbox 2008 5330 3711 5401">
     <span class='ocr_line' id='line_1_118' title="bbox 2008 5330 3711 5401; baseline -0.007 -8"><span class='ocrx_word' id='word_1_872' title='bbox 2008 5336 2557 5393; x_wconf 87' lang='lat' dir='ltr'>incommutabiliter</span> <span class='ocrx_word' id='word_1_873' title='bbox 2611 5336 2910 5392; x_wconf 88' lang='lat' dir='ltr'>mutabilia</span> <span class='ocrx_word' id='word_1_874' title='bbox 2973 5335 3295 5400; x_wconf 90' lang='lat' dir='ltr'>facientem,</span> <span class='ocrx_word' id='word_1_875' title='bbox 3343 5339 3557 5401; x_wconf 86' lang='lat' dir='ltr'>ac&#39;per</span> <span class='ocrx_word' id='word_1_876' title='bbox 3606 5330 3711 5383; x_wconf 88' lang='lat' dir='ltr'>hoc</span> 
     </span>
    </p>
   </div>
   <div class='ocr_carea' id='block_1_119' title="bbox 2074 5465 3716 5536">
    <p class='ocr_par' dir='ltr' id='par_1_119' title="bbox 2074 5465 3716 5536">
     <span class='ocr_line' id='line_1_119' title="bbox 2074 5465 3716 5536; baseline -0.004 -17"><span class='ocrx_word' id='word_1_877' title='bbox 2074 5474 2087 5506; x_wconf 86' lang='grc'>¹</span> <span class='ocrx_word' id='word_1_878' title='bbox 2112 5472 2192 5521; x_wconf 85' lang='lat' dir='ltr'>Ita</span> <span class='ocrx_word' id='word_1_879' title='bbox 2214 5471 2342 5521; x_wconf 90' lang='lat' dir='ltr'>Lov.</span> <span class='ocrx_word' id='word_1_880' title='bbox 2365 5486 2378 5531; x_wconf 88' lang='lat'><strong>;</strong></span> <span class='ocrx_word' id='word_1_881' title='bbox 2406 5469 2493 5536; x_wconf 78' lang='lat' dir='ltr'>sed</span> <span class='ocrx_word' id='word_1_882' title='bbox 2526 5470 2760 5536; x_wconf 77' lang='lat' dir='ltr'>alii_lib_ri</span> <span class='ocrx_word' id='word_1_883' title='bbox 2780 5468 2910 5518; x_wconf 83' lang='lat' dir='ltr'>Edd.</span> <span class='ocrx_word' id='word_1_884' title='bbox 2933 5472 2985 5536; x_wconf 78' lang='lat' dir='ltr'>et</span> <span class='ocrx_word' id='word_1_885' title='bbox 3009 5466 3183 5529; x_wconf 86' lang='lat' dir='ltr'>scripti</span> <span class='ocrx_word' id='word_1_886' title='bbox 3205 5465 3418 5523; x_wconf 87' lang='lat' dir='ltr'>habent,</span> <span class='ocrx_word' id='word_1_887' title='bbox 3446 5465 3716 5536; x_wconf 57' lang='lat' dir='ltr'>narratio-</span> 
     </span>
    </p>
   </div>
   <div class='ocr_carea' id='block_1_120' title="bbox 2010 5526 3711 5649">
    <p class='ocr_par' dir='ltr' id='par_1_120' title="bbox 2010 5526 3711 5649">
     <span class='ocr_line' id='line_1_120' title="bbox 2010 5526 3711 5649; baseline -0.007 -64"><span class='ocrx_word' id='word_1_888' title='bbox 2010 5547 2124 5649; x_wconf 34' lang='grc' dir='ltr'>πεῖ.</span> <span class='ocrx_word' id='word_1_889' title='bbox 2162 5526 2380 5597; x_wconf 85' lang='lat' dir='ltr'>excepto</span> <span class='ocrx_word' id='word_1_890' title='bbox 2428 5534 2550 5583; x_wconf 82' lang='lat' dir='ltr'>Mss.</span> <span class='ocrx_word' id='word_1_891' title='bbox 2602 5532 2845 5590; x_wconf 67' lang='lat' dir='ltr'>Benign.,</span> <span class='ocrx_word' id='word_1_892' title='bbox 2877 5531 2968 5592; x_wconf 79' lang='lat' dir='ltr'>qui</span> <span class='ocrx_word' id='word_1_893' title='bbox 2996 5526 3205 5593; x_wconf 56' lang='lat' dir='ltr'>pro&#39;en</span> <span class='ocrx_word' id='word_1_894' title='bbox 3249 5539 3376 5574; x_wconf 92' lang='lat' dir='ltr'>voce</span> <span class='ocrx_word' id='word_1_895' title='bbox 3423 5526 3711 5574; x_wconf 87' lang='lat' dir='ltr'>substituit.</span> 
     </span>
     <span class='ocr_line' id='line_1_121' title="bbox 2012 5608 2265 5648; baseline -0.012 0"><span class='ocrx_word' id='word_1_896' title='bbox 2012 5609 2079 5648; x_wconf 86' lang='lat' dir='ltr'>ra</span> <span class='ocrx_word' id='word_1_897' title='bbox 2108 5608 2265 5647; x_wconf 68' lang='lat' dir='ltr'>tones.</span> 
     </span>
    </p>
   </div>
   <div class='ocr_carea' id='block_1_121' title="bbox 2913 5667 3363 5755">
    <p class='ocr_par' dir='ltr' id='par_1_121' title="bbox 2913 5667 3363 5755">
     <span class='ocr_line' id='line_1_122' title="bbox 2913 5667 3363 5755; baseline -0.007 -20"><span class='ocrx_word' id='word_1_898' title='bbox 2913 5672 2935 5749; x_wconf 96' lang='lat'>(</span> <span class='ocrx_word' id='word_1_899' title='bbox 2955 5667 3363 5755; x_wconf 72' lang='lat' dir='ltr'>Vingt-sept.)</span> 
     </span>
    </p>
   </div>
  </div>
