4058 6356
466 273 571 328 843

463 395 736 467 priorem.
778 393 913 459 Quis
947 393 1151 449 deinde.
1183 393 1259 448 sic
1297 397 1524 449 acutum
1550 393 1567 428 ⁴
1606 401 1801 450 cernat
1853 397 2066 463 animo,
2093 400 2160 450 ut

461 483 584 537 sine
630 481 822 536 labore
859 497 1067 550 magno
1110 481 1438 552 dignoscere
1487 484 1688 546 valeat,
1748 485 2035 555 quomodo
2084 483 2159 538 sit

469 570 631 642 prior
657 586 849 637 sonus,
873 586 1045 640 quam
1077 575 1294 639 cantus,
1312 572 1439 626 ideo
1458 572 1591 645 quia
1623 576 1821 627 cantus
1840 577 1924 628 est
1945 572 2155 627 forma-

468 663 802 731 tussensus,
837 663 895 713 et
936 675 1056 712 esse
1086 658 1283 730 utique
1305 660 1521 731 aliquid
1557 676 1674 714 non
1708 659 2018 730 formatum
2043 659 2160 729 pot-

464 730 580 818 est,
601 747 833 802 formari
862 752 1052 802 autem
1083 748 1236 819 quod
1261 764 1374 802 non
1403 730 1514 816 West,
1543 765 1657 803 non
1690 750 1930 819 potest?
1960 747 2049 802 Sic
2073 750 2158 800 est

462 837 619 908 prior
647 835 932 902 materies,
975 851 1148 907 quam
1196 835 1256 890 id
1312 837 1466 908 quod
1517 853 1579 891 ex
1640 853 1704 891 ea
1737 836 1803 891 ﬁt
1833 853 1846 890 :
1879 852 1994 891 non
2026 835 2156 889 ideo

463 924 624 996 prior
652 924 787 995 quia
815 923 937 994 ipsa
966 924 1156 990 eflicit,
1190 940 1319 978 cum
1348 925 1538 996 potius
1568 925 1671 979 ﬁat
1699 945 1713 992 ;
1747 941 1848 979 nec
1877 925 2036 994 prior
2064 923 2154 976 in-

461 1013 694 1070 tervallo
724 1012 1016 1082 temporis.
1053 1014 1245 1084 Neque
1276 1013 1426 1068 enim
1467 1014 1658 1084 priore
1695 1017 1954 1084 tempore
1987 1028 2157 1066 sonos

463 1103 682 1158 edimus
726 1099 999 1154 informes
1036 1099 1156 1154 sine
1188 1105 1376 1163 cantu,
1425 1104 1479 1154 et
1517 1117 1614 1154 eos
1661 1101 1972 1172 posteriore
2004 1104 2156 1154 tem-

463 1207 598 1263 pore
628 1189 686 1243 in
717 1187 958 1243 formam
987 1187 1190 1242 cantici
1209 1192 1537 1259 coaptamus
1566 1193 1666 1243 aut
1688 1188 1981 1259 fingimus,
2009 1188 2156 1243 sicut

461 1281 657 1350 lingua
688 1277 894 1348 quibus
916 1292 1062 1342 arca,
1097 1277 1183 1330 vel
1205 1281 1502 1346 argentum
1529 1292 1642 1348 quo
1666 1277 1956 1331 vasculum
1980 1276 2154 1331 fabri-

461 1373 640 1422 catur.
670 1367 831 1420 Tales
862 1365 1075 1437 quippe
1121 1364 1375 1419 materize
1429 1369 1688 1436 tempore
1738 1364 1906 1419 etiam
1941 1380 2151 1434 praece-

461 1455 604 1510 dunt
632 1454 841 1508 formas
872 1469 1060 1507 rerum
1093 1469 1221 1524 qua:
1248 1453 1397 1508 ﬁunt
1428 1469 1492 1508 ex
1518 1454 1599 1508 eis
1623 1471 1636 1510 :
1669 1458 1726 1508 at
1758 1453 1818 1508 in
1846 1460 2016 1508 cantu
2039 1469 2154 1507 non

460 1545 540 1598 ita
569 1547 671 1598 est.
708 1544 846 1599 Cum
879 1542 1032 1596 enim
1061 1545 1339 1610 cantatur,
1382 1542 1612 1598 auditur
1635 1559 1809 1597 sonus
1849 1543 2007 1612 ejus;
2035 1559 2152 1596 non

455 1632 615 1703 prius
644 1631 964 1685 informiter
985 1634 1165 1697 sonat,
1193 1635 1248 1684 et
1269 1630 1473 1685 deinde
1497 1630 1779 1685 formatur
1808 1631 1866 1684 in
1897 1635 2147 1685 cantum.

456 1721 613 1786 Quod
644 1719 796 1775 enim
821 1719 1008 1792 primo
1044 1723 1353 1790 utcumque
1405 1719 1683 1785 sonuerit,
1715 1719 2010 1790 praeterit;
2046 1735 2151 1773 nec

455 1827 523 1866 ex
550 1826 616 1866 eo
652 1809 966 1881 quidquam
997 1808 1248 1879 reperies
1285 1808 1437 1879 quod
1468 1814 1827 1879 resumptum
1847 1812 1967 1862 arte
2001 1824 2151 1862 com-

453 1914 670 1971 ponas:
704 1901 762 1952 ct
788 1897 914 1951 ideo
936 1900 1131 1950 cantus
1158 1897 1215 1950 in
1244 1912 1383 1950 sono
1415 1912 1516 1950 suo
1534 1895 1810 1961 vertitur;
1846 1895 1945 1967 qui
1975 1911 2149 1950 sonus

453 1991 594 2060 ejus,
627 1985 893 2042 materies
920 1986 1041 2055 ejus
1059 1989 1156 2039 est.
1190 1985 1345 2039 Idem
1377 1984 1591 2056 quippe
1623 1984 1902 2038 formatur
1928 1988 1993 2038 ut
2016 2000 2148 2038 can-

450 2083 541 2132 tus
574 2077 645 2130 sit
670 2091 683 2142 ;
718 2079 774 2130 et
794 2074 922 2129 ideo
951 2074 1095 2127 sicut
1115 2073 1394 2140 dicebam,
1423 2073 1586 2144 prior
1614 2073 1878 2126 materies
1908 2072 2146 2127 sonandi

451 2181 624 2237 quam
677 2165 859 2220 forma
913 2162 1176 2217 cantandi
1211 2178 1365 2216 :non
1415 2178 1516 2233 per
1545 2161 1785 2216 faciendi
1832 2161 2144 2231 potentiam

454 2256 612 2326 prior
641 2253 664 2285 ’
690 2274 704 2322 ;
733 2268 921 2324 neque
981 2251 1135 2304 enim
1166 2267 1339 2304 sonus
1369 2255 1454 2304 est
1481 2249 1748 2304 cantandi
1780 2249 1999 2319 artifex,
2048 2249 2143 2304 sed

451 2342 702 2398 cantanti
733 2340 938 2395 animm
971 2339 1222 2409 subjacet
1252 2355 1318 2392 ex
1363 2354 1624 2409 corpore,
1657 2338 1726 2392 de
1771 2354 1884 2410 quo
1915 2342 2148 2392 cantum

449 2431 637 2486 faciat.
673 2430 784 2484 Nec
829 2433 1088 2498 tempore
1137 2425 1332 2497 prior;
1377 2426 1546 2480 simul
1599 2425 1750 2480 enim
1800 2443 1927 2480 cum
1974 2432 2145 2481 cantu

449 2520 656 2574 editur.
688 2519 800 2572 Nec
850 2516 1011 2588 prior
1049 2515 1356 2581 electione;
1389 2531 1502 2569 non
1535 2515 1685 2568 enim
1742 2513 1930 2585 potior
1971 2529 2145 2568 sonus

450 2623 624 2680 quam
671 2611 890 2672 cantus,
945 2603 1410 2677 quandoquidem
1441 2609 1639 2658 cantus
1669 2606 1753 2657 est
1780 2618 1896 2656 non
1921 2605 2142 2656 tantum

449 2713 641 2762 sonus,
682 2711 880 2750 verum
913 2693 1081 2749 etiam
1122 2710 1294 2747 sonus
1351 2693 1656 2764 speciosus.
1704 2691 1810 2746 Sed
1857 2691 2015 2761 prior
2057 2697 2144 2746 est

443 2784 666 2855 origine
693 2804 707 2850 ;
737 2782 869 2855 quia
900 2799 1016 2836 non
1047 2785 1246 2836 cantus
1278 2781 1558 2836 formatur
1589 2785 1651 2834 ut
1705 2794 1879 2833 sonus
1909 2777 2002 2846 sit,
2035 2779 2133 2833 sed

445 2890 615 2929 sonus
643 2873 922 2927 formatur
948 2875 1013 2925 ut
1035 2874 1232 2925 cantus
1265 2870 1354 2925 sit.
1390 2872 1506 2925 Hoc
1533 2869 1794 2940 exemplo
1824 2867 1922 2940 qui
1953 2871 2141 2940 potest

445 2961 727 3033 intelligat
755 2960 1054 3015 materiam
1085 2976 1279 3014 rerum
1310 2959 1497 3031 primo
1527 2959 1730 3013 factam
1779 2961 1836 3012 et
1886 2957 2138 3028 appella-

445 3056 560 3105 tam
592 3050 796 3105 coelum
829 3053 885 3104 et
911 3054 1145 3114 terram,
1179 3048 1314 3120 quia
1339 3047 1474 3103 inde
1502 3047 1645 3102 facta
1679 3050 1813 3101 sunt
1840 3045 2044 3100 ccelum
2085 3049 2142 3100 et

443 3137 592 3194 terra
625 3156 637 3194 :
664 3155 765 3193 nec
789 3142 1042 3208 tempore
1068 3136 1256 3206 primo
1282 3136 1486 3190 factam
1511 3151 1524 3202 ;
1551 3134 1685 3206 quia
1715 3134 1915 3188 formae
1945 3149 2136 3187 rerum

440 3233 705 3282 exserunt
729 3231 1012 3296 tempora,
1049 3225 1148 3278 illa
1183 3227 1373 3278 autem
1411 3227 1534 3278 erat
1575 3222 1871 3288 informis;
1900 3222 2136 3293 jamque

441 3318 502 3371 in
526 3315 878 3388 temporibus
909 3314 1076 3368 simul
1130 3311 1623 3374 animadvertitur,
1679 3325 1784 3364 nec
1826 3314 2014 3364 tamen
2067 3310 2136 3365 de

439 3407 535 3464 illa
563 3404 808 3460 narrari’
837 3402 1056 3473 aliquid
1087 3403 1293 3470 potest,
1335 3398 1446 3453 nisi
1484 3397 1636 3452 velut
1666 3403 1927 3468 tempore
1973 3399 2136 3468 prior

435 3497 547 3560 sit;
576 3510 703 3548 cum
734 3492 1020 3564 pendatur
1047 3486 1374 3553 extremior,
1420 3486 1554 3556 quia
1595 3486 1849 3556 profecto
1898 3488 2134 3542 meliora

437 3589 570 3638 sunt
597 3583 839 3638 formata
868 3595 1039 3652 quam
1068 3574 1354 3638 informia,
1388 3580 1446 3629 et
1473 3575 1832 3646 praecedatur
1856 3579 1875 3611 ‘
1905 3576 2132 3630 asterni-

434 3677 545 3728 tate
573 3669 861 3735 creatoris,
890 3671 954 3722 ut
982 3668 1126 3720 esset
1156 3663 1224 3718 de
1252 3663 1454 3730 nihilo,
1498 3663 1649 3718 unde
1695 3663 1911 3735 aliquid
1948 3664 2130 3720 fieret.

1085 3771 1308 3826 CAPUT
1337 3771 1484 3825 ΧΧΧ.

489 3872 826 3925 Tractatores
884 3862 1184 3931 Scriptura:
1204 3861 1426 3928 diversa
1457 3861 1737 3914 sentientes
1767 3859 2082 3916 concordent

733 3953 958 4007 invicem
989 3949 1254 4004 charitate
1273 3952 1321 4003 et
1341 3948 1522 4004 studio
1551 3950 1819 4003 veritatis.

504 4049 594 4102 41.
626 4045 691 4099 In
720 4043 826 4098 bac
865 4038 1188 4094 diversitate
1239 4036 1650 4093 sententiarum
1684 4053 1948 4091 verarum
1991 4052 2129 4092 con-

432 4133 686 4190 cordiam
706 4128 888 4202 pariat
919 4127 1041 4198 ipsa
1071 4125 1325 4193 Veritas;
1355 4130 1410 4180 et
1441 4127 1588 4180 Deus
1631 4129 1824 4179 noster
1866 4124 2129 4179 miserea-

431 4229 527 4278 tur
555 4217 754 4284 nostri,
787 4215 1123 4286 utlegitime
1168 4215 1312 4286 Lege
1356 4219 1607 4279 utamur,
1660 4213 1936 4284 praecepti
1983 4213 2125 4281 ﬁne,

432 4325 576 4382 pura
604 4306 875 4361 charitate
904 4322 916 4360 :
951 4320 1014 4358 ac
1042 4320 1145 4375 per
1172 4302 1280 4358 hoc
1308 4302 1356 4356 si
1381 4301 1507 4373 quis
1530 4303 1735 4373 quaerit
1749 4318 1816 4356 ex
1847 4317 1958 4368 me,
1989 4301 2128 4373 quid

437 4399 642 4453 horum
674 4396 893 4466 Moyses
915 4393 1011 4448 ille
1041 4396 1171 4447 tuus
1201 4391 1447 4446 famulus
1471 4391 1730 4454 senserit,
1763 4407 1879 4445 non
1907 4394 2040 4444 sunt
2067 4390 2126 4445 hi

438 4501 730 4540 sermones
759 4482 1176 4538 confessionum
1199 4497 1476 4536 mearum.
1497 4480 1555 4535 Si
1581 4480 1682 4534 tibi
1712 4496 1829 4534 non
1852 4479 2127 4534 conﬁteor

429 4573 657 4640 nescio;
687 4575 743 4626 et
771 4571 884 4626 scio
914 4574 1106 4624 tamen
1132 4569 1256 4623 illas
1286 4585 1445 4624 veras
1474 4584 1595 4624 esse
1642 4567 1969 4634 sententias,
2027 4584 2123 4621 ex-

431 4660 611 4733 ceptis
639 4659 960 4715 carnalibus
982 4659 1050 4712 de
1080 4658 1287 4730 quibus
1317 4661 1594 4730 quantum
1621 4656 1938 4711 existimavi
1969 4656 2124 4711 locu-

427 4757 517 4808 tus
545 4767 672 4806 sum
697 4767 710 4804 :
743 4766 886 4822 quos
915 4752 1108 4803 tamen
1137 4747 1305 4803 bona:
1335 4746 1456 4819 spei
1487 4746 1750 4818 parvulos
1779 4745 1901 4800 haec
1953 4745 2124 4799 verba

428 4841 582 4898 Libri
605 4840 690 4896 tui
719 4855 836 4894 non
867 4837 1144 4906 territant,
1189 4837 1302 4892 alta
1343 4835 1656 4900 humiliter,
1703 4838 1759 4890 et
1800 4850 1981 4906 pauca
2029 4849 2121 4888 co-

487 4966 615 5014 ¹8ἱε
639 4963 802 5013 acuto
830 4963 1020 5012 cernat
1060 4959 1254 5018 animo,
1289 4959 1442 5024 juxta
1482 4958 1681 5009 Somm.
1726 4957 1898 5007 Rond.
1945 4970 2064 5006 cum
2092 4958 2118 5005 4

421 5028 546 5078 Mss.
582 5031 635 5076 et
660 5028 686 5074 5
713 5026 833 5088 Mss.
854 5024 1002 5088 apud
1039 5025 1196 5088 Mart.
1220 5024 1287 5071 M.

483 5090 504 5124 ²
522 5081 987 5161 Edd._,per/iciendi
1000 5087 1233 5161 potentia
1253 5086 1422 5146 prior:
1443 5082 1830 5147 refragantibus
1853 5081 1975 5131 Mss.
1995 5094 2118 5144 quo-

419 5165 540 5200 rum
571 5149 851 5200 lectionem
877 5149 1262 5210 amplectimur.

481 5216 502 5249 ³
536 5211 839 5286 [regendum
881 5206 1124 5286 videtur,
1157 5209 1390 5286 variari;
1424 5207 1739 5286 ‘vulthenim
1764 5206 2116 5286 Δ,ιδιὲβ-ιξὲξὶρ-ιῖες

419 5267 717 5344 guod,sicu_t
744 5286 915 5344 son_us_
931 5267 1133 5344 origine
1148 5271 1397 5344 praecedit
1413 5274 1627 5343 cantum
1644 5269 1734 5332 qui
1759 5281 1827 5344 eo‘
1838 5267 2113 5344 formatur,

419 5329 493 5388 i'ta
526 5329 745 5386 materia
773 5335 916 5398 velut
947 5329 1200 5398 tempore,
1222 5333 1274 5382 id
1297 5336 1376 5398 est
1404 5332 1605 5393 origine
1627 5329 1919 5393 princedere
1943 5329 2114 5390 debet,

418 5405 478 5450 ut
501 5399 703 5462 aliquid
728 5398 790 5446 de
815 5395 1150 5462 illavariari
1179 5395 1360 5462 p_ossit.

478 5463 499 5496 ⁴
529 5452 612 5512 Sic
658 5461 780 5508 Mss.
811 5462 862 5508 et
901 5459 1007 5509 Arn
1049 5474 1062 5518 ;
1101 5460 1155 5506 at
1182 5452 1326 5505 'Bad.
1377 5453 1550 5515 habet,
1581 5452 1995 5519 pracedantur;
2026 5452 2113 5503 alii

417 5522 564 5584 editi,
590 5520 919 5584 prwcedunt.

1651 272 2192 330 CONFESSIONUM
2235 271 2290 329 S.
2347 275 2730 332 AUGUSTINI

3865 283 3898 334 8
3909 281 3974 335 44

2267 395 2445 466 piosc.
2484 397 2591 452 Sed
2621 413 2820 451 omnes
2848 413 2991 468 quos
3020 397 3079 452 in
3110 396 3192 451 eis
3222 398 3406 452 verbis
3451 415 3584 453 vera
3633 415 3875 454 cernere
3908 417 3972 455 ac

2266 486 2466 550 dicere,
2501 485 2701 551 fateor,
2736 486 3040 558 diligamus
3071 503 3174 540 nos
3221 486 3484 552 invicem,
3516 487 3848 561 pariterque
3885 489 3972 543 di-

2264 573 2510 645 ligamus
2566 578 2622 628 te
2672 575 2849 629 Deum
2901 580 3161 630 nostrum
3218 575 3432 630 fontem
3459 577 3734 644 veritatis,
3761 577 3807 631 si
3848 594 3969 632 non

2266 679 2430 732 vana,
2457 664 2552 718 sed
2578 663 2759 735 ipsam
2789 664 3032 730 sitimus;
3065 665 3446 737 eumdemque
3493 665 3772 720 famulum
3801 671 3968 720 tuum

2265 751 2569 822 Scriptum
2616 753 2788 822 hujus
2845 753 3312 824 dispensatorem,
3347 754 3558 825 Spiritu
3595 759 3694 809 tuo
3724 756 3966 826 plenum

2265 837 2343 892 ita
2383 840 2750 908 honoremus,
2783 843 2847 893 ut
2888 840 2996 894 hoc
3031 857 3163 894 cum
3221 845 3276 894 te
3325 841 3609 896 revelante
3670 858 3800 895 cum
3841 842 3968 895 hmc

2266 926 2536 982 scriberet
2563 927 2864 982 attendisse
2894 928 3208 995 credamus,
3241 929 3390 1000 quod
3423 929 3480 983 in
3521 930 3602 984 eis
3633 929 3882 985 maxime
3909 934 3967 983 ct

2267 1015 2390 1071 luce
2418 1016 2692 1086 veritatis,
2725 1021 2781 1072 et
2808 1017 2970 1088 fruge
2999 1017 3258 1072 utilitatis
3287 1018 3531 1073 excellit.

2896 1143 3118 1197 CAPUT
3153 1143 3325 1198 XXXI.

2265 1231 2500 1284 Sensisse
2540 1230 2820 1300 putandus
2858 1235 2934 1284 est
2971 1233 3175 1298 Moyses
3215 1231 3490 1300 quidquid
3525 1235 3643 1286 veri
3683 1235 3862 1301 potest
3905 1233 3961 1284 in

2784 1321 2960 1388 ipsius
2997 1320 3172 1374 verbis
3200 1321 3455 1374 inveniri.

2332 1427 2420 1479 42.
2457 1425 2542 1478 lta
2569 1440 2706 1479 cum
2745 1423 2888 1478 alius
2917 1424 3143 1485 dixerit,
3177 1425 3291 1479 lloc
3321 1424 3497 1479 sensit
3537 1425 3688 1496 quod
3719 1440 3826 1494 ego
3856 1441 3870 1490 ;
3906 1429 3966 1479 et

2263 1513 2428 1581 alius,
2463 1515 2583 1568 lmo
2611 1514 2752 1568 illud
2785 1513 2936 1585 quod
2960 1530 3093 1584 ego;
3130 1513 3452 1584 religiosius
3480 1530 3571 1568 me
3595 1513 3844 1567 arbitror
3866 1513 3962 1566 di-

2262 1619 2408 1672 cere,
2441 1603 2552 1657 Cur
2574 1619 2690 1656 non
2723 1607 3030 1674 utrumque
3070 1602 3282 1672 potius,
3318 1602 3364 1656 si
3397 1605 3708 1673 utrumque
3755 1617 3962 1655 verum

2263 1693 2393 1746 est?
2423 1693 2488 1746 Et
2512 1691 2558 1744 si
2584 1691 2721 1762 quid
2752 1690 3003 1754 tertium,
3037 1695 3092 1745 et
3121 1690 3164 1744 si
3197 1691 3336 1762 quid
3365 1696 3655 1762 quartum,
3680 1695 3736 1746 et
3755 1691 3802 1744 si
3823 1690 3965 1762 quid

2262 1779 2496 1834 omnino
2525 1780 2678 1834 aliud
2709 1795 2906 1834 verum
2939 1779 3225 1850 quispiam
3256 1779 3314 1834 in
3328 1779 3416 1834 his
3441 1780 3628 1834 verbis
3647 1780 3832 1846 videt;
3858 1796 3965 1833 cur

2259 1885 2376 1924 non
2408 1868 2504 1922 illa
2533 1869 2726 1922 omnia
2753 1868 2958 1922 vidisse
2988 1869 3270 1936 credatur,
3301 1885 3404 1939 per
3433 1885 3606 1940 quem
3641 1886 3787 1923 unus
3811 1871 3964 1923 Deus

2260 1973 2444 2011 sacras
2477 1956 2712 2010 Litteras
2740 1973 2867 2010 vera
2899 1962 2956 2011 et
2985 1956 3205 2011 diversa
3237 1957 3442 2011 visuris
3470 1958 3782 2012 multorum
3825 1974 3963 2011 scn-

2259 2045 2416 2098 sibus
2446 2044 2822 2116 temperavit?
2842 2046 2954 2114 Ego
2979 2049 3146 2109 certe,
3179 2046 3333 2116 quod
3353 2045 3670 2118 interpidus
3688 2047 3757 2100 de
3786 2047 3960 2102 corde

2258 2149 2386 2188 meo
2415 2132 2745 2204 pronuntio,
2775 2133 2819 2186 si
2845 2133 2914 2188 ad
2945 2134 3170 2188 culmen
3202 2133 3552 2188 auctoritatis
3573 2134 3788 2205 aliquid
3820 2135 3958 2189 scri-

2256 2222 2452 2277 berem
2478 2239 2490 2290 ;
2535 2221 2612 2278 sic
2645 2222 2871 2276 mallem
2902 2221 3166 2289 scribere,
3196 2226 3262 2276 ut
3290 2221 3440 2293 quod
3469 2221 3586 2276 veri
3617 2223 3860 2294 quisque
3888 2224 3958 2277 de

2258 2311 2347 2366 bis
2374 2312 2540 2366 rebus
2569 2327 2769 2382 capere
2800 2316 3008 2381 posset,
3035 2326 3162 2364 mea
3195 2311 3364 2365 verba
3394 2318 3745 2379 rcsonarent,
3779 2328 3956 2383 quam

2258 2405 2322 2454 ut
2353 2417 2522 2454 unam
2562 2416 2752 2454 veram
2779 2399 3120 2454 sententiam
3153 2399 3221 2454 ad
3250 2401 3354 2454 hoc
3382 2399 3633 2470 apertius
3657 2416 3954 2472 ponerem,

2263 2493 2324 2544 ut
2353 2489 2710 2544 excluderem
2743 2492 2994 2555 caeteras,
3027 2504 3270 2559 quarum
3306 2489 3520 2544 falsitas
3557 2506 3648 2545 me
3677 2506 3792 2545 non
3825 2507 3954 2562 pos-

2255 2583 2339 2632 set
2368 2577 2673 2632 oll'endere.
2703 2577 2846 2630 Nolo
2896 2576 3111 2647 itaque,
3157 2578 3304 2631 Deus
3335 2594 3517 2645 meus,
3550 2583 3666 2632 tam
3698 2596 3956 2651 praeceps

2255 2683 2393 2731 esse,
2423 2671 2487 2720 ut
2514 2666 2623 2719 hoc
2653 2665 2815 2719 illum
2847 2664 3032 2718 virum
3062 2665 3133 2718 de
3164 2669 3218 2720 te
3247 2666 3520 2720 meruisse
3554 2683 3671 2721 non
3703 2669 3952 2725 credam.

2251 2755 2436 2810 Sensit
2464 2754 2557 2807 ille
2596 2753 2828 2807 omnino
2858 2753 2917 2806 in
2949 2753 3035 2807 his
3063 2753 3269 2816 verbis,
3305 2759 3474 2826 atque
3506 2754 3778 2824 cogitavit
3823 2773 3952 2812 cum

2252 2860 2318 2898 ea
2349 2843 2635 2910 scriberet,
2668 2840 2947 2913 quidquid
2976 2842 3068 2896 hic
3094 2841 3212 2896 veri
3242 2842 3534 2914 potuimus
3567 2844 3849 2911 invenire,
3898 2851 3954 2900 et

2251 2931 2530 3003 quidquid
2563 2946 2666 2985 nos
2697 2946 2813 2984 non
2842 2929 3154 3000 potuimus,
3185 2935 3286 2985 aut
3318 2931 3577 2986 nondum
3607 2948 3948 3004 possumus,

2250 3025 2307 3076 ct
2335 3025 2525 3075 tamen
2555 3019 2615 3073 in
2646 3018 2728 3074 eis
2757 3017 3002 3073 inveniri
3032 3023 3239 3090 potest.

2869 3144 3092 3198 CAPUT
3122 3145 3327 3200 XXXII.

2324 3237 2452 3292 Veri
2482 3234 2778 3304 Scriptura?
2799 3248 2984 3288 sensus
3015 3250 3049 3288 a
3079 3235 3288 3304 Spiritu
3320 3238 3506 3290 sancto
3541 3236 3873 3291 revelantur.

2316 3344 2411 3397 43.
2447 3343 2762 3406 Postremo,
2796 3338 3034 3394 Domine
3067 3339 3165 3411 qui
3194 3341 3341 3394 Deus
3368 3357 3447 3407 es,
3481 3343 3537 3394 et
3567 3357 3679 3394 non
3728 3357 3860 3395 caro
3893 3346 3948 3395 et

2246 3429 2508 3500 sanguis;
2541 3429 2588 3482 si
2617 3428 2753 3501 quid
2784 3429 2958 3483 homo
2991 3428 3182 3483 minus
3213 3429 3386 3496 videt,
3419 3428 3700 3500 numquid
3733 3433 3791 3484 et
3819 3429 3946 3501 Spi-

2245 3519 2418 3573 ritum
2448 3523 2611 3573 tuum
2643 3520 2855 3572 bonum
2888 3518 2986 3589 qui
3012 3518 3252 3573 deducet
3277 3535 3369 3573 me
3400 3518 3457 3572 in
3488 3524 3698 3574 terram
3725 3523 3938 3574 rectam

2246 3609 2407 3679 (Psal.
2453 3623 2614 3674 cxur,
2666 3609 2769 3675 l0),
2801 3607 2975 3660 latere
3021 3607 3223 3678 potuit,
3281 3607 3560 3679 quidquid
3609 3607 3822 3662 erasin
3858 3609 3940 3662 eis

2243 3696 2428 3752 verbis
2449 3699 2512 3750 tu
2539 3695 2660 3767 ipse
2689 3695 3040 3750 revelaturus
3069 3695 3390 3767 legentibus
3421 3696 3684 3767 posteris,
3711 3697 3937 3751 etiamsi

2243 3785 2340 3840 ille
2364 3801 2468 3856 per
2497 3800 2668 3856 quem
2699 3784 2849 3838 dicta
2879 3787 3032 3851 sunt,
3059 3800 3235 3838 unam
3257 3784 3509 3839 fortassis
3533 3801 3596 3839 ex
3627 3785 3822 3839 multis
3848 3802 3940 3838 ve-

2240 3873 2318 3927 ris
2348 3872 2687 3927 sententiam
2717 3871 3028 3942 cogitavit?
3057 3872 3216 3936 Quod
3249 3871 3293 3925 si
3324 3871 3401 3926 ita
3428 3875 3531 3940 est,
3565 3871 3943 3943 sitigiturilla

2241 3977 2415 4033 quam
2453 3959 2721 4031 cogitavit
2749 3959 2964 4014 caeteris
2994 3959 3267 4013 excelsior
3293 3961 3332 4013 ί.
3370 3959 3540 4013 Nobis
3588 3964 3802 4026 autem,
3830 3961 3938 4016 Do-

2240 4050 2417 4117 mine,
2450 4049 2744 4120 autipsam
2764 4048 3112 4116 demonstra,
3142 4053 3240 4102 aut
3268 4064 3442 4119 quam
3474 4048 3657 4118 placet
3685 4049 3925 4103 alteram

2240 4154 2470 4205 veram;
2502 4142 2566 4192 ut
2593 4137 2708 4192 sive
2738 4137 2904 4191 nobis
2934 4137 3041 4191 hoc
3071 4137 3222 4209 quod
3253 4137 3425 4191 etiam
3455 4137 3540 4190 illi
3564 4136 3787 4190 homini
3819 4141 3939 4205 tuo,

2239 4227 2354 4281 sive
2385 4226 2536 4280 aliud
2565 4242 2632 4279 ex
2661 4226 2995 4280 earumdem
3037 4225 3342 4279 verborum
3395 4225 3689 4280 occasione
3719 4227 3939 4296 patefa-

2239 4316 2373 4383 cias,
2404 4319 2468 4370 tu
2492 4318 2686 4369 tamen
2714 4329 3064 4386 pascas,non
3083 4329 3242 4367 error
3268 4313 3489 4368 illudat.
3510 4315 3666 4381 Ecce,
3692 4315 3932 4369 Domine

2241 4406 2388 4459 Deus
2418 4420 2600 4470 meus,
2618 4419 2791 4474 quam
2811 4403 2992 4456 multa
3009 4401 3077 4456 de
3103 4401 3298 4472 paucis
3315 4401 3518 4467 verbis,
3536 4418 3708 4472 quam
3736 4405 3934 4470 multa,

2239 4511 2339 4549 oro
2378 4498 2456 4560 te,
2484 4491 2812 4562 scripsimus
2832 4493 2860 4545 ?
2890 4491 3025 4555 Quas
3055 4494 3265 4544 nostrae
3295 4490 3463 4558 vires,
3495 4506 3622 4560 quin
3675 4496 3936 4563 tempora

2237 4582 2503 4637 omnibus
2534 4580 2717 4636 Libris
2737 4579 2851 4634 tuis
2879 4579 2951 4633 ad
2980 4579 3148 4634 istum
3175 4579 3406 4633 modum
3429 4578 3735 4634 sufﬁcient’
3754 4582 3783 4635 ?
3805 4581 3936 4636 Sine

2233 4671 2427 4742 itaque
2456 4686 2548 4724 me
2578 4668 2804 4724 brevius
2831 4668 2890 4722 in
2913 4668 2993 4722 eis
3009 4666 3404 4733 conﬁteritibi,
3439 4671 3495 4721 et
3523 4667 3733 4738 eligere
3752 4685 3934 4724 unum

2234 4758 2448 4831 aliquid
2468 4758 2618 4831 quod
2642 4762 2704 4813 tu
2725 4755 3089 4828 inspiraveris
3117 4771 3336 4822 verum,
3359 4761 3579 4811 certum
3606 4762 3662 4811 ct
3689 4757 3929 4828 bonum,

2236 4847 2461 4904 etiamsi
2490 4847 2670 4902 multa
2700 4844 3068 4911 occurrerint,
3102 4843 3200 4899 ubi
3231 4845 3411 4899 multa
3448 4861 3743 4901 occurrere
3771 4851 3932 4918 pote-

2232 4940 2402 5003 runt;
2441 4951 2508 4990 ea
2527 4935 2638 4990 fide
2666 4931 3040 4988 confessionis
3068 4947 3232 4998 meas,
3261 4937 3327 4987 ut
3347 4933 3392 4987 si
3422 4933 3531 4988 hoc
3550 4934 3746 4988 dixero
3776 4935 3932 5006 quod

2229 5024 2404 5080 sensit
2434 5023 2693 5078 minister
2721 5026 2874 5087 tuus,
2899 5025 3048 5075 recte
3077 5026 3246 5093 atque
3277 5021 3494 5092 optime
3520 5039 3534 5089 ;
3565 5021 3620 5078 id
3647 5022 3799 5076 enim
3841 5039 3929 5077 co-

2227 5113 2355 5168 nari
2401 5128 2492 5167 me
2523 5115 2791 5182 Oportet:
2824 5109 2980 5180 quod
3035 5110 3083 5164 si
3141 5116 3430 5167 assecutus
3486 5127 3601 5166 non
3638 5111 3822 5178 fuero,
3865 5111 3925 5167 id

2228 5207 2422 5256 tamen
2470 5201 2654 5255 dicam
2707 5199 2857 5272 quod
2885 5199 3027 5254 mihi
3056 5217 3158 5272 per
3213 5201 3335 5273 ejus
3384 5200 3554 5256 verba
3583 5198 3800 5254 Veritas
3828 5204 3929 5256 tua

2228 5289 2415 5346 dicere
2447 5288 2694 5346 voluerit
2723 5305 2854 5362 quin
2885 5287 2970 5344 illi
3003 5306 3236 5362 quoque
3268 5290 3408 5349 dixit
3436 5289 3588 5362 quod
3617 5288 3817 5347 voluit.

2290 5452 2306 5484 ¹
2339 5447 2724 5513 Excellentior,
2750 5447 2904 5513 juxta
2933 5447 3229 5513 complures
3251 5449 3436 5513 editos.
3468 5449 3535 5498 Μ.

2288 5517 2311 5549 ²
2337 5508 2640 5576 Sufﬁciunt,
2665 5508 2815 5575 juxta
2847 5508 3069 5562 Somm."
3088 5512 3214 5564 Arn.
3245 5515 3296 5564 et
3323 5512 3472 5562 Mart.
3495 5524 3613 5561 cum
3646 5511 3671 5561 ι
3703 5510 3824 5562 Mss.
3853 5511 3918 5562 M.
