4058 6342
173 236 272 289 845

1435 251 1652 310 LIBER
1707 255 2019 320 DECIMUS
2073 260 2398 320 TERTIUS.

3563 283 3666 336 846

173 373 2077 409 _——_____________.____________

823 476 1337 603 LIBER
1435 483 2172 615 DECIMUS
2266 495 3024 629 TERTIUS.

228 656 318 705 Dei
339 655 627 731 bonitatem
656 659 711 708 in
740 673 916 711 rerum
937 663 1282 738 productione
1304 681 1362 716 ac
1381 668 1700 743 perfectione
1728 671 1989 735 relucere;
2012 678 2124 725 tum
2155 677 2312 728 etiam
2331 680 2498 730 Deum
2517 683 2842 746 Trinitatem,
2864 689 3135 754 ipsiusque
3154 694 3528 761 prOprietatem
3548 696 3665 761 Spi-

228 732 296 761 ‘.ns
318 721 482 761 sancti
506 721 688 761 nnmia
709 723 967 761 (ἶηηρειοηει
983 728 1153 761 var-im:
1175 741 1429 761 mmmmm
1454 733 1680 761 ηοθαηλη
1727 735 2061 761 unusunus...“
2085 753 2202 761 ω.--
2225 745 2384 761 μμ..-
2415 757 2500 761 _-_
2521 746 2603 761 λεια
2770 749 2802 761 ι.
2827 749 2839 761 .
2866 751 2876 761 .
2915 755 2923 761 .
2998 753 3007 761 .
3144 755 3155 761 -

171 719 296 766 ritus
318 721 484 768 sancti
506 721 688 784 primis
709 719 967 773 Geneseos
983 727 1154 776 verbis
1175 719 1431 778 insinuari
1454 719 1699 782 ostendit.
1724 719 2207 789 rb's‘iiﬁbahiﬁer'd
2225 719 3664 822 {oTa‘HESﬁciii‘i‘iiiJKE‘i‘iﬁi’FéFil‘ixiiliég’giigﬁiiﬁrgi’é-

171 781 362 822 talione
383 783 630 822 transfert
647 784 710 822 mi
731 798 788 822 an
807 799 924 822 mm
949 787 1083 822 hanc
1102 789 1152 822 in
1177 790 1400 822 πηριοαίο
1427 793 1486 822 ml
1509 792 1783 822 ιιητνιςηη...
1807 799 2132 822 “manu”...
2161 806 2204 822 ,ι
2232 803 2443 822 -v-_:__
2476 820 2508 822 -,
2546 821 2554 822 ,
2627 813 2638 822 .

171 781 362 830 talione
383 781 631 834 transfert
647 784 713 833 ad
731 798 793 834 ea
807 799 925 848 qua:
947 787 1085 837 Deus
1101 789 1152 838 in
1175 790 1406 840 Ecclesia
1425 793 1490 842 ad
1509 781 1787 845 hominum
1802 781 2208 851 thﬁéiiiaieiﬁ‘ei
2227 781 2727 868 gib‘ii’ifﬁé‘ﬁéiii‘ﬁii

729 1010 955 1066 CAPUT
984 1013 1276 1070 PRIMUM.

171 1095 376 1148 lnvocat
423 1097 609 1165 Deum,
661 1100 812 1169 cujus
869 1101 1105 1157 bonitate
1129 1120 1184 1158 se
1208 1112 1544 1174 prxuentum
1587 1115 1852 1178 agnoscit.

241 1185 285 1236 i.
319 1184 526 1239 Invoco
555 1188 632 1252 te,
665 1187 812 1241 Deus
842 1205 1025 1257 meus,
1057 1191 1451 1250 misericordia
1471 1213 1618 1266 mea,
1652 1200 1751 1270 qui
1782 1200 1858 1255 fe-

171 1270 286 1324 cisti
314 1288 428 1340 me,
462 1278 519 1328 et
560 1274 800 1330 oblitum
840 1277 925 1332 tui
965 1278 1173 1335 oblitus
1213 1298 1330 1337 non
1359 1301 1437 1339 es.
1472 1287 1674 1342 Invoco
1703 1293 1756 1343 te
1796 1291 1856 1344 in

171 1359 415 1415 animam
452 1379 663 1434 meam,
703 1382 875 1437 quam
905 1384 1190 1440 praeparas
1221 1373 1291 1426 ad
1321 1374 1662 1445 capiendum
1699 1381 1755 1432 te
1789 1386 1856 1433 ex

171 1449 446 1504 desiderio
465 1453 620 1523 quod
637 1453 880 1526 inspires
904 1455 989 1512 ei:
1013 1474 1167 1513 nunc
1186 1459 1546 1518 invocantem
1570 1471 1624 1520 te
1653 1483 1723 1521 ne
1764 1467 1858 1522 de-

171 1555 330 1605 seras,
359 1540 462 1611 qui
476 1541 813 1614 priusquam
834 1544 1155 1601 invocarem
1181 1549 1505 1618 praavenisti
1527 1557 1583 1607 et
1603 1553 1856 1610 institisti

167 1627 516 1683 crebrescens
563 1631 920 1686 multimodis
954 1635 1210 1706 vocibus,
1243 1643 1306 1696 ut
1332 1641 1590 1696 audirem
1621 1643 1690 1697 de
1724 1644 1854 1698 lon-

168 1715 374 1786 ginquo
399 1722 457 1771 et
475 1724 858 1788 converterer,
885 1725 941 1776 et
966 1728 1264 1781 vocantem
1298 1745 1389 1783 me
1410 1729 1734 1786 invocarem
1763 1737 1843 1788 te.

166 1806 238 1858 Tu
269 1805 445 1874 enim,
486 1807 748 1880 Domine,
782 1811 1037 1866 delevisti
1067 1816 1264 1870 omnia
1292 1820 1443 1873 mala
1465 1821 1671 1875 merita
1701 1838 1848 1890 mea,

168 1909 233 1946 ne
261 1894 608 1950 retribueres
639 1897 904 1952 manibus
927 1901 1068 1954 meis
1100 1903 1156 1956 in
1185 1904 1392 1975 quibus
1419 1924 1452 1960 a
1480 1912 1536 1962 te
1558 1908 1765 1975 defeci;
1798 1913 1854 1964 et

165 1982 482 2051 prazvenisti
503 1985 697 2039 omnia
715 1986 864 2040 bona
897 1988 1095 2043 merita
1114 2007 1260 2059 mea,
1283 1998 1347 2047 ut
1364 1996 1708 2050 retribueres
1729 2013 1850 2051 ma-

168 2070 322 2125 nibus
340 2071 455 2126 tuis
472 2072 680 2144 quibus
702 2090 792 2128 me
813 2076 1023 2131 fecisti:
1049 2078 1184 2149 quia
1204 2085 1260 2134 et
1288 2083 1621 2153 priusquam
1646 2101 1848 2154 essem,

167 2163 218 2211 tu
249 2175 398 2227 eras;
431 2177 534 2215 nec
563 2179 718 2216 eram
768 2163 858 2217 cui
894 2170 1195 2236 praestares
1223 2173 1288 2223 ut
1317 2187 1531 2239 essem;
1564 2178 1620 2228 et
1654 2177 1849 2228 tamen

165 2263 278 2302 ecce
305 2265 434 2303 sum
465 2266 532 2305 ex
558 2250 809 2306 bonitate
831 2258 928 2307 tua
944 2256 1332 2325 praeveniente
1352 2262 1539 2314 totum
1560 2261 1668 2315 hoc
1691 2263 1850 2333 quod

167 2353 247 2392 me
267 2337 470 2405 fecisti,
503 2343 558 2393 et
579 2340 728 2394 unde
759 2357 849 2396 me
878 2343 1081 2399 fecisti.
1105 2346 1299 2418 Neque
1325 2347 1478 2403 enim
1499 2349 1706 2422 eguisti
1732 2367 1847 2417 me,

165 2431 254 2480 aut
281 2443 385 2499 ego
429 2429 541 2484 tale
571 2429 785 2484 bonum
831 2449 959 2486 sum
1006 2450 1120 2506 quo
1167 2439 1229 2489 tu
1261 2437 1562 2508 adjuveris,
1609 2439 1848 2494 Domine

164 2531 312 2570 meus
340 2521 396 2572 et
427 2518 573 2572 Deus
604 2534 791 2587 meus;
830 2537 944 2576 non
979 2528 1046 2577 ut
1075 2523 1176 2578 tibi
1207 2524 1286 2578 sic
1308 2525 1550 2582 serviam
1590 2528 1753 2598 quasi
1775 2544 1846 2582 ne

162 2605 402 2676 fatigeris
435 2606 495 2661 in
521 2608 761 2679 agendo,
795 2613 894 2664 aut
922 2627 994 2665 ne
1024 2611 1215 2666 minor
1245 2613 1316 2667 sit
1345 2618 1594 2684 potestas
1622 2621 1720 2672 tua
1749 2634 1846 2672 ca-

161 2709 281 2748 rens
328 2695 605 2768 obsequio
644 2713 803 2761 meo;
850 2716 1034 2771 neque
1093 2705 1152 2754 ut
1208 2700 1286 2756 sic
1332 2707 1388 2756 te
1443 2705 1627 2759 colam
1683 2706 1847 2777 quasi

162 2787 380 2851 terram,
434 2789 498 2838 ut
549 2785 622 2838 sis
668 2785 914 2842 incultus
939 2787 986 2842 si
1013 2805 1130 2842 non
1160 2793 1213 2844 te
1248 2790 1462 2859 colam;
1492 2793 1590 2846 sed
1635 2797 1700 2846 ut
1729 2809 1849 2847 ser-

161 2870 298 2926 viain
327 2872 435 2928 tibi
465 2877 521 2929 et
554 2874 735 2929 colam
764 2881 839 2943 te,
872 2881 938 2931 ut
967 2876 1036 2931 de
1071 2881 1127 2932 te
1156 2878 1298 2932 mihi
1328 2878 1471 2934 bene
1519 2880 1609 2948 sit,
1661 2897 1692 2935 a
1723 2897 1836 2952 quo

163 2960 291 3016 mihi
319 2966 403 3018 est
432 2967 498 3018 ut
526 2963 632 3018 sim
656 2964 746 3018 cui
766 2965 910 3020 bene
941 2965 1032 3020 sit.

831 3089 1058 3144 CAPUT
1089 3091 1158 3144 II.

223 3195 490 3250 Creaturw
514 3211 581 3250 ea:
609 3197 707 3251 Dei
737 3197 971 3252 bonitate
998 3197 1298 3253 subsistunt
1315 3203 1366 3252 et
1390 3200 1765 3269 perficiuntur.

221 3303 271 3354 2.
304 3301 376 3354 Ex
407 3300 767 3371 plenitudine
793 3301 1004 3372 quippe
1027 3301 1296 3358 bonitatis
1324 3307 1438 3358 tua:
1465 3310 1723 3360 creatura
1743 3310 1842 3360 tua

159 3388 421 3456 subsistit,
455 3395 519 3443 ut
553 3390 768 3445 bonum
799 3391 952 3462 quod
980 3391 1086 3445 tibi
1115 3391 1257 3446 nihil
1287 3394 1602 3463 prodesset,
1637 3412 1742 3450 nec
1771 3397 1840 3450 de

159 3481 206 3530 te
226 3479 440 3548 mquale
462 3477 564 3532 tibi
594 3483 759 3546 esset,
787 3484 980 3534 tamen
1011 3479 1143 3551 quia
1171 3497 1236 3535 ex
1262 3487 1316 3536 te
1342 3482 1467 3537 fieri
1491 3485 1699 3554 potuit,
1722 3501 1839 3539 non

157 3564 384 3621 deesset.
422 3566 570 3630 Quid
601 3567 753 3621 enim
781 3570 836 3621 te
860 3569 1178 3638 promeruit
1196 3570 1401 3625 coelum
1423 3575 1478 3626 et
1506 3575 1677 3640 terra,
1710 3589 1839 3644 qua:

157 3652 325 3708 fecisti
354 3655 414 3709 in
444 3655 766 3726 principio?
788 3655 986 3711 Dicant
1015 3657 1151 3728 quid
1177 3661 1226 3712 te
1247 3665 1693 3728 promeruerunt
1713 3661 1832 3732 spi-

158 3743 363 3798 ritualis
383 3745 808 3818 corporalisque
839 3751 1042 3802 natura
1071 3745 1114 3816 ¹,
1147 3764 1287 3819 quas
1315 3749 1494 3804 fecisti
1514 3749 1574 3803 in
1602 3751 1834 3821 Sapien-

156 3832 225 3887 tia
251 3838 366 3902 tua,
392 3839 459 3889 ut
486 3835 616 3890 inde
641 3827 958 3907 penderent
987 3836 1160 3891 etiam
1189 3836 1452 3892 inchoata
1483 3841 1539 3892 et
1569 3838 1839 3894 informia

155 3939 386 3994 quaeque
428 3923 492 3977 in
530 3940 739 3995 genere
784 3941 909 3988 suo,
950 3925 1039 3980 vel
1087 3925 1372 3996 spirituali
1410 3927 1500 3982 vel
1529 3928 1834 3998 corporali,

155 4012 332 4067 euntia
362 4011 422 4067 in
448 4013 1003 4084 immoderationem,
1030 4017 1086 4068 et
1109 4013 1170 4068 in
1199 4015 1577 4087 longinquam
1596 4015 1838 4070 dissimi-

152 4099 440 4158 litudinem
463 4106 658 4171 tuam;
681 4102 976 4173 spirituale
997 4103 1238 4159 informe
1256 4105 1640 4176 praestantius,
1662 4122 1836 4177 quam

152 4190 191 4243 si
230 4191 541 4247 formatum
589 4208 793 4262 corpus
835 4196 1011 4262 esset;
1041 4194 1336 4264 corporale
1367 4198 1560 4248 autem
1591 4195 1835 4249 informe

154 4281 527 4349 praestantius,
561 4297 733 4351 quam
779 4281 826 4335 si
857 4282 1093 4336 omnino
1126 4283 1269 4337 nihil
1301 4287 1472 4338 esset:
1525 4288 1693 4356 atque
1756 4284 1838 4339 ita

151 4370 458 4438 penderent
493 4369 552 4423 in
577 4374 676 4424 tuo
700 4370 881 4424 Verbo
913 4370 1199 4438 informia,
1228 4371 1339 4426 nisi
1375 4389 1478 4444 per
1510 4373 1660 4428 idem
1695 4374 1834 4428 Ver-

149 4457 275 4512 bum
305 4463 710 4513 revocarentur
730 4459 800 4514 ad
830 4459 1110 4515 unitatem
1140 4465 1318 4529 tuam,
1352 4467 1408 4516 et
1425 4462 1832 4531 formarentur,

150 4551 200 4600 et
223 4553 408 4602 essent
437 4548 510 4602 ab
531 4565 646 4601 uno
677 4552 731 4602 te
761 4565 984 4603 summo
1014 4549 1163 4603 bono
1189 4550 1451 4604 universa
1470 4551 1622 4606 bona
1649 4551 1830 4607 valde.

149 4636 282 4698 Quid
301 4643 355 4692 te
372 4643 814 4708 promerueraut
832 4642 854 4675 ²
883 4643 945 4692 ut
966 4643 1152 4693 essent
1173 4639 1371 4694 saltem
1393 4639 1683 4706 informia,
1705 4658 1834 4712 quae

151 4741 321 4798 neque
346 4728 458 4782 hoc
492 4731 697 4794 essent,
730 4727 840 4781 nisi
869 4743 938 4782 ex
961 4729 1057 4782 te?

210 4820 260 4871 3.
279 4816 424 4880 Quid
455 4819 513 4869 te
556 4817 877 4886 promeruit
917 4816 1182 4871 materies
1212 4816 1542 4888 corporalis,
1583 4820 1648 4871 ut
1686 4821 1834 4874 esset

147 4902 333 4958 saltem
356 4904 651 4958 invisibilis
681 4909 730 4958 et
751 4908 1104 4975 incomposita
1133 4907 1278 4976 (Gen.
1301 4923 1342 4973 1,
1374 4906 1418 4977 1)
1435 4906 1462 4961 ?
1483 4906 1619 4978 quia
1639 4923 1830 4979 neque

148 4990 243 5046 hoc
271 4997 438 5060 esset,
465 4992 576 5046 nisi
608 4993 742 5064 quia
768 4993 950 5048 fecisti
975 5011 1130 5062 eam;
1164 4995 1406 5066 ideoque
1437 5002 1512 5062 te,
1546 4995 1684 5067 quia
1713 5013 1831 5052 non

147 5085 274 5148 erat,
297 5081 617 5152 promereri
644 5086 707 5136 ut
731 5087 878 5137 esset
898 5099 1016 5137 non
1039 5088 1281 5154 poterat.
1313 5086 1426 5138 Aut
1454 5082 1594 5154 quid
1617 5088 1670 5136 te
1692 5099 1831 5154 pro-

149 5169 343 5224 meruit
375 5168 670 5225 inchoatio
691 5174 967 5225 creatura:
993 5171 1323 5242 spiritualis,
1353 5175 1420 5226 ut
1447 5171 1648 5226 saltem
1672 5175 1830 5226 tene-

204 5312 568 5378 'Spirituaies
606 5313 1018 5378 corporalesque
1058 5317 1275 5374 naturae,
1296 5313 1449 5378 juxta
1478 5314 1673 5365 Somm.
1723 5319 1775 5365 et
1802 5318 1829 5364 5

144 5373 253 5423 Mss.
273 5373 427 5439 apud
457 5376 609 5425 Mart.
639 5373 722 5447 MI-
921 5373 938 5377 “
1266 5373 1271 5374 ν
1296 5373 1313 5378 ν

146 5500 168 5544 4
196 5437 235 5547 g1
243 5439 682 5548 grai-temetum,
703 5442 856 5501 Juxta
882 5438 1078 5490 Somm.
1102 5438 1236 5488 Dub.
1256 5439 1403 5489 Mart.
1427 5444 1478 5491 et
1507 5439 1676 5489 Rond.
1707 5453 1825 5490 cum

196 5512 309 5547 MSS.
329 5512 393 5549 Μ.

1968 1027 2138 1084 brosa
2166 1029 2416 1089 ﬂuitaret
2444 1034 2644 1092 similis
2684 1040 2909 1110 abysso,
2936 1044 3020 1098 tui
3059 1046 3366 1118 dissimilis,
3403 1051 3514 1107 nisi
3558 1069 3668 1124 per

1969 1115 2121 1171 idem
2153 1120 2394 1177 Verbum
2427 1131 2855 1184 converteretur
2889 1132 2957 1186 ad
2982 1131 3137 1188 idem
3169 1151 3203 1189 a
3241 1115 3360 1208 quo
3379 1139 3525 1195 facta
3551 1115 3662 1210 est,

1969 1209 2137 1276 atque
2164 1208 2233 1262 ab
2260 1225 2326 1264 eo
2356 1211 2679 1270 illuminata
2704 1218 2800 1272 lux
2828 1218 3012 1288 ﬁeret,
3037 1226 3294 1293 quamvis
3312 1243 3432 1282 non
3462 1208 3662 1301 aequa?

1966 1290 2115 1360 liter,
2140 1299 2332 1352 tamen
2357 1302 2664 1358 conformis
2695 1305 2896 1361 formas
2927 1290 3134 1380 aequali
3166 1311 3304 1368 tibi?
3326 1315 3482 1370 Sicut
3506 1290 3661 1373 enim

1967 1383 2192 1452 corpori
2225 1401 2341 1440 nou
2379 1388 2487 1442 hoc
2531 1396 2615 1445 est
2643 1409 2763 1447 esse
2802 1396 2956 1466 quod
3002 1399 3304 1468 pulchrum
3344 1418 3486 1472 esse,
3517 1405 3658 1460 alio-

1967 1469 2106 1537 quin
2137 1471 2389 1529 deforme
2419 1494 2538 1531 esse
2579 1496 2692 1534 non
2719 1488 2938 1551 posset:
2968 1485 3046 1539 ita
3076 1487 3247 1542 etiam
3271 1497 3459 1546 creato
3492 1493 3662 1563 spiri-

1964 1554 2047 1607 tui
2077 1559 2269 1614 nonid
2291 1568 2375 1617 est
2403 1565 2614 1634 vivere,
2648 1571 2805 1640 quod
2834 1572 3122 1643 sapienter
3153 1577 3366 1645 vivere;
3399 1581 3660 1653 alioquin

1962 1641 2507 1707 incommutabiliter
2521 1663 2762 1726 saperet.
2785 1641 3005 1715 Bonum
3025 1668 3217 1718 autem
3241 1665 3324 1720 illi
3338 1641 3420 1723 est
3434 1641 3656 1726 haerere

1961 1729 2066 1786 tibi
2089 1752 2334 1807 semper,
2365 1757 2438 1795 ne
2489 1745 2635 1814 quod
2668 1745 2906 1816 adeptus
2935 1753 3019 1803 est
3041 1754 3431 1824 conversione,
3483 1774 3652 1813 aver-

1961 1818 2121 1874 sione
2150 1823 2347 1880 lumen
2376 1829 2617 1898 amittat,
2641 1837 2696 1886 et
2724 1835 3012 1890 relabatur
3042 1837 3102 1891 in
3132 1838 3308 1894 vitam
3335 1844 3654 1900 tenebrosa).

1961 1907 2158 1980 abysso
2202 1913 2465 1972 similem.
2499 1919 2641 1973 Nam
2679 1925 2735 1974 et
2771 1938 2875 1976 nos
2906 1924 3007 1994 qui
3045 1929 3356 1984 secundum
3399 1933 3653 1990 animam

1959 2002 2215 2054 creatura
2244 2003 2554 2073 spiritualis
2584 2025 2800 2077 sumus,
2827 2012 3009 2066 aversi
3034 2030 3066 2067 a
3104 2019 3160 2069 te
3190 2023 3383 2074 nostro
3413 2021 3652 2090 lumine,

1958 2086 2018 2140 in
2047 2103 2114 2142 ea
2157 2089 2272 2144 vita
2309 2092 2522 2150 fuimus
2563 2097 2870 2169 aliquando
2908 2103 3158 2159 tenebrae
3198 2109 3420 2177 (Ephes.
3468 2128 3524 2179 v,
3571 2086 3650 2181 8),

1959 2181 2016 2228 et
2043 2175 2104 2230 in
2138 2178 2395 2251 reliquiis
2434 2183 2792 2241 obscuritatis
2831 2193 3040 2244 nostra:
3079 2175 3426 2266 laboramus,
3474 2200 3655 2255 donec

1958 2261 2134 2318 simus
2155 2266 2378 2336 justitia
2406 2275 2506 2326 tua
2523 2273 2582 2327 in
2617 2275 2788 2330 Unico
2805 2281 2905 2331 tuo
2937 2278 3083 2334 sicut
3097 2288 3322 2338 montes
3348 2286 3480 2342 Dei:
3513 2305 3650 2344 nam

1951 2351 2167 2420 judicia
2181 2359 2280 2411 tua
2297 2358 2531 2429 fuimus,
2563 2361 2708 2418 sicut
2734 2365 2968 2436 abyssus
2989 2370 3171 2425 multa
3190 2373 3361 2442 (Psal.
3387 2392 3550 2446 xxxv,
3566 2381 3650 2447 7).

2629 2486 2853 2543 CAPUT
2885 2490 2978 2545 III.

2465 2591 2554 2644 Ex
2585 2593 2684 2646 Dei
2708 2597 2893 2662 gratia
2921 2599 3124 2655 omnia.

2025 2689 2078 2743 4.
2101 2689 2266 2754 Quod
2294 2698 2484 2759 autem
2513 2695 2573 2751 in
2602 2697 2803 2769 primis
2832 2703 3255 2762 conditionibus
3275 2709 3492 2768 dixisti.
3528 2715 3652 2770 Fiat

1956 2777 2074 2846 tua),
2104 2784 2155 2833 et
2176 2781 2331 2846 facta
2356 2788 2433 2836 est
2462 2785 2559 2838 tua:
2579 2785 2736 2856 (Gen.
2766 2805 2804 2854 ι,
2829 2791 2920 2859 3);
2953 2807 3068 2846 non
3083 2793 3529 2867 incongruenter
3546 2800 3654 2855 hoc

1954 2864 2210 2939 intelligo
2240 2868 2301 2924 in
2329 2875 2587 2928 creatura
2616 2875 2929 2947 spirituali;
2951 2881 3088 2950 quia
3127 2890 3248 2937 erat
3267 2864 3402 2954 vjam
3431 2888 3650 2958 qualis-

1951 2971 2195 3026 cumque
2215 2957 2333 3013 vita
2358 2976 2532 3031 quam
2553 2962 2927 3021 illuminares.
2953 2969 3060 3022 Sed
3082 2969 3230 3025 sicut
3257 2988 3374 3027 non
3407 2957 3465 3028 te
3500 2992 3643 3045 pro-

1951 3049 2254 3113 meruerat,
2293 3051 2357 3102 ut
2384 3053 2531 3103 esset
2572 3050 2698 3104 talis
2740 3052 2857 3108 vita
2887 3071 3016 3126 quas
3055 3057 3370 3116 illuminari
3415 3070 3640 3133 posset;

1949 3132 2028 3186 ita
2058 3149 2162 3188 nec
2181 3150 2312 3188 cum
2335 3136 2458 3207 jam
2487 3143 2651 3206 esset,
2671 3144 2995 3210 promeruit
3023 3149 3077 3199 te
3101 3151 3164 3201 ut
3191 3132 3639 3212 illuminaretur.

1952 3220 2145 3292 Neque
2177 3224 2331 3278 enim
2361 3226 2484 3296 ejus
2513 3226 2834 3284 informitas
2871 3232 3124 3303 placeret
3162 3236 3287 3307 tibi,
3330 3239 3374 3293 si
3404 3257 3522 3296 non
3550 3243 3646 3298 lux

1949 3310 2130 3378 fieret,
2172 3327 2290 3367 non
2319 3313 2630 3384 existendo,
2664 3318 2762 3373 sed
2791 3319 3070 3378 intuendo
3105 3323 3531 3386 illuminantem
3559 3333 3647 3386 lu-

1948 3415 2070 3453 cem
2100 3399 2268 3471 eique
2309 3403 2676 3474 cohzerendo;
2709 3412 2772 3462 ut
2811 3412 3048 3481 etquod
3075 3417 3386 3488 utcumque
3417 3419 3568 3488 vivit,
3593 3427 3649 3476 et

1948 3489 2100 3560 quod
2139 3490 2304 3546 beate
2347 3492 2501 3557 vivit,
2533 3511 2650 3550 non
2680 3496 2912 3554 deberet
2946 3500 3059 3555 nisi
3094 3504 3294 3573 gratiae
3338 3511 3474 3575 tuaa,
3508 3526 3645 3564 con-

1945 3593 2106 3632 versa
2128 3596 2233 3649 per
2251 3583 2758 3638 commutationem
2777 3587 3076 3643 meliorem
3106 3591 3177 3644 ad
3201 3591 3260 3646 id
3278 3595 3430 3664 quod
3456 3612 3644 3668 neque

1945 3665 2006 3720 in
2045 3666 2250 3721 melius
2276 3684 2462 3740 neque
2492 3669 2550 3723 in
2588 3671 2839 3727 deterius
2870 3675 3078 3730 mutari
3116 3683 3333 3748 potest;
3385 3665 3642 3754 quod—tu
3665 3724 3682 3737 .

1945 3755 2092 3808 solus
2123 3772 2202 3822 es,
2249 3756 2383 3827 quia
2412 3759 2567 3812 solus
2596 3759 2934 3831 simpliciter
2957 3780 3036 3831 es,
3088 3766 3179 3819 cui
3211 3783 3329 3822 non
3370 3775 3453 3824 est
3486 3772 3643 3828 aliud

1945 3842 2152 3913 vivere,
2185 3843 2339 3898 aliud
2378 3844 2541 3902 beate
2571 3847 2780 3915 vivere,
2814 3850 2952 3920 quia
2990 3855 3088 3906 tua
3123 3852 3420 3911 beatitudo
3451 3861 3514 3912 tu
3545 3874 3633 3916 es.

2615 3953 2838 4008 CAPUT
2876 3957 2968 4011 IV.

2263 4077 2266 4080 '
2355 4060 2493 4112 Deus
2513 4073 2620 4113 non
2643 4064 2758 4125 eget
2785 4061 2944 4117 rebus
2969 4063 3222 4120 conditis.

2013 4167 2065 4218 5.
2096 4163 2236 4229 Quid
2285 4179 2420 4234 ergo
2465 4164 2572 4219 tibi
2601 4165 2822 4222 deesset
2863 4169 2931 4224 ad
2960 4169 3176 4226 bonum
3224 4174 3379 4244 quod
3421 4179 3483 4230 tu
3531 4177 3638 4234 tibi

1940 4269 2020 4322 es,
2052 4251 2275 4306 etiamsi
2294 4252 2400 4306 ista
2427 4254 2516 4308 vel
2545 4255 2782 4310 omnino
2812 4257 2973 4312 nulla
3007 4264 3214 4326 essent,
3245 4263 3335 4316 vel
3360 4261 3631 4321 informia

1941 4345 2324 4411 remanerent,
2373 4357 2501 4412 qua:
2547 4359 2668 4398 non
2709 4360 2778 4398 ex
2825 4345 3144 4417 indigentia
3186 4348 3394 4421 fecisti,
3437 4353 3532 4408 sed
3567 4371 3635 4410 ex

1939 4431 2294 4500 plenitudine
2323 4431 2592 4486 bonitatis
2629 4437 2743 4486 tute
2774 4433 3044 4490 cohibens
3080 4441 3253 4508 atque
3305 4447 3640 4498 convertens

1895 4542 1898 4547 -
1942 4517 2014 4572 ad
2033 4518 2300 4587 formam,
2330 4535 2447 4572 non
2473 4523 2537 4573 ut
2563 4523 2844 4591 tanquam
2866 4525 3028 4576 tuum
3050 4525 3326 4593 gaudium
3355 4531 3636 4600 complea-

1938 4610 2035 4661 tur
2062 4623 2125 4661 ex
2156 4607 2275 4661 eis?
2299 4607 2553 4662 Perfecto
2585 4609 2740 4662 enim
2770 4609 2877 4665 tibi
2903 4611 3166 4681 displicet
3187 4629 3389 4669 eorum
3418 4617 3634 4688 imper-

1939 4696 2129 4764 fectio,
2157 4701 2221 4750 ut
2241 4713 2306 4750 ex
2323 4701 2378 4750 te
2400 4697 2775 4766 perficiantur
2805 4702 2860 4752 et
2879 4699 2985 4754 tibi
2997 4701 3288 4769 placeant;
3311 4719 3428 4758 non
3446 4711 3639 4763 autem

1937 4785 2288 4855 imperfecto,
2342 4789 2618 4855 tanquam
2648 4789 2703 4839 et
2738 4790 2797 4839 tu
2839 4802 3035 4841 eorum
3071 4789 3417 4859 perfectione
3464 4798 3635 4865 perfi-

1938 4873 2168 4928 ciendus
2198 4872 2292 4927 sis.
2325 4874 2567 4942 Spiritus
2597 4873 2752 4928 enim
2782 4879 2914 4928 tuus
2964 4875 3148 4932 bonus
3188 4885 3634 4951 superferebatur

1938 4978 2100 5032 super
2117 4976 2289 5030 aquas
2321 4961 2512 5032 (Ibid.,
2547 4962 2634 5031 2);
2667 4978 2785 5017 non
2814 4964 3106 5020 ferebatur
3144 4967 3213 5022 ab
3242 4969 3323 5024 eis
3353 4976 3629 5043 tanquam

1938 5051 1998 5104 in
2029 5050 2109 5104 eis
2125 5051 2526 5122 requiesceret.
2555 5051 2620 5104 In
2646 5051 2854 5122 quibus
2876 5053 3028 5108 enim
3050 5057 3404 5128 requiescere
3427 5062 3638 5116 dicitur

1938 5139 2178 5211 Spiritus
2207 5144 2340 5193 tuus
2360 5139 2541 5194 bonus
2570 5140 2726 5210 (Isai.
2749 5158 2826 5212 x1,
2857 5144 2938 5214 2),
2963 5143 3069 5198 hos
3097 5145 3158 5199 in
3187 5163 3245 5200 se
3278 5149 3630 5218 requiescere

1942 5229 2087 5284 facit.
2119 5227 2228 5283 Sed
2259 5228 2720 5299 superferebatur
2747 5229 3197 5302 incorruptibilis
3232 5239 3288 5289 et
3313 5235 3630 5292 incommu-

1939 5317 2128 5374 tabilis
2146 5317 2408 5374 voluntas
2419 5322 2534 5384 tua,
2560 5317 2681 5390 ipsa
2698 5319 2758 5374 in
2777 5336 2834 5373 se
2859 5320 2966 5374 sibi
2987 5321 3289 5389 suﬂiciens,
3313 5339 3485 5393 super
3503 5341 3631 5382 eam

1942 5421 2114 5478 quam
2133 5406 2346 5461 feceras
2365 5405 2570 5476 vitam;
2594 5408 2686 5462 cui
2707 5425 2823 5463 non
2849 5413 2933 5462 est
2951 5408 3056 5462 hoc
3079 5410 3266 5463 vivere
3294 5413 3446 5482 quod
3471 5413 3634 5469 beate

1945 5493 2152 5563 vivere,
2170 5493 2306 5565 quia
2325 5492 2467 5549 vivit
2485 5493 2656 5549 etiam
2677 5495 2908 5551 ﬂuitans
2927 5493 2986 5547 in
3014 5494 3352 5552 obscuritate
3381 5515 3510 5568 sua;
3543 5504 3638 5557 cui
