4058 6344
430 312 532 367 847

430 437 600 488 restat
622 431 871 487 converti
891 430 961 485 ad
990 445 1122 483 eum
1151 445 1184 482 a
1205 444 1317 500 quo
1337 426 1484 481 facta
1505 431 1607 494 est,
1638 431 1695 481 et
1713 425 1897 496 magis
1918 425 2122 497 magis-

429 540 540 594 que
571 522 755 575 vivere
786 520 934 590 apud
957 520 1173 573 fontem
1202 518 1352 584 vitae,
1378 521 1434 571 et
1456 517 1513 572 in
1533 516 1749 571 lumine
1770 517 1894 587 ejus
1923 516 2117 569 videre

430 612 624 665 lumen
649 609 815 680 (Psal.
838 625 993 671 xxxv,
1020 608 1124 677 10).
1157 611 1213 660 et
1239 605 1454 677 perfici,
1476 604 1838 674 etillustrari,
1862 608 1917 658 et
1936 602 2114 657 beari.

1112 695 1336 749 CAPUT
1379 695 1438 749 V.

434 790 677 843 Trinitas
708 788 804 855 qui
831 785 976 839 Deus
1007 789 1083 839 est
1111 800 1177 838 e1:
1196 786 1391 854 primis
1420 784 1597 838 verbis
1626 784 1880 839 Geneseos
1909 780 2114 834 intelli-

1190 875 1359 940 gitur.

498 968 555 1018 6.
598 965 731 1018 Ecce
770 966 1005 1032 apparet
1039 960 1182 1014 mihi
1228 960 1288 1014 in
1322 960 1626 1031 aenigmate
1667 958 1930 1023 Trinitas,
1965 954 2118 1026 quod

427 1070 486 1107 es
520 1055 665 1106 Deus
696 1067 886 1126 meus;
939 1050 1208 1121 quoniam
1243 1053 1323 1113 tu,
1375 1051 1559 1111 Pater,
1608 1048 1668 1101 in
1705 1045 1989 1115 Principio
2021 1059 2115 1097 sa-

427 1141 663 1212 pientiae
695 1146 903 1193 nostra:
931 1138 947 1170 ί
980 1140 1131 1210 quod
1164 1142 1247 1192 est
1277 1143 1376 1191 tua
1423 1135 1711 1207 Sapientia
1744 1134 1813 1188 de
1857 1139 1912 1187 te
1960 1136 2114 1197 nata,

430 1229 665 1300 aequalis
697 1227 800 1281 tibi
847 1232 901 1281 et
928 1232 1235 1292 coaeterna,‘
1274 1226 1328 1280 id
1370 1225 1546 1279 estin
1590 1223 1731 1277 Filio
1774 1227 1893 1288 tuo,
1937 1219 2119 1274 fecisti

428 1319 634 1372 coelum
663 1323 720 1372 et
748 1323 978 1371 terram.
1009 1317 1075 1369 Et
1118 1315 1295 1367 multa
1324 1313 1568 1367 diximus
1604 1311 1672 1365 de
1703 1310 1842 1364 caelo
1873 1308 2019 1374 cceli,
2062 1309 2119 1361 et

430 1408 498 1461 de
527 1412 675 1460 terra
702 1404 972 1459 invisibili
1005 1408 1060 1457 et
1108 1402 1504 1472 incomposita,
1536 1405 1591 1454 et
1626 1400 1693 1454 de
1728 1399 1926 1469 abysso
1957 1404 2115 1451 tene-

427 1496 613 1559 brosa,
666 1495 974 1549 secundum
1022 1491 1330 1562 spiritualis
1380 1487 1747 1543 informitatis
1780 1484 2119 1558 vagabunda

426 1583 697 1654 deliquia,
729 1581 839 1636 nisi
866 1583 1290 1635 converteretur
1318 1578 1387 1632 ad
1412 1594 1544 1632 eum
1573 1594 1605 1631 a
1626 1594 1740 1648 quo
1764 1580 1883 1631 erat
1905 1577 2116 1647 qualis-

426 1688 671 1741 cumque
684 1670 815 1737 vita,
831 1667 1312 1723 etilluminatione
1326 1666 1486 1721 ﬁeret
1499 1665 1958 1737 speciosavita,et
1971 1670 2119 1721 esset

423 1760 628 1813 caelum
655 1757 778 1812 coeli
810 1758 951 1827 ejus,
980 1756 1132 1827 quod
1158 1756 1526 1824 interaquam
1549 1759 1603 1808 et
1618 1770 1822 1825 aquam
1839 1758 2029 1824 postea
2049 1755 2119 1808 fa-

427 1846 1050 1913 ctumest;ettenebam
1067 1844 1185 1915 jam
1208 1846 1435 1898 Patrem
1453 1844 1511 1897 in
1535 1842 1634 1897 Dei
1655 1841 1907 1907 nomine,
1931 1842 2119 1913 quife-

426 1936 651 2003 cithazc,
670 1934 1010 1989 etFiliumin
1025 1932 1298 2003 Principii
1313 1931 1545 1986 nomine
1559 1931 1619 1985 in
1633 1947 1745 2001 quo
1766 1930 1892 1985 fecit
1906 1932 2120 1997 haecget

424 2024 755 2078 Trinitatem
772 2023 1003 2077 credens
1021 2023 1197 2075 Deum
1214 2037 1427 2087 meum,
1442 2018 1609 2073 sicuti
1626 2019 1946 2087 credebam,
1967 2035 2117 2089 quae-

425 2115 621 2167 rebam
635 2114 694 2167 in
705 2112 948 2178 eloquiis
965 2111 1169 2164 sanctis
1181 2111 1324 2180 ejus,
1338 2113 1531 2163 etecce
1544 2110 1781 2177 Spiritus
1794 2112 1923 2161 tuus
1936 2124 2116 2177 super-

424 2202 700 2269 ferebatur
728 2216 888 2270 super
913 2213 1105 2267 aquas.
1133 2199 1268 2251 Ecce
1288 2197 1530 2251 Trinitas
1562 2198 1709 2250 Deus
1742 2212 1923 2261 meus,
1953 2197 2118 2250 Pater

426 2294 483 2343 et
497 2289 666 2344 Filius
679 2287 1004 2359 etSpiritus,
1020 2290 1243 2339 sanctus
1257 2288 1478 2338 creator
1507 2283 1787 2337 universae
1816 2287 2109 2339 creaturze.

1092 2373 1317 2428 CAPUT
1355 2373 1443 2427 VI.

532 2470 640 2524 Cur
681 2466 858 2519 dictus
900 2467 977 2518 est
1020 2464 1259 2531 Spiritus
1285 2462 1588 2528 superferri
1616 2475 1778 2529 super
1813 2475 2004 2527 aquas.

494 2562 548 2610 7.
578 2555 688 2610 Sed
718 2570 845 2625 quas
891 2568 1053 2606 causa
1094 2550 1297 2615 fuerat,
1334 2565 1366 2603 ο
1402 2549 1599 2603 lumen
1626 2548 1966 2603 veridicum!
2012 2548 2115 2602 tibi

425 2645 695 2699 admoveo
726 2658 823 2697 cor
865 2656 1087 2705 meum;
1120 2654 1194 2692 ne
1240 2654 1331 2691 me
1361 2654 1505 2691 vana
1532 2637 1753 2703 doceat,
1786 2636 1998 2691 discute
2031 2642 2114 2689 te-

427 2734 628 2788 nebras
658 2733 800 2801 ejus,
834 2734 889 2783 et
920 2728 1009 2783 dic
1047 2726 1210 2793 mihi,
1244 2727 1478 2779 obsecro
1507 2730 1562 2779 te
1591 2742 1695 2795 per
1719 2730 1960 2779 matrem
1983 2724 2113 2778 cha-

424 2823 682 2886 ritatem;
726 2820 954 2871 obsecro
995 2822 1070 2882 te,
1122 2815 1209 2869 dic
1252 2815 1395 2869 mihi
1434 2831 1561 2885 quas
1601 2830 1768 2867 causa
1802 2814 2005 2883 fuerat,
2053 2818 2117 2867 ut

426 2914 554 2980 post
581 2905 941 2962 nominatum
979 2905 1204 2970 coelum,
1240 2907 1295 2956 et
1324 2914 1533 2956 terram
1562 2900 1909 2955 invisibilem
1939 2907 1995 2955 et
2023 2902 2113 2983 in-

422 2995 818 3066 compositam,
853 2998 906 3046 et
924 2992 1181 3046 tenebras
1209 3007 1379 3060 super
1410 2991 1697 3061 abyssum,
1725 2993 1848 3043 tum
1878 2989 2113 3044 demum

422 3085 710 3154 Scriptura
756 3086 855 3136 tua
893 3080 1216 3134 nominaret
1260 3079 1534 3149 Spiritum
1594 3078 1802 3132 tuum?
1844 3079 1931 3131 An
1980 3079 2115 3149 quia

423 3170 719 3243 oportebat
759 3170 837 3223 sic
867 3186 999 3223 eum
1030 3168 1333 3236 insinuari,
1365 3172 1429 3221 ut
1459 3168 1744 3221 diceretur
1774 3166 2109 3237 superferri;

421 3267 475 3315 et
506 3277 620 3314 non
651 3264 835 3330 posset
856 3259 964 3312 hoc
989 3258 1121 3325 dici,
1154 3256 1261 3310 nisi
1287 3256 1445 3326 prius
1464 3256 1606 3309 illud
1633 3270 2111 3309 commemorare-

424 3354 513 3403 tur
541 3348 633 3403 cui
678 3347 984 3418 superferri
1015 3345 1257 3417 Spiritus
1289 3349 1422 3399 tuus
1451 3349 1643 3414 posset
1675 3343 1959 3415 intelligi‘t
2001 3345 2113 3397 Nec

421 3437 573 3490 Patri
612 3436 764 3491 enim
804 3452 906 3489 nec
945 3434 1084 3488 Filio
1134 3432 1627 3503 superferebatur;
1653 3449 1756 3486 nec
1804 3431 2111 3503 superferri

415 3529 564 3579 recte
594 3525 895 3594 diceretur,
929 3523 975 3576 si
1005 3522 1147 3576 nulli
1172 3521 1257 3575 rei
1292 3521 1730 3591 superferretur.
1767 3520 1928 3574 Prius
1973 3538 2108 3591 ergo

420 3614 720 3669 dicendum
764 3618 879 3666 erat
908 3611 1000 3665 cui
1043 3609 1477 3681 superferretur,
1502 3612 1558 3663 et
1580 3607 1783 3662 deinde
1814 3609 1909 3663 ille
1938 3626 2109 3679 quem

419 3720 535 3757 non
562 3701 855 3773 oportebat
888 3700 1052 3753 aliter
1082 3696 1541 3763 commemorari,
1568 3696 1679 3750 nisi
1711 3701 1773 3750 ut
1802 3697 2110 3767 superferri

418 3792 719 3845 diceretur.
744 3790 856 3844 Cur
885 3804 1021 3858 ergo
1062 3787 1225 3840 aliter
1253 3802 1385 3839 eum
1418 3784 1695 3839 insinuari
1733 3802 1849 3839 non
1880 3790 2108 3857 oporte-

416 3880 533 3947 bat,
562 3878 671 3933 nisi
696 3882 757 3931 ut
786 3876 1095 3949 superferri
1117 3873 1440 3929 diceretur?

1078 3965 1302 4019 CAPUT
1334 3964 1445 4016 VII.

899 4054 1134 4121 Effectus
1165 4053 1405 4120 Spiritus
1430 4053 1628 4106 sancti.

486 4149 538 4201 8.
568 4146 693 4200 Jam
719 4143 851 4197 hinc
887 4146 1157 4212 sequatur
1198 4140 1299 4210 qui
1327 4144 1517 4209 potest
1544 4140 1836 4194 intellectu
1866 4141 2109 4211 Aposto—

416 4237 532 4288 lum
573 4238 734 4285 tuum
783 4231 1087 4301 dicentem,
1122 4229 1257 4299 quia
1302 4229 1546 4281 charitas
1571 4232 1666 4280 tua
1697 4228 1903 4295 diffusa
1948 4234 2026 4283 est
2052 4231 2107 4282 in

413 4322 661 4375 cordibus
694 4322 890 4373 nostris
919 4334 1015 4386 per
1061 4319 1325 4386 Spiritum
1377 4321 1642 4382 sanctum,
1693 4318 1790 4384 qui
1836 4316 1997 4371 datus
2031 4323 2108 4372 est

411 4411 563 4464 nobis
592 4412 768 4478 (Rom.
801 4425 857 4475 v,
884 4410 964 4475 5);
996 4418 1053 4459 et
1072 4406 1142 4459 de
1183 4404 1575 4475 spiritualibus
1598 4404 1895 4459 docentem
1926 4410 1982 4459 et
2010 4406 2106 4459 de-

412 4500 825 4551 monstrantem
850 4494 1371 4565 supereminentem
1402 4493 1552 4547 viam
1582 4493 1889 4561 charitatis,
1922 4499 1978 4548 et
2003 4495 2103 4549 fle-

413 4590 659 4640 ctentem
694 4601 882 4654 genua
917 4600 1020 4654 pro
1054 4582 1217 4636 nobis
1257 4582 1329 4636 ad
1372 4585 1447 4648 te,
1480 4587 1544 4636 ut
1574 4597 1980 4651 cognoscamus
2010 4600 2103 4637 su-

411 4674 862 4744 pereminentem
893 4671 1187 4725 scientiam
1226 4670 1512 4724 charitatis
1538 4670 1746 4725 Christi
1778 4673 1990 4740 (Ephes.
2022 4690 2100 4739 ιιι,

416 4762 620 4832 14-19).
652 4762 897 4831 Ideoque
918 4760 989 4813 ab
1010 4759 1173 4813 initio
1196 4759 1626 4829 supereminens
1643 4761 2104 4831 superferebatur

411 4867 585 4921 super
613 4866 806 4921 aquas.
835 4848 936 4903 Cui
968 4848 1191 4903 dicam?
1221 4847 1507 4918 quomodo
1532 4848 1716 4902 dicam
1742 4848 1811 4901 de
1845 4849 2102 4918 pondere

408 4940 733 5010 cupiditatis
761 4939 822 4991 in
861 4938 1163 5008 abruptam
1194 4938 1481 5007 abyssum,
1515 4942 1571 4991 et
1618 4937 1687 4992 de
1716 4938 2102 4993 sublevatione

405 5027 695 5082 charitatis
711 5043 815 5097 per
832 5026 1105 5096 Spiritum
1127 5030 1310 5092 tuum,
1326 5024 1425 5096 qui
1446 5024 1905 5095 superferebatur
1933 5039 2103 5094 super

404 5117 622 5187 aquas?
669 5117 772 5171 Cui
809 5116 1033 5169 dicam?
1079 5114 1367 5186 quomodo
1417 5115 1630 5169 dicam:
1679 5112 1987 5181 Mergimur
2045 5117 2099 5167 et

406 5207 753 5277 cmergimus
779 5207 835 5259 2‘?
869 5207 1061 5277 Neque
1079 5205 1233 5259 enim
1262 5205 1382 5259 loca
1403 5208 1534 5257 sunt
1554 5202 1763 5273 quibus
1785 5202 2100 5271 mergimur

403 5300 460 5350 et
495 5296 864 5366 emergimus.
896 5294 1041 5359 Quid
1071 5294 1315 5347 similius
1348 5297 1403 5346 et
1432 5292 1572 5362 quid
1601 5290 1970 5345 dissimilius?
2000 5292 2095 5345 Af-

464 5385 481 5417 ¹
500 5384 766 5446 Insignem
782 5382 985 5431 huncce
1002 5382 1173 5446 locum
1188 5381 1549 5446 redintegrant
1562 5379 1657 5425 Ms.
1678 5378 1893 5446 Mutilus
1906 5379 2097 5441 quippe

402 5447 455 5493 in
482 5442 685 5494 excusis
740 5451 867 5501 erat,
896 5445 1143 5492 detractis
1176 5442 1348 5490 verbis
1393 5442 1522 5499 istis,
1578 5443 1849 5501 sapientia:
1892 5446 2094 5489 nostra’.

461 5508 482 5541 9
515 5507 637 5554 Mss.
673 5521 780 5555 non
824 5508 1019 5555 habent
1046 5505 1147 5553 hoc
1192 5504 1324 5559 loco,
1356 5507 1648 5563 mergtmur
1672 5507 1725 5552 et
1761 5504 2092 5565 emergimus.

400 5594 460 5605 —-
490 5568 689 5618 Desunt
714 5569 911 5617 eaedem
940 5581 1094 5616 voces
1119 5566 1258 5628 apud
1290 5568 1487 5617 Somm.
1514 5569 1565 5613 et
1592 5564 1729 5613 Flor.
1766 5565 1831 5613 M.

1599 300 2136 359 CONFESSIONUM
2192 300 2247 357 S.
2304 301 2661 359 AUGUSTIN
2664 303 2711 358 Ι.

3824 304 3931 359 848

2224 444 2405 500 fectus
2435 448 2586 513 sunt,
2621 459 2843 499 amores
2885 449 3048 513 sunt;
3078 444 3455 501 immunditia
3483 445 3717 517 spiritus
3745 446 3929 502 nostri

2224 532 2479 587 defluens
2515 532 2755 587 inferius
2781 548 2972 587 amore
3002 549 3291 598 curarum,
3325 541 3379 588 et
3419 535 3689 589 sanctitas
3718 534 3803 589 tui
3835 539 3925 589 at-

2225 621 2429 675 tollens
2456 637 2559 674 nos
2589 620 2851 691 superius
2880 637 3072 675 amore
3103 622 3445 697 securitatis,
3478 627 3544 678 ut
3576 639 3803 678 sursum
3827 639 3927 678 cor

2224 708 2535 763 habeamus
2560 709 2633 763 ad
2660 713 2733 773 te,
2760 708 2876 762 -ubi
2904 708 3147 779 Spiritus
3188 714 3319 764 tuus
3350 711 3705 781 superfertur
3753 728 3928 782 super

2226 813 2422 868 aquas,
2446 802 2503 851 et
2521 797 2817 852 veniamus
2838 796 2909 851 ad
2934 797 3456 867 supereminentem
3476 800 3761 871 requiem,
3790 815 3925 855 cum

2224 877 2620 955 pertransierit
2658 885 2851 940 anima
2878 890 3071 941 nostra
3113 903 3288 959 aquas
3318 904 3449 959 quas
3478 893 3612 944 sunt
3635 889 3757 944 sine
3786 887 3925 943 sub-

2225 974 2433 1029 stantia
2456 975 2621 1046 (Psal.
2648 990 2833 1044 cxxm,
2861 976 2932 1045 5).
3146 1020 3154 1028 .

2872 1064 3099 1119 CAPUT
3131 1065 3274 1120 VIII.

2225 1152 2577 1207 Intellectuali
2627 1156 2886 1207 creatura:
2914 1153 2989 1206 ad
3026 1154 3234 1208 beatam
3282 1156 3518 1223 requiem
3563 1170 3670 1210 non
3716 1155 3926 1224 sufﬁcit

2704 1242 2977 1310 quidquid
3005 1244 3109 1296 Deo
3136 1244 3315 1296 minus
3345 1247 3441 1297 est.

2297 1332 2347 1384 9.
2382 1328 2626 1384 Defluxit
2653 1330 2910 1401 angelus,
2952 1330 3187 1385 deﬂuxit
3215 1330 3405 1384 anima
3438 1329 3707 1398 hominis,
3741 1334 3797 1384 et
3826 1330 3917 1384 in-

2225 1417 2553 1472 dicaverunt
2581 1417 2848 1487 abyssum
2879 1417 3159 1473 universaa
3189 1417 3496 1489 spiritualis
3519 1419 3536 1453 ί
3561 1424 3835 1473 creaturas
3863 1419 3922 1472 in

2224 1505 2511 1577 profundo
2544 1507 2864 1576 tenebroso,
2896 1507 3005 1561 nisi
3040 1507 3274 1562 dixisses
3310 1506 3379 1561 ab
3408 1506 3589 1569 initio,
3622 1508 3744 1561 Fiat
3802 1508 3922 1571 lum,

2227 1597 2282 1647 et
2312 1593 2454 1647 facta
2483 1598 2629 1648 esset
2648 1595 2762 1661 lux,
2795 1598 2849 1649 et
2878 1595 3183 1649 inhaereret
3203 1594 3307 1649 tibi
3332 1595 3517 1649 omnis
3547 1594 3818 1648 obediens
3840 1595 3927 1649 in-

2220 1680 2537 1751 telligentia
2568 1682 2805 1736 caelestis
2852 1681 3094 1737 civitatis
3133 1688 3268 1745 tuas,
3318 1687 3374 1737 et
3418 1682 3803 1753 requiesceret
3865 1682 3925 1736 in

2226 1768 2438 1840 Spiritu
2469 1774 2588 1836 tuo,
2620 1770 2721 1841 qui
2769 1770 3124 1841 superfertur
3163 1772 3715 1826 incommutabiliter
3756 1788 3929 1843 super

2226 1874 2396 1911 omne
2418 1859 2713 1913 mutabile.
2746 1858 3016 1930 Alioquin
3046 1864 3103 1914 et
3141 1859 3331 1931 ipsum
3367 1860 3576 1915 cmlum
3606 1859 3735 1914 caeli
3764 1864 3926 1914 tene—

2223 1944 2394 2000 brosa
2447 1947 2682 2017 abyssus
2733 1951 2880 2001 esset
2918 1947 2979 2001 in
3032 1964 3120 2015 se;
3175 1965 3329 2003 nunc
3357 1954 3551 2003 autem
3581 1949 3674 2003 lux
3734 1952 3820 2003 est
3863 1948 3925 2002 in

2226 2035 2490 2091 Domino.
2525 2038 2666 2090 Nam
2697 2040 2754 2091 et
2802 2035 2862 2089 in
2908 2036 3033 2107 ipsa
3061 2037 3271 2092 misera
3308 2037 3705 2109 inquietudine
3737 2036 3926 2091 deflu-

2226 2124 2447 2178 entium
2463 2124 2767 2195 spirituum
2790 2129 2847 2178 et
2867 2125 3245 2180 indicantium
3266 2127 3527 2181 tenebras
3540 2142 3601 2179 su
3610 2142 3668 2179 as
3684 2125 3926 2179 nudatas

2224 2215 2375 2266 veste
2412 2212 2644 2266 luminis
2670 2211 2776 2279 tui,
2810 2212 2943 2266 satis
2972 2214 3221 2268 ostendis
3260 2230 3434 2286 quam
3466 2229 3731 2285 magnam
3766 2228 3923 2267 crea-

2223 2302 2414 2354 turam
2442 2300 2780 2354 rationalem
2810 2300 3033 2370 feceris,
3076 2301 3169 2355 cui
3209 2302 3369 2355 nullo
3398 2302 3570 2356 modo
3616 2300 3825 2355 sufficit
3854 2300 3922 2354 ad

2222 2386 2451 2443 beatam
2479 2388 2741 2459 requiem
2780 2388 3060 2461 quidquid
3102 2392 3159 2443 te
3190 2390 3382 2445 minus
3426 2393 3530 2458 est,
3560 2405 3623 2443 ac
3667 2404 3771 2460 per
3816 2388 3923 2443 hoc

2224 2490 2328 2528 nec
2358 2475 2482 2545 ipsa
2503 2475 2629 2529 sibi.
2662 2477 2745 2529 Tu
2778 2475 2949 2544 enim,
2984 2476 3131 2529 Deus
3159 2482 3372 2544 noster,
3397 2476 3751 2531 illuminabis
3769 2480 3924 2530 tene-

2222 2562 2353 2617 bras
2400 2567 2620 2617 nostras
2664 2563 2834 2631 (Psal.
2888 2580 3022 2632 xvu,
3065 2563 3180 2634 29);
3214 2580 3281 2619 ex
3333 2570 3390 2618 te
3437 2564 3702 2619 oriuntur
3754 2565 3922 2619 vesti-

2222 2655 2417 2705 menta
2437 2656 2654 2720 nostra,
2686 2656 2741 2705 et
2763 2652 3014 2706 tenebras
3045 2658 3253 2707 nostra:
3282 2653 3427 2707 sicut
3455 2653 3727 2709 meridies
3757 2659 3925 2708 erunt

2226 2740 2390 2805 (Psal.
2441 2756 2700 2806 cxxxvm,
2761 2740 2863 2811 l2).
2912 2732 2991 2796 Da
3031 2740 3176 2795 mihi
3223 2746 3302 2806 te,
3357 2742 3504 2797 Deus
3535 2758 3717 2807 meus,
3752 2741 3924 2796 redde

2223 2832 2279 2882 te
2313 2828 2485 2882 mihi:
2519 2833 2574 2883 te
2598 2828 2754 2882 enim
2794 2845 2924 2883 amo
2946 2831 2997 2895 ’ς
3041 2833 3097 2883 et
3124 2829 3172 2883 si
3199 2845 3405 2900 parum
3446 2834 3546 2898 est,
3594 2845 3785 2884 amem
3817 2845 3910 2885 va-

2220 2914 2412 2970 lidius.
2444 2917 2565 2970 Non
2609 2932 2845 2987 possum
2886 2917 3079 2971 metiri
3128 2921 3189 2972 ut
3217 2918 3392 2973 sciam
3441 2923 3725 2991 quantum
3773 2919 3918 2973 desit

2223 3004 2366 3059 mihi
2396 3005 2606 3059 amoris
2626 3006 2696 3060 ad
2724 3005 2781 3061 id
2805 3007 2957 3077 quod
2987 3010 3073 3061 sat
3104 3012 3207 3070 est,
3241 3011 3305 3061 ut
3328 3012 3522 3063 currat
3549 3008 3664 3063 vita
3693 3024 3820 3063 mea
3860 3007 3916 3062 in

2222 3094 2517 3163 amplexus
2544 3098 2695 3161 tuos,
2726 3111 2829 3148 nec
2877 3098 3165 3149 avertatur
3192 3096 3380 3151 donec
3410 3097 3792 3151 abscondatur
3810 3094 3835 3132 ⁸
3862 3098 3918 3151 in

2224 3182 2554 3237 abscondito
2595 3184 2783 3237 vultus
2827 3184 2913 3237 tui
2968 3183 3132 3254 (Psal.
3195 3200 3320 3253 xxx,
3375 3185 3488 3255 2t).
3532 3187 3648 3239 Hoc
3694 3188 3916 3241 tantum

2222 3271 2355 3337 scio,
2388 3270 2520 3342 quia
2556 3271 2702 3324 male
2734 3271 2878 3325 mihi
2907 3276 2993 3326 est
3016 3276 3241 3342 praeter
3270 3278 3345 3340 te,
3378 3289 3496 3328 non
3542 3274 3731 3328 solum
3761 3279 3917 3328 extra

2222 3375 2332 3427 me,
2367 3359 2464 3413 sed
2520 3363 2576 3412 et
2628 3359 2690 3411 in
2728 3359 2973 3430 meipso;
3026 3364 3082 3415 et
3131 3362 3316 3416 omnis
3371 3361 3514 3417 mihi
3560 3362 3723 3433 copia
3768 3363 3917 3417 Deus

2222 3464 2383 3502 meus
2412 3463 2528 3501 non
2555 3451 2657 3514 est,
2682 3453 2900 3519 egestas
2932 3452 3033 3503 est.

2892 3537 3116 3593 CAPUT
3149 3540 3238 3593 IX.

2292 3626 2399 3680 Cur
2417 3626 2558 3679 solus
2578 3628 2806 3695 spiritus
2838 3631 3056 3680 sanctus
3080 3627 3522 3697 superferebatur
3540 3643 3700 3698 super
3720 3644 3916 3698 aquas.

2296 3716 2377 3767 l0.
2411 3714 2697 3785 Numquid
2724 3718 2820 3768 aut
2853 3716 3018 3769 Pater
3045 3719 3144 3770 aut
3180 3716 3354 3770 Filius
3373 3732 3491 3770 non
3523 3716 3919 3787 superfereba-

2219 3804 2313 3855 tur
2341 3818 2513 3872 super
2550 3802 2763 3873 aquas?
2793 3802 2850 3857 Si
2887 3806 3161 3874 tanquam
3196 3804 3321 3857 loco
3374 3803 3519 3858 sicut
3556 3820 3782 3875 corpus,
3815 3821 3920 3859 nec

2218 3888 2459 3960 Spiritus
2489 3896 2747 3945 sanctus:
2776 3891 2823 3945 si
2853 3897 3046 3946 autem
3076 3891 3566 3950 incommutabilis
3599 3892 3920 3947 divinitatis

2220 3980 2529 4034 eminentia
2558 3996 2730 4050 super
2758 3996 2925 4034 omne
2957 3981 3250 4049 mutabile,
3284 3986 3340 4035 et
3367 3983 3534 4035 Pater
3564 3984 3623 4035 et
3654 3980 3829 4035 Filius
3864 3987 3921 4035 et

2218 4067 2458 4137 Spiritus
2483 4072 2705 4122 sanctus
2730 4069 3192 4139 superferebatur
3221 4085 3395 4140 super
3416 4084 3616 4140 aquas.
3650 4069 3764 4123 Cur
3783 4085 3921 4141 ergo

2216 4161 2437 4211 tantum
2492 4156 2561 4210 de
2590 4156 2806 4227 Spiritu
2855 4163 2953 4212 tuo
2983 4157 3196 4212 dictum
3244 4162 3331 4213 est
3380 4157 3527 4212 hoc?
3574 4174 3676 4212 cur
3718 4157 3788 4212 de
3820 4158 3921 4212 illo

2215 4248 2437 4299 tantum
2465 4244 2677 4300 dictum
2708 4245 2829 4300 est?
2859 4246 3029 4310 Quasi
3061 4248 3213 4301 locus
3240 4247 3318 4301 ibi
3349 4251 3515 4313 esset,
3551 4246 3651 4318 qui
3682 4263 3801 4301 non
3834 4254 3920 4302 est

2214 4334 2390 4400 locus,
2426 4334 2494 4388 de
2529 4351 2642 4404 quo
2672 4336 2791 4388 solo
2823 4333 3039 4389 dictum
3069 4339 3153 4389 est
3181 4336 3335 4406 quod
3364 4335 3436 4388 sit
3464 4335 3680 4389 donum
3707 4338 3876 4390 tuum
3895 4378 3909 4393 .

2215 4424 2279 4476 In
2319 4423 2470 4477 dono
2511 4426 2607 4475 tuo
2657 4422 3097 4494 requiescimus;
3130 4423 3210 4477 ibi
3237 4428 3293 4477 te
3340 4421 3617 4478 fruimur.
3658 4424 3916 4494 Requies

2217 4516 2429 4572 nostra,
2460 4512 2617 4564 locus
2648 4515 2859 4565 noster.
2893 4514 3071 4565 Amor
3097 4511 3233 4565 illuc
3263 4509 3467 4564 attollit
3508 4525 3635 4575 nos,
3689 4516 3746 4564 et
3786 4512 3915 4582 Spi-

2213 4601 2355 4654 ritus
2380 4604 2509 4653 tuus
2539 4599 2723 4653 bonus
2749 4600 2956 4654 exaltat
2978 4599 3362 4654 humilitatem
3396 4602 3651 4651 nostram
3678 4598 3747 4652 de
3779 4617 3916 4670 por-

2211 4690 2284 4743 tis
2314 4689 2509 4743 morlis
2538 4688 2697 4757 (Psal.
2736 4704 2809 4755 Ix,
2846 4691 2948 4759 l5).
2991 4690 3058 4743 In
3097 4688 3247 4743 bona
3272 4688 3565 4741 voluntate
3606 4704 3715 4759 pax
3746 4689 3917 4743 nobis

2209 4781 2296 4830 est
2319 4776 2471 4847 (Luc.
2502 4793 2562 4845 ιι,
2600 4778 2703 4845 lli).
2734 4777 2949 4847 Corpus
2972 4776 3225 4847 pondere
3252 4792 3353 4830 suo
3379 4776 3587 4830 nititur
3618 4777 3687 4830 ad
3717 4777 3907 4830 locum

2210 4880 2398 4918 suum.
2433 4863 2657 4917 Pondus
2687 4879 2802 4916 non
2830 4863 2902 4917 ad
2928 4863 3044 4917 ima
3076 4867 3304 4918 tantum
3342 4868 3449 4934 est,
3480 4863 3581 4918 sed
3615 4863 3684 4918 ad
3714 4864 3911 4919 locum

2209 4969 2397 5009 suum.
2433 4951 2586 5022 Ignis
2608 4966 2832 5005 sursum
2859 4951 3060 5020 tendit,
3097 4951 3364 5007 deorsum
3399 4953 3572 5023 lapis.
3630 4951 3909 5007 Ponderi-

2207 5041 2313 5096 bus
2341 5040 2456 5094 suis
2476 5043 2742 5111 aguntur,
2775 5039 2900 5093 loca
2936 5056 3038 5094 sua
3063 5046 3291 5112 petunt.
3321 5043 3524 5097 Oleum
3555 5041 3704 5095 infra
3729 5055 3907 5110 aqum

2273 5132 2291 5202 ξ
2426 5129 2572 5204 Mss;
2606 5130 2657 5175 at
2684 5127 2962 5204 editiones,
3014 5134 3229 5204 eaeepta
3277 5130 3581 5204 Arualdina,
3617 5127 3909 5204 praeferunt

2207 5190 2514 5253 spirituales
2532 5204 2546 5261 ξ
2557 5204 2663 5238 non
2684 5190 2814 5262 bene
2831 5206 2843 5249 ;
2858 5190 3084 5242 intendit
3109 5190 3299 5257 quippe
3315 5190 3641 5264 Augustinus
3653 5191 3905 5262 abyssum

2206 5252 2577 5324 intellectualis
2606 5265 2779 5303 omnis
2808 5266 3061 5303 creaturae
3082 5256 3196 5318 ipso
3222 5256 3396 5319 angeli
3421 5260 3474 5304 et
3494 5254 3723 5302 hominis
3750 5253 3906 5315 lapsu

2205 5315 2365 5363 fuisse
2386 5315 2693 5364 indicatam.

2267 5378 2289 5411 9
2323 5378 2381 5424 In
2403 5377 2523 5425 Mss.
2546 5377 2707 5427 redde
2728 5374 2856 5426 mihi
2884 5380 2957 5429 te:
2979 5391 3044 5428 en
3072 5390 3207 5430 amo.
3230 5403 3291 5414 —
3312 5377 3396 5428 Sic
3416 5379 3574 5428 etiam
3595 5377 3712 5426 Am.
3742 5376 3827 5426 Er.
3851 5382 3907 5427 et

2204 5438 2365 5487 editio
2390 5439 2710 5490 Florentius.
2809 5441 2877 5489 M.

2267 5503 2286 5535 ³
2317 5501 2466 5556 Lov.,
2494 5502 2661 5551 dnnec
2678 5501 2991 5553 abscondar.
3024 5503 3123 5552 Sed
3146 5502 3321 5553 verius
3343 5502 3599 5553 editiones
3630 5500 3749 5551 aliae
3779 5515 3900 5551 eum

2204 5565 2347 5624 Mss.,
2382 5563 2770 5618 abscondatur.
2802 5565 3165 5629 Subintellige,
3196 5566 3305 5615 vita
3331 5578 3465 5615 mea.
