4058 6342
142 319 247 373 849

136 434 349 496 nisum,
375 447 551 503 supra
570 446 777 503 aquam
799 428 1106 497 attollitur;
1130 446 1281 502 aqua
1297 446 1471 501 supra
1490 430 1680 484 oleum
1694 431 1838 497 fusa,

137 522 285 577 infra
330 520 526 575 oleum
567 517 950 589 demergitur;
1002 518 1353 588 ponderibus
1400 517 1515 572 suis
1568 523 1836 588 aguntur,

136 612 261 665 loca
286 625 390 664 sua
417 611 641 681 petunt.
674 605 857 662 Minus
888 605 1167 673 ordinata,
1196 605 1455 677 inquieta
1479 611 1643 674 sunt;
1681 607 1835 661 ordi-

139 701 347 753 nantur
375 700 434 752 et
476 694 801 769 quiescunt.
854 694 1082 749 Pondus
1128 710 1325 749 meum
1355 711 1515 749 amor
1544 711 1739 762 meus;
1774 711 1840 749 eo

136 788 291 843 feror
314 800 678 859 quocumque
708 785 880 839 feror.
912 785 1070 839 Dono
1091 788 1192 839 tuo
1218 783 1605 852 accendimur,
1637 788 1693 839 et
1722 800 1842 839 sur-

138 890 265 931 sum
294 874 562 929 ferimur.
600 871 1015 926 Inardescimus
1048 876 1104 925 et
1125 870 1301 926 imus.
1340 871 1713 925 Ascendimus
1760 888 1842 925 as-

137 962 433 1018 censiones
473 960 534 1016 in
581 960 749 1015 corde
797 960 981 1030 (Psal.
1033 976 1258 1028 Lxxxiu,
1294 959 1407 1031 6),
1450 963 1506 1013 et
1550 964 1840 1014 cantamus

142 1050 430 1106 canticum
453 1049 764 1122 graduum.
803 1050 942 1121 Igne
973 1053 1093 1117 tuo,
1124 1049 1258 1118 igne
1286 1051 1384 1104 tuo
1414 1049 1563 1103 bono
1593 1049 1843 1103 inardes-

144 1140 324 1194 cimus
352 1144 409 1194 et
434 1138 616 1203 imus;
663 1138 941 1210 quoniam
979 1154 1209 1192 sursum
1252 1138 1403 1192 imus
1432 1138 1501 1193 ad
1530 1154 1727 1209 pacem
1748 1140 1842 1191 Je-

144 1228 415 1293 rusalem,
448 1224 722 1297 quoniam
740 1226 1081 1296 jucundatus
1111 1241 1229 1279 sum
1259 1227 1316 1279 in
1342 1226 1425 1279 his
1456 1226 1552 1293 qui
1582 1225 1843 1278 dixerunt

144 1316 318 1370 mihi‘
353 1316 455 1369 :In
500 1315 717 1370 domum
746 1316 959 1370 Domini
1004 1315 1201 1369 ibimus
1250 1314 1411 1383 (Psal.
1464 1328 1608 1379 cm,
1654 1311 1842 1382 l).1bi

145 1420 246 1457 nos
284 1401 583 1457 collocavit
617 1402 882 1456 voluntas
918 1401 1091 1471 bona,
1120 1405 1185 1455 ut
1222 1399 1367 1455 nihil
1404 1399 1647 1454 velimus
1685 1397 1841 1453 aliud

142 1507 313 1563 quam
344 1506 685 1563 permanere
710 1490 827 1544 illic
853 1489 915 1543 in
941 1493 1245 1543 internum.

822 1578 1047 1633 CAPUT
1093 1578 1161 1633 Χ.

672 1669 760 1723 Ea:
789 1666 927 1722 dono
965 1669 1060 1722 Dei
1097 1669 1304 1721 omnia.

218 1759 302 1811 ll.
342 1758 512 1811 Beata
547 1760 806 1811 creatura
832 1771 961 1827 quae
993 1771 1111 1810 non
1141 1754 1297 1809 novit
1326 1753 1501 1821 aliud,
1535 1769 1667 1807 cum
1697 1756 1845 1807 esset

144 1847 262 1917 ipsa
279 1845 459 1913 aliud,
482 1844 593 1899 nisi
610 1845 758 1901 dono
780 1850 880 1899 tuo
913 1845 1067 1915 quod
1096 1845 1450 1914 superfertur
1471 1859 1643 1914 super
1672 1858 1841 1895 omne

143 1932 438 1996 mutabile,
485 1949 618 1988 mox
648 1937 714 1988 ut
742 1933 889 1988 facta
915 1938 1020 2002 est,
1065 1933 1421 1987 attolleretur
1468 1932 1625 1986 nullo
1655 1931 1833 1985 inter-

143 2021 284 2075 vallo
324 2021 604 2092 temporis
642 2022 702 2076 in
731 2038 798 2076 ea
836 2021 1127 2076 vocatione
1173 2037 1287 2092 qua
1315 2020 1530 2089 dixisti,
1561 2022 1685 2075 Fiat
1720 2020 1837 2086 tua),

144 2113 197 2163 et
217 2110 386 2165 ﬂeret
413 2110 512 2165 lux
539 2113 562 2147 ²
600 2108 750 2181 (Gen.
776 2126 813 2179 ι,
862 2111 935 2179 3).
963 2111 1028 2164 In
1068 2109 1238 2164 nobis
1277 2110 1433 2164 enim
1470 2107 1842 2179 distinguitur

144 2201 424 2269 tempore,
454 2199 610 2270 quod
638 2199 891 2254 tenebrae
912 2198 1150 2267 fuimus,
1174 2202 1230 2253 et
1250 2199 1342 2252 lux
1368 2198 1651 2252 efﬁcimur
1672 2197 1836 2266 (Eph.

143 2304 193 2354 v,
223 2290 320 2358 8):
365 2287 427 2341 in
457 2287 557 2342 illa
593 2303 726 2343 vero
765 2286 980 2342 dictum
1009 2292 1092 2343 est
1130 2287 1269 2359 quid
1298 2290 1462 2356 esset,
1493 2286 1604 2340 nisi
1625 2285 1840 2339 illumi-

142 2381 407 2445 naretur;
441 2380 498 2431 et
524 2376 605 2431 ita
637 2375 853 2431 dictum
882 2380 987 2442 est,
1018 2376 1180 2447 quasi
1208 2374 1368 2445 prius
1400 2373 1572 2429 fuerit
1602 2374 1754 2428 ﬂuxa
1784 2378 1842 2428 et

141 2466 476 2534 tenebrosa;
507 2469 573 2520 ut
597 2468 899 2537 appareret
924 2480 1090 2519 causa
1112 2480 1224 2535 qua
1243 2464 1456 2518 factum
1477 2466 1560 2517 est
1589 2467 1653 2517 ut
1675 2462 1838 2517 aliter

144 2560 308 2624 esset,
328 2554 387 2609 id
407 2558 512 2624 est,
537 2558 599 2609 ut
618 2554 689 2608 ad
707 2556 905 2609 lumen
924 2551 1257 2608 indeﬁciens
1275 2568 1545 2606 conversa
1558 2552 1654 2605 lux
1670 2554 1834 2605 esset.

140 2642 244 2709 Qui
272 2647 489 2714 potest,
520 2642 837 2714 intelligat;
867 2646 924 2696 et
953 2642 1053 2714 qui
1085 2658 1203 2696 non
1229 2645 1420 2711 potest
1438 2645 1479 2707 ³,
1514 2656 1547 2694 a
1574 2644 1629 2694 te
1658 2643 1835 2711 petat.

146 2732 352 2803 thuid
384 2730 531 2786 mihi
558 2731 828 2786 molestus
850 2734 955 2801 est,
978 2730 1143 2801 quasi
1172 2745 1278 2800 ego
1308 2728 1632 2784 illuminem
1655 2729 1839 2783 ullum

144 2820 436 2875 hominem
480 2819 805 2874 venientem
851 2819 913 2873 in
951 2818 1104 2873 hunc
1137 2818 1456 2874 mundum?
1492 2820 1662 2887 (Joan.
1695 2835 1731 2884 ι,
1764 2817 1837 2884 9.)

820 2906 1041 2962 CAPUT
1079 2908 1166 2961 XI.

532 2996 785 3066 Symbola
814 2998 1101 3050 Trinitatis
1127 2998 1185 3049 in
1214 2996 1441 3049 homine.

216 3088 302 3140 l2.
360 3083 698 3141 Trinitatem
736 3084 1189 3155 omnipotentem
1238 3083 1364 3155 quis
1411 3082 1725 3153 intelligit?
1774 3084 1835 3135 Et

141 3173 266 3244 quis
297 3190 422 3228 non
465 3173 718 3245 loquitur
747 3189 895 3240 eam,
928 3172 975 3227 si
1019 3176 1211 3228 tamen
1249 3171 1416 3226 eam?
1454 3172 1603 3226 Rara
1650 3169 1841 3224 anima

142 3279 267 3333 qua:
293 3279 429 3317 cum
450 3263 519 3317 de
547 3262 647 3317 illa
665 3263 940 3333 loquitur,
972 3260 1076 3315 scit
1104 3260 1242 3332 quid
1260 3260 1517 3331 loquitur
1538 3263 1576 3314 ‘.
1612 3260 1677 3312 Et
1706 3274 1839 3312 con-

144 3352 389 3406 tendunt
419 3356 476 3406 et
522 3350 815 3421 dimicant,
842 3355 899 3405 et
936 3365 1104 3404 nemo
1148 3350 1270 3403 sine
1299 3364 1436 3419 pace
1477 3347 1632 3401 videt
1672 3347 1840 3401 istam

143 3440 443 3495 visionem.
486 3440 702 3495 Vellem
742 3445 805 3494 ut
838 3440 960 3493 haec
997 3438 1109 3493 tria
1137 3436 1455 3509 cogitarent
1488 3436 1752 3491 homines
1780 3435 1842 3488 in

144 3529 358 3600 seipsis.
398 3529 591 3600 Longe
620 3528 774 3583 aliud
804 3532 938 3582 sunt
965 3528 1073 3581 ista
1097 3525 1206 3581 tria
1228 3542 1401 3597 quam
1427 3525 1525 3579 illa
1556 3525 1839 3579 Trinitas:

144 3617 237 3671 sed
260 3617 391 3671 dico
423 3616 523 3671 ubi
542 3632 602 3669 se
632 3619 933 3669 exerceant
957 3619 1013 3669 et
1030 3613 1293 3685 probent,
1319 3615 1375 3667 et
1395 3612 1647 3667 sentiant
1668 3627 1840 3683 quam

142 3706 311 3778 longe
343 3702 539 3759 sunt“.
566 3705 703 3759 Dico
734 3708 928 3759 autem
956 3703 1077 3757 haec
1110 3702 1257 3757 tria:
1288 3716 1425 3769 esse,
1461 3717 1649 3768 nosse,
1677 3700 1837 3755 velle.

142 3795 275 3851 Sum
315 3795 497 3861 enim,
538 3797 595 3848 et
622 3794 774 3856 novi,
800 3797 855 3847 et
898 3793 1064 3847 volo:
1103 3806 1231 3845 sum
1277 3789 1477 3854 sciens,
1509 3793 1566 3843 et
1607 3789 1839 3855 volens;

143 3888 195 3939 et
219 3883 334 3938 scio
365 3898 493 3937 esse
524 3897 636 3950 me,
669 3887 727 3937 et
751 3882 923 3948 velle;
956 3885 1012 3935 et
1037 3880 1163 3935 volo
1204 3896 1344 3947 esse,
1379 3884 1437 3933 et
1465 3878 1625 3933 scire.
1662 3880 1726 3932 In
1756 3878 1844 3932 his

142 3972 317 4044 igitur
346 3971 536 4027 tribus
566 3987 741 4042 quam
782 3971 855 4025 sit
877 3968 1275 4041 inseparabilis
1313 3968 1449 4035 vita,
1479 3972 1535 4022 et
1566 3983 1677 4020 una
1707 3967 1840 4033 vita,

143 4067 197 4116 et
222 4078 341 4116 una
377 4075 567 4127 mens,
601 4064 657 4115 et
685 4076 803 4114 una
831 4058 1096 4125 essentia,
1130 4073 1305 4129 quam
1342 4055 1588 4126 denique
1618 4054 1842 4126 insepa-

144 4149 337 4205 rabilis
359 4148 673 4215 distinctio,
699 4152 755 4203 et
769 4152 962 4202 tamen
983 4146 1290 4212 distinctio,
1312 4144 1499 4198 videat
1518 4143 1617 4215 qui
1638 4148 1841 4215 potest.

146 4240 304 4295 Certe
335 4226 534 4295 coram
564 4253 622 4292 se
652 4243 765 4292 est:
801 4236 1057 4292 attendat
1082 4234 1142 4289 in
1173 4250 1251 4302 se,
1284 4237 1341 4287 et
1371 4233 1576 4300 videat,
1610 4236 1668 4286 et
1695 4232 1845 4287 dicat

331 4328 441 4384 Sed
476 4343 607 4382 cum
638 4325 923 4381 invenerit
947 4325 1011 4380 in
1041 4325 1129 4380 his
1162 4322 1379 4394 aliquid
1399 4326 1455 4377 et
1475 4321 1699 4385 dixerit,
1730 4337 1844 4375 non

141 4417 259 4487 jam
285 4432 347 4471 se
376 4420 545 4487 putet
585 4415 869 4471 invenisse
912 4414 1051 4468 illud
1090 4412 1242 4484 quod
1280 4428 1452 4482 supra
1491 4410 1601 4464 ista
1642 4414 1725 4465 est
1760 4411 1846 4463 in-

146 4505 579 4574 commutabile,
620 4504 773 4577 quod
814 4509 899 4559 est
935 4499 1502 4569 incommutabiliter,
1543 4503 1600 4554 et
1627 4499 1731 4552 scit
1759 4498 1848 4552 in-

145 4592 652 4659 commutabiliter,
683 4595 740 4646 et
781 4592 901 4646 vult
933 4588 1519 4645 incommutabiliter:
1562 4591 1618 4640 et
1654 4592 1849 4641 utrum

145 4687 384 4753 propter
411 4681 540 4750 ltria
577 4681 698 4735 haec
732 4684 789 4734 et
826 4679 909 4735 ibi
948 4677 1223 4744 Trinitas;
1271 4694 1342 4730 an
1371 4676 1432 4730 in
1462 4674 1701 4745 singulis
1727 4675 1848 4729 haec

146 4771 273 4841 tria,
299 4775 366 4826 ut
389 4768 415 4804 ⁶
442 4774 606 4824 terna
649 4769 1014 4840 singulorum
1050 4765 1195 4833 sint;
1240 4780 1313 4819 an
1345 4768 1656 4834 utrumque
1688 4764 1849 4816 miris

204 4862 221 4895 ι
245 4861 305 4908 ιιι
327 4858 479 4923 prius
500 4857 726 4923 excusis,
746 4870 864 4923 qua:
878 4854 1141 4923 dixerunt
1156 4851 1309 4923 mihi:
1329 4851 1429 4923 Sed
1442 4851 1629 4923 alludit
1647 4851 1850 4923 Augus-

147 4922 288 4972 tinus
318 4913 387 4969 ἑά
420 4920 567 4983 Psal.
589 4922 695 4977 121,
716 4913 773 4977 ἰζ
812 4919 867 4968 in
893 4934 998 4983 quo
1031 4918 1201 4980 legere
1236 4915 1385 4975 solet,
1423 4916 1518 4978 qui
1546 4913 1846 4973 dixerunt,-

147 4989 198 5033 et
220 4985 295 5033 sic
324 4984 531 5032 habent
557 4982 643 5031 hic
676 4982 798 5031 Mss.

206 5047 335 5095 2Sic
363 5046 490 5095 Mss.
524 5058 644 5093 cum
679 5046 804 5093 Arn.
854 5042 920 5092 At
964 5040 1089 5090 Bad.
1126 5040 1241 5089 Am.
1287 5040 1370 5087 Er.
1411 5041 1462 5087 et
1495 5038 1618 5087 Lov.
1653 5037 1851 5087 habent

145 5108 292 5162 facta
317 5110 433 5166 est;
463 5111 516 5155 et
544 5106 698 5168 paulo
726 5109 862 5168 post,
893 5116 997 5167 quo
1031 5104 1259 5154 tenebrae
1282 5102 1509 5168 fuimus.

206 5172 227 5206 ³
254 5170 383 5218 Mss.
412 5162 627 5217 omissis
670 5162 916 5218 verbis'et’
940 5168 1026 5228 qui
1062 5178 1167 5216 non
1185 5162 1374 5228 potest,
1404 5164 1478 5212 sic
1513 5162 1731 5212 habent:
1755 5163 1851 5224 Qui

146 5236 330 5296 potest,
360 5231 667 5296 intelligat;
698 5233 805 5296 ate

209 5286 389 5344 ‘Sciat
400 5292 532 5356 quid
545 5286 981 5356 loquaturjuxta
992 5290 1134 5356 Spm:
1148 5291 1272 5339 Lov.
1286 5287 1580 5356 Dub,_Mart.
1596 5286 1766 5356 Bond.
1781 5287 1848 5356 lli.

208 5360 228 5392 ⁵
248 5357 333 5406 Er.
358 5348 582 5413 et'Lov.,
605 5348 766 5417 quam
799 5348 956 5417 longe
975 5352 1136 5417 aliud
1164 5356 1303 5401 sunt.
1340 5350 1440 5417 Sed
1466 5350 1614 5399 abest
1649 5348 1798 5399 aliud
1821 5363 1852 5397 a

150 5419 269 5467 Mss.
296 5431 515 5469 necnon
545 5414 769 5466 ab'Edd.
802 5416 927 5465 Bad.
957 5414 1074 5464 Am.
1107 5414 1305 5464 Somm.
1339 5416 1391 5461 et
1416 5416 1542 5464 Arn.

209 5484 230 5517 ⁶
253 5481 403 5541 Lov.,
438 5481 535 5530 aut
556 5482 726 5529 terna.
760 5478 862 5528 Sed
891 5477 1082 5527 clarius
1115 5476 1231 5525 alia:
1266 5475 1523 5525 editiones
1547 5474 1849 5541 cumAMss”

153 5546 208 5593 ut
222 5535 405 5595 terna;
430 5543 551 5591 Mox
566 5542 706 5590 enim
723 5541 978 5603 sequitur,
989 5552 1062 5589 an
1076 5543 1397 5599 utrumque;
1415 5551 1518 5603 qup
1530 5535 1854 5603 signiﬁcatur

152 5606 252 5655 duo
270 5611 382 5657 tam
398 5618 516 5654 esse
527 5597 821 5667 preposita':
836 5597 1022 5663 unum,
1034 5614 1108 5653 an
1121 5597 1347 5664 propter
1358 5597 1463 5650 me
1476 5597 1666 5649 hxc'ibi
1685 5597 1853 5648 Trini-

824 5232 989 5301 petat.

1431 312 1645 400 LIBER
1692 310 2006 370 DECIMUS
2062 309 2385 367 TERTIUS.

3550 314 3654 365 850
3686 316 3691 319 ’

1957 432 2141 487 modis
2163 432 2496 503 simpliciter
2517 438 2573 488 et
2590 433 2985 505 multipliciter
3005 432 3232 488 inﬁnito
3253 433 3312 488 in
3336 450 3393 487 se
3409 435 3516 488 sibi
3536 436 3651 490 ﬁne

1954 536 2069 592 quo
2101 525 2203 581 est,
2235 524 2291 573 et
2320 521 2428 575 sibi
2457 529 2659 577 notum
2685 527 2786 589 est,
2826 527 2883 577 et
2908 521 3017 577 sibi
3046 520 3252 576 sufﬁcit
3272 522 3646 577 incommuta-

1954 606 2408 679 biliteridipsum
2439 610 2667 680 copiosa
2696 612 2932 666 unitatis
2961 609 3386 681 magnitudine:
3420 611 3547 681 quis
3577 611 3651 664 fa-

1952 689 2057 744 cile
2087 693 2453 763 cogitaverit?
2474 697 2600 766 quis
2622 699 2739 752 ullo
2767 700 2939 754 modo
2962 698 3206 754 dixerit?
3235 698 3365 770 quis
3394 699 3653 770 quolibet

1954 779 2122 835 modo
2154 786 2368 837 temere
2398 787 2891 857 pronuntiaverit?

2620 875 2842 929 CAPUT
2868 877 2977 930 XII.

2059 963 2253 1016 Mundi
2290 963 2489 1018 creatio
2525 965 2902 1030 formationem
2932 966 3177 1018 Ecclesia:
3204 968 3540 1034 praeﬁgurat.

2032 1053 2109 1105 l3.
2145 1051 2391 1105 Procede
2415 1052 2476 1105 in
2504 1052 2880 1121 confessione,
2925 1052 3063 1106 ﬁdes
3111 1068 3270 1120 mea;
3299 1053 3387 1107 dic
3411 1053 3650 1107 Domino

1954 1140 2069 1193 Deo
2100 1143 2236 1193 tuo:
2266 1141 2487 1206 Sancte,
2522 1141 2745 1208 Sancte,
2776 1142 2997 1208 Sancte,
3030 1140 3265 1194 Domine
3288 1143 3434 1195 Deus
3465 1158 3645 1207 meus,

1952 1227 2010 1281 in
2041 1227 2273 1282 nomine
2302 1233 2401 1283 tuo
2431 1228 2702 1299 baptizati
2726 1244 2943 1292 sumus,
2980 1231 3145 1283 Pater
3173 1233 3228 1282 et
3258 1230 3359 1283 Fili
3388 1235 3444 1283 et
3468 1231 3645 1299 Spiri-

1952 1320 2043 1369 tus
2074 1321 2290 1384 sancte;
2324 1317 2386 1371 in
2415 1316 2649 1371 nomine
2669 1322 2769 1372 tuo
2796 1317 3176 1387 baptizamus,
3203 1318 3369 1371 Pater
3393 1322 3448 1372 et
3466 1319 3573 1372 Fili
3593 1323 3651 1372 et

1950 1405 2193 1476 Spiritus
2217 1412 2432 1473 sancte;
2454 1407 2589 1478 quia
2610 1410 2665 1460 et
2696 1407 2845 1477 apud
2875 1423 2978 1460 nos
3008 1405 3071 1460 in
3100 1405 3320 1460 Christo
3351 1422 3451 1460 suo
3477 1404 3495 1438 ⁸
3515 1410 3646 1473 fecit

1951 1497 2089 1549 Deus
2119 1498 2303 1549 caelum
2337 1500 2385 1549 et
2418 1500 2636 1562 terram,
2670 1495 2993 1566 spirituales
3024 1500 3082 1549 et
3108 1496 3361 1548 carnales
3390 1494 3647 1549 Ecclesiae

1951 1600 2096 1649 suas;
2123 1588 2180 1637 et
2210 1588 2355 1637 terra
2383 1588 2580 1638 nostra
2622 1588 2931 1655 antequam
2962 1584 3241 1655 acciperet
3269 1584 3511 1638 formam
3542 1586 3650 1638 do—

1951 1671 2168 1739 ctrinie,
2198 1673 2489 1727 invisibilis
2510 1678 2627 1727 erat
2655 1676 2705 1727 et
2728 1675 3100 1742 incomposita,
3124 1676 3178 1726 et
3199 1673 3538 1743 ignorantia
3571 1676 3648 1727 te-

1950 1760 2143 1814 nebris
2161 1762 2520 1830 tegebamur;
2548 1760 2819 1832 quoniam
2843 1776 2948 1829 pro
2975 1759 3275 1830 iniquitate
3298 1759 3537 1813 erudisti
3556 1759 3651 1813 ho-

1950 1847 2166 1901 minem
2195 1849 2363 1915 (Psal.
2394 1864 2624 1912 xxxvni,
2658 1848 2761 1911 12),
2798 1852 2853 1900 et
2868 1846 3083 1916 judicia
3109 1850 3208 1900 tua
3240 1845 3384 1900 sicut
3413 1846 3649 1916 abyssus

1950 1936 2133 1989 multa
2158 1936 2323 2005 (Psal.
2348 1952 2509 2003 xxxv,
2531 1940 2605 2004 '7).
2634 1935 2742 1990 Sed
2760 1935 2895 2006 quia
2914 1934 3159 2004 Spiritus
3180 1938 3311 1987 tuus
3329 1934 3644 2005 superfere—

1950 2024 2117 2078 batur
2146 2040 2317 2095 super
2345 2040 2552 2096 aquam
2584 2026 2729 2093 (Gen.
2765 2041 2801 2089 ι,
2834 2023 2911 2090 2),
2940 2039 3058 2077 non
3090 2022 3318 2094 reliquit
3355 2023 3645 2077 miseriam

1950 2118 2203 2168 nostram
2249 2112 2636 2168 misericordia
2683 2116 2800 2180 tua,
2834 2117 2889 2165 et
2918 2111 3290 2167 dixistizFiat
3331 2113 3446 2167 tum.
3471 2114 3646 2166 Pwni-

1951 2205 2174 2256 tentiam
2217 2205 2382 2269 agite,
2433 2203 2899 2271 appropinquavit
2945 2204 3083 2254 enim
3125 2216 3347 2268 regnum
3400 2202 3647 2255 caelorum

1951 2291 2168 2359 (Matth.
2205 2308 2284 2356 ιιι,
2320 2293 2431 2361 l2).
2466 2292 2840 2345 Paenitentiam
2883 2290 3048 2358 agite,
3082 2291 3212 2344 Fiat
3242 2290 3358 2342 lu.e.
3392 2290 3455 2343 Et
3498 2305 3645 2360 quo-

1949 2379 2106 2432 niam
2131 2379 2466 2435 conturbata
2495 2380 2701 2433 eratad
2732 2395 2834 2432 nos
2862 2378 3015 2448 ipsos
3038 2377 3229 2431 anima
3250 2382 3462 2444 nostra,
3492 2394 3642 2431 com-

1949 2467 2254 2521 memorati
2284 2484 2479 2521 sumus
2499 2468 2602 2534 tui,
2628 2466 2887 2532 Domine,
2913 2466 2981 2520 de
3005 2470 3157 2519 terra
3183 2466 3465 2532 Iordanis,
3496 2470 3551 2520 et
3578 2468 3648 2521 de

1950 2561 2143 2610 monte
2202 2555 2409 2625 aequali
2461 2555 2586 2622 tibi,
2642 2555 2740 2608 sed
2794 2571 2966 2625 parvo
3023 2558 3262 2625 propter
3315 2571 3418 2608 nos
3476 2556 3646 2623 (Psal.

1948 2660 2057 2710 xu,
2095 2644 2185 2713 7);
2233 2649 2287 2698 ct
2338 2643 2751 2715 displicuerunt
2798 2642 2965 2696 nobis
3020 2645 3273 2697 tenebra:
3326 2646 3535 2697 nostrae
3591 2649 3647 2697 et

1948 2732 2205 2786 conversi
2252 2748 2449 2785 sumus
2496 2732 2565 2785 ad
2595 2735 2671 2798 te,
2715 2736 2765 2784 et
2800 2733 2954 2797 facta
2993 2735 3071 2785 est
3102 2732 3214 2785 lux.
3253 2732 3318 2785 Et
3363 2746 3490 2784 ecce
3534 2731 3645 2785 fui-

1948 2837 2078 2875 mus
2116 2820 2425 2891 aliquando
2456 2820 2737 2885 tenebree;
2781 2834 2933 2872 nunc
2963 2823 3156 2873 autem
3188 2819 3283 2872 lux
3311 2818 3371 2872 in
3404 2806 3644 2873 Domino

1951 2909 2122 2979 (Eph.
2161 2926 2211 2975 v,
2246 2909 2316 2977 8).

2592 2996 2816 3049 CAPUT
2862 2995 3001 3049 XIII.

2030 3086 2318 3141 Itenovatio
2344 3086 2576 3138 hominis
2607 3084 2734 3137 dum
2766 3085 2851 3137 hic
2876 3085 3010 3137 vivit
3037 3082 3275 3137 nondum
3299 3084 3564 3152 perfecta.

2026 3175 2108 3228 14.
2144 3175 2208 3227 Et
2252 3178 2447 3227 tamen
2476 3173 2660 3227 adhuc
2699 3188 2802 3242 per
2830 3172 3027 3241 ﬁdem,
3073 3172 3336 3226 nondum
3380 3187 3485 3242 per
3523 3188 3649 3243 spc-

1950 3261 2095 3316 ciem
2122 3260 2189 3331 (II
2232 3263 2352 3317 Cor.
2394 3278 2447 3325 v,
2479 3261 2553 3327 7).
2582 3262 2690 3329 Spe
2721 3260 2875 3313 enim
2905 3259 3045 3313 salvi
3073 3259 3209 3313 facti
3253 3276 3470 3314 sumus.
3511 3260 3651 3331 Spes

1952 3355 2142 3405 autem
2162 3367 2290 3422 quin
2310 3349 2553 3416 videtur,
2577 3366 2694 3403 non
2718 3355 2801 3403 est
2822 3366 2948 3420 spes
2975 3352 3151 3418 (Rom.
3178 3365 3294 3416 vni,
3318 3349 3429 3419 24).
3452 3348 3653 3402 Adhuc

1951 3439 2183 3510 abyssus
2221 3438 2488 3508 abyssum
2523 3437 2765 3504 invocat,
2800 3438 2902 3492 sed
2934 3438 2995 3492 in
3028 3435 3207 3491 voce’
3240 3441 3651 3491 cataractarum

1949 3532 2179 3582 tuarum
2225 3527 2390 3598 (Psal.
2439 3545 2550 3593 xm,
2600 3529 2676 3596 8).
2721 3526 2922 3580 Adhuc
2966 3529 3021 3579 et
3066 3526 3162 3579 ille
3205 3526 3307 3595 qui
3336 3526 3654 3580 dicitzNon

1945 3621 2105 3687 potui
2134 3618 2280 3670 vobis
2308 3617 2456 3684 loqui
2478 3619 2638 3684 quasi
2666 3616 3073 3684 spiritualibus,
3104 3615 3197 3668 sed
3225 3617 3386 3682 quasi
3412 3615 3652 3668 carnali-

1953 3707 2048 3760 bus
2075 3708 2114 3774 (Ι
2146 3707 2264 3767 Cor,
2301 3722 2376 3771 ιιι,
2432 3704 2501 3773 1),
2544 3704 2716 3757 etiam
2762 3703 2884 3773 ipse
2934 3703 3190 3756 nondum
3244 3719 3302 3755 se
3346 3701 3656 3755 arbitratur

1952 3792 2475 3865 comprehendisse;
2510 3796 2565 3845 et
2584 3809 2712 3862 qua:
2736 3794 2889 3844 retro
2922 3790 3154 3860 oblitus,
3184 3789 3245 3842 in
3268 3806 3335 3842 ea
3360 3805 3489 3859 quas
3522 3794 3652 3843 ante

1953 3887 2104 3949 sunt,
2131 3880 2455 3935 extenditur
2477 3882 2690 3950 (Philip.
2714 3897 2795 3949 ιιι,
2822 3881 2928 3949 13),
2949 3884 3004 3933 et
3024 3877 3344 3949 ingemiscit
3363 3881 3649 3948 gravatus,

1953 3975 2010 4026 et
2040 3971 2154 4025 sitit
2180 3970 2368 4023 anima
2414 3968 2537 4039 ejus
2580 3969 2648 4022 ad
2692 3970 2874 4022 Deum
2905 3967 3119 4033 vivum,
3163 3966 3653 4037 quemadmodum

1952 4075 2149 4113 cervus
2170 4058 2239 4112 ad
2266 4058 2451 4111 fontes
2479 4073 2779 4128 aquarum,
2815 4061 2871 4111 et
2901 4057 3038 4111 dicit
3064 4073 3076 4110 :
3116 4056 3352 4120 Quando
3388 4054 3654 4111 veniam?

1954 4148 2120 4219 (Psal.
2149 4164 2256 4213 xu,
2290 4150 2343 4205 ‘2,
2374 4149 2426 4213 3)
2453 4146 2846 4200 habitaculum
2883 4162 3052 4199 suum
3095 4145 3249 4216 quod
3277 4146 3344 4199 de
3375 4145 3513 4199 coelo
3546 4152 3650 4211 est,

1953 4235 2288 4308 superindui
2308 4236 2538 4308 cupiens
2565 4237 2640 4306 (II
2668 4237 2786 4292 Cor.
2812 4252 2865 4303 v,
2900 4235 2976 4305 ‘2),
3010 4239 3061 4288 et
3083 4233 3306 4288 invocat
3324 4231 3653 4287 inferiorem

1954 4326 2242 4396 abyssum,
2287 4325 2519 4379 dicens:
2567 4326 2744 4380 Nolite
2784 4326 3121 4390 conformw'i
3162 4324 3285 4376 huic
3320 4324 3529 4387 sevculo,
3562 4322 3657 4375 sed

1954 4416 2331 4481 reformamini
2353 4416 2409 4467 in
2429 4415 2667 4467 novitate
2686 4415 2881 4466 mentis
2912 4417 3097 4465 vestrae
3127 4415 3297 4478 (Rom.
3322 4426 3419 4469 xu,
3449 4412 3534 4479 2);
3568 4414 3651 4463 et:

1956 4505 2133 4559 Nolite
2153 4504 2314 4573 pueri
2338 4505 2469 4570 efﬁci
2507 4503 2772 4556 mentibus
2804 4505 2843 4568 ³,
2876 4501 2970 4554 sed
2992 4502 3199 4554 malitia
3225 4500 3448 4567 parvuli
3476 4502 3657 4565 estote,

1958 4596 2017 4645 ut
2054 4592 2316 4646 mentibus
2350 4592 2584 4659 perfecti
2619 4593 2743 4644 sitis
2785 4591 2829 4658 (Ι
2858 4592 2977 4646 Cor.
3012 4606 3123 4655 xiv,
3155 4591 3272 4654 ‘20);
3307 4590 3397 4641 et:
3432 4587 3474 4642 Ο
3502 4587 3659 4640 stulti

1960 4680 2185 4747 Galatae,
2219 4682 2341 4749 quis
2371 4695 2460 4733 vos
2489 4682 2832 4746 fascinarit?
2864 4680 3001 4748 (Gal.
3032 4695 3111 4744 ιιι,
3150 4678 3225 4745 l.)
3256 4674 3360 4730 Sed
3386 4675 3507 4745 jam
3539 4690 3660 4728 non

1958 4771 2018 4824 in
2055 4786 2187 4824 voce
2220 4786 2351 4836 sua;
2383 4769 2443 4822 in
2472 4774 2572 4823 tua
2612 4769 2765 4823 enim
2808 4767 2907 4839 qui
2946 4766 3145 4821 misisti
3185 4765 3463 4836 Spiritum
3486 4769 3659 4819 tuum

1958 4859 2028 4915 de
2054 4858 2284 4913 excelsis
2318 4858 2466 4928 (Act.
2503 4873 2562 4923 ιι,
2585 4860 2658 4925 2),
2681 4874 2785 4926 per
2818 4873 2948 4910 eum
2979 4855 3079 4927 qui
3108 4854 3360 4909 ascendit
3390 4853 3449 4907 in
3481 4854 3660 4907 altum

1960 4947 2125 5019 (Psal.
2159 4963 2324 5012 van,
2360 4946 2468 5015 19),
2504 4951 2561 4999 et
2602 4945 2825 5015 aperuit
2858 4948 3163 4999 cataractas
3198 4944 3477 4997 donorum
3522 4956 3659 4994 suo-

1962 5035 2317 5094 tas;alterum
2338 5047 2514 5097 porro,
2534 5046 2608 5083 an
2628 5036 2677 5081 in
2699 5034 2924 5097 singulis
2942 5032 3049 5083 hzrc
3062 5032 3289 5097 trimita
3306 5034 3371 5097 ut
3385 5034 3542 5097 terna
3554 5026 3661 5097 sin-

1957 5088 2200 5161 gulorum
2214 5088 2670 5158 sinthuan'quam
2697 5088 3042 5161 apiid_Am._et
3062 5096 3146 5161 Er.
3160 5088 3243 5161 sic
3264 5096 3380 5161 post
3397 5091 3507 5161 haec
3530 5088 3658 5161 legi-

1958 5150 2071 5210 tur:
2094 5165 2174 5221 AA-n
2196 5150 2706 5219 utrorumque-miris
2731 5150 2896 5207 modis
2930 5158 3248 5220 simpliciter
3263 5150 3313 5204 Et
3336 5150 3658 5221 multiplici:

1963 5228 2041 5274 ter
2052 5219 2253 5285 inﬁnito
2269 5214 2559 5285 insensibili
2575 5224 2684 5269 sine
2706 5234 2807 5281 quo
2822 5228 2914 5270 est.
2938 5222 3017 5269 Ita
3035 5214 3244 5283 {quoque
3256 5216 3395 5279 apud
3413 5214 3536 5261 Bad.
3555 5214 3658 5260 nisi

1959 5283 2482 5349 quod‘habeturﬂlie,
2504 5297 2611 5332 non
2630 5285 2758 5349 sine.

2026 5351 2041 5382 ί
2073 5348 2133 5395 In
2153 5337 2366 5409 Christo
2384 5337 2514 5394 Filio
2544 5360 2659 5409 suo,
2686 5347 2837 5409 juxta
2864 5344 3061 5409 89mm.
3088 5346 3140 5409 et
3166 5338 3334 5409 Band.

2021 5410 2043 5444 ³
2064 5407 2163 5458 Sed
2175 5409 2293 5471 jam
2318 5411 2369 5457 in
2408 5420 2546 5465 voce,
2570 5398 2724 5471 juxt'a
2745 5407 2885 5456 Som.
2912 5407 3061 5456 Mart.
3093 5403 3263 5453 Rond.
3293 5398 3398 5451 Sed
3412 5398 3534 5461 jam
3555 5409 3661 5447 non

1961 5474 2020 5521 in
2044 5483 2186 5530 vace,
2212 5470 2365 5533 juxta
2390 5472 2473 5519 Er.
2503 5471 2666 5533 Lugd.
2693 5471 2760 5519 M.

2023 5522 2185 5597 {Mssé
2200 5522 2483 5597 aliquotex
2504 5522 2740 5597 vetustis,
2766 5527 2898 5597 efﬁci
2924 5527 3259 5597 sensibusrf
3278 5525 3438 5597 Juxta
3458 5522 3658 5573 Somm.

1964 5599 2017 5646 et
2039 5594 2230 5653 Rond.,
2263 5588 2381 5645 dein
2410 5595 2621 5658 legitur,
2645 5588 2875 5644 sensibus
2889 5589 3117 5655 perfecti
3142 5588 3285 5639 sitis.
3316 5588 3385 5637 Μ.
