4058 6344
389 363 487 414 851
1585 355 2133 411 CONFESSIONUM
2186 355 2242 410 S.
2286 353 2670 413 AUGUSTINI

3790 355 3897 405 85‘!

382 500 536 550 rum,
571 486 634 536 ut
663 479 918 536 fluminis
957 478 1206 548 impetus
1247 477 1558 532 laetiﬁcaret
1600 475 1889 532 civitatem
1928 482 2173 555 tuam};
2199 480 2256 532 et
2284 493 2436 532 nunc
2465 477 2608 531 sicut
2627 477 2791 548 pellis
2811 477 3130 532 extenditur
3152 492 3324 548 super
3350 492 3456 531 nos
3475 475 3642 544 (Psal.
3675 490 3783 540 Clll,
3814 474 3899 543 2)‘

385 549 548 641 (Psal.
593 587 711 638 va,
761 567 833 639 5).
879 566 968 622 llli
1015 567 1169 632 enim
1200 566 1450 638 suspirat
1486 565 1681 637 sponsi
1716 565 1948 632 amicus,
1981 549 2154 619 Ιιιι-Ψ
2199 565 2554 620 Sublimioris
2580 565 2736 620 enim
2758 566 3111 621 auctoritatis
3133 570 3216 619 est
3243 571 3343 620 tua
3366 564 3557 620 divina
3579 563 3892 635 Scriptura,

382 661 524 716 bens
545 660 666 730 jam
698 656 934 728 spiritus
973 655 1260 728 primitias
1291 672 1466 728 penes
1499 671 1650 722 eum,
1683 655 1781 708 sed
1817 655 1998 710 adhuc
2027 654 2086 708 in

384 747 688 818 semetipso
737 745 1146 818 ingemiscens,
1204 744 1572 816 adoptionem
1622 747 1950 814 exspectans
1997 760 2084 798 re-

386 835 783 906 demptionem
813 833 1071 904 corporis
1100 832 1189 888 sui
1221 834 1386 902 (Rom.
1417 849 1534 897 vin,
1561 832 1679 900 23):
1710 831 1794 886 illi
1820 832 2084 900 suspirat,

390 923 716 978 membrum
745 926 832 976 est
869 920 1020 976 enim
1063 935 1313 990 sponsae;
1359 923 1416 972 et
1445 918 1530 972 illi
1563 919 1730 982 zelat,
1763 919 1978 973 amicus
2005 922 2088 972 est

385 1011 539 1066 enim
569 1010 794 1080 sponsi;
829 1009 910 1063 illi
933 1009 1078 1062 zelat
1103 1023 1218 1061 non
1239 1006 1346 1060 sibi
1403 1009 1576 1078 (Joan.
1613 1023 1694 1074 ιιι,
1732 1009 1837 1077 19),
1859 1006 1994 1078 quia
2025 1007 2084 1061 in

386 1116 521 1153 voce
567 1102 979 1153 cataractarum
1023 1100 1275 1162 tuarum,
1316 1111 1435 1148 non
1465 1095 1525 1149 in
1555 1111 1690 1149 voce
1735 1112 1836 1148 sua
1869 1095 2090 1149 invocat

389 1189 628 1243 alteram
678 1187 944 1255 abyssum
990 1184 1151 1254 (Psal.
1199 1200 1308 1250 xu,
1347 1186 1424 1254 8),
1465 1183 1558 1237 cui
1587 1184 1774 1238 zelans
1803 1183 1987 1251 timet,
2016 1199 2088 1238 ne

393 1277 539 1330 sicut
569 1289 805 1345 serpens
835 1273 1006 1326 Evam
1038 1270 1261 1342 decepit
1294 1271 1505 1326 astutia
1543 1288 1664 1339 sua,
1696 1272 1774 1326 sic
1802 1276 1858 1325 et
1888 1287 2088 1326 eorum

393 1379 592 1418 sensus
628 1364 1072 1432 corrumpantur
1101 1376 1132 1413 a
1160 1359 1436 1426 castitate,
1481 1377 1611 1432 quae
1658 1365 1744 1414 est
1790 1360 1850 1414 in
1878 1377 2086 1432 sponso

391 1457 587 1508 nostro
627 1450 802 1505 Unico
843 1453 941 1504 tuo
985 1449 1054 1519 (ll
1090 1450 1208 1505 Cor.
1242 1467 1301 1515 ιι,
1335 1450 1411 1516 3).
1463 1449 1599 1513 Quae.
1635 1452 1719 1503 est
1751 1447 1847 1503 illa
1885 1448 2089 1519 speciei

389 1541 524 1595 lux?
554 1539 697 1594 Cum
732 1537 1050 1592 videbimus
1099 1553 1232 1591 eum
1280 1535 1446 1591 sicuti
1487 1541 1572 1591 est
1602 1537 1776 1606 (Joan.
1813 1554 1889 1603 ιιι,
1922 1540 2003 1605 2),
2036 1542 2092 1591 et

393 1628 725 1684 transierint
765 1626 1031 1698 lacrymae
1074 1642 1203 1698 qua:
1245 1625 1389 1680 mihi
1421 1626 1587 1680 factae
1625 1630 1758 1679 sunt
1793 1624 1960 1696 panis
1998 1625 2090 1680 die

394 1735 458 1773 ac
485 1722 670 1783 nocte,
721 1717 859 1771 dum
906 1715 1113 1770 dicitur
1156 1715 1302 1770 mihi
1343 1715 1621 1787 quotidie,
1664 1714 1769 1770 Ubi
1812 1718 1896 1769 est
1943 1716 2092 1769 Deus

397 1806 568 1862 tuus?
599 1807 767 1876 (Psal.
802 1822 911 1873 xu,
942 1805 1022 1874 4.)

1039 1891 1268 1947 CAPUT
1315 1892 1451 1948 XIV.

851 1980 983 2036 Fide
1013 1984 1062 2034 et
1083 1996 1175 2050 spe
1205 1979 1628 2034 corroboramur.

469 2075 551 2127 15.
585 2072 650 2126 Et
676 2087 781 2142 ego
815 2069 973 2125 dico:
1008 2070 1159 2122 Deus
1194 2084 1380 2138 meus,
1417 2067 1514 2122 ubi
1545 2069 1642 2122 es?
1671 2069 1805 2122 Ecce
1834 2067 1933 2123 ubi
1964 2072 2084 2124 est.

398 2158 633 2229 Respiro
663 2157 721 2211 in
753 2163 807 2211 te
840 2156 1164 2228 paululum,
1206 2171 1337 2209 cum
1378 2156 1604 2210 eﬁ‘undo
1640 2171 1810 2226 super
1848 2171 1940 2209 me
1968 2156 2091 2209 ani-

397 2263 552 2302 mam
572 2261 761 2301 meam
791 2245 851 2299 in
871 2260 1006 2298 voce
1037 2243 1433 2298 exsultationis
1463 2247 1520 2297 et
1545 2242 1936 2312 confessionis,
1969 2243 2094 2298 soni

394 2334 758 2393 festivitatem
791 2331 1126 2387 celebrantis
1158 2333 1320 2400 (Psal.
1351 2348 1458 2398 xu,
1502 2333 1578 2400 5).
1619 2332 1685 2386 Et
1715 2331 1894 2386 adhuc
1920 2331 2095 2385 tristis

402 2428 506 2489 est,
538 2421 675 2493 quia
719 2420 997 2475 relabitur
1027 2423 1084 2474 et
1111 2419 1172 2473 ﬁt
1220 2419 1481 2490 abyssus;
1530 2419 1618 2472 vel
1663 2418 1877 2490 potius,
1925 2419 2096 2473 sentit

400 2511 586 2565 adhuc
621 2525 678 2562 se
716 2523 836 2561 esse
875 2507 1158 2577 abyssum.
1205 2505 1351 2560 Dicit
1390 2505 1441 2559 ei
1467 2505 1607 2560 ﬁdes
1639 2521 1765 2560 mea
1799 2521 1971 2577 quam
2002 2522 2092 2559 ac-

397 2597 634 2653 cendisti
677 2595 737 2650 in
776 2599 938 2649 nocte
968 2599 1098 2648 ante
1142 2594 1315 2664 pedes
1362 2610 1556 2647 meos:
1600 2595 1775 2660 Quare
1813 2597 1988 2649 tristis
2018 2610 2091 2663 es,

400 2688 586 2741 anima
633 2701 769 2751 mea,
791 2689 840 2738 et
880 2699 1047 2752 quare
1085 2683 1371 2737 conturbas
1417 2686 1542 2736 me?
1591 2683 1762 2752 Spera
1786 2686 1842 2736 in
1872 2685 2093 2737 Domino

400 2776 570 2844 (Psal.
607 2789 735 2839 xLu,
786 2777 836 2837 5,
871 2773 960 2840 6);
994 2772 1228 2825 lucerna
1268 2769 1508 2841 pedibus
1552 2770 1663 2824 tuis
1704 2771 1940 2825 verbum
1973 2773 2094 2842 ejus

400 2864 563 2934 (Psal.
598 2877 780 2929 cxvm,
817 2863 958 2929 105).
991 2860 1165 2930 Spera
1196 2863 1252 2913 et
1278 2874 1599 2928 persevera,
1632 2859 1813 2914 donec
1846 2865 2097 2916 transeat

401 2967 510 3006 nox
554 2954 736 3004 mater
781 2948 1136 3019 iniquorum,
1185 2947 1366 3001 donec
1410 2951 1662 3001 transeat
1705 2947 1791 3001 ira
1844 2948 2092 3016 Domini,

400 3039 561 3111 cujus
586 3037 691 3092 ﬁlii
721 3040 776 3090 et
810 3053 914 3091 nos
943 3035 1156 3090 fuimus
1196 3035 1501 3107 aliquando
1542 3035 1812 3103 tenebrae,
1851 3053 2094 3108 quarum

399 3125 626 3182 residua
649 3123 927 3178 trahimus
949 3123 1010 3177 in
1036 3139 1275 3193 corpore
1295 3126 1530 3193 propter
1547 3128 1844 3193 peccatum
1866 3129 2094 3179 mortuo

404 3218 574 3279 (Rom.
619 3230 736 3279 vm,
783 3213 888 3279 10),
929 3211 1108 3265 donec
1152 3211 1364 3280 aspiret
1409 3209 1551 3280 dies,
1595 3213 1651 3264 et
1695 3217 2098 3266 removeantur

400 3303 621 3357 umbrae
653 3301 828 3370 (Cant.
863 3317 922 3366 ιι,
974 3301 1076 3367 17).
1109 3298 1284 3369 Spera
1311 3297 1372 3352 in
1419 3298 1702 3353 Domino:
1743 3314 1909 3354 mane
1949 3306 2094 3354 asta-

400 3390 475 3444 bo
497 3393 540 3455 ³,
581 3392 636 3442 et
673 3385 1139 3457 contemplabor;
1179 3402 1406 3456 semper
1442 3386 1752 3441 conﬁtebor
1791 3387 1896 3442 illi.
1937 3389 2096 3444 Mane

401 3477 614 3542 astabo,
640 3480 696 3529 et
718 3475 923 3529 videbo
949 3475 1114 3543 (Psal.
1139 3491 1192 3540 v,
1223 3474 1273 3545 5)
1303 3475 1547 3530 salutare
1577 3475 1765 3530 vultus
1785 3477 1901 3530 mei
1931 3478 2092 3547 (Psal.

403 3583 531 3634 xw,
565 3565 640 3635 ὅ),
675 3565 854 3618 Deum
899 3578 1092 3616 meum
1127 3561 1225 3632 qui
1255 3561 1562 3617 viviﬁcabit
1591 3567 1649 3617 et
1684 3565 1946 3619 mortalia
1974 3583 2096 3620 cor-

401 3671 542 3726 pora
588 3657 802 3720 nostra,
855 3655 1092 3723 propter
1141 3651 1417 3722 Spiritum
1461 3652 1560 3723 qui
1599 3653 1817 3707 habitat
1847 3653 1907 3708 in
1935 3655 2097 3709 nobis

406 3744 576 3814 (Rom.
607 3759 722 3803 vin,
760 3744 849 3810 11)
875 3757 887 3807 ;
917 3740 1052 3811 quia
1083 3757 1255 3811 super
1281 3740 1523 3795 interius
1554 3748 1814 3796 nostrum
1838 3743 2100 3798 tenebro-

403 3848 531 3888 sum
561 3835 618 3886 et
653 3829 897 3886 fluidum
931 3828 1377 3884 misericorditer
1416 3829 1899 3900 superferebatur.
1941 3831 2098 3885 Unde

400 3920 463 3976 in
483 3921 586 3974 hac
607 3918 1072 3990 peregrinatione
1104 3918 1311 3989 pignus
1331 3919 1652 3990 accepimus
1674 3920 1750 3990 (ll
1773 3923 1891 3976 Cor.
1925 3939 1964 3989 ι,
1986 3925 2096 3987 22),

402 4014 464 4062 ut
487 4009 608 4080 jam
640 4007 819 4062 simus
847 4009 944 4062 lux
985 4008 1199 4076 (Ephes.
1241 4024 1296 4076 v,
1337 4010 1412 4076 8),
1449 4008 1587 4063 dum
1619 4009 1801 4064 adhuc
1830 4026 1929 4080 spe
1961 4010 2098 4065 salvi

401 4096 535 4152 facti
569 4113 766 4150 sumus
809 4095 979 4164 (Ilom.
1010 4111 1125 4162 vui,
1160 4094 1270 4164 24),
1303 4099 1359 4149 et
1391 4096 1495 4150 ﬁlii
1532 4087 1694 4164 lucis,
1740 4102 1796 4152 et
1826 4099 1933 4152 ﬁlii
1963 4097 2096 4165 diei,

404 4200 521 4239 non
551 4183 655 4238 ﬁlii
682 4182 861 4236 noctis
891 4198 1078 4252 neque
1103 4182 1466 4237 tenebrarum
1494 4185 1535 4254 (Ι
1561 4187 1740 4239 Thess.
1764 4203 1817 4254 v,
1841 4189 1912 4256 5),
1945 4186 2100 4257 quod

404 4278 599 4326 tamen
629 4270 871 4325 fuimus.
900 4271 1058 4324 Inter
1081 4286 1224 4340 quos
1249 4275 1304 4323 et
1327 4286 1430 4324 nos
1450 4270 1510 4325 in
1541 4271 1646 4326 isto
1677 4273 1862 4327 adhuc
1885 4274 2100 4328 incerto

403 4361 673 4414 humanm
715 4357 952 4424 notitiae,
1000 4362 1065 4411 tu
1094 4358 1246 4410 solus
1287 4357 1513 4426 dividis,
1542 4359 1642 4430 qui
1679 4361 1884 4431 probas
1933 4363 2103 4418 corda

407 4451 620 4514 nostra,
681 4451 736 4500 et
785 4461 951 4500 vocas
995 4446 1182 4500 lucem
1233 4445 1408 4516 diem,
1462 4451 1520 4502 et
1565 4450 1828 4504 tenebras
1875 4457 2104 4507 noctem

409 4538 564 4603 (Gen.
595 4554 632 4603 ι,
661 4535 735 4606 5).
768 4534 904 4598 Quis
933 4532 1089 4589 enim
1118 4550 1220 4589 nos
1247 4534 1534 4607 discernit,
1563 4537 1673 4591 nisi
1702 4538 1805 4592 tu?
1833 4538 1971 4610 quid
2001 4556 2100 4594 au-

407 4631 526 4678 tem
555 4624 830 4679 habemus
873 4623 1026 4695 quod
1056 4639 1172 4678 non
1196 4624 1516 4695 accepimus
1545 4643 1580 4681 a
1607 4631 1660 4681 te
1699 4628 1742 4698 (l
1771 4631 1887 4684 Cor.
1923 4646 1994 4696 IV,
2019 4630 2098 4698 7),

409 4729 474 4767 ex
505 4712 702 4767 eadem
734 4727 918 4766 massa
936 4727 1069 4766 vasa
1088 4712 1148 4766 in
1177 4711 1472 4782 honorem,
1508 4731 1573 4768 ex
1603 4731 1717 4787 qua
1745 4719 1878 4771 sunt
1905 4719 1963 4771 et
1991 4716 2103 4771 alia

411 4799 556 4854 facta
584 4799 644 4854 in
674 4799 1119 4854 contumeliam?
1150 4801 1323 4869 (Rom.
1357 4817 1431 4868 ιχ,
1463 4803 1572 4871 21.)

1069 4908 1293 4962 CAPUT
1330 4909 1437 4963 XV.

412 4995 531 5050 Fiat
554 4993 1003 5060 ﬁrmamentum,
1028 4998 1126 5048 etc.
1148 5033 1163 5060 ,
1187 4995 1318 5050 Gen.
1355 4997 1406 5064 1,
1433 4997 1486 5049 6.
1516 4995 1660 5062 Quid
1683 4999 2099 5068 ﬁrmamentum,

915 5082 1050 5151 quid
1085 5085 1384 5151 superiores
1421 5097 1593 5150 aqua.

484 5175 568 5226 16.
602 5173 715 5226 Aut
741 5168 888 5242 quis,
922 5169 1034 5224 nisi
1064 5174 1145 5236 tu,
1178 5171 1328 5224 Deus
1358 5175 1570 5236 noster,
1603 5171 1782 5227 fecisti
1810 5173 1972 5228 nobis
1999 5178 2103 5243 ﬁr—

409 5266 735 5316 mamentum
769 5258 1116 5314 auctoritatis
1155 5275 1326 5329 super
1355 5275 1459 5313 nos
1488 5259 1546 5314 in
1577 5260 1865 5332 Scriptura
1893 5266 1992 5317 tua
2015 5263 2102 5318 di-

408 5349 579 5404 vina?
617 5348 836 5404 Caelum
877 5346 1030 5402 enim
1067 5347 1370 5418 plicabitur
1397 5351 1462 5402 ut
1495 5347 1638 5402 liber
1666 5349 1816 5421 (Isai.
1844 5367 1992 5417 xxxv,
2024 5351 2098 5421 4).

475 5478 488 5509 ¹
518 5473 669 5522 Apud
691 5474 816 5522 Lov.
842 5472 1102 5522 omittitur
1123 5484 1238 5522 ecce
1260 5472 1348 5522 ubi
1380 5486 1450 5521 es.

472 5537 494 5570 ³
518 5534 655 5584 Editi
685 5549 805 5584 cum
834 5534 1107 5583 nonnullis
1156 5536 1296 5595 Mss,
1326 5547 1484 5586 mana
1510 5537 1688 5588 astabo
1715 5535 1830 5588 tibi.
1867 5535 1932 5586 At
1959 5537 2105 5586 abest

416 5597 507 5648 tibi
540 5597 830 5648 verioribus
859 5597 1146 5647 codicibus.

2199 671 2329 709 cum
2345 655 2467 726 jam
2485 653 2754 710 obierunt
2773 654 2940 709 istam
2959 659 3200 709 mortem
3214 653 3297 708 illi
3314 653 3603 720 mortales,
3627 669 3729 724 per
3750 667 3896 723 quOs

2198 760 2324 797 eam
2373 742 2709 813 dispensasti
2759 743 2940 798 nobis.
2990 745 3056 796 Et
3098 746 3161 796 tu
3197 742 3324 809 scis,
3373 741 3634 809 Domine,
3684 745 3747 793 tu
3787 738 3896 793 scis

2199 831 2681 902 quemadmodum
2712 831 2956 903 pellibus
2988 830 3237 885 indueris
3277 829 3557 894 homines,
3599 845 3727 882 cum
3758 843 3891 896 pec-

2199 924 2322 974 cato
2351 920 2616 974 mortales
2645 920 2849 974 ﬁerent
2879 921 3028 990 (Gen.
3065 937 3142 985 ιιι,
3177 920 3285 986 21).
3317 919 3476 973 Unde
3506 917 3652 971 sicut
3684 917 3893 988 pellem

2199 1007 2499 1062 extendisti
2537 1008 2962 1062 ﬁrmamentum
2999 1007 3152 1062 Libri
3192 1007 3297 1072 tui,
3340 1006 3646 1060 concordes
3688 1003 3891 1074 utique

2199 1113 2488 1151 sermones
2515 1101 2660 1161 tuos,
2699 1113 2841 1167 quos
2869 1113 2972 1168 per
3011 1095 3341 1150 mortalium
3380 1094 3767 1150 ministerium
3797 1108 3892 1146 su-

2197 1184 2548 1256 perposuisti
2577 1185 2761 1238 nobis.
2790 1187 3046 1256 Namque
3076 1185 3199 1255 ipsa
3224 1199 3424 1238 eorum
3453 1188 3656 1248 morte,
3689 1182 3895 1238 solida-

2200 1277 2459 1327 mentum
2503 1273 2853 1327 auctoritatis
2897 1272 2958 1327 in
3000 1271 3240 1344 eloquiis
3286 1271 3397 1326 tuis
3432 1287 3535 1341 per
3581 1285 3678 1324 eos
3722 1268 3895 1323 editis

2199 1362 2520 1416 sublimiter
2549 1362 2875 1416 extenditur
2904 1378 3074 1433 super
3116 1360 3311 1416 omnia
3338 1377 3466 1432 qua:
3497 1359 3690 1413 subter
3720 1363 3854 1413 sunt
3880 1375 3892 1410 :

2201 1450 2353 1522 quod
2387 1466 2518 1504 cum
2547 1449 2638 1504 hic
2674 1449 2948 1516 viverent,
2982 1466 3098 1504 non
3137 1449 3216 1503 ita
3252 1447 3571 1504 sublimiter
3599 1451 3896 1502 extentum

2201 1543 2340 1594 erat.
2362 1538 2627 1592 Nondum
2648 1537 2794 1592 sicut
2811 1539 3019 1610 pellem
3039 1540 3245 1592 ccelum
3267 1537 3616 1603 extenderas,
3638 1536 3898 1589 nondum

2202 1627 2403 1681 mortis
2431 1643 2630 1681 eorum
2657 1627 2868 1680 famam
2900 1643 3311 1698 usquequaque
3333 1625 3688 1680 dilataveras.

2276 1719 2360 1770 t7.
2426 1715 2747 1782 Videamus,
2808 1715 3062 1781 Domine,
3113 1717 3281 1769 caelos
3336 1731 3512 1784 opera
3575 1713 3892 1784 digitorum

2202 1808 2462 1870 tuorum;
2507 1803 2797 1858 disserena
2839 1803 3017 1858 oculis
3067 1804 3274 1858 nostris
3320 1803 3584 1858 nubilum
3615 1818 3729 1873 quo
3761 1801 3896 1854 sub-

2202 1891 2387 1946 texisti
2409 1907 2524 1945 eos.
2550 1891 2633 1944 lbi
2655 1895 2739 1946 est
2757 1891 3151 1946 testimonium
3177 1896 3364 1956 tuum,
3396 1889 3734 1962 sapientiam
3757 1906 3901 1959 pree-

2203 1985 2357 2034 stans
2403 1979 2653 2051 parvulis
2701 1980 2869 2051 (Psal.
2918 1997 3072 2048 xvui,
3109 1981 3184 2050 8).
3235 1981 3469 2045 Perﬁce,
3520 1981 3670 2033 Deus
3713 1994 3897 2043 meus,

2205 2069 2431 2124 laudem
2469 2073 2628 2122 tuam
2669 2083 2737 2122 ex
2769 2084 2866 2123 ore
2904 2069 3212 2122 infantium
3243 2073 3298 2123 et
3318 2067 3668 2122 lactentium.
3703 2067 3899 2137 Neque

2205 2158 2357 2212 enim
2386 2158 2647 2212 novimus
2673 2157 2810 2211 alios
2838 2157 3012 2212 libros
3044 2157 3124 2212 ita
3165 2159 3518 2212 destruentes
3548 2154 3898 2226 superbiam,

2204 2247 2283 2300 ita
2312 2247 2665 2301 destruentes
2694 2245 2993 2301 inimicum
3027 2251 3083 2301 et
3111 2247 3470 2301 defensorem
3499 2247 3666 2314 (Psal.
3698 2261 3812 2309 vin,
3843 2246 3899 2312 4,

2206 2335 2280 2403 3),
2309 2335 2666 2390 resistentem
2703 2335 3155 2389 reconciliationi
3199 2339 3314 2389 tua:
3361 2333 3715 2389 defendendo
3759 2347 3900 2402 pec-

2205 2429 2330 2479 cata
2357 2441 2478 2478 sua.
2513 2425 2641 2478 Non
2668 2423 2820 2490 novi,
2865 2423 3125 2492 Domine,
3164 2439 3282 2477 non
3310 2423 3444 2476 novi
3467 2422 3574 2476 alia
3601 2427 3716 2475 tam
3749 2424 3902 2473 casta

2205 2511 2454 2584 eloquia,
2480 2528 2609 2584 qua:
2647 2511 2725 2565 sic
2753 2511 2896 2565 mihi
2931 2512 3341 2582 persuaderent
3371 2508 3811 2574 confessionem,
3845 2513 3902 2560 et

2205 2601 2450 2654 lenirent
2476 2600 2752 2654 cervicem
2775 2616 2962 2654 meam
2977 2601 3118 2670 jugo
3149 2607 3268 2659 tuo,
3302 2603 3357 2653 et
3376 2597 3681 2652 invitarent
3710 2597 3895 2650 colere

2206 2694 2259 2744 te
2291 2689 2484 2760 gratis.
2513 2688 2835 2760 Intelligam
2867 2705 2953 2755 ea,
2973 2690 3139 2742 Pater
3167 2689 3344 2754 bone,
3368 2687 3439 2741 da
3461 2685 3602 2740 mihi
3622 2686 3744 2740 haec
3765 2684 3898 2738 sub-

2207 2778 2498 2848 terposito,
2527 2775 2662 2848 quia
2689 2777 3081 2847 subterpositis
3112 2775 3369 2830 solidasti
3397 2792 3480 2830 ea.

2283 2869 2364 2923 l8.
2399 2868 2542 2921 Sunt
2578 2865 2703 2920 alite
2731 2882 2886 2935 aqua
2914 2881 3074 2936 super
3112 2865 3220 2919 hoc
3241 2865 3664 2934 ﬁrmamentum,
3707 2865 3896 2932 credo,

2205 2954 2577 3021 immortales,
2606 2958 2663 3008 et
2690 2971 2724 3008 a
2759 2959 2986 3008 terrena
3033 2952 3398 3023 corruptione
3449 2957 3699 3006 secretae.
3752 2953 3902 3006 Lau-

2207 3043 2343 3097 dent
2383 3057 2596 3096 nomen
2644 3047 2828 3109 tuum,
2867 3042 3102 3096 laudent
3146 3047 3200 3095 te
3231 3040 3654 3111 supercoalestes
3703 3041 3904 3111 populi

2206 3132 2556 3202 Angelorum
2585 3135 2836 3198 tuorum,
2867 3132 2969 3203 qui
2998 3147 3112 3184 non
3142 3147 3287 3201 opus
3321 3130 3536 3184 habent
3567 3129 3856 3200 suspicere
3877 3122 3899 3158 ‘

2209 3221 2636 3274 ﬁrmamentum
2692 3220 2818 3286 hoc,
2874 3225 2929 3272 et
2986 3218 3228 3288 legendo
3271 3233 3612 3288 cognoscere
3663 3217 3903 3273 verbum

2210 3313 2394 3363 tuum.
2419 3307 2620 3361 Vident
2638 3307 2793 3361 enim
2820 3307 3020 3362 faciem
3052 3312 3210 3361 tuam
3238 3322 3464 3376 semper
3495 3307 3716 3375 (Matth.
3745 3323 3900 3372 xvui,

2214 3399 2320 3466 10),
2348 3401 2405 3450 et
2432 3396 2514 3451 ibi
2552 3397 2749 3467 legunt
2788 3396 2909 3450 sine
2950 3396 3180 3467 syllabis
3225 3400 3572 3467 temporum,
3603 3395 3740 3467 quid
3766 3396 3904 3450 velit

2209 3489 2422 3539 aeterna
2448 3485 2709 3539 voluntas
2731 3489 2845 3540 tua.
2874 3487 3110 3556 Legunt,
3134 3485 3358 3556 eligunt
3377 3489 3436 3539 et
3455 3484 3731 3555 diligunt;
3754 3501 3903 3538 sem-

2207 3589 2311 3644 per
2338 3573 2556 3644 legunt,
2597 3577 2654 3626 et
2699 3589 2998 3644 nunquam
3039 3573 3294 3643 prasterit
3341 3573 3492 3644 quod
3540 3573 3757 3643 legunt.
3797 3575 3904 3627 Eli-

2209 3660 2395 3732 gendo
2426 3661 2581 3716 enim
2606 3665 2663 3715 et
2701 3661 2991 3732 diligendo
3021 3661 3222 3733 legunt
3250 3661 3432 3732 ipsam
3463 3661 3902 3717 incommutabi-

2209 3749 2428 3804 litatem
2467 3747 2686 3802 consilii
2722 3748 2826 3804 tui.
2871 3749 2994 3804 Non
3031 3749 3312 3804 clauditur
3337 3749 3514 3804 codex
3543 3767 3766 3818 eorum,
3799 3767 3906 3805 nec

2209 3837 2452 3909 plicatur
2482 3837 2625 3891 liber
2653 3853 2883 3903 eorum;
2912 3837 3047 3908 quia
3068 3843 3127 3892 tu
3157 3837 3278 3909 ipse
3309 3837 3421 3892 illis
3441 3838 3548 3893 hoc
3569 3856 3644 3904 es,
3681 3843 3736 3894 et
3765 3856 3823 3894 es
3843 3840 3904 3893 in

2211 3930 2491 3980 aeternum
2516 3943 2528 3980 :
2555 3926 2690 3996 quia
2706 3943 2878 3997 super
2899 3927 3005 3981 hoc
3026 3927 3454 3981 ﬁrmamentum
3481 3927 3756 3982 ordinasti
3782 3945 3903 3996 eos,

2211 4015 2362 4086 quod
2385 4013 2409 4047 ²
2437 4014 2679 4069 ﬁrmasti
2707 4031 2879 4086 super
2915 4015 3309 4070 inﬁrmitatem
3340 4015 3680 4070 inferiorum
3719 4032 3906 4087 popu-

2210 4105 2420 4171 lorum,
2448 4103 2547 4157 ubi
2566 4103 2916 4175 suspicerent
2936 4109 2992 4158 et
3013 4108 3420 4176 cognoscerent
3450 4103 3908 4158 misericordiam

2209 4198 2387 4259 tuam,
2426 4192 2820 4264 tempqraliter
2857 4193 3248 4248 enuntiantem
3290 4197 3366 4259 te,
3402 4193 3500 4264 qui
3539 4191 3721 4247 fecisti
3759 4197 3909 4246 tem-

2211 4297 2370 4354 pora.
2402 4285 2468 4338 In
2496 4257 2636 4336 coeli.)
2667 4282 2840 4349 enim,
2874 4282 3135 4348 Domine,
3166 4281 3554 4336 misericordia
3583 4287 3700 4349 tua,
3735 4286 3791 4336 et
3815 4298 3909 4336 ve-

2211 4373 2350 4427 ritas
2375 4377 2475 4428 tua
2499 4388 2681 4444 usque
2711 4371 2785 4425 ad
2829 4371 3011 4425 nubes
3053 4371 3225 4439 (Psal.
3269 4386 3428 4437 xxxv,
3475 4372 3551 4441 6).
3586 4370 3911 4426 Transeunt

2211 4462 2409 4528 nubes,
2443 4462 2650 4516 coelum
2691 4464 2883 4514 autem
2911 4463 3122 4514 manet.
3153 4459 3469 4512 Transeunt
3503 4457 3908 4528 praedicatores

2212 4550 2370 4605 verbi
2402 4549 2487 4604 tui
2515 4565 2580 4603 ex
2611 4549 2718 4604 hac
2747 4547 2864 4603 vita
2900 4547 2959 4601 in
2989 4547 3159 4601 aliam
3195 4546 3404 4614 vitam;
3440 4545 3731 4616 Scriptura
3769 4564 3908 4603 vero

2213 4645 2310 4694 tua
2331 4656 2509 4712 usque
2538 4638 2600 4693 in
2628 4638 2806 4692 ﬁnem
2835 4635 3024 4691 saeculi
3052 4651 3223 4706 super
3257 4635 3504 4706 populos
3543 4636 3896 4694 extenditur.

2212 4729 2321 4784 Sed
2347 4733 2402 4784 et
2431 4728 2639 4783 coalum
2683 4730 2739 4780 et
2781 4730 2935 4781 terra
2975 4723 3334 4791 transibunt;
3382 4739 3672 4779 sermones
3709 4731 3907 4782 autem

2213 4817 2298 4872 tui
2334 4834 2452 4873 non
2492 4815 2817 4871 transibunt
2878 4814 3089 4885 (Matth.
3143 4828 3292 4881 xxiv,
3349 4814 3472 4883 35):
3525 4813 3799 4885 quoniam
3852 4822 3909 4872 et

2212 4907 2378 4979 pellis
2428 4905 2748 4978 plicabitur,
2798 4906 2855 4957 et
2899 4903 3096 4957 fenum
3144 4918 3318 4972 super
3358 4901 3512 4973 quod
3555 4903 3903 4959 extendeba-

2212 4999 2326 5062 tur,
2349 5009 2481 5050 cum
2496 4993 2749 5047 claritate
2779 5006 2880 5044 sua
2905 4989 3221 5060 praeteriet;
3252 4991 3491 5045 verbum
3518 4996 3711 5046 autem
3738 5000 3903 5046 tuum

2214 5087 2405 5138 manet
2439 5081 2500 5135 in
2538 5083 2818 5135 aeternum
2851 5078 3014 5150 (Isai.
3051 5094 3141 5146 XL,
3183 5080 3263 5148 6);
3306 5079 3459 5150 quod
3487 5096 3636 5134 nunc
3666 5079 3724 5133 in
3753 5081 3904 5134 aeni-

2214 5175 2406 5242 gmate
2434 5168 2676 5223 nubium
2723 5172 2781 5222 et
2803 5183 2907 5237 per
2927 5168 3220 5238 speculum
3248 5167 3376 5222 cceli
3407 5168 3446 5238 (Ι
3488 5170 3605 5224 Cor.
3635 5184 3754 5234 xm,
3791 5170 3901 5239 12),

2212 5276 2330 5315 non
2368 5257 2533 5312 sicuti
2577 5261 2660 5311 est
2710 5260 2947 5328 apparet
2977 5255 3167 5323 nobis;
3215 5256 3352 5328 quia
3393 5261 3451 5311 et
3495 5267 3600 5312 nos
3644 5258 3906 5328 quamvis

2275 5351 2292 5385 ί
2324 5349 2446 5396 Lov.
2473 5359 2592 5394 cum
2605 5345 2990 5408 antiquioribus
3010 5345 3343 5402 editionibus,
3359 5347 3655 5409 suscipere,-
3676 5349 3728 5393 et
3745 5347 3907 5409 paulo

2249 5407 2751 5480 ost.susciperentet
2777 5410 3147 5479 cognoscerent
3163 5407 3588 5478 misericordiam
3612 5407 3782 5456 (uani.
3802 5407 3906 5458 Sed

2212 5427 2378 5523 iiauet
2397 5471 2665 5520 meliorem
2686 5483 2798 5519 esse
2814 5471 2935 5519 Mss.
2958 5469 3260 5523 lectionem.
3280 5483 3437 5523 quam
3455 5482 3508 5517 in
3526 5473 3671 5517 textu
3695 5470 3906 5520 damus.

2235 5474 2378 5535 iquet
2397 5469 2665 5520 meliorem
2686 5483 2798 5519 esse
2814 5471 2935 5519 Mss.
2958 5469 3260 5524 lectionem.
3280 5483 3437 5532 quam
3455 5469 3508 5517 in
3526 5473 3671 5517 textu
3695 5470 3906 5520 damus.

2274 5537 2294 5569 2
2312 5536 2455 5592 Lov.,
2487 5545 2637 5596 quos,
2665 5533 2718 5581 in
2742 5536 2917 5590 textu;
2939 5535 2990 5581 et
3019 5532 3096 5596 ad_
3108 5531 3581 5596 marginemlquod
3587 5547 3618 5596 _:_
3630 5532 3740 5596 hoc
3768 5546 3907 5596 prae-

2123 5649 2129 5653 ,
2213 5597 2346 5647 ferre
2374 5593 2548 5646 visuin
2567 5599 2663 5656 est,
2695 5596 2921 5644 maxime
2943 5607 3064 5644 cum
3085 5593 3290 5658 legatur
3313 5593 3369 5642 in
3397 5593 3526 5642 Edd.
3555 5593 3670 5642 aliis
3697 5596 3750 5643 et
3775 5593 3904 5644 Mss.
