4058 6342
146 331 242 382 853
1425 328 1640 386 LIBER
1689 330 2001 388 DECIMUS
2049 330 2372 388 TERTIUS.

144 448 278 504 Filio
309 452 409 503 tuo
437 446 629 503 dilecti
650 447 1120 517 simus,nondum
1134 449 1398 522 apparuit
1425 451 1579 524 quod
1599 450 1829 506 erimus.

139 534 388 592 Attendit
415 552 520 608 per
550 534 694 591 retia
721 536 927 604 carnis,
960 539 1017 592 et
1062 536 1347 592 blanditus
1385 543 1492 609 est,
1523 542 1581 594 et
1608 538 1833 595 inﬂam-

140 625 331 693 mavit,
363 629 418 680 et
449 624 806 680 cucurrimus
837 630 963 697 post
990 627 1225 681 odorem
1258 628 1399 698 ejus.
1433 628 1543 683 Sed
1572 644 1702 683 cum
1734 645 1834 700 ap-

138 713 409 787 paruerit,
441 713 656 768 similes
686 714 739 768 ei
772 713 1007 782 erimus,
1040 715 1313 786 quoniam
1342 715 1664 772 videbimus
1701 734 1835 772 eum

140 802 298 857 sicuti
327 807 415 858 est
443 802 489 874 (I
538 805 694 858 Joan.
751 820 829 872 ιιι,
862 803 951 874 2);
1006 803 1170 859 sicuti
1216 809 1320 873 est,
1353 805 1612 874 Domine,
1646 805 1835 861 videre

140 896 413 960 nostrum,
446 891 603 963 quod
633 892 889 947 nondum
914 896 999 947 est
1025 892 1191 947 nobis
1223 891 1266 949 ί.

784 980 1010 1037 CAPUT
1048 982 1182 1036 XVI.

413 1069 573 1125 Solus
614 1070 754 1124 Deus
783 1084 837 1125 se
868 1071 972 1125 scit
999 1073 1212 1127 omnino
1241 1072 1407 1127 sicuti
1432 1076 1538 1128 est.

213 1160 290 1212 l9.
326 1157 470 1212 Nam
494 1156 640 1212 sicut
668 1157 903 1212 omnino
931 1160 990 1212 tu
1024 1174 1105 1225 es,
1138 1162 1203 1213 tu
1238 1158 1346 1214 scis
1393 1160 1563 1224 solus,
1623 1159 1722 1230 qui
1773 1177 1833 1214 es

142 1244 698 1311 incommutabiliter,
732 1249 789 1300 et
812 1244 919 1300 scis
949 1245 1511 1315 incommutabiliter,
1549 1251 1606 1302 et
1632 1246 1714 1301 vis
1742 1246 1831 1301 in-

142 1331 636 1387 commutabiliter.
670 1333 734 1387 Et
757 1332 1001 1387 essentia
1028 1338 1126 1388 tua
1156 1333 1260 1389 scit
1287 1339 1345 1389 et
1364 1336 1484 1390 vult
1510 1335 1831 1390 incommu-

146 1420 402 1488 tabiliter,
425 1425 483 1476 et
508 1421 743 1476 scientia
766 1424 864 1477 tua
883 1426 967 1476 est
984 1422 1752 1491 etvultincommutabiliter,
1776 1427 1849 1486 et,

144 1509 396 1564 voluntas
426 1513 526 1564 tua
556 1513 642 1564 est
666 1514 723 1565 et
750 1509 856 1565 scit
877 1509 1444 1568 incommutabiliter.
1476 1513 1587 1566 Nec
1610 1510 1835 1566 videtur

134 1598 345 1667 justum
357 1614 481 1652 esse
509 1614 703 1653 coram
736 1602 808 1665 te,
836 1602 902 1653 ut
923 1599 1410 1670 quemadmodum
1426 1616 1484 1654 se
1506 1599 1609 1654 scit
1634 1600 1832 1654 lumen

142 1684 619 1752 incommutabile,
646 1685 728 1741 ita
747 1685 960 1741 sciatur
986 1686 1058 1742 ab
1079 1685 1403 1744 illuminato
1420 1687 1829 1743 commutabili.

143 1774 377 1846 Ideoque
408 1774 602 1829 anima
626 1790 755 1830 mea
772 1779 1046 1846 tanquam
1060 1779 1211 1831 terra
1237 1776 1359 1831 sine
1372 1793 1522 1849 aqua
1541 1776 1644 1832 tibi
1662 1777 1830 1847 (Psal.

142 1878 291 1927 CXLII,
326 1862 379 1933 6)
403 1882 422 1931 ;
444 1862 578 1934 quia
598 1862 741 1917 sicut
769 1879 829 1917 se
849 1862 1177 1919 illuminare
1204 1863 1273 1918 de
1287 1881 1345 1919 se
1372 1881 1485 1920 non
1504 1868 1692 1936 potest
1714 1884 1731 1933 ;
1750 1864 1833 1920 ita

142 1969 195 2005 se
222 1949 428 2006 satiare
474 1951 543 2006 de
582 1968 641 2006 se
672 1968 790 2006 non
819 1955 1029 2023 potest.
1089 1951 1178 2008 Sic
1220 1953 1377 2009 enim
1406 1954 1560 2024 apud
1604 1958 1660 2008 te
1704 1954 1832 2008 fons

142 2038 284 2107 vitae,
314 2040 606 2112 quomodo
636 2040 696 2095 in
721 2039 943 2096 lumine
973 2045 1071 2096 tuo
1091 2040 1413 2097 videbimus
1433 2042 1630 2097 lumen
1662 2043 1828 2113 (Psal.

142 2146 293 2197 xxxv,
340 2128 447 2199 10).

769 2217 994 2272 CAPUT
1022 2217 1181 2273 XVII.

144 2307 564 2377 Congregentur
593 2318 757 2376 aqua;
783 2309 906 2372 etc.,
954 2305 1082 2362 Gen.
1121 2308 1171 2371 1,
1221 2308 1271 2359 9.
1319 2304 1461 2371 Quid
1498 2321 1668 2375 mare,
1697 2305 1834 2376 quid

272 2394 458 2449 arida.
486 2395 814 2464 Explicatur
849 2393 885 2460 Ῡ
922 2396 978 2449 11
1012 2409 1025 2447 :
1060 2392 1353 2448 Germinet
1382 2397 1553 2459 terra,
1588 2398 1685 2448 etc.

205 2486 288 2537 20.
329 2481 469 2547 Quis
534 2481 904 2553 congregavit
962 2480 1340 2537 amaricantes
1390 2480 1454 2536 in
1509 2480 1833 2537 societatem

148 2587 306 2627 unam
327 2571 354 2625 ‘2
385 2570 546 2626 Idem
575 2587 825 2643 namque
853 2570 967 2626 illis
995 2570 1129 2625 ﬁnis
1154 2575 1239 2625 est
1267 2571 1600 2642 temporalis
1641 2575 1699 2626 et
1725 2575 1835 2626 ter-

147 2675 286 2715 rena:
314 2658 623 2727 felicitatis,
646 2662 878 2732 propter
900 2674 1073 2730 quam
1100 2658 1523 2714 faciuntomnia
1540 2675 1554 2725 ;
1570 2660 1832 2731 quamvis

145 2746 544 2803 innumerabili
568 2746 842 2802 varietate
870 2762 1141 2801 curarum
1185 2749 1483 2802 ﬁuctuent.
1516 2746 1673 2811 Quis,
1716 2747 1831 2802 Do;

145 2834 306 2904 mine,
344 2833 460 2889 nisi
489 2837 553 2889 tu
589 2832 690 2905 qui
719 2832 912 2888 dixisti
942 2839 1005 2888 ut
1050 2837 1531 2905 congregarentur
1577 2851 1742 2906 aqua:
1769 2833 1832 2889 in

140 2921 630 2996 congregationem
651 2925 911 2991 unam,et
925 2926 1230 2993 appareret
1244 2920 1424 2991 arida,
1459 2920 1657 2976 sitiens
1682 2922 1832 2977 tibi?

141 3012 409 3077 Quoniam
440 3014 608 3067 tuum
628 3015 713 3066 est
754 3014 813 3066 et
840 3026 1019 3078 mare,
1050 3015 1108 3065 et
1138 3015 1202 3065 tu
1229 3010 1415 3065 fecisti
1441 3009 1604 3077 illud,
1635 3016 1693 3065 et
1721 3010 1831 3066 ari-

146 3101 265 3155 dam
292 3106 506 3156 terram
534 3115 740 3154 manus
767 3102 884 3154 tua:
920 3100 1315 3154 formaverunt
1343 3100 1512 3169 (Psal.
1552 3113 1703 3166 χειν,
1736 3100 1788 3169 5)
1816 3120 1831 3167 ;

146 3206 318 3262 neque
353 3188 511 3244 enim
551 3186 875 3243 amaritudo
903 3188 1286 3254 voluntatum,
1318 3186 1418 3242 sed
1464 3187 1831 3259 congregatio

144 3295 415 3351 aquarum
441 3280 675 3333 vocatur
695 3292 874 3332 mare.
904 3277 989 3331 Tu
1011 3275 1167 3331 enim
1196 3291 1422 3331 coerces
1450 3275 1626 3331 etiam
1651 3276 1832 3331 malas

146 3366 470 3439 cupiditates
500 3365 847 3431 animarum,
884 3370 940 3419 et
967 3365 1097 3436 ﬁgis
1126 3364 1339 3420 limites
1368 3381 1665 3436 quousque
1694 3380 1831 3437 pro-

148 3455 295 3527 gredi
318 3455 600 3519 sinantur,
652 3458 823 3527 atque
848 3457 870 3490 ²
907 3458 972 3509 ut
1017 3453 1078 3508 in
1124 3470 1185 3509 se
1228 3453 1696 3509 comminuantur
1722 3454 1832 3509 ﬂu-

136 3548 257 3599 ctus
302 3560 503 3599 earum
552 3542 698 3613 (Job.
754 3558 985 3610 mvni,
1040 3544 1122 3609 10,
1174 3542 1290 3611 ll);
1348 3546 1520 3614 atque
1569 3541 1652 3597 ita
1695 3540 1833 3597 facis

148 3649 292 3688 mare
321 3632 526 3688 ordine
554 3630 785 3703 imperii
814 3629 899 3685 tui
927 3646 1100 3702 super
1128 3629 1343 3685 omnia.

208 3725 291 3777 21.
322 3724 396 3777 At
422 3719 645 3776 animas
673 3719 929 3775 sitientes
957 3718 1084 3787 tibi,
1117 3723 1174 3774 et
1214 3722 1558 3791 apparentes
1586 3717 1694 3774 tibi
1721 3717 1832 3773 alio

148 3810 250 3864 ﬁne
272 3810 561 3866 distinctas
590 3825 624 3864 a
652 3806 918 3864 societate
947 3807 1144 3877 maris,
1175 3808 1395 3862 occulto
1423 3811 1478 3862 et
1496 3806 1649 3862 dulci
1673 3807 1835 3862 fonte

147 3897 357 3971 irrigas,
391 3902 453 3954 ut
479 3902 538 3954 et
566 3902 713 3953 terra
740 3896 838 3953 det
865 3897 1116 3953 fructum
1143 3913 1314 3952 suum
1340 3912 1354 3951 :
1378 3900 1435 3951 et
1458 3896 1557 3951 dat
1581 3895 1833 3950 fructum

146 4004 300 4043 suum
319 3986 365 4059 ⁵,
385 3994 444 4044 et
472 3991 526 4043 te
549 3986 790 4059 jubente
812 3986 1054 4042 Domino
1080 3988 1195 4041 Deo
1217 4001 1320 4042 suo
1335 3984 1622 4058 germinat
1641 3982 1835 4039 anima

148 4081 330 4132 nostra
356 4093 533 4149 opera
571 4075 981 4131 misericordiae
1015 4076 1307 4131 secundum
1341 4091 1546 4145 genus;
1592 4073 1833 4143 diligens

146 4168 461 4238 proximum
481 4168 545 4222 in
566 4165 833 4222 subsidiis
854 4165 1254 4221 necessitatum
1275 4164 1610 4231 carnalium,
1634 4162 1832 4218 habens

150 4260 201 4312 in
226 4273 277 4313 se
305 4274 483 4314 semen
502 4257 794 4313 secundum
805 4254 1250 4322 similitudinem;
1269 4253 1542 4326 quoniam
1558 4269 1621 4307 ex
1643 4256 1836 4307 nostra

148 4344 472 4402 inﬁrmitate
483 4361 607 4400 com
615 4344 867 4416 patimur
879 4343 949 4398 ad
959 4342 1413 4398 subveniendum
1423 4342 1832 4413 indigentibus,

148 4433 397 4490 similiter
446 4434 794 4505 opitulantes
833 4431 1318 4504 quemadmodum
1360 4430 1525 4486 nobis
1562 4431 1835 4486 vellemus

149 4539 306 4594 opem
331 4522 492 4590 ferri,
524 4522 573 4578 si
591 4523 793 4577 eodem
813 4520 986 4576 modo
1016 4520 1405 4591 indigeremus
1429 4539 1445 4589 ;
1467 4536 1582 4575 non
1610 4524 1836 4574 tantum

148 4610 202 4665 in
227 4612 507 4681 facilibus,
538 4616 813 4683 tanquam
842 4609 904 4664 in
934 4609 1115 4664 herba
1142 4608 1426 4675 seminali,
1455 4608 1554 4664 sed
1584 4607 1756 4663 etiam
1775 4607 1836 4662 iu

148 4701 489 4770 protectione
516 4697 808 4770 adjutorii,
841 4697 978 4752 forti
1001 4696 1225 4764 robore,
1275 4695 1420 4751 sic'ut
1447 4696 1670 4766 lignum
1716 4695 1836 4749 fru-

148 4787 397 4844 ctiferum
422 4805 437 4857 ;
467 4787 527 4843 id
554 4790 659 4855 est,
688 4785 1015 4842 beneﬁcum
1042 4782 1067 4819 ¹³
1092 4784 1163 4839 ad
1184 4782 1545 4855 eripiendum
1574 4799 1707 4838 eum
1735 4781 1838 4853 qui

146 4876 407 4948 injuriam
451 4876 687 4948 patitur,
741 4875 810 4929 de
859 4890 1038 4929 manu
1082 4872 1354 4944 potentis,
1413 4876 1471 4927 et
1527 4872 1837 4943 prasbendo

150 4965 511 5035 protectionis
540 4964 944 5020 umbraculum
984 4961 1171 5019 valido
1209 4962 1414 5016 robore
1437 4959 1576 5032 justi
1614 4958 1833 5031 judicii.

206 5073 224 5135 t
256 5071 313 5120 In
333 5069 582 5135 vulgatis,
601 5068 758 5135 Δςιιροιι
778 5069 1012 5135 nondum
1035 5074 1135 5129 est,
1160 5069 1229 5120 da
1243 5067 1477 5135 nobisatt
1502 5066 1560 5116 in
1577 5066 1700 5116 Mss.
1726 5079 1837 5115 non

151 5131 363 5182 habetur
389 5129 481 5195 αᾶ,
513 5129 782 5195 nisi:forte
805 5132 869 5195 in,
891 5131 1067 5195 aliquo
1088 5146 1124 5195 Ae
1158 5129 1556 5195 recentioribus.

203 5196 223 5229 ²
249 5196 325 5244 Ita
338 5194 461 5244 Bad.
480 5195 598 5244 Am.
612 5193 697 5243 Er.
712 5207 834 5243 cum
854 5191 1256 5243 Mem—undecim.
1279 5194 1345 5242 At
1360 5193 1484 5241 Lov.
1498 5195 1550 5241 et
1560 5191 1706 5251 Arn.,
1717 5203 1839 5255 pro-

149 5257 283 5320 gredi
308 5258 825 5320 sinamwgaquaemt
851 5256 991 5320 inse
1012 5258 1466 5320 comminuuntur.

202 5321 221 5352 ³
245 5319 369 5368 Bad.
399 5322 516 5368 Am.
549 5317 645 5367 Er.‘
663 5319 787 5367 Lov.
821 5318 1076 5367 omittunt
1100 5322 1152 5369 et
1181 5318 1277 5367 dat
1308 5317 1542 5379 fructum
1567 5328 1742 5379 suum.

202 5382 223 5416 ³
249 5382 331 5433 Sic
355 5380 660 5445 legendum,
698 5380 856 5445 juata
898 5381 1276 5445 qgatuotMss.
1478 5405 1536 5415 —
1568 5377 1837 5445 Sic_etiam

151 5440 287 5492 Mart.
312 5439 438 5492 cuni
464 5456 574 5493 uno
604 5439 896 5492 Ms.'Editio
914 5439 1291 5504 Florentinaet
1308 5443 1336 5491 3
1362 5439 1484 5504 Mss.
1501 5440 1638 5504 apud
1652 5439 1831 5490 Bond.

154 5503 200 5551 P.
228 5504 554 5575 Benedictini
574 5505 627 5575 in
647 5504 976 5575 prioriprimi
1004 5502 1133 5553 torni
1155 5503 1393 5575 editione
1422 5500 1736 5575 liene/icium
1753 5515 1839 5564 po-

152 5571 396 5631 suerunt;
423 5567 480 5616 in
510 5564 793 5631 pateﬁeri
816 5564 957 5631 vero,
999 5568 1206 5631 servata
1240 5564 1557 5631 praecedenti
1592 5564 1838 5622 lectione,

152 5625 449 5680 mutandam
473 5625 589 5679 etim
615 5628 670 5678 in
697 5625 1008 5692 beneﬁcium
1038 5625 1301 5677 dixerunt.
1328 5626 1393 5675 Μ.

3544 335 3648 389 85ἱ

2584 454 2810 509 CAPUT
2835 454 3022 509 XVIII.

1952 541 2112 598 Fiant
2140 540 2468 611 luminaria,
2496 549 2595 599 etc.
2635 544 2763 599 Gen.
2801 546 2849 611 1,
2888 544 2969 598 14.
3000 546 3127 615 Quae
3174 544 3471 600 luminaria
3499 544 3643 600 divi-

2371 630 2555 686 dentia
2580 633 2719 686 inter
2747 632 2887 687 diem
2914 636 2964 686 et
2992 641 3216 688 noctem.

2016 731 2105 783 22.
2138 728 2219 783 Ita
2251 726 2511 794 Domine,
2542 727 2644 797 ita,
2675 745 2776 785 oro
2808 733 2883 796 te,
2918 729 3139 784 oriatur
3167 728 3334 785 sicuti
3352 729 3512 798 facis,
3540 730 3643 786 sic-
3702 718 3716 728 ”

1945 817 2030 873 uti
2058 817 2159 873 das
2213 815 2564 872 hilaritatem
2610 821 2668 871 et
2708 817 3073 885 facultatem;
3115 818 3332 874 oriatur
3381 819 3450 874 de
3491 824 3646 874 terra

1946 907 2172 976 veritas,
2220 909 2277 961 et
2319 904 2546 976 justitia
2598 905 2666 959 de
2718 906 2858 961 ccelo
2911 906 3176 977 respiciat
3225 908 3390 978 (Psal.
3423 925 3641 974 mxrv,

1948 997 2054 1066 12),
2082 998 2138 1051 et
2163 997 2301 1065 ﬂant
2329 996 2388 1049 in
2410 996 2746 1064 ﬁrmamento
2773 996 3090 1051 luminaria.
3125 996 3478 1068 Frangamus
3503 1013 3639 1051 esuc

1943 1081 2115 1138 rienti
2142 1096 2353 1153 panem
2382 1086 2663 1151 nostrum,
2695 1086 2752 1138 et
2782 1098 3031 1154 egenum
3070 1083 3193 1138 sine
3234 1090 3381 1141 tecto
3411 1085 3643 1141 induca-

1942 1187 2069 1225 mus
2095 1172 2155 1225 in
2187 1170 2424 1226 domum
2446 1174 2729 1247 nostram;
2764 1170 2986 1226 nudum
3014 1172 3341 1242 vestiamus,
3372 1178 3428 1230 et
3448 1174 3641 1230 dome-

1942 1260 2108 1315 sticos
2138 1258 2373 1315 seminis
2401 1258 2584 1314 nostri
2607 1274 2725 1314 non
2747 1259 3146 1330 despiciemus.
3169 1262 3381 1323 Quibus
3405 1262 3466 1317 in
3490 1266 3643 1317 terra

1942 1348 2092 1403 natis
2121 1347 2423 1417 fructibus,
2453 1346 2580 1402 vide
2602 1348 2738 1419 quia
2767 1347 2986 1403 bonum
2998 1352 3082 1404 est
3107 1366 3120 1416 ;
3148 1353 3205 1404 et
3227 1353 3490 1421 erumpat
3506 1355 3645 1406 tem-

1942 1453 2193 1509 poranea
2242 1437 2340 1491 lux
2387 1442 2579 1492 nostra
2618 1439 2766 1508 (Isai.
2800 1453 2949 1507 Lvm,
2988 1443 3042 1507 7,
3072 1437 3147 1510 8),
3180 1441 3238 1493 et
3264 1438 3334 1495 de
3363 1438 3472 1494 ista
3497 1438 3642 1495 infe-

1942 1526 2084 1581 riori
2105 1526 2268 1597 fruge
2290 1524 2527 1580 actionis
2547 1524 2608 1580 in
2635 1525 2865 1581 delicias
2882 1527 3381 1599 contemplationis
3407 1527 3641 1582 verbum

1944 1615 2071 1670 vita:
2101 1614 2365 1686 superius
2388 1614 2733 1683 obtinentes,
2760 1631 3139 1687 appareamus
3168 1616 3315 1670 sicut
3343 1617 3643 1671 luminaria

1942 1702 2003 1758 in
2031 1703 2263 1771 mundo,
2296 1702 2647 1758 cohaerentes
2682 1707 3019 1772 firmamento
3054 1703 3361 1775 Scripturae
3390 1707 3526 1758 tuae.
3558 1703 3645 1759 Ibi

1944 1792 2099 1847 enim
2126 1791 2428 1847 nobiscum
2453 1791 2730 1862 disputas,
2754 1796 2819 1847 ut
2838 1791 3160 1847 dividamus
3188 1791 3340 1846 inter
3366 1790 3643 1863 intelligi-

1940 1880 2080 1936 bilia
2110 1884 2167 1936 et
2194 1880 2503 1946 sensibilis,
2536 1884 2811 1950 tanquam
2838 1879 2989 1934 inter
3009 1879 3164 1935 diem
3195 1882 3252 1934 et
3280 1883 3528 1946 noctem,
3553 1879 3641 1935 vel

1941 1968 2094 2024 inter
2130 1967 2372 2035 animas,
2426 1967 2563 2022 alias
2592 1967 3067 2039 intelligibilibus,
3110 1966 3251 2022 alias
3280 1967 3643 2023 sensibilibus

1942 2057 2196 2124 deditas;
2233 2061 2295 2111 ut
2316 2056 2440 2127 jam
2478 2071 2593 2110 non
2621 2059 2679 2110 tu
2712 2056 2867 2110 solus
2895 2054 2957 2110 in
2988 2054 3180 2111 abdito
3216 2054 3642 2126 dijudicationis

1940 2150 2077 2213 tuae,
2100 2144 2565 2217 sicutantequam
2583 2144 2743 2199 ﬁeret
2762 2144 3213 2212 ﬁrmamentum,
3246 2143 3462 2200 dividas
3487 2144 3641 2200 inter

1943 2235 2129 2289 lucem
2152 2237 2209 2289 et
2236 2233 2518 2301 tenebras,
2552 2233 2652 2288 sed
2682 2232 2855 2288 etiam
2877 2232 3201 2304 spirituales
3228 2233 3311 2288 tui
3340 2232 3401 2287 in
3430 2233 3639 2288 eodem

1942 2322 2306 2377 ﬁrmamento
2337 2320 2509 2393 positi
2539 2324 2709 2393 atque
2735 2319 3008 2388 distincti,
3040 2320 3399 2375 manifestata
3426 2336 3529 2391 per
3557 2336 3645 2375 or-

1943 2410 2076 2465 bem
2105 2409 2286 2481 gratia
2322 2413 2420 2464 tua
2450 2410 2661 2465 luceant
2688 2424 2851 2478 super
2888 2413 3110 2477 terram,
3137 2412 3187 2462 et
3214 2408 3469 2463 dividant
3502 2411 3643 2463 inter

1944 2500 2087 2553 diem
2136 2502 2187 2553 et
2231 2502 2457 2568 noctem,
2505 2501 2554 2552 et
2602 2496 2909 2568 signiﬁcent
2950 2500 3224 2566 tempora:
3278 2495 3413 2567 quia
3451 2500 3643 2551 vetera

1940 2587 2314 2655 transierunt,
2346 2602 2472 2642 ecce
2523 2587 2669 2641 facta
2721 2590 2856 2641 sunt
2884 2602 3069 2653 nova;
3121 2589 3176 2641 et
3224 2586 3359 2658 quia
3403 2585 3638 2659 propior

1942 2680 2030 2730 est
2057 2679 2249 2730 nostra
2300 2675 2471 2742 salus,
2516 2690 2691 2745 quam
2746 2690 2878 2728 cum
2924 2673 3269 2729 credidimus
3300 2677 3474 2745 (Rom.
3522 2691 3640 2740 xm,

1948 2765 2071 2834 ll);
2094 2768 2152 2819 et
2179 2763 2316 2835 quia
2340 2779 2453 2817 nox
2482 2762 2793 2833 praecessit,
2826 2762 2948 2817 dies
2978 2766 3170 2817 autem
3211 2762 3642 2834 appropinqua-

1942 2851 2056 2917 vit;
2090 2855 2146 2905 et
2173 2850 2310 2923 quia
2357 2850 2647 2906 benedicis
2690 2866 2962 2906 coronam
2989 2849 3126 2906 anni
3176 2850 3262 2905 tui
3292 2850 3458 2923 (Psal.
3492 2867 3635 2915 LXIV,

1940 2942 2021 3009 2),
2069 2938 2301 2994 mittens
2333 2938 2668 3011 operarios!
2718 2939 2779 2993 in
2820 2955 3064 2994 messem
3108 2945 3265 2993 tuam
3307 2939 3529 3007 (Matth.
3562 2955 3640 3005 1x,

1943 3027 2056 3099 38),
2079 3027 2140 3082 in
2161 3044 2274 3100 qua
2297 3027 2634 3083 seminanda
2652 3027 2749 3082 alii
2766 3028 3189 3093 laboraverunt,
3218 3025 3450 3081 mittens
3468 3025 3643 3081 etiam

1941 3116 2001 3170 in
2033 3117 2202 3171 aliam
2233 3121 2549 3172 sementem
2579 3116 2760 3189 (Joan.
2795 3132 2868 3185 ιν,
2907 3115 3013 3186 38),
3042 3116 3202 3187 cujus
3229 3114 3427 3169 messis
3448 3114 3506 3169 in
3525 3115 3638 3169 ﬁne

1943 3208 2026 3260 est
2070 3206 2284 3277 (Matth,
2314 3220 2436 3275 xm,
2487 3206 2598 3275 39).
2648 3206 2731 3259 Ita
2760 3204 2859 3259 das
2900 3209 3031 3260 vota
3061 3202 3283 3276 optanti
3310 3207 3353 3271 ³,
3382 3208 3440 3259 et
3466 3202 3641 3259 bene-

1941 3296 2081 3351 dicis
2111 3313 2287 3351 annos
2306 3296 2450 3369 justi
2479 3313 2493 3364 ;
2525 3300 2588 3351 tu
2619 3301 2811 3351 autem
2840 3295 2993 3351 idem
3022 3296 3144 3368 ipse
3175 3312 3255 3362 es,
3302 3298 3359 3350 et
3386 3295 3448 3350 in
3480 3295 3646 3351 annis

1942 3385 2056 3440 tuis
2086 3384 2188 3458 qui
2217 3402 2335 3441 non
2383 3384 2658 3440 deﬁciunt
2697 3386 2863 3454 (Psal.
2915 3402 2984 3451 cr,
3035 3385 3148 3455 28),
3185 3384 3458 3440 horreum
3495 3400 3648 3455 pra:-

1942 3491 2110 3545 paras
2153 3473 2317 3529 annis
2367 3473 2814 3529 transeuntibus.
2869 3475 3096 3529 JEterno
3129 3473 3343 3545 quippe
3382 3472 3642 3540 consilio,

1947 3563 2188 3635 propriis
2217 3562 2575 3634 temporibus
2604 3562 2757 3617 bona
2784 3561 3035 3617 coelestia
3072 3562 3170 3617 das
3207 3578 3379 3632 super
3407 3566 3640 3616 terram.

2013 3653 2101 3706 25.
2130 3650 2412 3715 Quoniam
2443 3650 2675 3722 quidem
2707 3648 2806 3704 alii
2835 3650 3004 3704 datur
3021 3665 3124 3721 per
3153 3649 3428 3721 Spiritum
3459 3665 3645 3704 sermo

1944 3736 2257 3809 sapientiae,
2290 3742 2566 3809 tanquam
2604 3739 2872 3792 luminare
2908 3737 3109 3806 majus,
3141 3740 3379 3807 propter
3416 3752 3514 3790 eos
3544 3734 3644 3807 qui

1941 3823 2525 3896 perspicuaaveritatis
2553 3824 2679 3879 luce
2707 3824 3079 3891 delectantur,
3104 3827 3381 3894 tanquam
3407 3822 3469 3877 in
3484 3822 3642 3894 prin-
3669 3846 3675 3852 ν

1943 3912 2093 3984 cipio
2124 3912 2273 3980 diei;
2307 3911 2405 3967 alii
2434 3915 2627 3967 autem
2653 3926 2840 3965 sermo
2859 3909 3109 3965 scientiae
3139 3909 3457 3964 secundum
3483 3925 3640 3964 eum-

1944 4009 2074 4058 dem
2102 4000 2388 4073 spiritum,
2447 4004 2724 4072 tanquam
2754 4001 3022 4054 luminare
3049 4000 3264 4066 minus;
3323 3997 3421 4053 alii
3475 3998 3640 4064 ﬁdes,

1945 4089 2043 4145 alii
2074 4089 2305 4145 donatio
2359 4088 2742 4155 curationum,
2793 4086 2890 4142 alii
2939 4086 3299 4158 operationes
3342 4086 3642 4153 virtutum,

1945 4179 2041 4235 alii
2075 4178 2399 4251 prophetia,
2431 4178 2529 4233 alii
2554 4176 2827 4251 judicatio
2867 4175 3191 4248 spirituum,
3222 4175 3387 4230 alteri
3433 4190 3644 4246 genera

1943 4267 2318 4339 linguarum;
2349 4272 2406 4323 et
2460 4266 2584 4321 hinc
2631 4264 2825 4320 omnia
2871 4268 3146 4335 tanquam
3189 4264 3385 4317 stellzr.
3440 4262 3647 4319 Omnia

1945 4336 2103 4420 enim
2130 4336 2252 4410 huic
2285 4357 2552 4427 0peratur
2596 4368 2746 4408 unus
2790 4356 2961 4423 atque
3008 4350 3164 4405 idem
3200 4350 3466 4422 Spiritus,
3499 4350 3643 4405 divi-

1945 4443 2083 4499 dens
2112 4443 2344 4515 propria
2358 4442 2669 4513 unicuique
2690 4445 2864 4515 prout
2883 4440 3022 4508 vult,
3046 4443 3101 4494 et
3121 4438 3335 4494 faciens
3365 4455 3645 4510 apparere

1947 4533 2134 4588 sidera
2161 4532 2223 4586 in
2253 4531 2709 4587 manifestatione
2750 4529 2814 4584 ad
2866 4529 3171 4584 utilitatem
3217 4528 3260 4599 (I
3291 4529 3410 4585 Cor.
3459 4544 3555 4589 xu,
3586 4533 3644 4595 '7,

1951 4622 2055 4690 11).
2102 4620 2299 4675 Sermo
2340 4626 2534 4675 autem
2586 4617 2834 4673 scientiae
2884 4634 2997 4688 qua
3034 4615 3401 4671 continentur
3449 4616 3646 4671 omnia

1947 4712 2321 4777 sacramenta,
2372 4725 2500 4780 qua:
2529 4706 2822 4762 variantur
2850 4703 3209 4776 temporibus
3249 4708 3526 4775 tanquam
3554 4705 3646 4760 lu-

1948 4812 2041 4863 na,
2072 4800 2129 4851 et
2155 4801 2376 4851 caeteras
2396 4795 2615 4851 notitiae
2636 4796 2918 4850 donorum
2939 4810 3067 4865 quae
3086 4792 3352 4865 deinceps
3368 4798 3645 4867 tauquam

1948 4884 2129 4939 stellas
2157 4888 2605 4939 commemorata
2632 4887 2785 4951 sunt,
2817 4886 3100 4954 quantum
3140 4881 3416 4937 differunt
3445 4882 3514 4937 ab
3542 4881 3643 4937 illo

1947 4972 2192 5026 candore
2222 4972 2517 5043 sapientiae
2547 4987 2661 5044 quo
2690 4971 2900 5043 gaudet
2925 4970 3231 5043 praedictus
3253 4969 3394 5037 dies,
3418 4974 3644 5025 tantum

1948 5062 2011 5118 in
2037 5060 2320 5135 principio
2354 5060 2378 5096 ⁵
2405 5061 2587 5117 noctis
2630 5064 2782 5117 sunt.
2817 5060 2914 5115 His
2940 5059 3093 5115 enim
3132 5065 3267 5115 sunt
3307 5058 3644 5127 necessaria,

2016 5185 2031 5218 ¹
2063 5184 2299 5241 Quatuor
2326 5186 2449 5235 Mss.
2467 5183 2643 5247 Αιιει.⁷
2675 5182 3014 5247 benignitatis
3042 5184 3339 5247 operarios.

2009 5247 2032 5282 2
2057 5247 2203 5308 Lov.,
2233 5250 2403 5299 vitam
2428 5245 2674 5360 3mm;
2705 5250 2757 5295 et
2777 5245 2940 5317 paulo
2979 5251 3113 5309 post,
3146 5246 3323 5293 ortum
3350 5251 3641 5303 prwparas:

2009 5312 2133 5360 tntra
2183 5324 2340 5360 uuam
2390 5312 2426 5360 h
2497 5314 2589 5360 ent
2615 5312 2791 5359 caeteri
2819 5308 3043 5360 codices.
3096 5319 3229 5360 quos
3268 5308 3487 5360 utroque
3525 5301 3641 5350 loco

1950 5312 2133 5383 contra
2183 5301 2340 5373 quam
2390 5301 2589 5361 habent
2615 5301 2801 5359 caeteri
2819 5301 3043 5367 codices,
3096 5301 3229 5369 Quos
3268 5301 3487 5365 utroque
3525 5301 3642 5350 loco

1951 5384 2453 5486 ﬁ9‘31titillat?rimlioris
2490 5437 2651 5497 notae,
2679 5435 2737 5483 in
2770 5431 3048 5497 principia
3082 5428 3137 5497 id
3166 5430 3247 5497 est
3265 5426 3333 5497 .in
3362 5424 3647 5497 luminaria

1952 5499 2148 5549 noctis:
2185 5510 2304 5561 quin
2334 5497 2488 5546 lectio
2516 5486 2785 5561 videretur
2810 5486 3153 5561 prmlérenda,
3176 5488 3278 5561 nisi
3307 5486 3465 5561 paulo
3485 5501 3645 5561 supra

1951 5549 2234 5623 haberetur
2264 5562 2322 5608 in
2359 5560 2620 5623 principio
2645 5555 2779 5623 diei;
2808 5549 3060 5623 ιονιξ-ρῳ
3087 5558 3144 5623 gn
3168 5549 3495 5623 principinm
3521 5549 3645 5605 dici.

1953 5624 2108 5688 juxta
2134 5622 2327 5673 librum
2359 5612 2379 5671 l
2406 5620 2471 5671 de
2499 5612 2686 5670 Genesi
2713 5612 2897 5667 centra
2916 5612 3252 5673 tinnientem,
3278 5625 3391 5676 cap.
3424 5613 3501 5663 14.
