  <div class='ocr_page' id='page_1' title='image "/cluster/home/n/w/nwhite01/storage/ocr_20150623/32/umn.31951002477326y/439.png"; bbox 0 0 4058 6358; ppageno 0'>
   <div class='ocr_carea' id='block_1_1' title="bbox 372 285 474 337">
    <p class='ocr_par' dir='ltr' id='par_1_1' title="bbox 372 285 474 337">
     <span class='ocr_line' id='line_1_1' title="bbox 372 285 474 337; baseline 0.02 -2"><span class='ocrx_word' id='word_1_1' title='bbox 372 285 474 337; x_wconf 77' lang='grc'><strong>855</strong></span> 
     </span>
    </p>
   </div>
   <div class='ocr_carea' id='block_1_2' title="bbox 374 395 2067 474">
    <p class='ocr_par' dir='ltr' id='par_1_2' title="bbox 374 395 2067 474">
     <span class='ocr_line' id='line_1_2' title="bbox 374 395 2067 474; baseline -0.004 -18"><span class='ocrx_word' id='word_1_2' title='bbox 374 400 585 474; x_wconf 84' lang='lat' dir='ltr'><strong>quibus</strong></span> <span class='ocrx_word' id='word_1_3' title='bbox 609 399 705 455; x_wconf 88' lang='lat' dir='ltr'><strong>ille</strong></span> <span class='ocrx_word' id='word_1_4' title='bbox 733 398 1213 471; x_wconf 90' lang='lat' dir='ltr'><strong>prudentissimus</strong></span> <span class='ocrx_word' id='word_1_5' title='bbox 1244 415 1439 454; x_wconf 90' lang='lat' dir='ltr'><strong>servus</strong></span> <span class='ocrx_word' id='word_1_6' title='bbox 1464 401 1597 454; x_wconf 88' lang='lat' dir='ltr'><strong>tuus</strong></span> <span class='ocrx_word' id='word_1_7' title='bbox 1615 414 1731 453; x_wconf 91' lang='lat' dir='ltr'><strong>non</strong></span> <span class='ocrx_word' id='word_1_8' title='bbox 1767 395 1956 469; x_wconf 91' lang='lat' dir='ltr'><strong>potuit</strong></span> <span class='ocrx_word' id='word_1_9' title='bbox 1981 397 2067 450; x_wconf 90' lang='lat' dir='ltr'><strong>lo-</strong></span> 
     </span>
    </p>
   </div>
   <div class='ocr_carea' id='block_1_3' title="bbox 374 486 2067 562">
    <p class='ocr_par' dir='ltr' id='par_1_3' title="bbox 374 486 2067 562">
     <span class='ocr_line' id='line_1_3' title="bbox 374 486 2067 562; baseline -0.003 -18"><span class='ocrx_word' id='word_1_10' title='bbox 374 490 474 562; x_wconf 87' lang='lat' dir='ltr'><strong>qui</strong></span> <span class='ocrx_word' id='word_1_11' title='bbox 527 488 691 561; x_wconf 89' lang='lat' dir='ltr'><strong>quasi</strong></span> <span class='ocrx_word' id='word_1_12' title='bbox 734 487 1147 560; x_wconf 86' lang='lat' dir='ltr'><strong>spiritualibus,</strong></span> <span class='ocrx_word' id='word_1_13' title='bbox 1182 488 1279 543; x_wconf 92' lang='lat' dir='ltr'><strong>sed</strong></span> <span class='ocrx_word' id='word_1_14' title='bbox 1324 488 1487 560; x_wconf 91' lang='lat' dir='ltr'><strong>quasi</strong></span> <span class='ocrx_word' id='word_1_15' title='bbox 1523 487 1844 541; x_wconf 77' lang='lat' dir='ltr'><strong>carnalibus</strong></span> <span class='ocrx_word' id='word_1_16' title='bbox 1876 488 1919 549; x_wconf 82' lang='grc' dir='ltr'>(Ῑ</span> <span class='ocrx_word' id='word_1_17' title='bbox 1948 486 2067 542; x_wconf 85' lang='lat' dir='ltr'><strong>Cor.</strong></span> 
     </span>
    </p>
   </div>
   <div class='ocr_carea' id='block_1_4' title="bbox 376 573 2071 648">
    <p class='ocr_par' dir='ltr' id='par_1_4' title="bbox 376 573 2071 648">
     <span class='ocr_line' id='line_1_4' title="bbox 376 573 2071 648; baseline -0.004 -15"><span class='ocrx_word' id='word_1_18' title='bbox 376 594 456 643; x_wconf 82' lang='grc' dir='ltr'><strong>ιη,</strong></span> <span class='ocrx_word' id='word_1_19' title='bbox 478 579 549 647; x_wconf 92' lang='lat'><strong>1),</strong></span> <span class='ocrx_word' id='word_1_20' title='bbox 574 576 669 631; x_wconf 91' lang='lat' dir='ltr'><strong>ille</strong></span> <span class='ocrx_word' id='word_1_21' title='bbox 690 576 789 647; x_wconf 90' lang='lat' dir='ltr'><strong>qui</strong></span> <span class='ocrx_word' id='word_1_22' title='bbox 816 576 1155 648; x_wconf 81' lang='lat' dir='ltr'><strong>sapientiam</strong></span> <span class='ocrx_word' id='word_1_23' title='bbox 1170 576 1425 648; x_wconf 86' lang='lat' dir='ltr'><strong>loquitur</strong></span> <span class='ocrx_word' id='word_1_24' title='bbox 1446 576 1596 631; x_wconf 90' lang='lat' dir='ltr'><strong>inter</strong></span> <span class='ocrx_word' id='word_1_25' title='bbox 1612 575 1889 647; x_wconf 88' lang='lat' dir='ltr'><strong>perfectos</strong></span> <span class='ocrx_word' id='word_1_26' title='bbox 1911 573 2071 644; x_wconf 80' lang='lat' dir='ltr'><strong>(Ibid.</strong></span> 
     </span>
    </p>
   </div>
   <div class='ocr_carea' id='block_1_5' title="bbox 378 661 2073 737">
    <p class='ocr_par' dir='ltr' id='par_1_5' title="bbox 378 661 2073 737">
     <span class='ocr_line' id='line_1_5' title="bbox 378 661 2073 737; baseline -0.004 -16"><span class='ocrx_word' id='word_1_27' title='bbox 378 683 439 733; x_wconf 80' lang='grc' dir='ltr'><strong>ιι,</strong></span> <span class='ocrx_word' id='word_1_28' title='bbox 472 668 542 737; x_wconf 90' lang='grc'><strong>6).</strong></span> <span class='ocrx_word' id='word_1_29' title='bbox 579 664 860 720; x_wconf 80' lang='lat' dir='ltr'><strong>Animalis</strong></span> <span class='ocrx_word' id='word_1_30' title='bbox 905 669 1098 719; x_wconf 91' lang='lat' dir='ltr'><strong>autem</strong></span> <span class='ocrx_word' id='word_1_31' title='bbox 1148 666 1323 720; x_wconf 84' lang='lat' dir='ltr'><strong>homo</strong></span> <span class='ocrx_word' id='word_1_32' title='bbox 1380 669 1654 735; x_wconf 89' lang='lat' dir='ltr'><strong>tanquam</strong></span> <span class='ocrx_word' id='word_1_33' title='bbox 1697 663 1967 734; x_wconf 84' lang='lat' dir='ltr'><strong>parvulus</strong></span> <span class='ocrx_word' id='word_1_34' title='bbox 2010 661 2073 715; x_wconf 91' lang='lat' dir='ltr'><strong>in</strong></span> 
     </span>
    </p>
   </div>
   <div class='ocr_carea' id='block_1_6' title="bbox 382 751 2075 824">
    <p class='ocr_par' dir='ltr' id='par_1_6' title="bbox 382 751 2075 824">
     <span class='ocr_line' id='line_1_6' title="bbox 382 751 2075 824; baseline -0.003 -15"><span class='ocrx_word' id='word_1_35' title='bbox 382 754 603 809; x_wconf 82' lang='lat' dir='ltr'><strong>Christo</strong></span> <span class='ocrx_word' id='word_1_36' title='bbox 637 752 912 824; x_wconf 88' lang='lat' dir='ltr'><strong>lactisque</strong></span> <span class='ocrx_word' id='word_1_37' title='bbox 932 757 1184 824; x_wconf 89' lang='lat' dir='ltr'><strong>potator,</strong></span> <span class='ocrx_word' id='word_1_38' title='bbox 1200 754 1381 809; x_wconf 92' lang='lat' dir='ltr'><strong>donec</strong></span> <span class='ocrx_word' id='word_1_39' title='bbox 1412 753 1714 807; x_wconf 87' lang='lat' dir='ltr'><strong>roboretur</strong></span> <span class='ocrx_word' id='word_1_40' title='bbox 1746 752 1813 806; x_wconf 89' lang='lat' dir='ltr'><strong>ad</strong></span> <span class='ocrx_word' id='word_1_41' title='bbox 1830 751 2075 806; x_wconf 86' lang='lat' dir='ltr'><strong>solidum</strong></span> 
     </span>
    </p>
   </div>
   <div class='ocr_carea' id='block_1_7' title="bbox 379 839 2077 912">
    <p class='ocr_par' dir='ltr' id='par_1_7' title="bbox 379 839 2077 912">
     <span class='ocr_line' id='line_1_7' title="bbox 379 839 2077 912; baseline -0.002 -16"><span class='ocrx_word' id='word_1_42' title='bbox 379 843 593 909; x_wconf 88' lang='lat' dir='ltr'><strong>cibum,</strong></span> <span class='ocrx_word' id='word_1_43' title='bbox 627 845 684 897; x_wconf 90' lang='lat' dir='ltr'><strong>et</strong></span> <span class='ocrx_word' id='word_1_44' title='bbox 709 841 890 897; x_wconf 91' lang='lat' dir='ltr'><strong>aciem</strong></span> <span class='ocrx_word' id='word_1_45' title='bbox 919 842 1110 896; x_wconf 86' lang='lat' dir='ltr'><strong>ﬁrmet</strong></span> <span class='ocrx_word' id='word_1_46' title='bbox 1137 842 1208 896; x_wconf 89' lang='lat' dir='ltr'><strong>ad</strong></span> <span class='ocrx_word' id='word_1_47' title='bbox 1241 841 1373 896; x_wconf 91' lang='lat' dir='ltr'><strong>solis</strong></span> <span class='ocrx_word' id='word_1_48' title='bbox 1401 845 1712 912; x_wconf 86' lang='lat' dir='ltr'><strong>aspectum,</strong></span> <span class='ocrx_word' id='word_1_49' title='bbox 1738 856 1853 895; x_wconf 93' lang='lat' dir='ltr'><strong>non</strong></span> <span class='ocrx_word' id='word_1_50' title='bbox 1871 839 2077 894; x_wconf 89' lang='lat' dir='ltr'><strong>habeat</strong></span> 
     </span>
    </p>
   </div>
   <div class='ocr_carea' id='block_1_8' title="bbox 380 929 2076 998">
    <p class='ocr_par' dir='ltr' id='par_1_8' title="bbox 380 929 2076 998">
     <span class='ocr_line' id='line_1_8' title="bbox 380 929 2076 998; baseline -0.003 -12"><span class='ocrx_word' id='word_1_51' title='bbox 380 933 662 986; x_wconf 85' lang='lat' dir='ltr'><strong>desertam</strong></span> <span class='ocrx_word' id='word_1_52' title='bbox 691 936 919 985; x_wconf 92' lang='lat' dir='ltr'><strong>noctem</strong></span> <span class='ocrx_word' id='word_1_53' title='bbox 972 947 1156 996; x_wconf 89' lang='lat' dir='ltr'><strong>suam,</strong></span> <span class='ocrx_word' id='word_1_54' title='bbox 1198 930 1297 984; x_wconf 93' lang='lat' dir='ltr'><strong>sed</strong></span> <span class='ocrx_word' id='word_1_55' title='bbox 1327 930 1451 985; x_wconf 92' lang='lat' dir='ltr'><strong>luce</strong></span> <span class='ocrx_word' id='word_1_56' title='bbox 1480 931 1631 984; x_wconf 83' lang='lat' dir='ltr'><strong>lunm</strong></span> <span class='ocrx_word' id='word_1_57' title='bbox 1666 929 2076 998; x_wconf 82' lang='lat' dir='ltr'><strong>stellarumque</strong></span> 
     </span>
    </p>
   </div>
   <div class='ocr_carea' id='block_1_9' title="bbox 379 1016 2078 1090">
    <p class='ocr_par' dir='ltr' id='par_1_9' title="bbox 379 1016 2078 1090">
     <span class='ocr_line' id='line_1_9' title="bbox 379 1016 2078 1090; baseline -0.003 -16"><span class='ocrx_word' id='word_1_58' title='bbox 379 1023 679 1074; x_wconf 87' lang='lat' dir='ltr'><strong>contentus</strong></span> <span class='ocrx_word' id='word_1_59' title='bbox 714 1018 802 1074; x_wconf 88' lang='lat' dir='ltr'><strong>sit.</strong></span> <span class='ocrx_word' id='word_1_60' title='bbox 840 1021 970 1074; x_wconf 84' lang='lat' dir='ltr'><strong>Hmc</strong></span> <span class='ocrx_word' id='word_1_61' title='bbox 1019 1018 1315 1072; x_wconf 89' lang='lat' dir='ltr'><strong>nobiscum</strong></span> <span class='ocrx_word' id='word_1_62' title='bbox 1347 1018 1622 1090; x_wconf 78' lang='lat' dir='ltr'><strong>disputas,</strong></span> <span class='ocrx_word' id='word_1_63' title='bbox 1662 1016 2078 1089; x_wconf 84' lang='lat' dir='ltr'><strong>sapientissime</strong></span> 
     </span>
    </p>
   </div>
   <div class='ocr_carea' id='block_1_10' title="bbox 386 1105 2077 1174">
    <p class='ocr_par' dir='ltr' id='par_1_10' title="bbox 386 1105 2077 1174">
     <span class='ocr_line' id='line_1_10' title="bbox 386 1105 2077 1174; baseline -0.003 -11"><span class='ocrx_word' id='word_1_64' title='bbox 386 1111 533 1163; x_wconf 88' lang='lat' dir='ltr'><strong>Deus</strong></span> <span class='ocrx_word' id='word_1_65' title='bbox 563 1112 777 1174; x_wconf 90' lang='lat' dir='ltr'><strong>noster,</strong></span> <span class='ocrx_word' id='word_1_66' title='bbox 810 1107 872 1161; x_wconf 90' lang='lat' dir='ltr'><strong>in</strong></span> <span class='ocrx_word' id='word_1_67' title='bbox 904 1107 1071 1161; x_wconf 89' lang='lat' dir='ltr'><strong>Libro</strong></span> <span class='ocrx_word' id='word_1_68' title='bbox 1097 1110 1196 1161; x_wconf 89' lang='lat' dir='ltr'><strong>tuo</strong></span> <span class='ocrx_word' id='word_1_69' title='bbox 1227 1108 1590 1161; x_wconf 89' lang='lat' dir='ltr'><strong>ﬁrmamento</strong></span> <span class='ocrx_word' id='word_1_70' title='bbox 1612 1111 1746 1174; x_wconf 88' lang='lat' dir='ltr'><strong>tuo;</strong></span> <span class='ocrx_word' id='word_1_71' title='bbox 1780 1110 1844 1159; x_wconf 90' lang='lat' dir='ltr'><strong>ut</strong></span> <span class='ocrx_word' id='word_1_72' title='bbox 1870 1105 2077 1159; x_wconf 84' lang='lat' dir='ltr'><strong>discer-</strong></span> 
     </span>
    </p>
   </div>
   <div class='ocr_carea' id='block_1_11' title="bbox 383 1192 2081 1265">
    <p class='ocr_par' dir='ltr' id='par_1_11' title="bbox 383 1192 2081 1265">
     <span class='ocr_line' id='line_1_11' title="bbox 383 1192 2081 1265; baseline -0.002 -15"><span class='ocrx_word' id='word_1_73' title='bbox 383 1212 594 1251; x_wconf 91' lang='lat' dir='ltr'><strong>namus</strong></span> <span class='ocrx_word' id='word_1_74' title='bbox 621 1195 818 1250; x_wconf 86' lang='lat' dir='ltr'><strong>omnia</strong></span> <span class='ocrx_word' id='word_1_75' title='bbox 847 1194 1327 1265; x_wconf 87' lang='lat' dir='ltr'><strong>contemplatione</strong></span> <span class='ocrx_word' id='word_1_76' title='bbox 1357 1192 1627 1263; x_wconf 89' lang='lat' dir='ltr'><strong>mirabili,</strong></span> <span class='ocrx_word' id='word_1_77' title='bbox 1675 1193 1934 1263; x_wconf 83' lang='lat' dir='ltr'><strong>quamvis</strong></span> <span class='ocrx_word' id='word_1_78' title='bbox 1980 1192 2081 1247; x_wconf 87' lang='lat' dir='ltr'><strong>ad-</strong></span> 
     </span>
    </p>
   </div>
   <div class='ocr_carea' id='block_1_12' title="bbox 384 1281 2083 1352">
    <p class='ocr_par' dir='ltr' id='par_1_12' title="bbox 384 1281 2083 1352">
     <span class='ocr_line' id='line_1_12' title="bbox 384 1281 2083 1352; baseline -0.002 -14"><span class='ocrx_word' id='word_1_79' title='bbox 384 1285 495 1340; x_wconf 88' lang='lat' dir='ltr'><strong>huc</strong></span> <span class='ocrx_word' id='word_1_80' title='bbox 523 1286 582 1339; x_wconf 87' lang='lat' dir='ltr'><strong>in</strong></span> <span class='ocrx_word' id='word_1_81' title='bbox 634 1286 828 1351; x_wconf 77' lang='lat' dir='ltr'><strong>signis,</strong></span> <span class='ocrx_word' id='word_1_82' title='bbox 879 1288 930 1337; x_wconf 89' lang='lat' dir='ltr'><strong>et</strong></span> <span class='ocrx_word' id='word_1_83' title='bbox 975 1285 1035 1337; x_wconf 86' lang='lat' dir='ltr'><strong>in</strong></span> <span class='ocrx_word' id='word_1_84' title='bbox 1078 1283 1423 1352; x_wconf 82' lang='lat' dir='ltr'><strong>temporibus,</strong></span> <span class='ocrx_word' id='word_1_85' title='bbox 1469 1286 1519 1337; x_wconf 88' lang='lat' dir='ltr'><strong>et</strong></span> <span class='ocrx_word' id='word_1_86' title='bbox 1567 1284 1624 1336; x_wconf 85' lang='lat' dir='ltr'><strong>in</strong></span> <span class='ocrx_word' id='word_1_87' title='bbox 1681 1281 1888 1348; x_wconf 83' lang='lat' dir='ltr'><strong>diebus,</strong></span> <span class='ocrx_word' id='word_1_88' title='bbox 1947 1285 1995 1335; x_wconf 89' lang='lat' dir='ltr'><strong>et</strong></span> <span class='ocrx_word' id='word_1_89' title='bbox 2022 1282 2083 1335; x_wconf 86' lang='lat' dir='ltr'><strong>in</strong></span> 
     </span>
    </p>
   </div>
   <div class='ocr_carea' id='block_1_13' title="bbox 390 1376 568 1428">
    <p class='ocr_par' dir='ltr' id='par_1_13' title="bbox 390 1376 568 1428">
     <span class='ocr_line' id='line_1_13' title="bbox 390 1376 568 1428; baseline 0 0"><span class='ocrx_word' id='word_1_90' title='bbox 390 1376 568 1428; x_wconf 69' lang='lat' dir='ltr'><strong>annis.</strong></span> 
     </span>
    </p>
   </div>
   <div class='ocr_carea' id='block_1_14' title="bbox 1028 1476 1421 1531">
    <p class='ocr_par' dir='ltr' id='par_1_14' title="bbox 1028 1476 1421 1531">
     <span class='ocr_line' id='line_1_14' title="bbox 1028 1476 1421 1531; baseline 0 0"><span class='ocrx_word' id='word_1_91' title='bbox 1028 1476 1252 1531; x_wconf 86' lang='lat' dir='ltr'><strong>CAPUT</strong></span> <span class='ocrx_word' id='word_1_92' title='bbox 1282 1476 1421 1531; x_wconf 83' lang='lat' dir='ltr'><strong>XIX.</strong></span> 
     </span>
    </p>
   </div>
   <div class='ocr_carea' id='block_1_15' title="bbox 463 1579 2011 1648">
    <p class='ocr_par' dir='ltr' id='par_1_15' title="bbox 463 1579 2011 1648">
     <span class='ocr_line' id='line_1_15' title="bbox 463 1579 2011 1648; baseline -0.005 -7"><span class='ocrx_word' id='word_1_93' title='bbox 463 1588 683 1641; x_wconf 81' lang='lat' dir='ltr'><strong>Tractat</strong></span> <span class='ocrx_word' id='word_1_94' title='bbox 713 1583 954 1639; x_wconf 83' lang='lat' dir='ltr'><strong>eumdem</strong></span> <span class='ocrx_word' id='word_1_95' title='bbox 982 1584 1321 1648; x_wconf 81' lang='lat' dir='ltr'><strong>versiculum,</strong></span> <span class='ocrx_word' id='word_1_96' title='bbox 1356 1581 1520 1635; x_wconf 86' lang='lat' dir='ltr'><strong>Fiant</strong></span> <span class='ocrx_word' id='word_1_97' title='bbox 1559 1579 1881 1645; x_wconf 87' lang='lat' dir='ltr'><strong>luminaria,</strong></span> <span class='ocrx_word' id='word_1_98' title='bbox 1913 1584 2011 1634; x_wconf 83' lang='lat' dir='ltr'><strong>etc.</strong></span> 
     </span>
    </p>
   </div>
   <div class='ocr_carea' id='block_1_16' title="bbox 460 1686 2081 1761">
    <p class='ocr_par' dir='ltr' id='par_1_16' title="bbox 460 1686 2081 1761">
     <span class='ocr_line' id='line_1_16' title="bbox 460 1686 2081 1761; baseline -0.005 -14"><span class='ocrx_word' id='word_1_99' title='bbox 460 1694 548 1747; x_wconf 60' lang='lat' dir='ltr'><strong>2i.</strong></span> <span class='ocrx_word' id='word_1_100' title='bbox 582 1691 692 1746; x_wconf 90' lang='lat' dir='ltr'><strong>Sed</strong></span> <span class='ocrx_word' id='word_1_101' title='bbox 721 1689 881 1761; x_wconf 89' lang='lat' dir='ltr'><strong>prius</strong></span> <span class='ocrx_word' id='word_1_102' title='bbox 910 1688 1196 1755; x_wconf 89' lang='lat' dir='ltr'><strong>lavamini,</strong></span> <span class='ocrx_word' id='word_1_103' title='bbox 1230 1687 1432 1742; x_wconf 89' lang='lat' dir='ltr'><strong>mundi</strong></span> <span class='ocrx_word' id='word_1_104' title='bbox 1462 1691 1679 1753; x_wconf 90' lang='lat' dir='ltr'><strong>estote;</strong></span> <span class='ocrx_word' id='word_1_105' title='bbox 1714 1686 1932 1740; x_wconf 87' lang='lat' dir='ltr'><strong>auferte</strong></span> <span class='ocrx_word' id='word_1_106' title='bbox 1981 1701 2081 1739; x_wconf 89' lang='lat' dir='ltr'><strong>ne-</strong></span> 
     </span>
    </p>
   </div>
   <div class='ocr_carea' id='block_1_17' title="bbox 393 1775 2089 1853">
    <p class='ocr_par' dir='ltr' id='par_1_17' title="bbox 393 1775 2089 1853">
     <span class='ocr_line' id='line_1_17' title="bbox 393 1775 2089 1853; baseline -0.005 -17"><span class='ocrx_word' id='word_1_107' title='bbox 393 1780 635 1853; x_wconf 85' lang='lat' dir='ltr'><strong>quitiam</strong></span> <span class='ocrx_word' id='word_1_108' title='bbox 662 1779 730 1833; x_wconf 89' lang='lat' dir='ltr'><strong>ab</strong></span> <span class='ocrx_word' id='word_1_109' title='bbox 761 1776 967 1833; x_wconf 89' lang='lat' dir='ltr'><strong>animis</strong></span> <span class='ocrx_word' id='word_1_110' title='bbox 1014 1777 1236 1839; x_wconf 86' lang='lat' dir='ltr'><strong>vestris,</strong></span> <span class='ocrx_word' id='word_1_111' title='bbox 1277 1782 1449 1847; x_wconf 89' lang='lat' dir='ltr'><strong>atque</strong></span> <span class='ocrx_word' id='word_1_112' title='bbox 1475 1793 1507 1830; x_wconf 93' lang='lat' dir='ltr'><strong>a</strong></span> <span class='ocrx_word' id='word_1_113' title='bbox 1555 1779 1859 1845; x_wconf 90' lang='lat' dir='ltr'><strong>conspectu</strong></span> <span class='ocrx_word' id='word_1_114' title='bbox 1897 1775 2089 1828; x_wconf 88' lang='lat' dir='ltr'><strong>oculo-</strong></span> 
     </span>
    </p>
   </div>
   <div class='ocr_carea' id='block_1_18' title="bbox 390 1863 2086 1936">
    <p class='ocr_par' dir='ltr' id='par_1_18' title="bbox 390 1863 2086 1936">
     <span class='ocr_line' id='line_1_18' title="bbox 390 1863 2086 1936; baseline -0.004 -12"><span class='ocrx_word' id='word_1_115' title='bbox 390 1887 522 1924; x_wconf 85' lang='lat' dir='ltr'><strong>rum</strong></span> <span class='ocrx_word' id='word_1_116' title='bbox 553 1884 837 1932; x_wconf 84' lang='lat' dir='ltr'><strong>meorum,</strong></span> <span class='ocrx_word' id='word_1_117' title='bbox 870 1870 934 1921; x_wconf 91' lang='lat' dir='ltr'><strong>ut</strong></span> <span class='ocrx_word' id='word_1_118' title='bbox 963 1871 1231 1936; x_wconf 84' lang='lat' dir='ltr'><strong>appareat</strong></span> <span class='ocrx_word' id='word_1_119' title='bbox 1275 1866 1457 1919; x_wconf 84' lang='lat' dir='ltr'><strong>arida.</strong></span> <span class='ocrx_word' id='word_1_120' title='bbox 1494 1864 1701 1919; x_wconf 88' lang='lat' dir='ltr'><strong>Discite</strong></span> <span class='ocrx_word' id='word_1_121' title='bbox 1750 1864 1969 1918; x_wconf 92' lang='lat' dir='ltr'><strong>bonum</strong></span> <span class='ocrx_word' id='word_1_122' title='bbox 2007 1863 2086 1917; x_wconf 89' lang='lat' dir='ltr'><strong>fa-</strong></span> 
     </span>
    </p>
   </div>
   <div class='ocr_carea' id='block_1_19' title="bbox 389 1953 2089 2029">
    <p class='ocr_par' dir='ltr' id='par_1_19' title="bbox 389 1953 2089 2029">
     <span class='ocr_line' id='line_1_19' title="bbox 389 1953 2089 2029; baseline -0.005 -15"><span class='ocrx_word' id='word_1_123' title='bbox 389 1976 539 2023; x_wconf 89' lang='lat' dir='ltr'><strong>cere,</strong></span> <span class='ocrx_word' id='word_1_124' title='bbox 566 1957 818 2029; x_wconf 89' lang='lat' dir='ltr'><strong>judicate</strong></span> <span class='ocrx_word' id='word_1_125' title='bbox 846 1956 1087 2027; x_wconf 83' lang='lat' dir='ltr'><strong>pupillo,</strong></span> <span class='ocrx_word' id='word_1_126' title='bbox 1118 1960 1175 2009; x_wconf 92' lang='lat' dir='ltr'><strong>et</strong></span> <span class='ocrx_word' id='word_1_127' title='bbox 1195 1954 1505 2026; x_wconf 87' lang='lat' dir='ltr'><strong>justiﬁcate</strong></span> <span class='ocrx_word' id='word_1_128' title='bbox 1548 1953 1816 2019; x_wconf 80' lang='lat' dir='ltr'><strong>viduam;</strong></span> <span class='ocrx_word' id='word_1_129' title='bbox 1867 1957 1931 2007; x_wconf 92' lang='lat' dir='ltr'><strong>ut</strong></span> <span class='ocrx_word' id='word_1_130' title='bbox 1968 1969 2089 2022; x_wconf 86' lang='lat' dir='ltr'><strong>ger-</strong></span> 
     </span>
    </p>
   </div>
   <div class='ocr_carea' id='block_1_20' title="bbox 393 2044 2092 2114">
    <p class='ocr_par' dir='ltr' id='par_1_20' title="bbox 393 2044 2092 2114">
     <span class='ocr_line' id='line_1_20' title="bbox 393 2044 2092 2114; baseline -0.005 -11"><span class='ocrx_word' id='word_1_131' title='bbox 393 2052 556 2103; x_wconf 87' lang='lat' dir='ltr'><strong>minet</strong></span> <span class='ocrx_word' id='word_1_132' title='bbox 606 2052 750 2101; x_wconf 88' lang='lat' dir='ltr'><strong>terra</strong></span> <span class='ocrx_word' id='word_1_133' title='bbox 790 2045 1009 2100; x_wconf 82' lang='lat' dir='ltr'><strong>herbam</strong></span> <span class='ocrx_word' id='word_1_134' title='bbox 1040 2044 1236 2114; x_wconf 81' lang='lat' dir='ltr'><strong>pabuli</strong></span> <span class='ocrx_word' id='word_1_135' title='bbox 1265 2048 1314 2097; x_wconf 85' lang='lat' dir='ltr'><strong>et</strong></span> <span class='ocrx_word' id='word_1_136' title='bbox 1367 2045 1575 2111; x_wconf 83' lang='lat' dir='ltr'><strong>lignum</strong></span> <span class='ocrx_word' id='word_1_137' title='bbox 1618 2044 1998 2109; x_wconf 83' lang='lat' dir='ltr'><strong>fructiferum;</strong></span> <span class='ocrx_word' id='word_1_138' title='bbox 2035 2046 2092 2095; x_wconf 93' lang='lat' dir='ltr'><strong>et</strong></span> 
     </span>
    </p>
   </div>
   <div class='ocr_carea' id='block_1_21' title="bbox 392 2132 2092 2204">
    <p class='ocr_par' dir='ltr' id='par_1_21' title="bbox 392 2132 2092 2204">
     <span class='ocr_line' id='line_1_21' title="bbox 392 2132 2092 2204; baseline -0.005 -13"><span class='ocrx_word' id='word_1_139' title='bbox 392 2136 603 2204; x_wconf 84' lang='lat' dir='ltr'><strong>venite,</strong></span> <span class='ocrx_word' id='word_1_140' title='bbox 634 2136 1013 2204; x_wconf 90' lang='lat' dir='ltr'><strong>disputemus,</strong></span> <span class='ocrx_word' id='word_1_141' title='bbox 1048 2132 1185 2187; x_wconf 89' lang='lat' dir='ltr'><strong>dicit</strong></span> <span class='ocrx_word' id='word_1_142' title='bbox 1213 2132 1509 2197; x_wconf 89' lang='lat' dir='ltr'><strong>Dominus,</strong></span> <span class='ocrx_word' id='word_1_143' title='bbox 1543 2137 1607 2185; x_wconf 90' lang='lat' dir='ltr'><strong>ut</strong></span> <span class='ocrx_word' id='word_1_144' title='bbox 1629 2133 1765 2199; x_wconf 76' lang='lat' dir='ltr'><strong>ﬁant</strong></span> <span class='ocrx_word' id='word_1_145' title='bbox 1796 2132 2092 2185; x_wconf 87' lang='lat' dir='ltr'><strong>luminaria</strong></span> 
     </span>
    </p>
   </div>
   <div class='ocr_carea' id='block_1_22' title="bbox 395 2218 2094 2295">
    <p class='ocr_par' dir='ltr' id='par_1_22' title="bbox 395 2218 2094 2295">
     <span class='ocr_line' id='line_1_22' title="bbox 395 2218 2094 2295; baseline -0.005 -16"><span class='ocrx_word' id='word_1_146' title='bbox 395 2229 453 2280; x_wconf 83' lang='lat' dir='ltr'><strong>in</strong></span> <span class='ocrx_word' id='word_1_147' title='bbox 481 2224 820 2295; x_wconf 83' lang='lat' dir='ltr'><strong>ﬁrmamento</strong></span> <span class='ocrx_word' id='word_1_148' title='bbox 848 2223 985 2287; x_wconf 66' lang='lat' dir='ltr'><strong>caeli,</strong></span> <span class='ocrx_word' id='word_1_149' title='bbox 1015 2226 1065 2275; x_wconf 89' lang='lat' dir='ltr'><strong>et</strong></span> <span class='ocrx_word' id='word_1_150' title='bbox 1098 2222 1309 2275; x_wconf 81' lang='lat' dir='ltr'><strong>luceant</strong></span> <span class='ocrx_word' id='word_1_151' title='bbox 1337 2236 1498 2289; x_wconf 85' lang='lat' dir='ltr'><strong>super</strong></span> <span class='ocrx_word' id='word_1_152' title='bbox 1534 2224 1753 2273; x_wconf 86' lang='lat' dir='ltr'><strong>terram.</strong></span> <span class='ocrx_word' id='word_1_153' title='bbox 1794 2218 2094 2282; x_wconf 86' lang='lat' dir='ltr'><strong>Qumrebat</strong></span> 
     </span>
    </p>
   </div>
   <div class='ocr_carea' id='block_1_23' title="bbox 390 2307 2093 2379">
    <p class='ocr_par' dir='ltr' id='par_1_23' title="bbox 390 2307 2093 2379">
     <span class='ocr_line' id='line_1_23' title="bbox 390 2307 2093 2379; baseline -0.004 -13"><span class='ocrx_word' id='word_1_154' title='bbox 390 2312 543 2367; x_wconf 82' lang='lat' dir='ltr'><strong>dives</strong></span> <span class='ocrx_word' id='word_1_155' title='bbox 571 2311 667 2365; x_wconf 89' lang='lat' dir='ltr'><strong>ille</strong></span> <span class='ocrx_word' id='word_1_156' title='bbox 695 2327 726 2364; x_wconf 89' lang='lat' dir='ltr'><strong>a</strong></span> <span class='ocrx_word' id='word_1_157' title='bbox 755 2309 1025 2379; x_wconf 88' lang='lat' dir='ltr'><strong>magistro</strong></span> <span class='ocrx_word' id='word_1_158' title='bbox 1053 2309 1221 2375; x_wconf 88' lang='lat' dir='ltr'><strong>bono,</strong></span> <span class='ocrx_word' id='word_1_159' title='bbox 1251 2308 1389 2378; x_wconf 91' lang='lat' dir='ltr'><strong>quid</strong></span> <span class='ocrx_word' id='word_1_160' title='bbox 1412 2308 1621 2361; x_wconf 88' lang='lat' dir='ltr'><strong>faceret</strong></span> <span class='ocrx_word' id='word_1_161' title='bbox 1637 2311 1702 2361; x_wconf 92' lang='lat' dir='ltr'><strong>ut</strong></span> <span class='ocrx_word' id='word_1_162' title='bbox 1726 2307 1903 2360; x_wconf 89' lang='lat' dir='ltr'><strong>vitam</strong></span> <span class='ocrx_word' id='word_1_163' title='bbox 1932 2310 2093 2360; x_wconf 87' lang='lat' dir='ltr'><strong>mter-</strong></span> 
     </span>
    </p>
   </div>
   <div class='ocr_carea' id='block_1_24' title="bbox 398 2395 2092 2468">
    <p class='ocr_par' dir='ltr' id='par_1_24' title="bbox 398 2395 2092 2468">
     <span class='ocr_line' id='line_1_24' title="bbox 398 2395 2092 2468; baseline -0.004 -13"><span class='ocrx_word' id='word_1_164' title='bbox 398 2416 532 2455; x_wconf 89' lang='lat' dir='ltr'><strong>nam</strong></span> <span class='ocrx_word' id='word_1_165' title='bbox 561 2401 1042 2468; x_wconf 85' lang='lat' dir='ltr'><strong>consequeretur:</strong></span> <span class='ocrx_word' id='word_1_166' title='bbox 1086 2397 1235 2450; x_wconf 89' lang='lat' dir='ltr'><strong>dicat</strong></span> <span class='ocrx_word' id='word_1_167' title='bbox 1266 2397 1317 2450; x_wconf 89' lang='lat' dir='ltr'><strong>ei</strong></span> <span class='ocrx_word' id='word_1_168' title='bbox 1368 2395 1642 2465; x_wconf 85' lang='lat' dir='ltr'><strong>magister</strong></span> <span class='ocrx_word' id='word_1_169' title='bbox 1678 2395 1881 2461; x_wconf 92' lang='lat' dir='ltr'><strong>bonus,</strong></span> <span class='ocrx_word' id='word_1_170' title='bbox 1919 2411 2092 2465; x_wconf 89' lang='lat' dir='ltr'><strong>quem</strong></span> 
     </span>
    </p>
   </div>
   <div class='ocr_carea' id='block_1_25' title="bbox 396 2480 2091 2556">
    <p class='ocr_par' dir='ltr' id='par_1_25' title="bbox 396 2480 2091 2556">
     <span class='ocr_line' id='line_1_25' title="bbox 396 2480 2091 2556; baseline -0.004 -17"><span class='ocrx_word' id='word_1_171' title='bbox 396 2485 635 2556; x_wconf 85' lang='lat' dir='ltr'><strong>putabat</strong></span> <span class='ocrx_word' id='word_1_172' title='bbox 661 2483 974 2548; x_wconf 89' lang='lat' dir='ltr'><strong>hominem,</strong></span> <span class='ocrx_word' id='word_1_173' title='bbox 1008 2486 1065 2535; x_wconf 88' lang='lat' dir='ltr'><strong>et</strong></span> <span class='ocrx_word' id='word_1_174' title='bbox 1093 2480 1237 2535; x_wconf 89' lang='lat' dir='ltr'><strong>nihil</strong></span> <span class='ocrx_word' id='word_1_175' title='bbox 1266 2481 1546 2550; x_wconf 88' lang='lat' dir='ltr'><strong>amplius;</strong></span> <span class='ocrx_word' id='word_1_176' title='bbox 1573 2482 1755 2535; x_wconf 88' lang='lat' dir='ltr'><strong>bonus</strong></span> <span class='ocrx_word' id='word_1_177' title='bbox 1781 2484 1863 2533; x_wconf 91' lang='lat' dir='ltr'><strong>est</strong></span> <span class='ocrx_word' id='word_1_178' title='bbox 1878 2484 2091 2547; x_wconf 91' lang='lat' dir='ltr'><strong>autem,</strong></span> 
     </span>
    </p>
   </div>
   <div class='ocr_carea' id='block_1_26' title="bbox 400 2568 2091 2645">
    <p class='ocr_par' dir='ltr' id='par_1_26' title="bbox 400 2568 2091 2645">
     <span class='ocr_line' id='line_1_26' title="bbox 400 2568 2091 2645; baseline -0.004 -18"><span class='ocrx_word' id='word_1_179' title='bbox 400 2574 539 2645; x_wconf 87' lang='lat' dir='ltr'><strong>quia</strong></span> <span class='ocrx_word' id='word_1_180' title='bbox 588 2574 735 2626; x_wconf 89' lang='lat' dir='ltr'><strong>Deus</strong></span> <span class='ocrx_word' id='word_1_181' title='bbox 783 2576 901 2625; x_wconf 90' lang='lat' dir='ltr'><strong>est:</strong></span> <span class='ocrx_word' id='word_1_182' title='bbox 957 2570 1106 2624; x_wconf 89' lang='lat' dir='ltr'><strong>dicat</strong></span> <span class='ocrx_word' id='word_1_183' title='bbox 1152 2569 1224 2637; x_wconf 92' lang='lat' dir='ltr'><strong>ei,</strong></span> <span class='ocrx_word' id='word_1_184' title='bbox 1275 2574 1337 2624; x_wconf 91' lang='lat' dir='ltr'><strong>ut</strong></span> <span class='ocrx_word' id='word_1_185' title='bbox 1383 2570 1501 2624; x_wconf 84' lang='lat' dir='ltr'><strong>vult</strong></span> <span class='ocrx_word' id='word_1_186' title='bbox 1547 2568 1740 2623; x_wconf 88' lang='lat' dir='ltr'><strong>venire</strong></span> <span class='ocrx_word' id='word_1_187' title='bbox 1771 2569 1842 2623; x_wconf 90' lang='lat' dir='ltr'><strong>ad</strong></span> <span class='ocrx_word' id='word_1_188' title='bbox 1898 2568 2091 2635; x_wconf 87' lang='lat' dir='ltr'><strong>vitam,</strong></span> 
     </span>
    </p>
   </div>
   <div class='ocr_carea' id='block_1_27' title="bbox 398 2655 2095 2728">
    <p class='ocr_par' dir='ltr' id='par_1_27' title="bbox 398 2655 2095 2728">
     <span class='ocr_line' id='line_1_27' title="bbox 398 2655 2095 2728; baseline -0.003 -13"><span class='ocrx_word' id='word_1_189' title='bbox 398 2664 583 2715; x_wconf 89' lang='lat' dir='ltr'><strong>servet</strong></span> <span class='ocrx_word' id='word_1_190' title='bbox 611 2659 915 2725; x_wconf 87' lang='lat' dir='ltr'><strong>mandata;</strong></span> <span class='ocrx_word' id='word_1_191' title='bbox 956 2664 1180 2728; x_wconf 87' lang='lat' dir='ltr'><strong>separet</strong></span> <span class='ocrx_word' id='word_1_192' title='bbox 1210 2675 1243 2711; x_wconf 89' lang='lat' dir='ltr'><strong>a</strong></span> <span class='ocrx_word' id='word_1_193' title='bbox 1272 2674 1328 2710; x_wconf 89' lang='lat' dir='ltr'><strong>se</strong></span> <span class='ocrx_word' id='word_1_194' title='bbox 1378 2657 1819 2711; x_wconf 88' lang='lat' dir='ltr'><strong>amaritudinem</strong></span> <span class='ocrx_word' id='word_1_195' title='bbox 1862 2655 2095 2710; x_wconf 88' lang='lat' dir='ltr'><strong>malitim</strong></span> 
     </span>
    </p>
   </div>
   <div class='ocr_carea' id='block_1_28' title="bbox 400 2744 2098 2820">
    <p class='ocr_par' dir='ltr' id='par_1_28' title="bbox 400 2744 2098 2820">
     <span class='ocr_line' id='line_1_28' title="bbox 400 2744 2098 2820; baseline -0.004 -16"><span class='ocrx_word' id='word_1_196' title='bbox 400 2754 571 2820; x_wconf 88' lang='lat' dir='ltr'><strong>atque</strong></span> <span class='ocrx_word' id='word_1_197' title='bbox 601 2747 874 2819; x_wconf 83' lang='lat' dir='ltr'><strong>nequitim</strong></span> <span class='ocrx_word' id='word_1_198' title='bbox 899 2763 913 2814; x_wconf 91' lang='lat'><strong>;</strong></span> <span class='ocrx_word' id='word_1_199' title='bbox 944 2763 1062 2801; x_wconf 93' lang='lat' dir='ltr'><strong>non</strong></span> <span class='ocrx_word' id='word_1_200' title='bbox 1088 2745 1323 2813; x_wconf 89' lang='lat' dir='ltr'><strong>occidat,</strong></span> <span class='ocrx_word' id='word_1_201' title='bbox 1356 2762 1476 2800; x_wconf 91' lang='lat' dir='ltr'><strong>non</strong></span> <span class='ocrx_word' id='word_1_202' title='bbox 1507 2746 1835 2812; x_wconf 81' lang='lat' dir='ltr'><strong>moechetur,</strong></span> <span class='ocrx_word' id='word_1_203' title='bbox 1868 2761 1985 2798; x_wconf 92' lang='lat' dir='ltr'><strong>non</strong></span> <span class='ocrx_word' id='word_1_204' title='bbox 2012 2744 2098 2798; x_wconf 89' lang='lat' dir='ltr'><strong>fu-</strong></span> 
     </span>
    </p>
   </div>
   <div class='ocr_carea' id='block_1_29' title="bbox 404 2833 2094 2904">
    <p class='ocr_par' dir='ltr' id='par_1_29' title="bbox 404 2833 2094 2904">
     <span class='ocr_line' id='line_1_29' title="bbox 404 2833 2094 2904; baseline -0.003 -12"><span class='ocrx_word' id='word_1_205' title='bbox 404 2844 579 2904; x_wconf 89' lang='lat' dir='ltr'><strong>retur,</strong></span> <span class='ocrx_word' id='word_1_206' title='bbox 613 2853 729 2890; x_wconf 95' lang='lat' dir='ltr'><strong>non</strong></span> <span class='ocrx_word' id='word_1_207' title='bbox 752 2835 956 2889; x_wconf 88' lang='lat' dir='ltr'><strong>falsum</strong></span> <span class='ocrx_word' id='word_1_208' title='bbox 988 2833 1381 2888; x_wconf 89' lang='lat' dir='ltr'><strong>testimonium</strong></span> <span class='ocrx_word' id='word_1_209' title='bbox 1402 2833 1586 2898; x_wconf 89' lang='lat' dir='ltr'><strong>dicat,</strong></span> <span class='ocrx_word' id='word_1_210' title='bbox 1611 2839 1675 2887; x_wconf 94' lang='lat' dir='ltr'><strong>ut</strong></span> <span class='ocrx_word' id='word_1_211' title='bbox 1700 2838 1964 2901; x_wconf 81' lang='lat' dir='ltr'><strong>appareat</strong></span> <span class='ocrx_word' id='word_1_212' title='bbox 1982 2835 2094 2887; x_wconf 84' lang='lat' dir='ltr'><strong>ari-</strong></span> 
     </span>
    </p>
   </div>
   <div class='ocr_carea' id='block_1_30' title="bbox 400 2920 2098 2995">
    <p class='ocr_par' dir='ltr' id='par_1_30' title="bbox 400 2920 2098 2995">
     <span class='ocr_line' id='line_1_30' title="bbox 400 2920 2098 2995; baseline -0.004 -14"><span class='ocrx_word' id='word_1_213' title='bbox 400 2929 494 2995; x_wconf 84' lang='lat' dir='ltr'><strong>da,</strong></span> <span class='ocrx_word' id='word_1_214' title='bbox 519 2931 574 2979; x_wconf 91' lang='lat' dir='ltr'><strong>et</strong></span> <span class='ocrx_word' id='word_1_215' title='bbox 586 2926 845 2992; x_wconf 87' lang='lat' dir='ltr'><strong>germinet</strong></span> <span class='ocrx_word' id='word_1_216' title='bbox 865 2924 1146 2977; x_wconf 89' lang='lat' dir='ltr'><strong>honorem</strong></span> <span class='ocrx_word' id='word_1_217' title='bbox 1159 2923 1336 2993; x_wconf 87' lang='lat' dir='ltr'><strong>patris</strong></span> <span class='ocrx_word' id='word_1_218' title='bbox 1350 2928 1405 2976; x_wconf 90' lang='lat' dir='ltr'><strong>et</strong></span> <span class='ocrx_word' id='word_1_219' title='bbox 1428 2920 1646 2987; x_wconf 86' lang='lat' dir='ltr'><strong>matris,</strong></span> <span class='ocrx_word' id='word_1_220' title='bbox 1665 2926 1719 2974; x_wconf 92' lang='lat' dir='ltr'><strong>et</strong></span> <span class='ocrx_word' id='word_1_221' title='bbox 1732 2920 2098 2975; x_wconf 88' lang='lat' dir='ltr'><strong>dilectionem</strong></span> 
     </span>
    </p>
   </div>
   <div class='ocr_carea' id='block_1_31' title="bbox 402 3010 2097 3087">
    <p class='ocr_par' dir='ltr' id='par_1_31' title="bbox 402 3010 2097 3087">
     <span class='ocr_line' id='line_1_31' title="bbox 402 3010 2097 3087; baseline -0.003 -18"><span class='ocrx_word' id='word_1_222' title='bbox 402 3013 668 3087; x_wconf 81' lang='lat' dir='ltr'><strong>proximi.</strong></span> <span class='ocrx_word' id='word_1_223' title='bbox 701 3011 848 3079; x_wconf 89' lang='lat' dir='ltr'><strong>Feci,</strong></span> <span class='ocrx_word' id='word_1_224' title='bbox 882 3011 1088 3083; x_wconf 91' lang='lat' dir='ltr'><strong>inquit,</strong></span> <span class='ocrx_word' id='word_1_225' title='bbox 1122 3010 1244 3064; x_wconf 67' lang='lat' dir='ltr'><strong>haec</strong></span> <span class='ocrx_word' id='word_1_226' title='bbox 1287 3010 1499 3065; x_wconf 89' lang='lat' dir='ltr'><strong>omnia.</strong></span> <span class='ocrx_word' id='word_1_227' title='bbox 1538 3010 1694 3064; x_wconf 89' lang='lat' dir='ltr'><strong>Unde</strong></span> <span class='ocrx_word' id='word_1_228' title='bbox 1734 3026 1868 3080; x_wconf 90' lang='lat' dir='ltr'><strong>ergo</strong></span> <span class='ocrx_word' id='word_1_229' title='bbox 1925 3014 2097 3064; x_wconf 88' lang='lat' dir='ltr'><strong>tantm</strong></span> 
     </span>
    </p>
   </div>
   <div class='ocr_carea' id='block_1_32' title="bbox 402 3098 2100 3173">
    <p class='ocr_par' dir='ltr' id='par_1_32' title="bbox 402 3098 2100 3173">
     <span class='ocr_line' id='line_1_32' title="bbox 402 3098 2100 3173; baseline -0.004 -15"><span class='ocrx_word' id='word_1_230' title='bbox 402 3104 603 3173; x_wconf 85' lang='lat' dir='ltr'><strong>spinm,</strong></span> <span class='ocrx_word' id='word_1_231' title='bbox 637 3101 685 3156; x_wconf 92' lang='lat' dir='ltr'><strong>si</strong></span> <span class='ocrx_word' id='word_1_232' title='bbox 713 3107 865 3155; x_wconf 89' lang='lat' dir='ltr'><strong>terra</strong></span> <span class='ocrx_word' id='word_1_233' title='bbox 893 3100 1187 3155; x_wconf 83' lang='lat' dir='ltr'><strong>fructifera</strong></span> <span class='ocrx_word' id='word_1_234' title='bbox 1224 3102 1353 3153; x_wconf 87' lang='lat' dir='ltr'><strong>est?</strong></span> <span class='ocrx_word' id='word_1_235' title='bbox 1391 3099 1561 3165; x_wconf 87' lang='lat' dir='ltr'><strong>Vade,</strong></span> <span class='ocrx_word' id='word_1_236' title='bbox 1611 3098 1857 3167; x_wconf 86' lang='lat' dir='ltr'><strong>exstirpa</strong></span> <span class='ocrx_word' id='word_1_237' title='bbox 1894 3098 2100 3153; x_wconf 87' lang='lat' dir='ltr'><strong>silvosa</strong></span> 
     </span>
    </p>
   </div>
   <div class='ocr_carea' id='block_1_33' title="bbox 402 3185 2099 3257">
    <p class='ocr_par' dir='ltr' id='par_1_33' title="bbox 402 3185 2099 3257">
     <span class='ocr_line' id='line_1_33' title="bbox 402 3185 2099 3257; baseline -0.004 -11"><span class='ocrx_word' id='word_1_238' title='bbox 402 3193 634 3246; x_wconf 86' lang='lat' dir='ltr'><strong>dumeta</strong></span> <span class='ocrx_word' id='word_1_239' title='bbox 663 3188 913 3243; x_wconf 88' lang='lat' dir='ltr'><strong>avaritim</strong></span> <span class='ocrx_word' id='word_1_240' title='bbox 936 3204 949 3254; x_wconf 89' lang='lat'><strong>;</strong></span> <span class='ocrx_word' id='word_1_241' title='bbox 974 3188 1157 3241; x_wconf 89' lang='lat' dir='ltr'><strong>vende</strong></span> <span class='ocrx_word' id='word_1_242' title='bbox 1179 3202 1307 3256; x_wconf 86' lang='lat' dir='ltr'><strong>qum</strong></span> <span class='ocrx_word' id='word_1_243' title='bbox 1330 3185 1608 3257; x_wconf 88' lang='lat' dir='ltr'><strong>possides,</strong></span> <span class='ocrx_word' id='word_1_244' title='bbox 1635 3190 1691 3238; x_wconf 90' lang='lat' dir='ltr'><strong>et</strong></span> <span class='ocrx_word' id='word_1_245' title='bbox 1715 3185 1954 3255; x_wconf 89' lang='lat' dir='ltr'><strong>implere</strong></span> <span class='ocrx_word' id='word_1_246' title='bbox 1986 3186 2099 3239; x_wconf 90' lang='lat' dir='ltr'><strong>fru-</strong></span> 
     </span>
    </p>
   </div>
   <div class='ocr_carea' id='block_1_34' title="bbox 404 3272 2100 3349">
    <p class='ocr_par' dir='ltr' id='par_1_34' title="bbox 404 3272 2100 3349">
     <span class='ocr_line' id='line_1_34' title="bbox 404 3272 2100 3349; baseline -0.004 -17"><span class='ocrx_word' id='word_1_247' title='bbox 404 3279 569 3349; x_wconf 83' lang='lat' dir='ltr'><strong>gibus</strong></span> <span class='ocrx_word' id='word_1_248' title='bbox 599 3276 787 3331; x_wconf 91' lang='lat' dir='ltr'><strong>dando</strong></span> <span class='ocrx_word' id='word_1_249' title='bbox 832 3275 1203 3345; x_wconf 89' lang='lat' dir='ltr'><strong>pauperibus,</strong></span> <span class='ocrx_word' id='word_1_250' title='bbox 1264 3278 1321 3328; x_wconf 90' lang='lat' dir='ltr'><strong>et</strong></span> <span class='ocrx_word' id='word_1_251' title='bbox 1359 3272 1595 3327; x_wconf 87' lang='lat' dir='ltr'><strong>habebis</strong></span> <span class='ocrx_word' id='word_1_252' title='bbox 1650 3273 1983 3326; x_wconf 88' lang='lat' dir='ltr'><strong>thesaurum</strong></span> <span class='ocrx_word' id='word_1_253' title='bbox 2038 3277 2100 3326; x_wconf 87' lang='lat' dir='ltr'><strong>in</strong></span> 
     </span>
    </p>
   </div>
   <div class='ocr_carea' id='block_1_35' title="bbox 406 3359 2099 3433">
    <p class='ocr_par' dir='ltr' id='par_1_35' title="bbox 406 3359 2099 3433">
     <span class='ocr_line' id='line_1_35' title="bbox 406 3359 2099 3433; baseline -0.004 -13"><span class='ocrx_word' id='word_1_254' title='bbox 406 3366 583 3433; x_wconf 85' lang='lat' dir='ltr'><strong>caelis,</strong></span> <span class='ocrx_word' id='word_1_255' title='bbox 615 3369 670 3418; x_wconf 90' lang='lat' dir='ltr'><strong>et</strong></span> <span class='ocrx_word' id='word_1_256' title='bbox 699 3378 939 3432; x_wconf 89' lang='lat' dir='ltr'><strong>sequere</strong></span> <span class='ocrx_word' id='word_1_257' title='bbox 983 3361 1290 3416; x_wconf 90' lang='lat' dir='ltr'><strong>Dominum</strong></span> <span class='ocrx_word' id='word_1_258' title='bbox 1321 3360 1368 3414; x_wconf 90' lang='lat' dir='ltr'><strong>si</strong></span> <span class='ocrx_word' id='word_1_259' title='bbox 1398 3361 1479 3413; x_wconf 90' lang='lat' dir='ltr'><strong>vis</strong></span> <span class='ocrx_word' id='word_1_260' title='bbox 1510 3376 1628 3413; x_wconf 91' lang='lat' dir='ltr'><strong>esse</strong></span> <span class='ocrx_word' id='word_1_261' title='bbox 1678 3359 1982 3431; x_wconf 86' lang='lat' dir='ltr'><strong>perfectus,</strong></span> <span class='ocrx_word' id='word_1_262' title='bbox 2019 3359 2099 3414; x_wconf 91' lang='lat' dir='ltr'><strong>eis</strong></span> 
     </span>
    </p>
   </div>
   <div class='ocr_carea' id='block_1_36' title="bbox 404 3446 2103 3520">
    <p class='ocr_par' dir='ltr' id='par_1_36' title="bbox 404 3446 2103 3520">
     <span class='ocr_line' id='line_1_36' title="bbox 404 3446 2103 3520; baseline -0.003 -14"><span class='ocrx_word' id='word_1_263' title='bbox 404 3453 651 3507; x_wconf 89' lang='lat' dir='ltr'><strong>sociatus</strong></span> <span class='ocrx_word' id='word_1_264' title='bbox 680 3450 832 3504; x_wconf 87' lang='lat' dir='ltr'><strong>inter</strong></span> <span class='ocrx_word' id='word_1_265' title='bbox 862 3467 1003 3520; x_wconf 91' lang='lat' dir='ltr'><strong>quos</strong></span> <span class='ocrx_word' id='word_1_266' title='bbox 1033 3448 1286 3520; x_wconf 87' lang='lat' dir='ltr'><strong>loquitur</strong></span> <span class='ocrx_word' id='word_1_267' title='bbox 1318 3447 1656 3519; x_wconf 86' lang='lat' dir='ltr'><strong>sapientiam</strong></span> <span class='ocrx_word' id='word_1_268' title='bbox 1693 3447 1787 3500; x_wconf 91' lang='lat' dir='ltr'><strong>ille</strong></span> <span class='ocrx_word' id='word_1_269' title='bbox 1818 3446 1918 3517; x_wconf 86' lang='lat' dir='ltr'><strong>qui</strong></span> <span class='ocrx_word' id='word_1_270' title='bbox 1947 3448 2103 3501; x_wconf 92' lang='lat' dir='ltr'><strong>novit</strong></span> 
     </span>
    </p>
   </div>
   <div class='ocr_carea' id='block_1_37' title="bbox 360 3536 2102 3614">
    <p class='ocr_par' dir='ltr' id='par_1_37' title="bbox 360 3536 2102 3614">
     <span class='ocr_line' id='line_1_37' title="bbox 360 3536 2102 3614; baseline -0.003 -19"><span class='ocrx_word' id='word_1_271' title='bbox 360 3556 369 3569; x_wconf 87' lang='lat'><em>&#39;</em></span> <span class='ocrx_word' id='word_1_272' title='bbox 404 3541 546 3614; x_wconf 91' lang='lat' dir='ltr'><strong>quid</strong></span> <span class='ocrx_word' id='word_1_273' title='bbox 575 3539 875 3594; x_wconf 87' lang='lat' dir='ltr'><strong>distribuat</strong></span> <span class='ocrx_word' id='word_1_274' title='bbox 904 3538 1015 3592; x_wconf 90' lang='lat' dir='ltr'><strong>diei</strong></span> <span class='ocrx_word' id='word_1_275' title='bbox 1054 3543 1110 3591; x_wconf 90' lang='lat' dir='ltr'><strong>et</strong></span> <span class='ocrx_word' id='word_1_276' title='bbox 1140 3538 1311 3603; x_wconf 84' lang='lat' dir='ltr'><strong>nocti,</strong></span> <span class='ocrx_word' id='word_1_277' title='bbox 1352 3542 1413 3590; x_wconf 90' lang='lat' dir='ltr'><strong>ut</strong></span> <span class='ocrx_word' id='word_1_278' title='bbox 1436 3536 1593 3589; x_wconf 91' lang='lat' dir='ltr'><strong>noris</strong></span> <span class='ocrx_word' id='word_1_279' title='bbox 1620 3540 1676 3589; x_wconf 88' lang='lat' dir='ltr'><strong>et</strong></span> <span class='ocrx_word' id='word_1_280' title='bbox 1720 3538 1805 3603; x_wconf 88' lang='lat' dir='ltr'><strong>tu,</strong></span> <span class='ocrx_word' id='word_1_281' title='bbox 1848 3540 1912 3590; x_wconf 88' lang='lat' dir='ltr'><strong>ut</strong></span> <span class='ocrx_word' id='word_1_282' title='bbox 1960 3537 2102 3590; x_wconf 84' lang='lat' dir='ltr'><strong>ﬁant</strong></span> 
     </span>
    </p>
   </div>
   <div class='ocr_carea' id='block_1_38' title="bbox 405 3625 2097 3696">
    <p class='ocr_par' dir='ltr' id='par_1_38' title="bbox 405 3625 2097 3696">
     <span class='ocr_line' id='line_1_38' title="bbox 405 3625 2097 3696; baseline -0.004 -11"><span class='ocrx_word' id='word_1_283' title='bbox 405 3636 462 3685; x_wconf 90' lang='lat' dir='ltr'><strong>et</strong></span> <span class='ocrx_word' id='word_1_284' title='bbox 491 3629 596 3684; x_wconf 91' lang='lat' dir='ltr'><strong>tibi</strong></span> <span class='ocrx_word' id='word_1_285' title='bbox 622 3627 928 3682; x_wconf 86' lang='lat' dir='ltr'><strong>luminaria</strong></span> <span class='ocrx_word' id='word_1_286' title='bbox 960 3627 1020 3681; x_wconf 92' lang='lat' dir='ltr'><strong>in</strong></span> <span class='ocrx_word' id='word_1_287' title='bbox 1050 3628 1414 3681; x_wconf 86' lang='lat' dir='ltr'><strong>ﬁrmamento</strong></span> <span class='ocrx_word' id='word_1_288' title='bbox 1447 3626 1611 3691; x_wconf 78' lang='lat' dir='ltr'><strong>cmli;</strong></span> <span class='ocrx_word' id='word_1_289' title='bbox 1642 3625 1796 3696; x_wconf 89' lang='lat' dir='ltr'><strong>quod</strong></span> <span class='ocrx_word' id='word_1_290' title='bbox 1836 3641 1952 3679; x_wconf 92' lang='lat' dir='ltr'><strong>non</strong></span> <span class='ocrx_word' id='word_1_291' title='bbox 1981 3625 2097 3692; x_wconf 91' lang='lat' dir='ltr'><strong>ﬁet,</strong></span> 
     </span>
    </p>
   </div>
   <div class='ocr_carea' id='block_1_39' title="bbox 406 3712 2102 3786">
    <p class='ocr_par' dir='ltr' id='par_1_39' title="bbox 406 3712 2102 3786">
     <span class='ocr_line' id='line_1_39' title="bbox 406 3712 2102 3786; baseline -0.004 -13"><span class='ocrx_word' id='word_1_292' title='bbox 406 3719 515 3777; x_wconf 88' lang='lat' dir='ltr'><strong>nisi</strong></span> <span class='ocrx_word' id='word_1_293' title='bbox 553 3717 728 3773; x_wconf 88' lang='lat' dir='ltr'><strong>fuerit</strong></span> <span class='ocrx_word' id='word_1_294' title='bbox 765 3717 883 3771; x_wconf 90' lang='lat' dir='ltr'><strong>illic</strong></span> <span class='ocrx_word' id='word_1_295' title='bbox 912 3732 1010 3769; x_wconf 92' lang='lat' dir='ltr'><strong>cor</strong></span> <span class='ocrx_word' id='word_1_296' title='bbox 1040 3720 1244 3781; x_wconf 89' lang='lat' dir='ltr'><strong>tuum;</strong></span> <span class='ocrx_word' id='word_1_297' title='bbox 1279 3716 1431 3786; x_wconf 88' lang='lat' dir='ltr'><strong>quod</strong></span> <span class='ocrx_word' id='word_1_298' title='bbox 1472 3716 1609 3768; x_wconf 86' lang='lat' dir='ltr'><strong>item</strong></span> <span class='ocrx_word' id='word_1_299' title='bbox 1654 3730 1771 3767; x_wconf 91' lang='lat' dir='ltr'><strong>non</strong></span> <span class='ocrx_word' id='word_1_300' title='bbox 1824 3713 1941 3780; x_wconf 90' lang='lat' dir='ltr'><strong>ﬁet,</strong></span> <span class='ocrx_word' id='word_1_301' title='bbox 1991 3712 2102 3766; x_wconf 90' lang='lat' dir='ltr'><strong>nisi</strong></span> 
     </span>
    </p>
   </div>
   <div class='ocr_carea' id='block_1_40' title="bbox 404 3801 2100 3873">
    <p class='ocr_par' dir='ltr' id='par_1_40' title="bbox 404 3801 2100 3873">
     <span class='ocr_line' id='line_1_40' title="bbox 404 3801 2100 3873; baseline -0.004 -11"><span class='ocrx_word' id='word_1_302' title='bbox 404 3807 580 3863; x_wconf 82' lang='lat' dir='ltr'><strong>fuerit</strong></span> <span class='ocrx_word' id='word_1_303' title='bbox 610 3806 725 3861; x_wconf 91' lang='lat' dir='ltr'><strong>illic</strong></span> <span class='ocrx_word' id='word_1_304' title='bbox 754 3806 1055 3860; x_wconf 85' lang='lat' dir='ltr'><strong>thesaurus</strong></span> <span class='ocrx_word' id='word_1_305' title='bbox 1088 3809 1237 3871; x_wconf 90' lang='lat' dir='ltr'><strong>tuus,</strong></span> <span class='ocrx_word' id='word_1_306' title='bbox 1289 3805 1436 3857; x_wconf 87' lang='lat' dir='ltr'><strong>sicut</strong></span> <span class='ocrx_word' id='word_1_307' title='bbox 1490 3803 1703 3857; x_wconf 89' lang='lat' dir='ltr'><strong>audisti</strong></span> <span class='ocrx_word' id='word_1_308' title='bbox 1745 3818 1778 3856; x_wconf 90' lang='lat' dir='ltr'><strong>a</strong></span> <span class='ocrx_word' id='word_1_309' title='bbox 1825 3801 2100 3873; x_wconf 84' lang='lat' dir='ltr'><strong>magistro</strong></span> 
     </span>
    </p>
   </div>
   <div class='ocr_carea' id='block_1_41' title="bbox 403 3890 2098 3965">
    <p class='ocr_par' dir='ltr' id='par_1_41' title="bbox 403 3890 2098 3965">
     <span class='ocr_line' id='line_1_41' title="bbox 403 3890 2098 3965; baseline -0.004 -14"><span class='ocrx_word' id='word_1_310' title='bbox 403 3898 556 3952; x_wconf 90' lang='lat' dir='ltr'><strong>bono</strong></span> <span class='ocrx_word' id='word_1_311' title='bbox 583 3896 804 3965; x_wconf 81' lang='lat' dir='ltr'><strong>(Matth.</strong></span> <span class='ocrx_word' id='word_1_312' title='bbox 829 3912 900 3961; x_wconf 70' lang='grc' dir='ltr'><strong>γι,</strong></span> <span class='ocrx_word' id='word_1_313' title='bbox 935 3896 1043 3963; x_wconf 91' lang='lat'><strong>21).</strong></span> <span class='ocrx_word' id='word_1_314' title='bbox 1076 3893 1185 3948; x_wconf 89' lang='lat' dir='ltr'><strong>Sed</strong></span> <span class='ocrx_word' id='word_1_315' title='bbox 1223 3893 1554 3946; x_wconf 86' lang='lat' dir='ltr'><strong>contristata</strong></span> <span class='ocrx_word' id='word_1_316' title='bbox 1582 3896 1663 3945; x_wconf 90' lang='lat' dir='ltr'><strong>est</strong></span> <span class='ocrx_word' id='word_1_317' title='bbox 1692 3896 1844 3945; x_wconf 85' lang='lat' dir='ltr'><strong>terra</strong></span> <span class='ocrx_word' id='word_1_318' title='bbox 1872 3890 2098 3959; x_wconf 88' lang='lat' dir='ltr'><strong>sterilis,</strong></span> 
     </span>
    </p>
   </div>
   <div class='ocr_carea' id='block_1_42' title="bbox 406 3980 1863 4055">
    <p class='ocr_par' dir='ltr' id='par_1_42' title="bbox 406 3980 1863 4055">
     <span class='ocr_line' id='line_1_42' title="bbox 406 3980 1863 4055; baseline -0.003 -16"><span class='ocrx_word' id='word_1_319' title='bbox 406 3990 463 4040; x_wconf 92' lang='lat' dir='ltr'><strong>et</strong></span> <span class='ocrx_word' id='word_1_320' title='bbox 491 3984 671 4055; x_wconf 88' lang='lat' dir='ltr'><strong>spinm</strong></span> <span class='ocrx_word' id='word_1_321' title='bbox 711 3984 1096 4037; x_wconf 77' lang='lat' dir='ltr'><strong>offocaverunt</strong></span> <span class='ocrx_word' id='word_1_322' title='bbox 1119 3982 1353 4035; x_wconf 75' lang='lat' dir='ltr'><strong>verbum</strong></span> <span class='ocrx_word' id='word_1_323' title='bbox 1385 3981 1489 4050; x_wconf 80' lang='lat' dir='ltr'><strong>(Id.</strong></span> <span class='ocrx_word' id='word_1_324' title='bbox 1521 3996 1628 4047; x_wconf 66' lang='lat' dir='ltr'><strong>xxx,</strong></span> <span class='ocrx_word' id='word_1_325' title='bbox 1666 3980 1863 4049; x_wconf 87' lang='lat'><strong>16-22).</strong></span> 
     </span>
    </p>
   </div>
   <div class='ocr_carea' id='block_1_43' title="bbox 477 4069 2103 4140">
    <p class='ocr_par' dir='ltr' id='par_1_43' title="bbox 477 4069 2103 4140">
     <span class='ocr_line' id='line_1_43' title="bbox 477 4069 2103 4140; baseline -0.002 -14"><span class='ocrx_word' id='word_1_326' title='bbox 477 4077 568 4126; x_wconf 79' lang='lat'><strong>25.</strong></span> <span class='ocrx_word' id='word_1_327' title='bbox 601 4074 707 4125; x_wconf 87' lang='lat' dir='ltr'><strong>Vos</strong></span> <span class='ocrx_word' id='word_1_328' title='bbox 744 4078 934 4125; x_wconf 88' lang='lat' dir='ltr'><strong>autem</strong></span> <span class='ocrx_word' id='word_1_329' title='bbox 955 4086 1136 4140; x_wconf 90' lang='lat' dir='ltr'><strong>genus</strong></span> <span class='ocrx_word' id='word_1_330' title='bbox 1169 4071 1433 4137; x_wconf 91' lang='lat' dir='ltr'><strong>electum,</strong></span> <span class='ocrx_word' id='word_1_331' title='bbox 1475 4069 1707 4123; x_wconf 87' lang='lat' dir='ltr'><strong>inﬁrma</strong></span> <span class='ocrx_word' id='word_1_332' title='bbox 1747 4069 1969 4134; x_wconf 89' lang='lat' dir='ltr'><strong>mundi,</strong></span> <span class='ocrx_word' id='word_1_333' title='bbox 2002 4069 2103 4139; x_wconf 90' lang='lat' dir='ltr'><strong>qui</strong></span> 
     </span>
    </p>
   </div>
   <div class='ocr_carea' id='block_1_44' title="bbox 406 4157 2104 4228">
    <p class='ocr_par' dir='ltr' id='par_1_44' title="bbox 406 4157 2104 4228">
     <span class='ocr_line' id='line_1_44' title="bbox 406 4157 2104 4228; baseline -0.002 -13"><span class='ocrx_word' id='word_1_334' title='bbox 406 4160 702 4216; x_wconf 88' lang='lat' dir='ltr'><strong>dimisistis</strong></span> <span class='ocrx_word' id='word_1_335' title='bbox 732 4158 926 4213; x_wconf 88' lang='lat' dir='ltr'><strong>omnia</strong></span> <span class='ocrx_word' id='word_1_336' title='bbox 972 4163 1032 4212; x_wconf 91' lang='lat' dir='ltr'><strong>ut</strong></span> <span class='ocrx_word' id='word_1_337' title='bbox 1061 4157 1446 4228; x_wconf 90' lang='lat' dir='ltr'><strong>sequeremini</strong></span> <span class='ocrx_word' id='word_1_338' title='bbox 1478 4158 1823 4221; x_wconf 88' lang='lat' dir='ltr'><strong>Dominum;</strong></span> <span class='ocrx_word' id='word_1_339' title='bbox 1870 4157 1946 4210; x_wconf 92' lang='lat' dir='ltr'><strong>ite</strong></span> <span class='ocrx_word' id='word_1_340' title='bbox 1974 4162 2104 4227; x_wconf 88' lang='lat' dir='ltr'><strong>post</strong></span> 
     </span>
    </p>
   </div>
   <div class='ocr_carea' id='block_1_45' title="bbox 409 4244 2104 4317">
    <p class='ocr_par' dir='ltr' id='par_1_45' title="bbox 409 4244 2104 4317">
     <span class='ocr_line' id='line_1_45' title="bbox 409 4244 2104 4317; baseline -0.002 -15"><span class='ocrx_word' id='word_1_341' title='bbox 409 4264 566 4317; x_wconf 91' lang='lat' dir='ltr'><strong>eum,</strong></span> <span class='ocrx_word' id='word_1_342' title='bbox 597 4252 653 4299; x_wconf 89' lang='lat' dir='ltr'><strong>et</strong></span> <span class='ocrx_word' id='word_1_343' title='bbox 682 4246 1015 4300; x_wconf 89' lang='lat' dir='ltr'><strong>confundite</strong></span> <span class='ocrx_word' id='word_1_344' title='bbox 1047 4245 1251 4299; x_wconf 86' lang='lat' dir='ltr'><strong>fortia:</strong></span> <span class='ocrx_word' id='word_1_345' title='bbox 1279 4244 1354 4297; x_wconf 89' lang='lat' dir='ltr'><strong>ite</strong></span> <span class='ocrx_word' id='word_1_346' title='bbox 1383 4250 1514 4313; x_wconf 91' lang='lat' dir='ltr'><strong>post</strong></span> <span class='ocrx_word' id='word_1_347' title='bbox 1543 4261 1696 4311; x_wconf 90' lang='lat' dir='ltr'><strong>eum,</strong></span> <span class='ocrx_word' id='word_1_348' title='bbox 1735 4245 1974 4314; x_wconf 79' lang='lat' dir='ltr'><strong>speciesi</strong></span> <span class='ocrx_word' id='word_1_349' title='bbox 2005 4262 2104 4315; x_wconf 88' lang='lat' dir='ltr'><strong>pe-</strong></span> 
     </span>
    </p>
   </div>
   <div class='ocr_carea' id='block_1_46' title="bbox 410 4332 2102 4407">
    <p class='ocr_par' dir='ltr' id='par_1_46' title="bbox 410 4332 2102 4407">
     <span class='ocr_line' id='line_1_46' title="bbox 410 4332 2102 4407; baseline -0.001 -18"><span class='ocrx_word' id='word_1_350' title='bbox 410 4336 531 4405; x_wconf 86' lang='lat' dir='ltr'><strong>des,</strong></span> <span class='ocrx_word' id='word_1_351' title='bbox 561 4339 618 4388; x_wconf 91' lang='lat' dir='ltr'><strong>et</strong></span> <span class='ocrx_word' id='word_1_352' title='bbox 667 4334 851 4388; x_wconf 89' lang='lat' dir='ltr'><strong>lucete</strong></span> <span class='ocrx_word' id='word_1_353' title='bbox 896 4333 955 4386; x_wconf 91' lang='lat' dir='ltr'><strong>in</strong></span> <span class='ocrx_word' id='word_1_354' title='bbox 1002 4332 1366 4387; x_wconf 88' lang='lat' dir='ltr'><strong>ﬁrmamento</strong></span> <span class='ocrx_word' id='word_1_355' title='bbox 1400 4332 1442 4402; x_wconf 83' lang='grc' dir='ltr'><strong>(Ι</strong></span> <span class='ocrx_word' id='word_1_356' title='bbox 1472 4335 1613 4407; x_wconf 74' lang='grc' dir='ltr'><strong>Ρειν.</strong></span> <span class='ocrx_word' id='word_1_357' title='bbox 1648 4350 1706 4399; x_wconf 82' lang='grc' dir='ltr'><strong>ιι,</strong></span> <span class='ocrx_word' id='word_1_358' title='bbox 1741 4334 1796 4402; x_wconf 87' lang='grc'>9)</span> <span class='ocrx_word' id='word_1_359' title='bbox 1821 4334 1840 4400; x_wconf 91' lang='grc'><strong>;“</strong></span> <span class='ocrx_word' id='word_1_360' title='bbox 1870 4339 1932 4388; x_wconf 89' lang='lat' dir='ltr'><strong>ut</strong></span> <span class='ocrx_word' id='word_1_361' title='bbox 1977 4334 2102 4388; x_wconf 67' lang='lat' dir='ltr'><strong>coeli</strong></span> 
     </span>
    </p>
   </div>
   <div class='ocr_carea' id='block_1_47' title="bbox 410 4420 2101 4492">
    <p class='ocr_par' dir='ltr' id='par_1_47' title="bbox 410 4420 2101 4492">
     <span class='ocr_line' id='line_1_47' title="bbox 410 4420 2101 4492; baseline -0.001 -14"><span class='ocrx_word' id='word_1_362' title='bbox 410 4427 680 4478; x_wconf 89' lang='lat' dir='ltr'><strong>enarrent</strong></span> <span class='ocrx_word' id='word_1_363' title='bbox 708 4422 951 4492; x_wconf 82' lang='lat' dir='ltr'><strong>gloriam</strong></span> <span class='ocrx_word' id='word_1_364' title='bbox 992 4421 1128 4491; x_wconf 87' lang='lat' dir='ltr'><strong>ejus,</strong></span> <span class='ocrx_word' id='word_1_365' title='bbox 1161 4420 1477 4475; x_wconf 84' lang='lat' dir='ltr'><strong>dividentes</strong></span> <span class='ocrx_word' id='word_1_366' title='bbox 1506 4420 1656 4474; x_wconf 91' lang='lat' dir='ltr'><strong>inter</strong></span> <span class='ocrx_word' id='word_1_367' title='bbox 1698 4421 1887 4475; x_wconf 88' lang='lat' dir='ltr'><strong>lucem</strong></span> <span class='ocrx_word' id='word_1_368' title='bbox 1917 4423 2101 4490; x_wconf 86' lang='lat' dir='ltr'><strong>perfe-</strong></span> 
     </span>
    </p>
   </div>
   <div class='ocr_carea' id='block_1_48' title="bbox 409 4509 2101 4580">
    <p class='ocr_par' dir='ltr' id='par_1_48' title="bbox 409 4509 2101 4580">
     <span class='ocr_line' id='line_1_48' title="bbox 409 4509 2101 4580; baseline -0.001 -15"><span class='ocrx_word' id='word_1_369' title='bbox 409 4516 631 4565; x_wconf 86' lang='lat' dir='ltr'><strong>ctorum</strong></span> <span class='ocrx_word' id='word_1_370' title='bbox 655 4511 751 4564; x_wconf 91' lang='lat' dir='ltr'><strong>sed</strong></span> <span class='ocrx_word' id='word_1_371' title='bbox 782 4510 1036 4564; x_wconf 90' lang='lat' dir='ltr'><strong>nondum</strong></span> <span class='ocrx_word' id='word_1_372' title='bbox 1058 4509 1203 4563; x_wconf 90' lang='lat' dir='ltr'><strong>sicut</strong></span> <span class='ocrx_word' id='word_1_373' title='bbox 1231 4510 1602 4578; x_wconf 82' lang='lat' dir='ltr'><strong>Angelorum,</strong></span> <span class='ocrx_word' id='word_1_374' title='bbox 1625 4514 1682 4563; x_wconf 91' lang='lat' dir='ltr'><strong>et</strong></span> <span class='ocrx_word' id='word_1_375' title='bbox 1699 4510 1960 4564; x_wconf 90' lang='lat' dir='ltr'><strong>tenebras</strong></span> <span class='ocrx_word' id='word_1_376' title='bbox 1973 4527 2101 4580; x_wconf 91' lang='lat' dir='ltr'><strong>par-</strong></span> 
     </span>
    </p>
   </div>
   <div class='ocr_carea' id='block_1_49' title="bbox 409 4598 2103 4667">
    <p class='ocr_par' dir='ltr' id='par_1_49' title="bbox 409 4598 2103 4667">
     <span class='ocr_line' id='line_1_49' title="bbox 409 4598 2103 4667; baseline 0.001 -16"><span class='ocrx_word' id='word_1_377' title='bbox 409 4598 676 4652; x_wconf 91' lang='lat' dir='ltr'><strong>vulorum</strong></span> <span class='ocrx_word' id='word_1_378' title='bbox 707 4599 805 4653; x_wconf 89' lang='lat' dir='ltr'><strong>sed</strong></span> <span class='ocrx_word' id='word_1_379' title='bbox 835 4614 951 4653; x_wconf 93' lang='lat' dir='ltr'><strong>non</strong></span> <span class='ocrx_word' id='word_1_380' title='bbox 982 4598 1453 4667; x_wconf 67' lang='lat' dir='ltr'><strong>despectorum‘:</strong></span> <span class='ocrx_word' id='word_1_381' title='bbox 1480 4598 1663 4650; x_wconf 92' lang='lat' dir='ltr'><strong>lucete</strong></span> <span class='ocrx_word' id='word_1_382' title='bbox 1677 4614 1845 4667; x_wconf 90' lang='lat' dir='ltr'><strong>super</strong></span> <span class='ocrx_word' id='word_1_383' title='bbox 1873 4614 2103 4652; x_wconf 87' lang='lat' dir='ltr'><strong>omnem</strong></span> 
     </span>
    </p>
   </div>
   <div class='ocr_carea' id='block_1_50' title="bbox 409 4686 2104 4753">
    <p class='ocr_par' dir='ltr' id='par_1_50' title="bbox 409 4686 2104 4753">
     <span class='ocr_line' id='line_1_50' title="bbox 409 4686 2104 4753; baseline 0 -12"><span class='ocrx_word' id='word_1_384' title='bbox 409 4691 655 4753; x_wconf 90' lang='lat' dir='ltr'><strong>terram;</strong></span> <span class='ocrx_word' id='word_1_385' title='bbox 688 4691 743 4741; x_wconf 90' lang='lat' dir='ltr'><strong>et</strong></span> <span class='ocrx_word' id='word_1_386' title='bbox 772 4687 893 4741; x_wconf 92' lang='lat' dir='ltr'><strong>dies</strong></span> <span class='ocrx_word' id='word_1_387' title='bbox 920 4688 1037 4740; x_wconf 91' lang='lat' dir='ltr'><strong>sole</strong></span> <span class='ocrx_word' id='word_1_388' title='bbox 1060 4687 1307 4740; x_wconf 90' lang='lat' dir='ltr'><strong>candens</strong></span> <span class='ocrx_word' id='word_1_389' title='bbox 1336 4691 1553 4740; x_wconf 78' lang='lat' dir='ltr'><strong>eructet</strong></span> <span class='ocrx_word' id='word_1_390' title='bbox 1593 4686 1707 4740; x_wconf 89' lang='lat' dir='ltr'><strong>diei</strong></span> <span class='ocrx_word' id='word_1_391' title='bbox 1751 4687 1987 4741; x_wconf 89' lang='lat' dir='ltr'><strong>verbum</strong></span> <span class='ocrx_word' id='word_1_392' title='bbox 2016 4704 2104 4741; x_wconf 89' lang='lat' dir='ltr'><strong>sa-</strong></span> 
     </span>
    </p>
   </div>
   <div class='ocr_carea' id='block_1_51' title="bbox 409 4774 2104 4847">
    <p class='ocr_par' dir='ltr' id='par_1_51' title="bbox 409 4774 2104 4847">
     <span class='ocr_line' id='line_1_51' title="bbox 409 4774 2104 4847; baseline 0.001 -19"><span class='ocrx_word' id='word_1_393' title='bbox 409 4775 661 4847; x_wconf 82' lang='lat' dir='ltr'><strong>pientim,</strong></span> <span class='ocrx_word' id='word_1_394' title='bbox 696 4781 753 4829; x_wconf 91' lang='lat' dir='ltr'><strong>et</strong></span> <span class='ocrx_word' id='word_1_395' title='bbox 776 4792 888 4829; x_wconf 92' lang='lat' dir='ltr'><strong>nox</strong></span> <span class='ocrx_word' id='word_1_396' title='bbox 916 4776 1055 4829; x_wconf 90' lang='lat' dir='ltr'><strong>luna</strong></span> <span class='ocrx_word' id='word_1_397' title='bbox 1084 4776 1279 4828; x_wconf 90' lang='lat' dir='ltr'><strong>lucens</strong></span> <span class='ocrx_word' id='word_1_398' title='bbox 1316 4774 1616 4829; x_wconf 88' lang='lat' dir='ltr'><strong>annuntiet</strong></span> <span class='ocrx_word' id='word_1_399' title='bbox 1662 4776 1818 4828; x_wconf 91' lang='lat' dir='ltr'><strong>nocti</strong></span> <span class='ocrx_word' id='word_1_400' title='bbox 1865 4776 2104 4830; x_wconf 81' lang='lat' dir='ltr'><strong>verbum</strong></span> 
     </span>
    </p>
   </div>
   <div class='ocr_carea' id='block_1_52' title="bbox 412 4864 2101 4935">
    <p class='ocr_par' dir='ltr' id='par_1_52' title="bbox 412 4864 2101 4935">
     <span class='ocr_line' id='line_1_52' title="bbox 412 4864 2101 4935; baseline 0.001 -16"><span class='ocrx_word' id='word_1_401' title='bbox 412 4864 661 4919; x_wconf 81' lang='lat' dir='ltr'><strong>scientim</strong></span> <span class='ocrx_word' id='word_1_402' title='bbox 688 4867 851 4932; x_wconf 87' lang='lat' dir='ltr'><strong>(Psal.</strong></span> <span class='ocrx_word' id='word_1_403' title='bbox 885 4882 1039 4929; x_wconf 79' lang='lat' dir='ltr'><strong>xvm,</strong></span> <span class='ocrx_word' id='word_1_404' title='bbox 1071 4864 1147 4935; x_wconf 90' lang='lat'><strong>2).</strong></span> <span class='ocrx_word' id='word_1_405' title='bbox 1186 4866 1342 4918; x_wconf 89' lang='lat' dir='ltr'><strong>Luna</strong></span> <span class='ocrx_word' id='word_1_406' title='bbox 1373 4869 1427 4917; x_wconf 92' lang='lat' dir='ltr'><strong>et</strong></span> <span class='ocrx_word' id='word_1_407' title='bbox 1469 4865 1645 4918; x_wconf 73' lang='lat' dir='ltr'><strong>stella:</strong></span> <span class='ocrx_word' id='word_1_408' title='bbox 1674 4865 1827 4919; x_wconf 90' lang='lat' dir='ltr'><strong>nocti</strong></span> <span class='ocrx_word' id='word_1_409' title='bbox 1873 4865 2101 4933; x_wconf 89' lang='lat' dir='ltr'><strong>lucent;</strong></span> 
     </span>
    </p>
   </div>
   <div class='ocr_carea' id='block_1_53' title="bbox 410 4952 2105 5023">
    <p class='ocr_par' dir='ltr' id='par_1_53' title="bbox 410 4952 2105 5023">
     <span class='ocr_line' id='line_1_53' title="bbox 410 4952 2105 5023; baseline 0 -15"><span class='ocrx_word' id='word_1_410' title='bbox 410 4954 508 5008; x_wconf 87' lang='lat' dir='ltr'><strong>sed</strong></span> <span class='ocrx_word' id='word_1_411' title='bbox 534 4969 648 5007; x_wconf 90' lang='lat' dir='ltr'><strong>nox</strong></span> <span class='ocrx_word' id='word_1_412' title='bbox 680 4969 795 5006; x_wconf 90' lang='lat' dir='ltr'><strong>non</strong></span> <span class='ocrx_word' id='word_1_413' title='bbox 826 4953 1091 5006; x_wconf 91' lang='lat' dir='ltr'><strong>obscurat</strong></span> <span class='ocrx_word' id='word_1_414' title='bbox 1133 4970 1247 5017; x_wconf 88' lang='lat' dir='ltr'><strong>eas,</strong></span> <span class='ocrx_word' id='word_1_415' title='bbox 1290 4952 1565 5023; x_wconf 89' lang='lat' dir='ltr'><strong>quoniam</strong></span> <span class='ocrx_word' id='word_1_416' title='bbox 1607 4952 1745 5022; x_wconf 83' lang='lat' dir='ltr'><strong>ipsm</strong></span> <span class='ocrx_word' id='word_1_417' title='bbox 1777 4953 2105 5009; x_wconf 87' lang='lat' dir='ltr'><strong>illuminant</strong></span> 
     </span>
    </p>
   </div>
   <div class='ocr_carea' id='block_1_54' title="bbox 411 5039 2102 5113">
    <p class='ocr_par' dir='ltr' id='par_1_54' title="bbox 411 5039 2102 5113">
     <span class='ocr_line' id='line_1_54' title="bbox 411 5039 2102 5113; baseline -0.001 -16"><span class='ocrx_word' id='word_1_418' title='bbox 411 5058 539 5097; x_wconf 90' lang='lat' dir='ltr'><strong>eam</strong></span> <span class='ocrx_word' id='word_1_419' title='bbox 571 5058 673 5113; x_wconf 89' lang='lat' dir='ltr'><strong>pro</strong></span> <span class='ocrx_word' id='word_1_420' title='bbox 701 5041 934 5094; x_wconf 91' lang='lat' dir='ltr'><strong>modulo</strong></span> <span class='ocrx_word' id='word_1_421' title='bbox 966 5041 1109 5110; x_wconf 84' lang='lat' dir='ltr'><strong>ejus.</strong></span> <span class='ocrx_word' id='word_1_422' title='bbox 1144 5042 1278 5093; x_wconf 85' lang='lat' dir='ltr'><strong>Ecce</strong></span> <span class='ocrx_word' id='word_1_423' title='bbox 1326 5039 1481 5093; x_wconf 90' lang='lat' dir='ltr'><strong>enim</strong></span> <span class='ocrx_word' id='word_1_424' title='bbox 1529 5045 1802 5112; x_wconf 89' lang='lat' dir='ltr'><strong>tanquam</strong></span> <span class='ocrx_word' id='word_1_425' title='bbox 1851 5042 1964 5095; x_wconf 91' lang='lat' dir='ltr'><strong>Deo</strong></span> <span class='ocrx_word' id='word_1_426' title='bbox 2015 5042 2102 5097; x_wconf 90' lang='lat' dir='ltr'><strong>di-</strong></span> 
     </span>
    </p>
   </div>
   <div class='ocr_carea' id='block_1_55' title="bbox 409 5128 2105 5198">
    <p class='ocr_par' dir='ltr' id='par_1_55' title="bbox 409 5128 2105 5198">
     <span class='ocr_line' id='line_1_55' title="bbox 409 5128 2105 5198; baseline 0 -13"><span class='ocrx_word' id='word_1_427' title='bbox 409 5135 591 5197; x_wconf 90' lang='lat' dir='ltr'><strong>cente,</strong></span> <span class='ocrx_word' id='word_1_428' title='bbox 623 5133 785 5185; x_wconf 82' lang='lat' dir='ltr'><strong>Fiant</strong></span> <span class='ocrx_word' id='word_1_429' title='bbox 810 5130 1105 5183; x_wconf 74' lang='lat' dir='ltr'><strong>luminaria</strong></span> <span class='ocrx_word' id='word_1_430' title='bbox 1153 5131 1210 5181; x_wconf 84' lang='lat' dir='ltr'><strong>in</strong></span> <span class='ocrx_word' id='word_1_431' title='bbox 1247 5128 1585 5198; x_wconf 79' lang='lat' dir='ltr'><strong>ﬁrmamento</strong></span> <span class='ocrx_word' id='word_1_432' title='bbox 1624 5131 1760 5197; x_wconf 78' lang='lat' dir='ltr'><strong>cwli,</strong></span> <span class='ocrx_word' id='word_1_433' title='bbox 1806 5130 1983 5184; x_wconf 90' lang='lat' dir='ltr'><strong>factus</strong></span> <span class='ocrx_word' id='word_1_434' title='bbox 2022 5137 2105 5186; x_wconf 90' lang='lat' dir='ltr'><strong>est</strong></span> 
     </span>
    </p>
   </div>
   <div class='ocr_carea' id='block_1_56' title="bbox 410 5217 2101 5287">
    <p class='ocr_par' dir='ltr' id='par_1_56' title="bbox 410 5217 2101 5287">
     <span class='ocr_line' id='line_1_56' title="bbox 410 5217 2101 5287; baseline -0.001 -12"><span class='ocrx_word' id='word_1_435' title='bbox 410 5221 595 5275; x_wconf 89' lang='lat' dir='ltr'><strong>subito</strong></span> <span class='ocrx_word' id='word_1_436' title='bbox 621 5219 689 5274; x_wconf 92' lang='lat' dir='ltr'><strong>de</strong></span> <span class='ocrx_word' id='word_1_437' title='bbox 717 5219 854 5273; x_wconf 74' lang='lat' dir='ltr'><strong>cmlo</strong></span> <span class='ocrx_word' id='word_1_438' title='bbox 884 5233 1078 5282; x_wconf 90' lang='lat' dir='ltr'><strong>sonus,</strong></span> <span class='ocrx_word' id='word_1_439' title='bbox 1112 5217 1273 5287; x_wconf 89' lang='lat' dir='ltr'><strong>quasi</strong></span> <span class='ocrx_word' id='word_1_440' title='bbox 1311 5217 1556 5269; x_wconf 82' lang='lat' dir='ltr'><strong>ferretur</strong></span> <span class='ocrx_word' id='word_1_441' title='bbox 1578 5217 1744 5271; x_wconf 87' lang='lat' dir='ltr'><strong>ﬂatus</strong></span> <span class='ocrx_word' id='word_1_442' title='bbox 1774 5219 2101 5283; x_wconf 87' lang='lat' dir='ltr'><strong>vehemens,</strong></span> 
     </span>
    </p>
   </div>
   <div class='ocr_carea' id='block_1_57' title="bbox 411 5304 2106 5377">
    <p class='ocr_par' dir='ltr' id='par_1_57' title="bbox 411 5304 2106 5377">
     <span class='ocr_line' id='line_1_57' title="bbox 411 5304 2106 5377; baseline -0.001 -14"><span class='ocrx_word' id='word_1_443' title='bbox 411 5314 467 5363; x_wconf 91' lang='lat' dir='ltr'><strong>et</strong></span> <span class='ocrx_word' id='word_1_444' title='bbox 496 5308 629 5362; x_wconf 83' lang='lat' dir='ltr'><strong>vism</strong></span> <span class='ocrx_word' id='word_1_445' title='bbox 659 5313 792 5361; x_wconf 91' lang='lat' dir='ltr'><strong>sunt</strong></span> <span class='ocrx_word' id='word_1_446' title='bbox 815 5306 1030 5377; x_wconf 86' lang='lat' dir='ltr'><strong>lingum</strong></span> <span class='ocrx_word' id='word_1_447' title='bbox 1050 5304 1243 5359; x_wconf 76' lang='lat' dir='ltr'><strong>divisa:</strong></span> <span class='ocrx_word' id='word_1_448' title='bbox 1292 5304 1455 5375; x_wconf 90' lang='lat' dir='ltr'><strong>quasi</strong></span> <span class='ocrx_word' id='word_1_449' title='bbox 1482 5304 1654 5375; x_wconf 90' lang='lat' dir='ltr'><strong>ignis,</strong></span> <span class='ocrx_word' id='word_1_450' title='bbox 1686 5306 1782 5377; x_wconf 90' lang='lat' dir='ltr'><strong>qui</strong></span> <span class='ocrx_word' id='word_1_451' title='bbox 1812 5312 1867 5361; x_wconf 90' lang='lat' dir='ltr'><strong>et</strong></span> <span class='ocrx_word' id='word_1_452' title='bbox 1893 5307 2106 5362; x_wconf 87' lang='lat' dir='ltr'><strong>insedit</strong></span> 
     </span>
    </p>
   </div>
   <div class='ocr_carea' id='block_1_58' title="bbox 409 5394 2105 5468">
    <p class='ocr_par' dir='ltr' id='par_1_58' title="bbox 409 5394 2105 5468">
     <span class='ocr_line' id='line_1_58' title="bbox 409 5394 2105 5468; baseline 0 -18"><span class='ocrx_word' id='word_1_453' title='bbox 409 5413 581 5468; x_wconf 91' lang='lat' dir='ltr'><strong>super</strong></span> <span class='ocrx_word' id='word_1_454' title='bbox 609 5410 1080 5467; x_wconf 88' lang='lat' dir='ltr'><strong>unumquemque</strong></span> <span class='ocrx_word' id='word_1_455' title='bbox 1120 5394 1351 5448; x_wconf 91' lang='lat' dir='ltr'><strong>illorum</strong></span> <span class='ocrx_word' id='word_1_456' title='bbox 1382 5394 1519 5464; x_wconf 85' lang='lat' dir='ltr'><strong>(Act.</strong></span> <span class='ocrx_word' id='word_1_457' title='bbox 1562 5410 1621 5460; x_wconf 79' lang='grc' dir='ltr'><strong>ιι,</strong></span> <span class='ocrx_word' id='word_1_458' title='bbox 1651 5396 1705 5464; x_wconf 90' lang='lat'><strong>2,</strong></span> <span class='ocrx_word' id='word_1_459' title='bbox 1738 5395 1789 5465; x_wconf 88' lang='lat'><strong>3)</strong></span> <span class='ocrx_word' id='word_1_460' title='bbox 1816 5412 1829 5462; x_wconf 93' lang='lat'>;</span> <span class='ocrx_word' id='word_1_461' title='bbox 1875 5400 1931 5452; x_wconf 91' lang='lat' dir='ltr'><strong>et</strong></span> <span class='ocrx_word' id='word_1_462' title='bbox 1957 5396 2105 5451; x_wconf 80' lang='lat' dir='ltr'><strong>facta</strong></span> 
     </span>
    </p>
   </div>
   <div class='ocr_carea' id='block_1_59' title="bbox 477 5533 1684 5598">
    <p class='ocr_par' dir='ltr' id='par_1_59' title="bbox 477 5533 1684 5598">
     <span class='ocr_line' id='line_1_59' title="bbox 477 5533 1684 5598; baseline -0.004 -9"><span class='ocrx_word' id='word_1_463' title='bbox 477 5540 492 5574; x_wconf 76' lang='grc' dir='ltr'><strong>ι</strong></span> <span class='ocrx_word' id='word_1_464' title='bbox 522 5537 637 5589; x_wconf 75' lang='lat' dir='ltr'><strong>Am.</strong></span> <span class='ocrx_word' id='word_1_465' title='bbox 657 5538 741 5588; x_wconf 88' lang='lat' dir='ltr'><strong>Er.</strong></span> <span class='ocrx_word' id='word_1_466' title='bbox 773 5540 826 5588; x_wconf 88' lang='lat' dir='ltr'><strong>et</strong></span> <span class='ocrx_word' id='word_1_467' title='bbox 862 5549 1053 5587; x_wconf 88' lang='lat' dir='ltr'><strong>novem</strong></span> <span class='ocrx_word' id='word_1_468' title='bbox 1082 5535 1230 5593; x_wconf 88' lang='lat' dir='ltr'><strong>Mss.,</strong></span> <span class='ocrx_word' id='word_1_469' title='bbox 1260 5533 1684 5598; x_wconf 79' lang='lat' dir='ltr'><strong>desperatorum.</strong></span> 
     </span>
    </p>
   </div>
   <div class='ocr_carea' id='block_1_60' title="bbox 1559 277 2673 336">
    <p class='ocr_par' dir='ltr' id='par_1_60' title="bbox 1559 277 2673 336">
     <span class='ocr_line' id='line_1_60' title="bbox 1559 277 2673 336; baseline -0.001 -1"><span class='ocrx_word' id='word_1_470' title='bbox 1559 277 2100 336; x_wconf 84' lang='lat' dir='ltr'><strong>CONFESSIONUM</strong></span> <span class='ocrx_word' id='word_1_471' title='bbox 2149 278 2203 334; x_wconf 90' lang='lat' dir='ltr'><strong>S.</strong></span> <span class='ocrx_word' id='word_1_472' title='bbox 2267 277 2673 336; x_wconf 81' lang='lat' dir='ltr'><strong>AUGUSTINI.</strong></span> 
     </span>
    </p>
   </div>
   <div class='ocr_carea' id='block_1_61' title="bbox 3768 286 3880 339">
    <p class='ocr_par' dir='ltr' id='par_1_61' title="bbox 3768 286 3880 339">
     <span class='ocr_line' id='line_1_61' title="bbox 3768 286 3880 339; baseline 0.027 -3"><span class='ocrx_word' id='word_1_473' title='bbox 3768 286 3880 339; x_wconf 84' lang='lat'><strong>856</strong></span> 
     </span>
    </p>
   </div>
   <div class='ocr_carea' id='block_1_62' title="bbox 2184 400 3883 479">
    <p class='ocr_par' dir='ltr' id='par_1_62' title="bbox 2184 400 3883 479">
     <span class='ocr_line' id='line_1_62' title="bbox 2184 400 3883 479; baseline 0.005 -26"><span class='ocrx_word' id='word_1_474' title='bbox 2184 404 2319 455; x_wconf 91' lang='lat' dir='ltr'><strong>sunt</strong></span> <span class='ocrx_word' id='word_1_475' title='bbox 2346 400 2656 456; x_wconf 89' lang='lat' dir='ltr'><strong>luminaria</strong></span> <span class='ocrx_word' id='word_1_476' title='bbox 2678 400 2741 455; x_wconf 92' lang='lat' dir='ltr'><strong>in</strong></span> <span class='ocrx_word' id='word_1_477' title='bbox 2756 402 3115 459; x_wconf 87' lang='lat' dir='ltr'><strong>ﬁrmamento</strong></span> <span class='ocrx_word' id='word_1_478' title='bbox 3145 404 3271 459; x_wconf 83' lang='lat' dir='ltr'><strong>coeli</strong></span> <span class='ocrx_word' id='word_1_479' title='bbox 3293 406 3517 475; x_wconf 77' lang='lat' dir='ltr'><strong>(Matth.</strong></span> <span class='ocrx_word' id='word_1_480' title='bbox 3540 424 3590 476; x_wconf 92' lang='lat' dir='ltr'><strong>v,</strong></span> <span class='ocrx_word' id='word_1_481' title='bbox 3620 409 3731 479; x_wconf 78' lang='grc'><strong>14),</strong></span> <span class='ocrx_word' id='word_1_482' title='bbox 3755 424 3883 462; x_wconf 88' lang='lat' dir='ltr'><strong>ver-</strong></span> 
     </span>
    </p>
   </div>
   <div class='ocr_carea' id='block_1_63' title="bbox 2182 488 3885 567">
    <p class='ocr_par' dir='ltr' id='par_1_63' title="bbox 2182 488 3885 567">
     <span class='ocr_line' id='line_1_63' title="bbox 2182 488 3885 567; baseline 0.004 -24"><span class='ocrx_word' id='word_1_483' title='bbox 2182 488 2320 544; x_wconf 92' lang='lat' dir='ltr'><strong>bum</strong></span> <span class='ocrx_word' id='word_1_484' title='bbox 2349 489 2479 545; x_wconf 83' lang='lat' dir='ltr'><strong>vitm</strong></span> <span class='ocrx_word' id='word_1_485' title='bbox 2508 489 2795 545; x_wconf 86' lang='lat' dir='ltr'><strong>habentia.</strong></span> <span class='ocrx_word' id='word_1_486' title='bbox 2860 491 3081 564; x_wconf 90' lang='lat' dir='ltr'><strong>Ubique</strong></span> <span class='ocrx_word' id='word_1_487' title='bbox 3133 492 3452 561; x_wconf 89' lang='lat' dir='ltr'><strong>discurrite,</strong></span> <span class='ocrx_word' id='word_1_488' title='bbox 3483 494 3648 567; x_wconf 88' lang='lat' dir='ltr'><strong>ignes</strong></span> <span class='ocrx_word' id='word_1_489' title='bbox 3678 497 3885 557; x_wconf 84' lang='lat' dir='ltr'><strong>sancti,</strong></span> 
     </span>
    </p>
   </div>
   <div class='ocr_carea' id='block_1_64' title="bbox 2184 576 3887 651">
    <p class='ocr_par' dir='ltr' id='par_1_64' title="bbox 2184 576 3887 651">
     <span class='ocr_line' id='line_1_64' title="bbox 2184 576 3887 651; baseline 0.004 -19"><span class='ocrx_word' id='word_1_490' title='bbox 2184 576 2345 645; x_wconf 79' lang='lat' dir='ltr'><strong>ignes</strong></span> <span class='ocrx_word' id='word_1_491' title='bbox 2375 579 2588 634; x_wconf 90' lang='lat' dir='ltr'><strong>decori.</strong></span> <span class='ocrx_word' id='word_1_492' title='bbox 2620 578 2730 634; x_wconf 82' lang='lat' dir='ltr'><strong>Vos</strong></span> <span class='ocrx_word' id='word_1_493' title='bbox 2760 578 2916 636; x_wconf 91' lang='lat' dir='ltr'><strong>enim</strong></span> <span class='ocrx_word' id='word_1_494' title='bbox 2945 580 3079 636; x_wconf 89' lang='lat' dir='ltr'><strong>estis</strong></span> <span class='ocrx_word' id='word_1_495' title='bbox 3108 582 3307 637; x_wconf 90' lang='lat' dir='ltr'><strong>lumen</strong></span> <span class='ocrx_word' id='word_1_496' title='bbox 3346 583 3569 651; x_wconf 90' lang='lat' dir='ltr'><strong>mundi,</strong></span> <span class='ocrx_word' id='word_1_497' title='bbox 3600 599 3706 640; x_wconf 91' lang='lat' dir='ltr'><strong>nec</strong></span> <span class='ocrx_word' id='word_1_498' title='bbox 3749 583 3887 638; x_wconf 87' lang='lat' dir='ltr'><strong>estis</strong></span> 
     </span>
    </p>
   </div>
   <div class='ocr_carea' id='block_1_65' title="bbox 2186 666 3889 738">
    <p class='ocr_par' dir='ltr' id='par_1_65' title="bbox 2186 666 3889 738">
     <span class='ocr_line' id='line_1_65' title="bbox 2186 666 3889 738; baseline 0.004 -19"><span class='ocrx_word' id='word_1_499' title='bbox 2186 666 2288 721; x_wconf 91' lang='lat' dir='ltr'><strong>sub</strong></span> <span class='ocrx_word' id='word_1_500' title='bbox 2319 666 2536 722; x_wconf 90' lang='lat' dir='ltr'><strong>modio.</strong></span> <span class='ocrx_word' id='word_1_501' title='bbox 2570 668 2859 724; x_wconf 84' lang='lat' dir='ltr'><strong>Exaltatus</strong></span> <span class='ocrx_word' id='word_1_502' title='bbox 2897 672 2982 725; x_wconf 89' lang='lat' dir='ltr'><strong>est</strong></span> <span class='ocrx_word' id='word_1_503' title='bbox 3028 668 3120 725; x_wconf 91' lang='lat' dir='ltr'><strong>cui</strong></span> <span class='ocrx_word' id='word_1_504' title='bbox 3161 670 3498 738; x_wconf 85' lang='lat' dir='ltr'><strong>adhmsistis,</strong></span> <span class='ocrx_word' id='word_1_505' title='bbox 3531 675 3587 725; x_wconf 88' lang='lat' dir='ltr'><strong>et</strong></span> <span class='ocrx_word' id='word_1_506' title='bbox 3617 670 3889 727; x_wconf 87' lang='lat' dir='ltr'><strong>exaltavit</strong></span> 
     </span>
    </p>
   </div>
   <div class='ocr_carea' id='block_1_66' title="bbox 2185 754 3735 832">
    <p class='ocr_par' dir='ltr' id='par_1_66' title="bbox 2185 754 3735 832">
     <span class='ocr_line' id='line_1_66' title="bbox 2185 754 3735 832; baseline 0.005 -24"><span class='ocrx_word' id='word_1_507' title='bbox 2185 771 2299 810; x_wconf 88' lang='lat' dir='ltr'><strong>vos.</strong></span> <span class='ocrx_word' id='word_1_508' title='bbox 2331 754 2659 825; x_wconf 88' lang='lat' dir='ltr'><strong>Discurrite,</strong></span> <span class='ocrx_word' id='word_1_509' title='bbox 2699 759 2756 812; x_wconf 90' lang='lat' dir='ltr'><strong>et</strong></span> <span class='ocrx_word' id='word_1_510' title='bbox 2781 757 3116 814; x_wconf 89' lang='lat' dir='ltr'><strong>innotescite</strong></span> <span class='ocrx_word' id='word_1_511' title='bbox 3148 758 3416 814; x_wconf 87' lang='lat' dir='ltr'><strong>omnibus</strong></span> <span class='ocrx_word' id='word_1_512' title='bbox 3446 760 3735 832; x_wconf 88' lang='lat' dir='ltr'><strong>gentibus.</strong></span> 
     </span>
    </p>
   </div>
   <div class='ocr_carea' id='block_1_67' title="bbox 2846 874 3212 932">
    <p class='ocr_par' dir='ltr' id='par_1_67' title="bbox 2846 874 3212 932">
     <span class='ocr_line' id='line_1_67' title="bbox 2846 874 3212 932; baseline 0.005 -3"><span class='ocrx_word' id='word_1_513' title='bbox 2846 874 2976 930; x_wconf 82' lang='lat' dir='ltr'><strong>CAP</strong></span> <span class='ocrx_word' id='word_1_514' title='bbox 2986 876 3072 930; x_wconf 90' lang='lat' dir='ltr'><strong>UT</strong></span> <span class='ocrx_word' id='word_1_515' title='bbox 3107 876 3212 932; x_wconf 86' lang='lat' dir='ltr'><strong>XX.</strong></span> 
     </span>
    </p>
   </div>
   <div class='ocr_carea' id='block_1_68' title="bbox 2190 958 3885 1034">
    <p class='ocr_par' dir='ltr' id='par_1_68' title="bbox 2190 958 3885 1034">
     <span class='ocr_line' id='line_1_68' title="bbox 2190 958 3885 1034; baseline 0.003 -21"><span class='ocrx_word' id='word_1_516' title='bbox 2190 958 2507 1015; x_wconf 88' lang='lat' dir='ltr'><strong>Producant</strong></span> <span class='ocrx_word' id='word_1_517' title='bbox 2555 976 2742 1033; x_wconf 79' lang='lat' dir='ltr'><strong>aqum,</strong></span> <span class='ocrx_word' id='word_1_518' title='bbox 2772 966 2894 1030; x_wconf 88' lang='lat' dir='ltr'><strong>etc.,</strong></span> <span class='ocrx_word' id='word_1_519' title='bbox 2927 964 3056 1019; x_wconf 88' lang='lat' dir='ltr'><strong>Gen.</strong></span> <span class='ocrx_word' id='word_1_520' title='bbox 3093 966 3143 1032; x_wconf 89' lang='lat'><strong>1,</strong></span> <span class='ocrx_word' id='word_1_521' title='bbox 3183 966 3273 1018; x_wconf 83' lang='lat'><strong>20.</strong></span> <span class='ocrx_word' id='word_1_522' title='bbox 3316 965 3442 1031; x_wconf 69' lang='lat' dir='ltr'><strong>Qum</strong></span> <span class='ocrx_word' id='word_1_523' title='bbox 3482 965 3723 1034; x_wconf 84' lang='lat' dir='ltr'><strong>reptilia,</strong></span> <span class='ocrx_word' id='word_1_524' title='bbox 3766 982 3885 1034; x_wconf 77' lang='lat' dir='ltr'><strong>qum</strong></span> 
     </span>
    </p>
   </div>
   <div class='ocr_carea' id='block_1_69' title="bbox 2904 1054 3170 1108">
    <p class='ocr_par' dir='ltr' id='par_1_69' title="bbox 2904 1054 3170 1108">
     <span class='ocr_line' id='line_1_69' title="bbox 2904 1054 3170 1108; baseline 0.011 -3"><span class='ocrx_word' id='word_1_525' title='bbox 2904 1054 3170 1108; x_wconf 82' lang='lat' dir='ltr'><strong>volatilia.</strong></span> 
     </span>
    </p>
   </div>
   <div class='ocr_carea' id='block_1_70' title="bbox 2261 1155 3887 1229">
    <p class='ocr_par' dir='ltr' id='par_1_70' title="bbox 2261 1155 3887 1229">
     <span class='ocr_line' id='line_1_70' title="bbox 2261 1155 3887 1229; baseline 0.002 -21"><span class='ocrx_word' id='word_1_526' title='bbox 2261 1157 2349 1209; x_wconf 88' lang='lat'><strong>26.</strong></span> <span class='ocrx_word' id='word_1_527' title='bbox 2379 1155 2673 1228; x_wconf 89' lang='lat' dir='ltr'><strong>Concipiat</strong></span> <span class='ocrx_word' id='word_1_528' title='bbox 2709 1161 2767 1211; x_wconf 91' lang='lat' dir='ltr'><strong>et</strong></span> <span class='ocrx_word' id='word_1_529' title='bbox 2795 1172 2972 1224; x_wconf 87' lang='lat' dir='ltr'><strong>mare,</strong></span> <span class='ocrx_word' id='word_1_530' title='bbox 3019 1162 3075 1213; x_wconf 89' lang='lat' dir='ltr'><strong>et</strong></span> <span class='ocrx_word' id='word_1_531' title='bbox 3110 1157 3298 1228; x_wconf 90' lang='lat' dir='ltr'><strong>pariat</strong></span> <span class='ocrx_word' id='word_1_532' title='bbox 3345 1174 3521 1229; x_wconf 91' lang='lat' dir='ltr'><strong>opera</strong></span> <span class='ocrx_word' id='word_1_533' title='bbox 3563 1163 3770 1227; x_wconf 89' lang='lat' dir='ltr'><strong>vestra,</strong></span> <span class='ocrx_word' id='word_1_534' title='bbox 3831 1164 3887 1212; x_wconf 87' lang='lat' dir='ltr'><strong>et</strong></span> 
     </span>
    </p>
   </div>
   <div class='ocr_carea' id='block_1_71' title="bbox 2186 1245 3887 1320">
    <p class='ocr_par' dir='ltr' id='par_1_71' title="bbox 2186 1245 3887 1320">
     <span class='ocr_line' id='line_1_71' title="bbox 2186 1245 3887 1320; baseline 0.003 -22"><span class='ocrx_word' id='word_1_535' title='bbox 2186 1245 2493 1312; x_wconf 79' lang='lat' dir='ltr'><strong>producant</strong></span> <span class='ocrx_word' id='word_1_536' title='bbox 2520 1261 2677 1314; x_wconf 73' lang='lat' dir='ltr'><strong>aqum</strong></span> <span class='ocrx_word' id='word_1_537' title='bbox 2704 1248 2927 1316; x_wconf 87' lang='lat' dir='ltr'><strong>reptilia</strong></span> <span class='ocrx_word' id='word_1_538' title='bbox 2960 1249 3269 1302; x_wconf 87' lang='lat' dir='ltr'><strong>animarum</strong></span> <span class='ocrx_word' id='word_1_539' title='bbox 3296 1250 3562 1303; x_wconf 81' lang='lat' dir='ltr'><strong>vivarum.</strong></span> <span class='ocrx_word' id='word_1_540' title='bbox 3602 1249 3887 1320; x_wconf 88' lang='lat' dir='ltr'><strong>Separan-</strong></span> 
     </span>
    </p>
   </div>
   <div class='ocr_carea' id='block_1_72' title="bbox 2190 1332 3889 1409">
    <p class='ocr_par' dir='ltr' id='par_1_72' title="bbox 2190 1332 3889 1409">
     <span class='ocr_line' id='line_1_72' title="bbox 2190 1332 3889 1409; baseline 0.002 -24"><span class='ocrx_word' id='word_1_541' title='bbox 2190 1336 2274 1386; x_wconf 91' lang='lat' dir='ltr'><strong>tes</strong></span> <span class='ocrx_word' id='word_1_542' title='bbox 2304 1332 2458 1387; x_wconf 88' lang='lat' dir='ltr'><strong>enim</strong></span> <span class='ocrx_word' id='word_1_543' title='bbox 2487 1334 2803 1404; x_wconf 87' lang='lat' dir='ltr'><strong>pretiosum</strong></span> <span class='ocrx_word' id='word_1_544' title='bbox 2829 1352 2861 1390; x_wconf 90' lang='lat' dir='ltr'><strong>a</strong></span> <span class='ocrx_word' id='word_1_545' title='bbox 2883 1335 3000 1404; x_wconf 90' lang='lat' dir='ltr'><strong>vili,</strong></span> <span class='ocrx_word' id='word_1_546' title='bbox 3030 1335 3163 1390; x_wconf 77' lang='lat' dir='ltr'><strong>facti</strong></span> <span class='ocrx_word' id='word_1_547' title='bbox 3191 1336 3322 1390; x_wconf 87' lang='lat' dir='ltr'><strong>estis</strong></span> <span class='ocrx_word' id='word_1_548' title='bbox 3351 1352 3414 1390; x_wconf 92' lang='lat' dir='ltr'><strong>os</strong></span> <span class='ocrx_word' id='word_1_549' title='bbox 3445 1336 3567 1405; x_wconf 90' lang='lat' dir='ltr'><strong>Dei,</strong></span> <span class='ocrx_word' id='word_1_550' title='bbox 3595 1353 3702 1407; x_wconf 91' lang='lat' dir='ltr'><strong>per</strong></span> <span class='ocrx_word' id='word_1_551' title='bbox 3741 1353 3889 1409; x_wconf 88' lang='lat' dir='ltr'><strong>quos</strong></span> 
     </span>
    </p>
   </div>
   <div class='ocr_carea' id='block_1_73' title="bbox 2194 1421 3884 1496">
    <p class='ocr_par' dir='ltr' id='par_1_73' title="bbox 2194 1421 3884 1496">
     <span class='ocr_line' id='line_1_73' title="bbox 2194 1421 3884 1496; baseline 0.001 -19"><span class='ocrx_word' id='word_1_552' title='bbox 2194 1421 2443 1477; x_wconf 88' lang='lat' dir='ltr'><strong>diceret:</strong></span> <span class='ocrx_word' id='word_1_553' title='bbox 2476 1423 2783 1478; x_wconf 88' lang='lat' dir='ltr'><strong>Producant</strong></span> <span class='ocrx_word' id='word_1_554' title='bbox 2832 1441 3006 1493; x_wconf 71' lang='lat' dir='ltr'><strong>aquae,</strong></span> <span class='ocrx_word' id='word_1_555' title='bbox 3047 1440 3165 1479; x_wconf 93' lang='lat' dir='ltr'><strong>non</strong></span> <span class='ocrx_word' id='word_1_556' title='bbox 3202 1424 3454 1479; x_wconf 89' lang='lat' dir='ltr'><strong>animam</strong></span> <span class='ocrx_word' id='word_1_557' title='bbox 3484 1426 3672 1479; x_wconf 90' lang='lat' dir='ltr'><strong>vivam</strong></span> <span class='ocrx_word' id='word_1_558' title='bbox 3712 1440 3884 1496; x_wconf 89' lang='lat' dir='ltr'><strong>quam</strong></span> 
     </span>
    </p>
   </div>
   <div class='ocr_carea' id='block_1_74' title="bbox 2194 1510 3884 1582">
    <p class='ocr_par' dir='ltr' id='par_1_74' title="bbox 2194 1510 3884 1582">
     <span class='ocr_line' id='line_1_74' title="bbox 2194 1510 3884 1582; baseline 0.003 -20"><span class='ocrx_word' id='word_1_559' title='bbox 2194 1513 2345 1563; x_wconf 89' lang='lat' dir='ltr'><strong>terra</strong></span> <span class='ocrx_word' id='word_1_560' title='bbox 2374 1510 2656 1580; x_wconf 86' lang='lat' dir='ltr'><strong>producit,</strong></span> <span class='ocrx_word' id='word_1_561' title='bbox 2695 1512 2790 1566; x_wconf 92' lang='lat' dir='ltr'><strong>sed</strong></span> <span class='ocrx_word' id='word_1_562' title='bbox 2819 1515 3042 1582; x_wconf 86' lang='lat' dir='ltr'><strong>reptilia</strong></span> <span class='ocrx_word' id='word_1_563' title='bbox 3066 1516 3375 1567; x_wconf 84' lang='lat' dir='ltr'><strong>animarum</strong></span> <span class='ocrx_word' id='word_1_564' title='bbox 3399 1518 3669 1582; x_wconf 79' lang='lat' dir='ltr'><strong>vivarum,</strong></span> <span class='ocrx_word' id='word_1_565' title='bbox 3702 1517 3754 1567; x_wconf 92' lang='lat' dir='ltr'><strong>et</strong></span> <span class='ocrx_word' id='word_1_566' title='bbox 3798 1529 3884 1567; x_wconf 88' lang='grc' dir='ltr'><strong>υο-</strong></span> 
     </span>
    </p>
   </div>
   <div class='ocr_carea' id='block_1_75' title="bbox 2195 1598 3888 1672">
    <p class='ocr_par' dir='ltr' id='par_1_75' title="bbox 2195 1598 3888 1672">
     <span class='ocr_line' id='line_1_75' title="bbox 2195 1598 3888 1672; baseline 0.001 -20"><span class='ocrx_word' id='word_1_567' title='bbox 2195 1598 2377 1653; x_wconf 82' lang='lat' dir='ltr'><strong>latitia</strong></span> <span class='ocrx_word' id='word_1_568' title='bbox 2405 1601 2647 1653; x_wconf 78' lang='lat' dir='ltr'><strong>uolantia</strong></span> <span class='ocrx_word' id='word_1_569' title='bbox 2674 1615 2836 1669; x_wconf 86' lang='lat' dir='ltr'><strong>super</strong></span> <span class='ocrx_word' id='word_1_570' title='bbox 2881 1605 3101 1656; x_wconf 86' lang='lat' dir='ltr'><strong>terram.</strong></span> <span class='ocrx_word' id='word_1_571' title='bbox 3136 1603 3459 1672; x_wconf 86' lang='lat' dir='ltr'><strong>Repserunt</strong></span> <span class='ocrx_word' id='word_1_572' title='bbox 3486 1601 3644 1656; x_wconf 91' lang='lat' dir='ltr'><strong>enim</strong></span> <span class='ocrx_word' id='word_1_573' title='bbox 3691 1602 3888 1655; x_wconf 89' lang='lat' dir='ltr'><strong>Sacra-</strong></span> 
     </span>
    </p>
   </div>
   <div class='ocr_carea' id='block_1_76' title="bbox 2197 1688 3893 1760">
    <p class='ocr_par' dir='ltr' id='par_1_76' title="bbox 2197 1688 3893 1760">
     <span class='ocr_line' id='line_1_76' title="bbox 2197 1688 3893 1760; baseline 0.002 -20"><span class='ocrx_word' id='word_1_574' title='bbox 2197 1690 2391 1740; x_wconf 88' lang='lat' dir='ltr'><strong>menta</strong></span> <span class='ocrx_word' id='word_1_575' title='bbox 2416 1690 2536 1756; x_wconf 87' lang='lat' dir='ltr'><strong>tna,</strong></span> <span class='ocrx_word' id='word_1_576' title='bbox 2568 1689 2736 1753; x_wconf 91' lang='lat' dir='ltr'><strong>Deus,</strong></span> <span class='ocrx_word' id='word_1_577' title='bbox 2767 1704 2872 1758; x_wconf 92' lang='lat' dir='ltr'><strong>per</strong></span> <span class='ocrx_word' id='word_1_578' title='bbox 2899 1704 3072 1760; x_wconf 81' lang='lat' dir='ltr'><strong>Opera</strong></span> <span class='ocrx_word' id='word_1_579' title='bbox 3092 1694 3424 1744; x_wconf 91' lang='lat' dir='ltr'><strong>sanctorum</strong></span> <span class='ocrx_word' id='word_1_580' title='bbox 3461 1694 3699 1745; x_wconf 88' lang='lat' dir='ltr'><strong>tuorum</strong></span> <span class='ocrx_word' id='word_1_581' title='bbox 3742 1688 3893 1743; x_wconf 89' lang='lat' dir='ltr'><strong>inter</strong></span> 
     </span>
    </p>
   </div>
   <div class='ocr_carea' id='block_1_77' title="bbox 2197 1776 3893 1847">
    <p class='ocr_par' dir='ltr' id='par_1_77' title="bbox 2197 1776 3893 1847">
     <span class='ocr_line' id='line_1_77' title="bbox 2197 1776 3893 1847; baseline 0.002 -18"><span class='ocrx_word' id='word_1_582' title='bbox 2197 1776 2417 1830; x_wconf 92' lang='lat' dir='ltr'><strong>medios</strong></span> <span class='ocrx_word' id='word_1_583' title='bbox 2468 1777 2672 1831; x_wconf 83' lang='lat' dir='ltr'><strong>fluctus</strong></span> <span class='ocrx_word' id='word_1_584' title='bbox 2716 1778 3097 1833; x_wconf 89' lang='lat' dir='ltr'><strong>tentationum</strong></span> <span class='ocrx_word' id='word_1_585' title='bbox 3150 1779 3364 1847; x_wconf 81' lang='lat' dir='ltr'><strong>saeculi,</strong></span> <span class='ocrx_word' id='word_1_586' title='bbox 3421 1780 3492 1834; x_wconf 90' lang='lat' dir='ltr'><strong>ad</strong></span> <span class='ocrx_word' id='word_1_587' title='bbox 3548 1779 3893 1835; x_wconf 88' lang='lat' dir='ltr'><strong>imbuendas</strong></span> 
     </span>
    </p>
   </div>
   <div class='ocr_carea' id='block_1_78' title="bbox 2197 1864 3895 1937">
    <p class='ocr_par' dir='ltr' id='par_1_78' title="bbox 2197 1864 3895 1937">
     <span class='ocr_line' id='line_1_78' title="bbox 2197 1864 3895 1937; baseline 0.002 -20"><span class='ocrx_word' id='word_1_588' title='bbox 2197 1868 2397 1934; x_wconf 88' lang='lat' dir='ltr'><strong>gentes</strong></span> <span class='ocrx_word' id='word_1_589' title='bbox 2426 1864 2658 1918; x_wconf 92' lang='lat' dir='ltr'><strong>nomine</strong></span> <span class='ocrx_word' id='word_1_590' title='bbox 2704 1868 2827 1934; x_wconf 89' lang='lat' dir='ltr'><strong>tuo,</strong></span> <span class='ocrx_word' id='word_1_591' title='bbox 2885 1865 2945 1920; x_wconf 93' lang='lat' dir='ltr'><strong>in</strong></span> <span class='ocrx_word' id='word_1_592' title='bbox 2993 1866 3279 1937; x_wconf 91' lang='lat' dir='ltr'><strong>baptismo</strong></span> <span class='ocrx_word' id='word_1_593' title='bbox 3310 1872 3429 1923; x_wconf 90' lang='lat' dir='ltr'><strong>tuo.</strong></span> <span class='ocrx_word' id='word_1_594' title='bbox 3473 1869 3537 1923; x_wconf 85' lang='lat' dir='ltr'><strong>Et</strong></span> <span class='ocrx_word' id='word_1_595' title='bbox 3592 1867 3744 1922; x_wconf 87' lang='lat' dir='ltr'><strong>inter</strong></span> <span class='ocrx_word' id='word_1_596' title='bbox 3771 1868 3895 1922; x_wconf 86' lang='lat' dir='ltr'><strong>hmc</strong></span> 
     </span>
    </p>
   </div>
   <div class='ocr_carea' id='block_1_79' title="bbox 2199 1952 3892 2027">
    <p class='ocr_par' dir='ltr' id='par_1_79' title="bbox 2199 1952 3892 2027">
     <span class='ocr_line' id='line_1_79' title="bbox 2199 1952 3892 2027; baseline 0.002 -21"><span class='ocrx_word' id='word_1_597' title='bbox 2199 1952 2343 2007; x_wconf 86' lang='lat' dir='ltr'><strong>facta</strong></span> <span class='ocrx_word' id='word_1_598' title='bbox 2374 1955 2503 2007; x_wconf 90' lang='lat' dir='ltr'><strong>sunt</strong></span> <span class='ocrx_word' id='word_1_599' title='bbox 2530 1953 2819 2023; x_wconf 88' lang='lat' dir='ltr'><strong>magnalia</strong></span> <span class='ocrx_word' id='word_1_600' title='bbox 2860 1953 3144 2008; x_wconf 88' lang='lat' dir='ltr'><strong>mirabilia</strong></span> <span class='ocrx_word' id='word_1_601' title='bbox 3173 1959 3449 2027; x_wconf 90' lang='lat' dir='ltr'><strong>tanquam</strong></span> <span class='ocrx_word' id='word_1_602' title='bbox 3488 1956 3597 2010; x_wconf 90' lang='lat' dir='ltr'><strong>ceti</strong></span> <span class='ocrx_word' id='word_1_603' title='bbox 3626 1956 3892 2027; x_wconf 87' lang='lat' dir='ltr'><strong>grandes,</strong></span> 
     </span>
    </p>
   </div>
   <div class='ocr_carea' id='block_1_80' title="bbox 2200 2041 3893 2116">
    <p class='ocr_par' dir='ltr' id='par_1_80' title="bbox 2200 2041 3893 2116">
     <span class='ocr_line' id='line_1_80' title="bbox 2200 2041 3893 2116; baseline 0.002 -21"><span class='ocrx_word' id='word_1_604' title='bbox 2200 2045 2258 2095; x_wconf 91' lang='lat' dir='ltr'><strong>et</strong></span> <span class='ocrx_word' id='word_1_605' title='bbox 2288 2057 2451 2095; x_wconf 89' lang='lat' dir='ltr'><strong>voces</strong></span> <span class='ocrx_word' id='word_1_606' title='bbox 2503 2041 2839 2096; x_wconf 88' lang='lat' dir='ltr'><strong>nuntiorum</strong></span> <span class='ocrx_word' id='word_1_607' title='bbox 2867 2044 3100 2097; x_wconf 85' lang='lat' dir='ltr'><strong>tuorum</strong></span> <span class='ocrx_word' id='word_1_608' title='bbox 3142 2043 3442 2098; x_wconf 87' lang='lat' dir='ltr'><strong>volitantes</strong></span> <span class='ocrx_word' id='word_1_609' title='bbox 3472 2059 3643 2116; x_wconf 90' lang='lat' dir='ltr'><strong>super</strong></span> <span class='ocrx_word' id='word_1_610' title='bbox 3682 2048 3893 2099; x_wconf 83' lang='lat' dir='ltr'><strong>terram</strong></span> 
     </span>
    </p>
   </div>
   <div class='ocr_carea' id='block_1_81' title="bbox 2193 2129 3893 2203">
    <p class='ocr_par' dir='ltr' id='par_1_81' title="bbox 2193 2129 3893 2203">
     <span class='ocr_line' id='line_1_81' title="bbox 2193 2129 3893 2203; baseline 0.002 -20"><span class='ocrx_word' id='word_1_611' title='bbox 2193 2129 2356 2201; x_wconf 84' lang='lat' dir='ltr'><strong>juxta</strong></span> <span class='ocrx_word' id='word_1_612' title='bbox 2392 2130 2823 2185; x_wconf 88' lang='lat' dir='ltr'><strong>ﬁrmamentum</strong></span> <span class='ocrx_word' id='word_1_613' title='bbox 2867 2129 3021 2186; x_wconf 90' lang='lat' dir='ltr'><strong>Libri</strong></span> <span class='ocrx_word' id='word_1_614' title='bbox 3054 2131 3160 2199; x_wconf 90' lang='lat' dir='ltr'><strong>tui,</strong></span> <span class='ocrx_word' id='word_1_615' title='bbox 3208 2132 3517 2203; x_wconf 83' lang='lat' dir='ltr'><strong>pra-posito</strong></span> <span class='ocrx_word' id='word_1_616' title='bbox 3552 2132 3651 2188; x_wconf 91' lang='lat' dir='ltr'><strong>illo</strong></span> <span class='ocrx_word' id='word_1_617' title='bbox 3685 2132 3792 2188; x_wconf 92' lang='lat' dir='ltr'><strong>sibi</strong></span> <span class='ocrx_word' id='word_1_618' title='bbox 3822 2133 3893 2187; x_wconf 89' lang='lat' dir='ltr'><strong>ad</strong></span> 
     </span>
    </p>
   </div>
   <div class='ocr_carea' id='block_1_82' title="bbox 2202 2218 3890 2292">
    <p class='ocr_par' dir='ltr' id='par_1_82' title="bbox 2202 2218 3890 2292">
     <span class='ocr_line' id='line_1_82' title="bbox 2202 2218 3890 2292; baseline 0.002 -20"><span class='ocrx_word' id='word_1_619' title='bbox 2202 2218 2616 2283; x_wconf 82' lang='lat' dir='ltr'><strong>auctoritatem,</strong></span> <span class='ocrx_word' id='word_1_620' title='bbox 2666 2219 2770 2273; x_wconf 89' lang='lat' dir='ltr'><strong>sub</strong></span> <span class='ocrx_word' id='word_1_621' title='bbox 2822 2234 2935 2291; x_wconf 91' lang='lat' dir='ltr'><strong>quo</strong></span> <span class='ocrx_word' id='word_1_622' title='bbox 2975 2219 3279 2275; x_wconf 89' lang='lat' dir='ltr'><strong>volitarent</strong></span> <span class='ocrx_word' id='word_1_623' title='bbox 3328 2236 3690 2292; x_wconf 90' lang='lat' dir='ltr'><strong>quocumque</strong></span> <span class='ocrx_word' id='word_1_624' title='bbox 3721 2220 3890 2276; x_wconf 88' lang='lat' dir='ltr'><strong>irent.</strong></span> 
     </span>
    </p>
   </div>
   <div class='ocr_carea' id='block_1_83' title="bbox 2203 2307 3896 2381">
    <p class='ocr_par' dir='ltr' id='par_1_83' title="bbox 2203 2307 3896 2381">
     <span class='ocr_line' id='line_1_83' title="bbox 2203 2307 3896 2381; baseline 0.002 -21"><span class='ocrx_word' id='word_1_625' title='bbox 2203 2308 2397 2378; x_wconf 89' lang='lat' dir='ltr'><strong>Neque</strong></span> <span class='ocrx_word' id='word_1_626' title='bbox 2435 2307 2588 2361; x_wconf 91' lang='lat' dir='ltr'><strong>enim</strong></span> <span class='ocrx_word' id='word_1_627' title='bbox 2633 2312 2766 2362; x_wconf 90' lang='lat' dir='ltr'><strong>sunt</strong></span> <span class='ocrx_word' id='word_1_628' title='bbox 2793 2308 3037 2380; x_wconf 80' lang='lat' dir='ltr'><strong>loquelae</strong></span> <span class='ocrx_word' id='word_1_629' title='bbox 3066 2325 3254 2381; x_wconf 91' lang='lat' dir='ltr'><strong>neque</strong></span> <span class='ocrx_word' id='word_1_630' title='bbox 3297 2325 3613 2377; x_wconf 89' lang='lat' dir='ltr'><strong>sermones,</strong></span> <span class='ocrx_word' id='word_1_631' title='bbox 3648 2325 3896 2381; x_wconf 89' lang='lat' dir='ltr'><strong>quorum</strong></span> 
     </span>
    </p>
   </div>
   <div class='ocr_carea' id='block_1_84' title="bbox 2203 2395 3897 2469">
    <p class='ocr_par' dir='ltr' id='par_1_84' title="bbox 2203 2395 3897 2469">
     <span class='ocr_line' id='line_1_84' title="bbox 2203 2395 3897 2469; baseline 0.002 -19"><span class='ocrx_word' id='word_1_632' title='bbox 2203 2411 2320 2450; x_wconf 92' lang='lat' dir='ltr'><strong>non</strong></span> <span class='ocrx_word' id='word_1_633' title='bbox 2349 2395 2658 2451; x_wconf 88' lang='lat' dir='ltr'><strong>audiantur</strong></span> <span class='ocrx_word' id='word_1_634' title='bbox 2684 2413 2845 2451; x_wconf 90' lang='lat' dir='ltr'><strong>voces</strong></span> <span class='ocrx_word' id='word_1_635' title='bbox 2876 2413 3095 2464; x_wconf 89' lang='lat' dir='ltr'><strong>eorum,</strong></span> <span class='ocrx_word' id='word_1_636' title='bbox 3143 2400 3373 2469; x_wconf 91' lang='lat' dir='ltr'><strong>quando</strong></span> <span class='ocrx_word' id='word_1_637' title='bbox 3413 2398 3476 2453; x_wconf 93' lang='lat' dir='ltr'><strong>in</strong></span> <span class='ocrx_word' id='word_1_638' title='bbox 3506 2414 3737 2453; x_wconf 91' lang='lat' dir='ltr'><strong>omnem</strong></span> <span class='ocrx_word' id='word_1_639' title='bbox 3782 2403 3897 2453; x_wconf 90' lang='lat' dir='ltr'><strong>ter-</strong></span> 
     </span>
    </p>
   </div>
   <div class='ocr_carea' id='block_1_85' title="bbox 2205 2485 3899 2554">
    <p class='ocr_par' dir='ltr' id='par_1_85' title="bbox 2205 2485 3899 2554">
     <span class='ocr_line' id='line_1_85' title="bbox 2205 2485 3899 2554; baseline 0.002 -16"><span class='ocrx_word' id='word_1_640' title='bbox 2205 2501 2327 2539; x_wconf 91' lang='lat' dir='ltr'><strong>ram</strong></span> <span class='ocrx_word' id='word_1_641' title='bbox 2357 2485 2492 2539; x_wconf 88' lang='lat' dir='ltr'><strong>exiit</strong></span> <span class='ocrx_word' id='word_1_642' title='bbox 2521 2501 2694 2539; x_wconf 90' lang='lat' dir='ltr'><strong>sonus</strong></span> <span class='ocrx_word' id='word_1_643' title='bbox 2722 2502 2942 2554; x_wconf 91' lang='lat' dir='ltr'><strong>eorum,</strong></span> <span class='ocrx_word' id='word_1_644' title='bbox 2974 2490 3031 2542; x_wconf 87' lang='lat' dir='ltr'><strong>et</strong></span> <span class='ocrx_word' id='word_1_645' title='bbox 3062 2487 3124 2541; x_wconf 93' lang='lat' dir='ltr'><strong>in</strong></span> <span class='ocrx_word' id='word_1_646' title='bbox 3152 2489 3294 2542; x_wconf 89' lang='lat' dir='ltr'><strong>ﬁnes</strong></span> <span class='ocrx_word' id='word_1_647' title='bbox 3348 2488 3500 2543; x_wconf 91' lang='lat' dir='ltr'><strong>orbis</strong></span> <span class='ocrx_word' id='word_1_648' title='bbox 3529 2492 3697 2543; x_wconf 86' lang='lat' dir='ltr'><strong>terrm</strong></span> <span class='ocrx_word' id='word_1_649' title='bbox 3728 2489 3899 2543; x_wconf 85' lang='lat' dir='ltr'><strong>verba</strong></span> 
     </span>
    </p>
   </div>
   <div class='ocr_carea' id='block_1_86' title="bbox 2206 2576 3897 2647">
    <p class='ocr_par' dir='ltr' id='par_1_86' title="bbox 2206 2576 3897 2647">
     <span class='ocr_line' id='line_1_86' title="bbox 2206 2576 3897 2647; baseline 0.001 -18"><span class='ocrx_word' id='word_1_650' title='bbox 2206 2589 2403 2629; x_wconf 90' lang='lat' dir='ltr'><strong>eorum</strong></span> <span class='ocrx_word' id='word_1_651' title='bbox 2453 2576 2617 2645; x_wconf 91' lang='lat' dir='ltr'><strong>(Psal.</strong></span> <span class='ocrx_word' id='word_1_652' title='bbox 2660 2591 2814 2643; x_wconf 84' lang='lat' dir='ltr'><strong>xvm,</strong></span> <span class='ocrx_word' id='word_1_653' title='bbox 2844 2577 2899 2643; x_wconf 83' lang='grc'><strong>4,</strong></span> <span class='ocrx_word' id='word_1_654' title='bbox 2932 2579 3004 2643; x_wconf 85' lang='grc'><strong>5;</strong></span> <span class='ocrx_word' id='word_1_655' title='bbox 3059 2576 3334 2647; x_wconf 91' lang='lat' dir='ltr'><strong>quoniam</strong></span> <span class='ocrx_word' id='word_1_656' title='bbox 3364 2580 3446 2643; x_wconf 89' lang='lat' dir='ltr'><strong>tu,</strong></span> <span class='ocrx_word' id='word_1_657' title='bbox 3500 2576 3767 2646; x_wconf 88' lang='lat' dir='ltr'><strong>Domine,</strong></span> <span class='ocrx_word' id='word_1_658' title='bbox 3798 2576 3897 2631; x_wconf 91' lang='lat' dir='ltr'><strong>be-</strong></span> 
     </span>
    </p>
   </div>
   <div class='ocr_carea' id='block_1_87' title="bbox 2205 2663 3101 2734">
    <p class='ocr_par' dir='ltr' id='par_1_87' title="bbox 2205 2663 3101 2734">
     <span class='ocr_line' id='line_1_87' title="bbox 2205 2663 3101 2734; baseline 0.002 -17"><span class='ocrx_word' id='word_1_659' title='bbox 2205 2663 2518 2718; x_wconf 90' lang='lat' dir='ltr'><strong>nedicendo</strong></span> <span class='ocrx_word' id='word_1_660' title='bbox 2541 2663 2932 2734; x_wconf 88' lang='lat' dir='ltr'><strong>multiplicasti</strong></span> <span class='ocrx_word' id='word_1_661' title='bbox 2960 2665 3101 2719; x_wconf 83' lang='lat' dir='ltr'><strong>hmc.</strong></span> 
     </span>
    </p>
   </div>
   <div class='ocr_carea' id='block_1_88' title="bbox 2276 2751 3900 2825">
    <p class='ocr_par' dir='ltr' id='par_1_88' title="bbox 2276 2751 3900 2825">
     <span class='ocr_line' id='line_1_88' title="bbox 2276 2751 3900 2825; baseline 0.002 -21"><span class='ocrx_word' id='word_1_662' title='bbox 2276 2755 2365 2805; x_wconf 86' lang='lat'><strong>27.</strong></span> <span class='ocrx_word' id='word_1_663' title='bbox 2410 2751 2698 2822; x_wconf 88' lang='lat' dir='ltr'><strong>Numquid</strong></span> <span class='ocrx_word' id='word_1_664' title='bbox 2727 2752 2993 2818; x_wconf 90' lang='lat' dir='ltr'><strong>mentior,</strong></span> <span class='ocrx_word' id='word_1_665' title='bbox 3027 2756 3125 2807; x_wconf 89' lang='lat' dir='ltr'><strong>aut</strong></span> <span class='ocrx_word' id='word_1_666' title='bbox 3154 2752 3427 2807; x_wconf 90' lang='lat' dir='ltr'><strong>mixtione</strong></span> <span class='ocrx_word' id='word_1_667' title='bbox 3458 2751 3689 2818; x_wconf 91' lang='lat' dir='ltr'><strong>misceo,</strong></span> <span class='ocrx_word' id='word_1_668' title='bbox 3714 2769 3900 2825; x_wconf 89' lang='lat' dir='ltr'><strong>neque</strong></span> 
     </span>
    </p>
   </div>
   <div class='ocr_carea' id='block_1_89' title="bbox 2207 2839 3900 2909">
    <p class='ocr_par' dir='ltr' id='par_1_89' title="bbox 2207 2839 3900 2909">
     <span class='ocr_line' id='line_1_89' title="bbox 2207 2839 3900 2909; baseline 0.001 -16"><span class='ocrx_word' id='word_1_669' title='bbox 2207 2840 2495 2909; x_wconf 87' lang='lat' dir='ltr'><strong>distinguo</strong></span> <span class='ocrx_word' id='word_1_670' title='bbox 2525 2839 2738 2894; x_wconf 87' lang='lat' dir='ltr'><strong>lucidas</strong></span> <span class='ocrx_word' id='word_1_671' title='bbox 2767 2839 3125 2909; x_wconf 88' lang='lat' dir='ltr'><strong>cognitiones</strong></span> <span class='ocrx_word' id='word_1_672' title='bbox 3154 2841 3360 2895; x_wconf 92' lang='lat' dir='ltr'><strong>harum</strong></span> <span class='ocrx_word' id='word_1_673' title='bbox 3389 2856 3584 2895; x_wconf 90' lang='lat' dir='ltr'><strong>rerum</strong></span> <span class='ocrx_word' id='word_1_674' title='bbox 3614 2840 3674 2894; x_wconf 91' lang='lat' dir='ltr'><strong>in</strong></span> <span class='ocrx_word' id='word_1_675' title='bbox 3705 2840 3900 2895; x_wconf 88' lang='lat' dir='ltr'><strong>ﬁrma-</strong></span> 
     </span>
    </p>
   </div>
   <div class='ocr_carea' id='block_1_90' title="bbox 2209 2927 3902 2999">
    <p class='ocr_par' dir='ltr' id='par_1_90' title="bbox 2209 2927 3902 2999">
     <span class='ocr_line' id='line_1_90' title="bbox 2209 2927 3902 2999; baseline -0.001 -17"><span class='ocrx_word' id='word_1_676' title='bbox 2209 2933 2402 2982; x_wconf 91' lang='lat' dir='ltr'><strong>mento</strong></span> <span class='ocrx_word' id='word_1_677' title='bbox 2433 2928 2579 2994; x_wconf 82' lang='lat' dir='ltr'><strong>cmli,</strong></span> <span class='ocrx_word' id='word_1_678' title='bbox 2624 2931 2682 2983; x_wconf 80' lang='lat' dir='ltr'><strong>et</strong></span> <span class='ocrx_word' id='word_1_679' title='bbox 2709 2944 2882 2997; x_wconf 90' lang='lat' dir='ltr'><strong>opera</strong></span> <span class='ocrx_word' id='word_1_680' title='bbox 2911 2928 3229 2999; x_wconf 89' lang='lat' dir='ltr'><strong>corporalia</strong></span> <span class='ocrx_word' id='word_1_681' title='bbox 3283 2928 3347 2982; x_wconf 93' lang='lat' dir='ltr'><strong>in</strong></span> <span class='ocrx_word' id='word_1_682' title='bbox 3389 2928 3612 2982; x_wconf 91' lang='lat' dir='ltr'><strong>undoso</strong></span> <span class='ocrx_word' id='word_1_683' title='bbox 3641 2927 3811 2994; x_wconf 91' lang='lat' dir='ltr'><strong>mari,</strong></span> <span class='ocrx_word' id='word_1_684' title='bbox 3843 2933 3902 2982; x_wconf 88' lang='lat' dir='ltr'><strong>et</strong></span> 
     </span>
    </p>
   </div>
   <div class='ocr_carea' id='block_1_91' title="bbox 2210 3016 3902 3081">
    <p class='ocr_par' dir='ltr' id='par_1_91' title="bbox 2210 3016 3902 3081">
     <span class='ocr_line' id='line_1_91' title="bbox 2210 3016 3902 3081; baseline 0.001 -13"><span class='ocrx_word' id='word_1_685' title='bbox 2210 3017 2313 3070; x_wconf 91' lang='lat' dir='ltr'><strong>sub</strong></span> <span class='ocrx_word' id='word_1_686' title='bbox 2344 3017 2704 3071; x_wconf 88' lang='lat' dir='ltr'><strong>ﬁrmamento</strong></span> <span class='ocrx_word' id='word_1_687' title='bbox 2735 3016 2900 3071; x_wconf 81' lang='lat' dir='ltr'><strong>coeli?</strong></span> <span class='ocrx_word' id='word_1_688' title='bbox 2942 3017 3194 3081; x_wconf 89' lang='lat' dir='ltr'><strong>Quarum</strong></span> <span class='ocrx_word' id='word_1_689' title='bbox 3248 3016 3404 3072; x_wconf 90' lang='lat' dir='ltr'><strong>enim</strong></span> <span class='ocrx_word' id='word_1_690' title='bbox 3452 3032 3647 3071; x_wconf 91' lang='lat' dir='ltr'><strong>rerum</strong></span> <span class='ocrx_word' id='word_1_691' title='bbox 3678 3017 3902 3071; x_wconf 73' lang='lat' dir='ltr'><strong>notitiae</strong></span> 
     </span>
    </p>
   </div>
   <div class='ocr_carea' id='block_1_92' title="bbox 2210 3103 3904 3175">
    <p class='ocr_par' dir='ltr' id='par_1_92' title="bbox 2210 3103 3904 3175">
     <span class='ocr_line' id='line_1_92' title="bbox 2210 3103 3904 3175; baseline 0.002 -19"><span class='ocrx_word' id='word_1_692' title='bbox 2210 3109 2342 3158; x_wconf 82' lang='lat' dir='ltr'><strong>sunt</strong></span> <span class='ocrx_word' id='word_1_693' title='bbox 2370 3105 2588 3172; x_wconf 79' lang='lat' dir='ltr'><strong>solidm,</strong></span> <span class='ocrx_word' id='word_1_694' title='bbox 2636 3109 2694 3159; x_wconf 91' lang='lat' dir='ltr'><strong>et</strong></span> <span class='ocrx_word' id='word_1_695' title='bbox 2729 3105 3047 3159; x_wconf 86' lang='lat' dir='ltr'><strong>terminatm</strong></span> <span class='ocrx_word' id='word_1_696' title='bbox 3093 3104 3214 3159; x_wconf 89' lang='lat' dir='ltr'><strong>sine</strong></span> <span class='ocrx_word' id='word_1_697' title='bbox 3245 3103 3610 3159; x_wconf 81' lang='lat' dir='ltr'><strong>incrementis</strong></span> <span class='ocrx_word' id='word_1_698' title='bbox 3661 3119 3904 3175; x_wconf 86' lang='lat' dir='ltr'><strong>genera-</strong></span> 
     </span>
    </p>
   </div>
   <div class='ocr_carea' id='block_1_93' title="bbox 2207 3192 3903 3264">
    <p class='ocr_par' dir='ltr' id='par_1_93' title="bbox 2207 3192 3903 3264">
     <span class='ocr_line' id='line_1_93' title="bbox 2207 3192 3903 3264; baseline 0.001 -18"><span class='ocrx_word' id='word_1_699' title='bbox 2207 3192 2454 3258; x_wconf 88' lang='lat' dir='ltr'><strong>tionum,</strong></span> <span class='ocrx_word' id='word_1_700' title='bbox 2530 3197 2804 3264; x_wconf 87' lang='lat' dir='ltr'><strong>tanquam</strong></span> <span class='ocrx_word' id='word_1_701' title='bbox 2872 3192 3092 3247; x_wconf 89' lang='lat' dir='ltr'><strong>lumina</strong></span> <span class='ocrx_word' id='word_1_702' title='bbox 3164 3192 3458 3264; x_wconf 85' lang='lat' dir='ltr'><strong>sapientim</strong></span> <span class='ocrx_word' id='word_1_703' title='bbox 3514 3196 3570 3247; x_wconf 89' lang='lat' dir='ltr'><strong>et</strong></span> <span class='ocrx_word' id='word_1_704' title='bbox 3625 3192 3903 3260; x_wconf 85' lang='lat' dir='ltr'><strong>scientiae,</strong></span> 
     </span>
    </p>
   </div>
   <div class='ocr_carea' id='block_1_94' title="bbox 2211 3282 3904 3353">
    <p class='ocr_par' dir='ltr' id='par_1_94' title="bbox 2211 3282 3904 3353">
     <span class='ocr_line' id='line_1_94' title="bbox 2211 3282 3904 3353; baseline -0.001 -17"><span class='ocrx_word' id='word_1_705' title='bbox 2211 3282 2545 3337; x_wconf 90' lang='lat' dir='ltr'><strong>earumdem</strong></span> <span class='ocrx_word' id='word_1_706' title='bbox 2594 3297 2789 3336; x_wconf 86' lang='lat' dir='ltr'><strong>rerum</strong></span> <span class='ocrx_word' id='word_1_707' title='bbox 2827 3286 2961 3336; x_wconf 88' lang='lat' dir='ltr'><strong>sunt</strong></span> <span class='ocrx_word' id='word_1_708' title='bbox 2990 3282 3352 3352; x_wconf 89' lang='lat' dir='ltr'><strong>operationes</strong></span> <span class='ocrx_word' id='word_1_709' title='bbox 3396 3284 3717 3353; x_wconf 88' lang='lat' dir='ltr'><strong>corporales</strong></span> <span class='ocrx_word' id='word_1_710' title='bbox 3746 3282 3904 3336; x_wconf 89' lang='lat' dir='ltr'><strong>mul-</strong></span> 
     </span>
    </p>
   </div>
   <div class='ocr_carea' id='block_1_95' title="bbox 2215 3369 3909 3442">
    <p class='ocr_par' dir='ltr' id='par_1_95' title="bbox 2215 3369 3909 3442">
     <span class='ocr_line' id='line_1_95' title="bbox 2215 3369 3909 3442; baseline -0.001 -18"><span class='ocrx_word' id='word_1_711' title='bbox 2215 3375 2282 3424; x_wconf 87' lang='lat' dir='ltr'><strong>tm</strong></span> <span class='ocrx_word' id='word_1_712' title='bbox 2314 3387 2378 3424; x_wconf 89' lang='lat' dir='ltr'><strong>ac</strong></span> <span class='ocrx_word' id='word_1_713' title='bbox 2405 3371 2574 3424; x_wconf 83' lang='lat' dir='ltr'><strong>varim</strong></span> <span class='ocrx_word' id='word_1_714' title='bbox 2600 3387 2614 3437; x_wconf 92' lang='lat'><strong>;</strong></span> <span class='ocrx_word' id='word_1_715' title='bbox 2644 3374 2700 3424; x_wconf 88' lang='lat' dir='ltr'><strong>et</strong></span> <span class='ocrx_word' id='word_1_716' title='bbox 2729 3369 2883 3424; x_wconf 89' lang='lat' dir='ltr'><strong>aliud</strong></span> <span class='ocrx_word' id='word_1_717' title='bbox 2908 3386 2975 3424; x_wconf 89' lang='lat' dir='ltr'><strong>ex</strong></span> <span class='ocrx_word' id='word_1_718' title='bbox 3004 3370 3116 3425; x_wconf 89' lang='lat' dir='ltr'><strong>alio</strong></span> <span class='ocrx_word' id='word_1_719' title='bbox 3149 3371 3451 3425; x_wconf 90' lang='lat' dir='ltr'><strong>crescendo</strong></span> <span class='ocrx_word' id='word_1_720' title='bbox 3487 3370 3909 3442; x_wconf 88' lang='lat' dir='ltr'><strong>multiplicatur</strong></span> 
     </span>
    </p>
   </div>
   <div class='ocr_carea' id='block_1_96' title="bbox 2211 3458 3908 3532">
    <p class='ocr_par' dir='ltr' id='par_1_96' title="bbox 2211 3458 3908 3532">
     <span class='ocr_line' id='line_1_96' title="bbox 2211 3458 3908 3532; baseline 0 -20"><span class='ocrx_word' id='word_1_721' title='bbox 2211 3458 2271 3512; x_wconf 92' lang='lat' dir='ltr'><strong>in</strong></span> <span class='ocrx_word' id='word_1_722' title='bbox 2298 3458 2690 3514; x_wconf 88' lang='lat' dir='ltr'><strong>benedictione</strong></span> <span class='ocrx_word' id='word_1_723' title='bbox 2721 3464 2838 3527; x_wconf 88' lang='lat' dir='ltr'><strong>tua,</strong></span> <span class='ocrx_word' id='word_1_724' title='bbox 2872 3461 3043 3528; x_wconf 90' lang='lat' dir='ltr'><strong>Deus,</strong></span> <span class='ocrx_word' id='word_1_725' title='bbox 3074 3460 3174 3532; x_wconf 90' lang='lat' dir='ltr'><strong>qui</strong></span> <span class='ocrx_word' id='word_1_726' title='bbox 3219 3461 3544 3515; x_wconf 90' lang='lat' dir='ltr'><strong>consolatus</strong></span> <span class='ocrx_word' id='word_1_727' title='bbox 3572 3476 3631 3514; x_wconf 90' lang='lat' dir='ltr'><strong>es</strong></span> <span class='ocrx_word' id='word_1_728' title='bbox 3675 3458 3908 3513; x_wconf 88' lang='lat' dir='ltr'><strong>fastidia</strong></span> 
     </span>
    </p>
   </div>
   <div class='ocr_carea' id='block_1_97' title="bbox 2210 3547 3908 3620">
    <p class='ocr_par' dir='ltr' id='par_1_97' title="bbox 2210 3547 3908 3620">
     <span class='ocr_line' id='line_1_97' title="bbox 2210 3547 3908 3620; baseline -0.001 -18"><span class='ocrx_word' id='word_1_729' title='bbox 2210 3564 2482 3603; x_wconf 91' lang='lat' dir='ltr'><strong>sensuum</strong></span> <span class='ocrx_word' id='word_1_730' title='bbox 2528 3547 2878 3617; x_wconf 89' lang='lat' dir='ltr'><strong>mortalium,</strong></span> <span class='ocrx_word' id='word_1_731' title='bbox 2911 3552 2972 3601; x_wconf 90' lang='lat' dir='ltr'><strong>ut</strong></span> <span class='ocrx_word' id='word_1_732' title='bbox 2998 3548 3061 3603; x_wconf 93' lang='lat' dir='ltr'><strong>in</strong></span> <span class='ocrx_word' id='word_1_733' title='bbox 3092 3548 3415 3620; x_wconf 86' lang='lat' dir='ltr'><strong>cognitione</strong></span> <span class='ocrx_word' id='word_1_734' title='bbox 3456 3548 3633 3603; x_wconf 88' lang='lat' dir='ltr'><strong>animi</strong></span> <span class='ocrx_word' id='word_1_735' title='bbox 3672 3564 3762 3602; x_wconf 90' lang='lat' dir='ltr'><strong>res</strong></span> <span class='ocrx_word' id='word_1_736' title='bbox 3790 3563 3908 3601; x_wconf 87' lang='lat' dir='ltr'><strong>una</strong></span> 
     </span>
    </p>
   </div>
   <div class='ocr_carea' id='block_1_98' title="bbox 2211 3636 3907 3709">
    <p class='ocr_par' dir='ltr' id='par_1_98' title="bbox 2211 3636 3907 3709">
     <span class='ocr_line' id='line_1_98' title="bbox 2211 3636 3907 3709; baseline -0.001 -18"><span class='ocrx_word' id='word_1_737' title='bbox 2211 3636 2406 3691; x_wconf 90' lang='lat' dir='ltr'><strong>multis</strong></span> <span class='ocrx_word' id='word_1_738' title='bbox 2436 3636 2619 3691; x_wconf 91' lang='lat' dir='ltr'><strong>modis</strong></span> <span class='ocrx_word' id='word_1_739' title='bbox 2649 3652 2751 3706; x_wconf 93' lang='lat' dir='ltr'><strong>per</strong></span> <span class='ocrx_word' id='word_1_740' title='bbox 2798 3637 3048 3707; x_wconf 92' lang='lat' dir='ltr'><strong>corporis</strong></span> <span class='ocrx_word' id='word_1_741' title='bbox 3085 3637 3370 3692; x_wconf 90' lang='lat' dir='ltr'><strong>motiones</strong></span> <span class='ocrx_word' id='word_1_742' title='bbox 3415 3636 3695 3709; x_wconf 86' lang='lat' dir='ltr'><strong>ﬁguretur</strong></span> <span class='ocrx_word' id='word_1_743' title='bbox 3736 3640 3907 3706; x_wconf 89' lang='lat' dir='ltr'><strong>atque</strong></span> 
     </span>
    </p>
   </div>
   <div class='ocr_carea' id='block_1_99' title="bbox 2211 3725 3905 3797">
    <p class='ocr_par' dir='ltr' id='par_1_99' title="bbox 2211 3725 3905 3797">
     <span class='ocr_line' id='line_1_99' title="bbox 2211 3725 3905 3797; baseline -0.001 -17"><span class='ocrx_word' id='word_1_744' title='bbox 2211 3725 2450 3780; x_wconf 86' lang='lat' dir='ltr'><strong>dicatur.</strong></span> <span class='ocrx_word' id='word_1_745' title='bbox 2499 3728 2678 3797; x_wconf 83' lang='lat' dir='ltr'><strong>Aqum</strong></span> <span class='ocrx_word' id='word_1_746' title='bbox 2706 3726 3100 3795; x_wconf 88' lang='lat' dir='ltr'><strong>produxerunt</strong></span> <span class='ocrx_word' id='word_1_747' title='bbox 3142 3727 3303 3793; x_wconf 88' lang='lat' dir='ltr'><strong>hmc;</strong></span> <span class='ocrx_word' id='word_1_748' title='bbox 3355 3727 3456 3781; x_wconf 90' lang='lat' dir='ltr'><strong>sed</strong></span> <span class='ocrx_word' id='word_1_749' title='bbox 3486 3727 3547 3781; x_wconf 92' lang='lat' dir='ltr'><strong>in</strong></span> <span class='ocrx_word' id='word_1_750' title='bbox 3584 3726 3756 3780; x_wconf 90' lang='lat' dir='ltr'><strong>verbo</strong></span> <span class='ocrx_word' id='word_1_751' title='bbox 3784 3729 3905 3779; x_wconf 92' lang='lat' dir='ltr'><strong>tuo.</strong></span> 
     </span>
    </p>
   </div>
   <div class='ocr_carea' id='block_1_100' title="bbox 2215 3813 3912 3870">
    <p class='ocr_par' dir='ltr' id='par_1_100' title="bbox 2215 3813 3912 3870">
     <span class='ocr_line' id='line_1_100' title="bbox 2215 3813 3912 3870; baseline -0.002 0"><span class='ocrx_word' id='word_1_752' title='bbox 2215 3813 2584 3870; x_wconf 88' lang='lat' dir='ltr'><strong>Necessitates</strong></span> <span class='ocrx_word' id='word_1_753' title='bbox 2640 3813 3015 3868; x_wconf 88' lang='lat' dir='ltr'><strong>alienatorum</strong></span> <span class='ocrx_word' id='word_1_754' title='bbox 3052 3814 3125 3870; x_wconf 92' lang='lat' dir='ltr'><strong>ab</strong></span> <span class='ocrx_word' id='word_1_755' title='bbox 3157 3814 3474 3870; x_wconf 87' lang='lat' dir='ltr'><strong>mternitate</strong></span> <span class='ocrx_word' id='word_1_756' title='bbox 3512 3814 3765 3869; x_wconf 87' lang='lat' dir='ltr'><strong>veritatis</strong></span> <span class='ocrx_word' id='word_1_757' title='bbox 3795 3818 3912 3868; x_wconf 88' lang='lat' dir='ltr'><strong>tum</strong></span> 
     </span>
    </p>
   </div>
   <div class='ocr_carea' id='block_1_101' title="bbox 2211 3891 3910 3975">
    <p class='ocr_par' dir='ltr' id='par_1_101' title="bbox 2211 3891 3910 3975">
     <span class='ocr_line' id='line_1_101' title="bbox 2211 3891 3910 3975; baseline 0 -19"><span class='ocrx_word' id='word_1_758' title='bbox 2211 3904 2558 3975; x_wconf 90' lang='lat' dir='ltr'><strong>populorum</strong></span> <span class='ocrx_word' id='word_1_759' title='bbox 2594 3891 2993 3974; x_wconf 86' lang='lat' dir='ltr'><strong>produxerunt</strong></span> <span class='ocrx_word' id='word_1_760' title='bbox 3013 3904 3174 3971; x_wconf 81' lang='lat' dir='ltr'><strong>hmo;</strong></span> <span class='ocrx_word' id='word_1_761' title='bbox 3214 3904 3314 3959; x_wconf 90' lang='lat' dir='ltr'><strong>sed</strong></span> <span class='ocrx_word' id='word_1_762' title='bbox 3348 3904 3411 3959; x_wconf 93' lang='lat' dir='ltr'><strong>in</strong></span> <span class='ocrx_word' id='word_1_763' title='bbox 3452 3904 3755 3975; x_wconf 86' lang='lat' dir='ltr'><strong>Evangelio</strong></span> <span class='ocrx_word' id='word_1_764' title='bbox 3786 3907 3910 3971; x_wconf 90' lang='lat' dir='ltr'><strong>tuo,</strong></span> 
     </span>
    </p>
   </div>
   <div class='ocr_carea' id='block_1_102' title="bbox 2214 3991 3912 4065">
    <p class='ocr_par' dir='ltr' id='par_1_102' title="bbox 2214 3991 3912 4065">
     <span class='ocr_line' id='line_1_102' title="bbox 2214 3991 3912 4065; baseline -0.001 -19"><span class='ocrx_word' id='word_1_765' title='bbox 2214 3992 2488 4063; x_wconf 90' lang='lat' dir='ltr'><strong>quoniam</strong></span> <span class='ocrx_word' id='word_1_766' title='bbox 2515 3991 2654 4063; x_wconf 86' lang='lat' dir='ltr'><strong>ipsm</strong></span> <span class='ocrx_word' id='word_1_767' title='bbox 2686 4009 2849 4065; x_wconf 88' lang='lat' dir='ltr'><strong>aqum</strong></span> <span class='ocrx_word' id='word_1_768' title='bbox 2887 3993 2993 4047; x_wconf 88' lang='lat' dir='ltr'><strong>ista</strong></span> <span class='ocrx_word' id='word_1_769' title='bbox 3020 3993 3344 4064; x_wconf 89' lang='lat' dir='ltr'><strong>ejecerunt;</strong></span> <span class='ocrx_word' id='word_1_770' title='bbox 3397 4008 3642 4065; x_wconf 89' lang='lat' dir='ltr'><strong>quarum</strong></span> <span class='ocrx_word' id='word_1_771' title='bbox 3680 4007 3912 4046; x_wconf 88' lang='lat' dir='ltr'><strong>amarus</strong></span> 
     </span>
    </p>
   </div>
   <div class='ocr_carea' id='block_1_103' title="bbox 2214 4081 3907 4153">
    <p class='ocr_par' dir='ltr' id='par_1_103' title="bbox 2214 4081 3907 4153">
     <span class='ocr_line' id='line_1_103' title="bbox 2214 4081 3907 4153; baseline 0.001 -19"><span class='ocrx_word' id='word_1_772' title='bbox 2214 4083 2454 4151; x_wconf 87' lang='lat' dir='ltr'><strong>languor</strong></span> <span class='ocrx_word' id='word_1_773' title='bbox 2480 4082 2590 4136; x_wconf 89' lang='lat' dir='ltr'><strong>fuit</strong></span> <span class='ocrx_word' id='word_1_774' title='bbox 2618 4098 2806 4149; x_wconf 90' lang='lat' dir='ltr'><strong>causa,</strong></span> <span class='ocrx_word' id='word_1_775' title='bbox 2834 4088 2898 4137; x_wconf 93' lang='lat' dir='ltr'><strong>ut</strong></span> <span class='ocrx_word' id='word_1_776' title='bbox 2924 4083 2984 4137; x_wconf 92' lang='lat' dir='ltr'><strong>in</strong></span> <span class='ocrx_word' id='word_1_777' title='bbox 3012 4087 3109 4137; x_wconf 91' lang='lat' dir='ltr'><strong>tuo</strong></span> <span class='ocrx_word' id='word_1_778' title='bbox 3154 4082 3326 4137; x_wconf 92' lang='lat' dir='ltr'><strong>verbo</strong></span> <span class='ocrx_word' id='word_1_779' title='bbox 3357 4082 3464 4135; x_wconf 90' lang='lat' dir='ltr'><strong>ista</strong></span> <span class='ocrx_word' id='word_1_780' title='bbox 3511 4081 3907 4153; x_wconf 88' lang='lat' dir='ltr'><strong>procederent.</strong></span> 
     </span>
    </p>
   </div>
   <div class='ocr_carea' id='block_1_104' title="bbox 2284 4171 3914 4242">
    <p class='ocr_par' dir='ltr' id='par_1_104' title="bbox 2284 4171 3914 4242">
     <span class='ocr_line' id='line_1_104' title="bbox 2284 4171 3914 4242; baseline -0.001 -16"><span class='ocrx_word' id='word_1_781' title='bbox 2284 4175 2371 4226; x_wconf 89' lang='lat'><strong>28.</strong></span> <span class='ocrx_word' id='word_1_782' title='bbox 2406 4173 2470 4226; x_wconf 88' lang='lat' dir='ltr'><strong>Et</strong></span> <span class='ocrx_word' id='word_1_783' title='bbox 2498 4173 2738 4242; x_wconf 88' lang='lat' dir='ltr'><strong>pulchra</strong></span> <span class='ocrx_word' id='word_1_784' title='bbox 2790 4176 2923 4226; x_wconf 88' lang='lat' dir='ltr'><strong>sunt</strong></span> <span class='ocrx_word' id='word_1_785' title='bbox 2977 4171 3171 4226; x_wconf 90' lang='lat' dir='ltr'><strong>omnia</strong></span> <span class='ocrx_word' id='word_1_786' title='bbox 3210 4172 3451 4226; x_wconf 88' lang='lat' dir='ltr'><strong>faciente</strong></span> <span class='ocrx_word' id='word_1_787' title='bbox 3480 4176 3559 4240; x_wconf 91' lang='lat' dir='ltr'><strong>te,</strong></span> <span class='ocrx_word' id='word_1_788' title='bbox 3605 4174 3661 4225; x_wconf 93' lang='lat' dir='ltr'><strong>et</strong></span> <span class='ocrx_word' id='word_1_789' title='bbox 3688 4185 3815 4224; x_wconf 91' lang='lat' dir='ltr'><strong>ecce</strong></span> <span class='ocrx_word' id='word_1_790' title='bbox 3844 4175 3914 4225; x_wconf 90' lang='lat' dir='ltr'><strong>tu</strong></span> 
     </span>
    </p>
   </div>
   <div class='ocr_carea' id='block_1_105' title="bbox 2215 4259 3914 4331">
    <p class='ocr_par' dir='ltr' id='par_1_105' title="bbox 2215 4259 3914 4331">
     <span class='ocr_line' id='line_1_105' title="bbox 2215 4259 3914 4331; baseline -0.001 -17"><span class='ocrx_word' id='word_1_791' title='bbox 2215 4260 2673 4315; x_wconf 85' lang='lat' dir='ltr'><strong>inenarrabiliter</strong></span> <span class='ocrx_word' id='word_1_792' title='bbox 2697 4261 2990 4331; x_wconf 90' lang='lat' dir='ltr'><strong>pulchrior</strong></span> <span class='ocrx_word' id='word_1_793' title='bbox 3032 4260 3133 4331; x_wconf 89' lang='lat' dir='ltr'><strong>qui</strong></span> <span class='ocrx_word' id='word_1_794' title='bbox 3170 4260 3353 4314; x_wconf 83' lang='lat' dir='ltr'><strong>fecisti</strong></span> <span class='ocrx_word' id='word_1_795' title='bbox 3384 4260 3577 4313; x_wconf 91' lang='lat' dir='ltr'><strong>omnia</strong></span> <span class='ocrx_word' id='word_1_796' title='bbox 3608 4275 3623 4315; x_wconf 89' lang='lat'><strong>:</strong></span> <span class='ocrx_word' id='word_1_797' title='bbox 3652 4276 3684 4314; x_wconf 87' lang='lat' dir='ltr'><strong>a</strong></span> <span class='ocrx_word' id='word_1_798' title='bbox 3709 4275 3826 4331; x_wconf 91' lang='lat' dir='ltr'><strong>quo</strong></span> <span class='ocrx_word' id='word_1_799' title='bbox 3862 4259 3914 4314; x_wconf 89' lang='lat' dir='ltr'><strong>si</strong></span> 
     </span>
    </p>
   </div>
   <div class='ocr_carea' id='block_1_106' title="bbox 2213 4348 3910 4421">
    <p class='ocr_par' dir='ltr' id='par_1_106' title="bbox 2213 4348 3910 4421">
     <span class='ocr_line' id='line_1_106' title="bbox 2213 4348 3910 4421; baseline -0.001 -18"><span class='ocrx_word' id='word_1_800' title='bbox 2213 4365 2329 4403; x_wconf 94' lang='lat' dir='ltr'><strong>non</strong></span> <span class='ocrx_word' id='word_1_801' title='bbox 2367 4353 2514 4404; x_wconf 85' lang='lat' dir='ltr'><strong>esset</strong></span> <span class='ocrx_word' id='word_1_802' title='bbox 2562 4350 2751 4421; x_wconf 90' lang='lat' dir='ltr'><strong>lapsus</strong></span> <span class='ocrx_word' id='word_1_803' title='bbox 2790 4350 2992 4414; x_wconf 81' lang='lat' dir='ltr'><strong>Adam,</strong></span> <span class='ocrx_word' id='word_1_804' title='bbox 3026 4365 3145 4402; x_wconf 92' lang='lat' dir='ltr'><strong>non</strong></span> <span class='ocrx_word' id='word_1_805' title='bbox 3182 4348 3601 4402; x_wconf 80' lang='lat' dir='ltr'><strong>diffunderetur</strong></span> <span class='ocrx_word' id='word_1_806' title='bbox 3640 4364 3708 4402; x_wconf 89' lang='lat' dir='ltr'><strong>ex</strong></span> <span class='ocrx_word' id='word_1_807' title='bbox 3741 4352 3910 4402; x_wconf 90' lang='lat' dir='ltr'><strong>utero</strong></span> 
     </span>
    </p>
   </div>
   <div class='ocr_carea' id='block_1_107' title="bbox 2214 4436 3911 4509">
    <p class='ocr_par' dir='ltr' id='par_1_107' title="bbox 2214 4436 3911 4509">
     <span class='ocr_line' id='line_1_107' title="bbox 2214 4436 3911 4509; baseline 0 -18"><span class='ocrx_word' id='word_1_808' title='bbox 2214 4439 2337 4508; x_wconf 89' lang='lat' dir='ltr'><strong>ejus</strong></span> <span class='ocrx_word' id='word_1_809' title='bbox 2368 4439 2591 4509; x_wconf 87' lang='lat' dir='ltr'><strong>salsugo</strong></span> <span class='ocrx_word' id='word_1_810' title='bbox 2621 4438 2814 4505; x_wconf 88' lang='lat' dir='ltr'><strong>maris,</strong></span> <span class='ocrx_word' id='word_1_811' title='bbox 2851 4453 3031 4507; x_wconf 90' lang='lat' dir='ltr'><strong>genus</strong></span> <span class='ocrx_word' id='word_1_812' title='bbox 3064 4438 3383 4491; x_wconf 91' lang='lat' dir='ltr'><strong>humanum</strong></span> <span class='ocrx_word' id='word_1_813' title='bbox 3411 4436 3691 4506; x_wconf 86' lang='lat' dir='ltr'><strong>profunde</strong></span> <span class='ocrx_word' id='word_1_814' title='bbox 3720 4436 3911 4491; x_wconf 91' lang='lat' dir='ltr'><strong>curio-</strong></span> 
     </span>
    </p>
   </div>
   <div class='ocr_carea' id='block_1_108' title="bbox 2216 4522 3909 4597">
    <p class='ocr_par' dir='ltr' id='par_1_108' title="bbox 2216 4522 3909 4597">
     <span class='ocr_line' id='line_1_108' title="bbox 2216 4522 3909 4597; baseline 0 -18"><span class='ocrx_word' id='word_1_815' title='bbox 2216 4543 2363 4593; x_wconf 91' lang='lat' dir='ltr'><strong>sum,</strong></span> <span class='ocrx_word' id='word_1_816' title='bbox 2393 4532 2450 4580; x_wconf 93' lang='lat' dir='ltr'><strong>et</strong></span> <span class='ocrx_word' id='word_1_817' title='bbox 2477 4527 2790 4597; x_wconf 89' lang='lat' dir='ltr'><strong>procellose</strong></span> <span class='ocrx_word' id='word_1_818' title='bbox 2830 4526 3140 4589; x_wconf 88' lang='lat' dir='ltr'><strong>tumidum,</strong></span> <span class='ocrx_word' id='word_1_819' title='bbox 3172 4529 3228 4579; x_wconf 90' lang='lat' dir='ltr'><strong>et</strong></span> <span class='ocrx_word' id='word_1_820' title='bbox 3252 4523 3591 4577; x_wconf 88' lang='lat' dir='ltr'><strong>instabiliter</strong></span> <span class='ocrx_word' id='word_1_821' title='bbox 3619 4522 3870 4579; x_wconf 89' lang='lat' dir='ltr'><strong>ﬂuidum</strong></span> <span class='ocrx_word' id='word_1_822' title='bbox 3895 4543 3909 4593; x_wconf 92' lang='lat'><strong>;</strong></span> 
     </span>
    </p>
   </div>
   <div class='ocr_carea' id='block_1_109' title="bbox 2216 4612 3914 4685">
    <p class='ocr_par' dir='ltr' id='par_1_109' title="bbox 2216 4612 3914 4685">
     <span class='ocr_line' id='line_1_109' title="bbox 2216 4612 3914 4685; baseline 0 -17"><span class='ocrx_word' id='word_1_823' title='bbox 2216 4621 2385 4685; x_wconf 91' lang='lat' dir='ltr'><strong>atque</strong></span> <span class='ocrx_word' id='word_1_824' title='bbox 2416 4616 2494 4669; x_wconf 89' lang='lat' dir='ltr'><strong>ita</strong></span> <span class='ocrx_word' id='word_1_825' title='bbox 2523 4631 2639 4669; x_wconf 93' lang='lat' dir='ltr'><strong>non</strong></span> <span class='ocrx_word' id='word_1_826' title='bbox 2671 4631 2815 4685; x_wconf 90' lang='lat' dir='ltr'><strong>opus</strong></span> <span class='ocrx_word' id='word_1_827' title='bbox 2843 4619 2991 4669; x_wconf 90' lang='lat' dir='ltr'><strong>esset</strong></span> <span class='ocrx_word' id='word_1_828' title='bbox 3028 4619 3091 4668; x_wconf 90' lang='lat' dir='ltr'><strong>ut</strong></span> <span class='ocrx_word' id='word_1_829' title='bbox 3119 4613 3178 4667; x_wconf 91' lang='lat' dir='ltr'><strong>in</strong></span> <span class='ocrx_word' id='word_1_830' title='bbox 3207 4612 3370 4683; x_wconf 87' lang='lat' dir='ltr'><strong>aquis</strong></span> <span class='ocrx_word' id='word_1_831' title='bbox 3398 4612 3595 4665; x_wconf 90' lang='lat' dir='ltr'><strong>multis</strong></span> <span class='ocrx_word' id='word_1_832' title='bbox 3646 4628 3914 4684; x_wconf 87' lang='lat' dir='ltr'><strong>corpora-</strong></span> 
     </span>
    </p>
   </div>
   <div class='ocr_carea' id='block_1_110' title="bbox 2214 4700 3913 4773">
    <p class='ocr_par' dir='ltr' id='par_1_110' title="bbox 2214 4700 3913 4773">
     <span class='ocr_line' id='line_1_110' title="bbox 2214 4700 3913 4773; baseline 0 -17"><span class='ocrx_word' id='word_1_833' title='bbox 2214 4702 2346 4756; x_wconf 91' lang='lat' dir='ltr'><strong>liter</strong></span> <span class='ocrx_word' id='word_1_834' title='bbox 2382 4707 2437 4756; x_wconf 91' lang='lat' dir='ltr'><strong>et</strong></span> <span class='ocrx_word' id='word_1_835' title='bbox 2461 4703 2804 4757; x_wconf 88' lang='lat' dir='ltr'><strong>sensibiliter</strong></span> <span class='ocrx_word' id='word_1_836' title='bbox 2830 4706 3202 4773; x_wconf 90' lang='lat' dir='ltr'><strong>operarentur</strong></span> <span class='ocrx_word' id='word_1_837' title='bbox 3226 4700 3646 4771; x_wconf 89' lang='lat' dir='ltr'><strong>dispensatores</strong></span> <span class='ocrx_word' id='word_1_838' title='bbox 3675 4702 3762 4756; x_wconf 88' lang='lat' dir='ltr'><strong>tui</strong></span> <span class='ocrx_word' id='word_1_839' title='bbox 3787 4718 3913 4773; x_wconf 88' lang='lat' dir='ltr'><strong>my-</strong></span> 
     </span>
    </p>
   </div>
   <div class='ocr_carea' id='block_1_111' title="bbox 2215 4788 3915 4848">
    <p class='ocr_par' dir='ltr' id='par_1_111' title="bbox 2215 4788 3915 4848">
     <span class='ocr_line' id='line_1_111' title="bbox 2215 4788 3915 4848; baseline 0.004 -7"><span class='ocrx_word' id='word_1_840' title='bbox 2215 4790 2354 4845; x_wconf 86' lang='lat' dir='ltr'><strong>stica</strong></span> <span class='ocrx_word' id='word_1_841' title='bbox 2381 4792 2527 4845; x_wconf 87' lang='lat' dir='ltr'><strong>facta</strong></span> <span class='ocrx_word' id='word_1_842' title='bbox 2551 4797 2607 4845; x_wconf 92' lang='lat' dir='ltr'><strong>et</strong></span> <span class='ocrx_word' id='word_1_843' title='bbox 2655 4791 2822 4846; x_wconf 89' lang='lat' dir='ltr'><strong>dicta.</strong></span> <span class='ocrx_word' id='word_1_844' title='bbox 2856 4791 2945 4844; x_wconf 91' lang='lat' dir='ltr'><strong>Sic</strong></span> <span class='ocrx_word' id='word_1_845' title='bbox 2984 4789 3133 4843; x_wconf 90' lang='lat' dir='ltr'><strong>enim</strong></span> <span class='ocrx_word' id='word_1_846' title='bbox 3182 4805 3335 4843; x_wconf 90' lang='lat' dir='ltr'><strong>nunc</strong></span> <span class='ocrx_word' id='word_1_847' title='bbox 3363 4788 3506 4843; x_wconf 90' lang='lat' dir='ltr'><strong>mihi</strong></span> <span class='ocrx_word' id='word_1_848' title='bbox 3536 4799 3915 4848; x_wconf 89' lang='lat' dir='ltr'><strong>occurrerunt</strong></span> 
     </span>
    </p>
   </div>
   <div class='ocr_carea' id='block_1_112' title="bbox 2215 4877 3913 4952">
    <p class='ocr_par' dir='ltr' id='par_1_112' title="bbox 2215 4877 3913 4952">
     <span class='ocr_line' id='line_1_112' title="bbox 2215 4877 3913 4952; baseline 0 -16"><span class='ocrx_word' id='word_1_849' title='bbox 2215 4881 2443 4952; x_wconf 89' lang='lat' dir='ltr'><strong>reptilia</strong></span> <span class='ocrx_word' id='word_1_850' title='bbox 2471 4886 2528 4935; x_wconf 89' lang='lat' dir='ltr'><strong>et</strong></span> <span class='ocrx_word' id='word_1_851' title='bbox 2552 4880 2758 4935; x_wconf 82' lang='lat' dir='ltr'><strong>volatia</strong></span> <span class='ocrx_word' id='word_1_852' title='bbox 2787 4920 2801 4946; x_wconf 93' lang='lat'><strong>,</strong></span> <span class='ocrx_word' id='word_1_853' title='bbox 2834 4878 3038 4949; x_wconf 90' lang='lat' dir='ltr'><strong>quibus</strong></span> <span class='ocrx_word' id='word_1_854' title='bbox 3067 4877 3293 4945; x_wconf 90' lang='lat' dir='ltr'><strong>imbuti,</strong></span> <span class='ocrx_word' id='word_1_855' title='bbox 3327 4882 3383 4932; x_wconf 88' lang='lat' dir='ltr'><strong>et</strong></span> <span class='ocrx_word' id='word_1_856' title='bbox 3406 4878 3616 4944; x_wconf 85' lang='lat' dir='ltr'><strong>initiati</strong></span> <span class='ocrx_word' id='word_1_857' title='bbox 3644 4880 3913 4935; x_wconf 87' lang='lat' dir='ltr'><strong>homines</strong></span> 
     </span>
    </p>
   </div>
   <div class='ocr_carea' id='block_1_113' title="bbox 2216 4966 3910 5041">
    <p class='ocr_par' dir='ltr' id='par_1_113' title="bbox 2216 4966 3910 5041">
     <span class='ocr_line' id='line_1_113' title="bbox 2216 4966 3910 5041; baseline -0.001 -16"><span class='ocrx_word' id='word_1_858' title='bbox 2216 4971 2607 5041; x_wconf 88' lang='lat' dir='ltr'><strong>corporalibus</strong></span> <span class='ocrx_word' id='word_1_859' title='bbox 2653 4967 3018 5023; x_wconf 86' lang='lat' dir='ltr'><strong>sacramentis</strong></span> <span class='ocrx_word' id='word_1_860' title='bbox 3049 4966 3281 5032; x_wconf 81' lang='lat' dir='ltr'><strong>subditi,</strong></span> <span class='ocrx_word' id='word_1_861' title='bbox 3331 4984 3446 5022; x_wconf 91' lang='lat' dir='ltr'><strong>non</strong></span> <span class='ocrx_word' id='word_1_862' title='bbox 3487 4968 3637 5022; x_wconf 89' lang='lat' dir='ltr'><strong>ultra</strong></span> <span class='ocrx_word' id='word_1_863' title='bbox 3664 4970 3910 5039; x_wconf 88' lang='lat' dir='ltr'><strong>proﬁce-</strong></span> 
     </span>
    </p>
   </div>
   <div class='ocr_carea' id='block_1_114' title="bbox 2213 5054 3909 5128">
    <p class='ocr_par' dir='ltr' id='par_1_114' title="bbox 2213 5054 3909 5128">
     <span class='ocr_line' id='line_1_114' title="bbox 2213 5054 3909 5128; baseline -0.003 -12"><span class='ocrx_word' id='word_1_864' title='bbox 2213 5067 2357 5127; x_wconf 89' lang='lat' dir='ltr'><strong>rent,</strong></span> <span class='ocrx_word' id='word_1_865' title='bbox 2394 5060 2505 5113; x_wconf 92' lang='lat' dir='ltr'><strong>nisi</strong></span> <span class='ocrx_word' id='word_1_866' title='bbox 2553 5056 2925 5128; x_wconf 90' lang='lat' dir='ltr'><strong>spiritualiter</strong></span> <span class='ocrx_word' id='word_1_867' title='bbox 2970 5054 3275 5109; x_wconf 90' lang='lat' dir='ltr'><strong>vivesceret</strong></span> <span class='ocrx_word' id='word_1_868' title='bbox 3324 5057 3514 5111; x_wconf 88' lang='lat' dir='ltr'><strong>anima</strong></span> <span class='ocrx_word' id='word_1_869' title='bbox 3562 5058 3740 5128; x_wconf 89' lang='lat' dir='ltr'><strong>gradu</strong></span> <span class='ocrx_word' id='word_1_870' title='bbox 3770 5058 3909 5125; x_wconf 88' lang='lat' dir='ltr'><strong>alio,</strong></span> 
     </span>
    </p>
   </div>
   <div class='ocr_carea' id='block_1_115' title="bbox 2215 5144 3905 5221">
    <p class='ocr_par' dir='ltr' id='par_1_115' title="bbox 2215 5144 3905 5221">
     <span class='ocr_line' id='line_1_115' title="bbox 2215 5144 3905 5221; baseline -0.002 -16"><span class='ocrx_word' id='word_1_871' title='bbox 2215 5156 2271 5206; x_wconf 89' lang='lat' dir='ltr'><strong>et</strong></span> <span class='ocrx_word' id='word_1_872' title='bbox 2310 5156 2437 5221; x_wconf 91' lang='lat' dir='ltr'><strong>post</strong></span> <span class='ocrx_word' id='word_1_873' title='bbox 2463 5146 2612 5202; x_wconf 92' lang='lat' dir='ltr'><strong>initii</strong></span> <span class='ocrx_word' id='word_1_874' title='bbox 2638 5145 2874 5200; x_wconf 91' lang='lat' dir='ltr'><strong>verbum</strong></span> <span class='ocrx_word' id='word_1_875' title='bbox 2905 5144 2967 5199; x_wconf 91' lang='lat' dir='ltr'><strong>in</strong></span> <span class='ocrx_word' id='word_1_876' title='bbox 2996 5146 3551 5202; x_wconf 89' lang='lat' dir='ltr'><strong>consummationem</strong></span> <span class='ocrx_word' id='word_1_877' title='bbox 3579 5146 3905 5218; x_wconf 89' lang='lat' dir='ltr'><strong>respiceret.</strong></span> 
     </span>
    </p>
   </div>
   <div class='ocr_carea' id='block_1_116' title="bbox 2873 5254 3255 5308">
    <p class='ocr_par' dir='ltr' id='par_1_116' title="bbox 2873 5254 3255 5308">
     <span class='ocr_line' id='line_1_116' title="bbox 2873 5254 3255 5308; baseline 0.003 -1"><span class='ocrx_word' id='word_1_878' title='bbox 2873 5254 3096 5308; x_wconf 83' lang='lat' dir='ltr'><strong>CAPUT</strong></span> <span class='ocrx_word' id='word_1_879' title='bbox 3124 5254 3255 5308; x_wconf 77' lang='lat' dir='ltr'><strong>XXI.</strong></span> 
     </span>
    </p>
   </div>
   <div class='ocr_carea' id='block_1_117' title="bbox 2287 5342 3831 5410">
    <p class='ocr_par' dir='ltr' id='par_1_117' title="bbox 2287 5342 3831 5410">
     <span class='ocr_line' id='line_1_117' title="bbox 2287 5342 3831 5410; baseline 0.002 -13"><span class='ocrx_word' id='word_1_880' title='bbox 2287 5344 2570 5398; x_wconf 85' lang='lat' dir='ltr'><strong>Producat</strong></span> <span class='ocrx_word' id='word_1_881' title='bbox 2597 5345 2749 5395; x_wconf 90' lang='lat' dir='ltr'><strong>terra</strong></span> <span class='ocrx_word' id='word_1_882' title='bbox 2779 5342 3029 5396; x_wconf 87' lang='lat' dir='ltr'><strong>animam</strong></span> <span class='ocrx_word' id='word_1_883' title='bbox 3057 5342 3267 5409; x_wconf 90' lang='lat' dir='ltr'><strong>vivam,</strong></span> <span class='ocrx_word' id='word_1_884' title='bbox 3314 5349 3437 5410; x_wconf 86' lang='lat' dir='ltr'><strong>etc.,</strong></span> <span class='ocrx_word' id='word_1_885' title='bbox 3479 5344 3605 5400; x_wconf 84' lang='lat' dir='ltr'><strong>Gen.</strong></span> <span class='ocrx_word' id='word_1_886' title='bbox 3664 5346 3707 5408; x_wconf 89' lang='lat'><strong>1,</strong></span> <span class='ocrx_word' id='word_1_887' title='bbox 3742 5345 3831 5400; x_wconf 66' lang='lat' dir='ltr'><strong>2t.</strong></span> 
     </span>
    </p>
   </div>
   <div class='ocr_carea' id='block_1_118' title="bbox 2284 5431 3911 5501">
    <p class='ocr_par' dir='ltr' id='par_1_118' title="bbox 2284 5431 3911 5501">
     <span class='ocr_line' id='line_1_118' title="bbox 2284 5431 3911 5501; baseline 0.001 -14"><span class='ocrx_word' id='word_1_888' title='bbox 2284 5436 2376 5487; x_wconf 89' lang='lat'><strong>29.</strong></span> <span class='ocrx_word' id='word_1_889' title='bbox 2414 5435 2491 5485; x_wconf 80' lang='lat' dir='ltr'><strong>Ac</strong></span> <span class='ocrx_word' id='word_1_890' title='bbox 2520 5447 2621 5501; x_wconf 90' lang='lat' dir='ltr'><strong>per</strong></span> <span class='ocrx_word' id='word_1_891' title='bbox 2664 5431 2772 5485; x_wconf 92' lang='lat' dir='ltr'><strong>hoc</strong></span> <span class='ocrx_word' id='word_1_892' title='bbox 2800 5431 2861 5485; x_wconf 90' lang='lat' dir='ltr'><strong>in</strong></span> <span class='ocrx_word' id='word_1_893' title='bbox 2898 5432 3070 5486; x_wconf 85' lang='lat' dir='ltr'><strong>verbo</strong></span> <span class='ocrx_word' id='word_1_894' title='bbox 3125 5437 3222 5487; x_wconf 87' lang='lat' dir='ltr'><strong>tuo</strong></span> <span class='ocrx_word' id='word_1_895' title='bbox 3260 5448 3377 5486; x_wconf 91' lang='lat' dir='ltr'><strong>non</strong></span> <span class='ocrx_word' id='word_1_896' title='bbox 3406 5432 3580 5485; x_wconf 90' lang='lat' dir='ltr'><strong>maris</strong></span> <span class='ocrx_word' id='word_1_897' title='bbox 3608 5432 3911 5501; x_wconf 82' lang='lat' dir='ltr'><strong>profundi-</strong></span> 
     </span>
    </p>
   </div>
   <div class='ocr_carea' id='block_1_119' title="bbox 2217 5520 3908 5593">
    <p class='ocr_par' dir='ltr' id='par_1_119' title="bbox 2217 5520 3908 5593">
     <span class='ocr_line' id='line_1_119' title="bbox 2217 5520 3908 5593; baseline -0.001 -16"><span class='ocrx_word' id='word_1_898' title='bbox 2217 5527 2321 5590; x_wconf 89' lang='lat' dir='ltr'><strong>tas,</strong></span> <span class='ocrx_word' id='word_1_899' title='bbox 2374 5522 2470 5575; x_wconf 91' lang='lat' dir='ltr'><strong>sed</strong></span> <span class='ocrx_word' id='word_1_900' title='bbox 2521 5536 2798 5593; x_wconf 88' lang='lat' dir='ltr'><strong>aquarum</strong></span> <span class='ocrx_word' id='word_1_901' title='bbox 2855 5521 3236 5576; x_wconf 88' lang='lat' dir='ltr'><strong>amaritudine</strong></span> <span class='ocrx_word' id='word_1_902' title='bbox 3289 5526 3442 5575; x_wconf 90' lang='lat' dir='ltr'><strong>terra</strong></span> <span class='ocrx_word' id='word_1_903' title='bbox 3495 5520 3737 5576; x_wconf 89' lang='lat' dir='ltr'><strong>discreta</strong></span> <span class='ocrx_word' id='word_1_904' title='bbox 3798 5523 3908 5593; x_wconf 84' lang='lat' dir='ltr'><strong>eje-</strong></span> 
     </span>
    </p>
   </div>
  </div>
