4058 6350
173 300 264 352 857
1440 291 1653 350 LIBER
1710 290 2026 351 DECIMUS
2073 292 2397 350 TERTIUS.

173 421 242 472 cit
271 419 310 484 ⁸,
366 432 479 472 non
530 413 760 487 reptilia
817 414 1143 471 animarum
1193 414 1451 470 vivarum
1481 418 1539 470 et
1587 414 1861 485 volatilia,

174 508 264 562 sed
293 505 543 560 animam
571 504 777 559 vivam.
833 505 1029 576 Neque
1060 502 1213 559 enim
1239 503 1363 574 jam
1384 519 1526 576 Opus
1553 504 1727 559 habet
1759 506 1862 558 Ba-

176 596 373 670 ptismo
404 610 520 666 quo
566 593 834 665 gentibus
881 608 1026 664 opus
1078 597 1182 655 est,
1241 593 1384 648 sicut
1433 610 1578 665 opus
1619 593 1863 648 habebat

174 700 295 740 cum
322 682 484 755 aquis
510 687 841 752 tegeretur;
872 698 990 737 non
1020 680 1174 736 enim
1205 680 1454 736 intratur
1482 682 1651 736 aliter
1687 682 1748 737 in
1775 698 1861 736 re-

178 789 344 846 gnum
376 772 648 826 ccelorum
679 786 744 825 ex
768 769 868 825 illo
888 786 1002 840 quo
1031 769 1329 825 instituisti
1378 774 1439 825 ut
1466 769 1545 824 sic
1574 770 1819 825 intretur
1844 787 1858 826 :

180 878 273 917 nec
300 859 586 931 magnalia
617 858 820 930 quierit
844 857 1195 913 mirabilium
1219 858 1424 930 quibus
1444 859 1546 913 ﬁat
1570 858 1707 913 ﬁdes
1732 878 1747 926 ;
1769 875 1866 913 nec

177 967 278 1024 que
306 949 461 1004 enim
490 946 600 1002 nisi
651 946 815 1018 signa
858 951 914 1001 et
964 947 1228 1018 prodigia
1284 946 1507 1013 viderit,
1540 963 1652 1002 non
1686 946 1866 1002 credit

178 1042 354 1105 (Joan.
390 1055 462 1104 IV,
500 1039 611 1107 48),
642 1052 774 1090 cum
795 1035 917 1107 jam
972 1036 1241 1091 distincta
1290 1036 1362 1090 sit
1399 1040 1550 1091 terra
1579 1036 1764 1091 ﬁdelis
1794 1036 1862 1090 ab

177 1127 327 1201 aquis
355 1125 528 1182 maris
569 1123 909 1179 inﬁdelitate
940 1124 1181 1192 amaris;
1216 1128 1273 1179 et
1302 1123 1515 1195 lingua“:
1562 1124 1621 1179 in
1652 1125 1813 1196 signo
1844 1127 1865 1160 ²

180 1219 299 1272 sunt
325 1231 442 1270 non
490 1212 776 1279 ﬁdelibus,
823 1212 921 1267 sed
948 1211 1279 1266 inﬁdelibus
1314 1213 1359 1281 (Ι
1407 1214 1524 1269 Cor.
1575 1229 1687 1278 xiv,
1737 1212 1855 1282 22).

183 1305 282 1359 Nec
310 1302 420 1355 isto
448 1300 628 1372 igitur
670 1314 879 1370 genere
922 1298 1151 1365 volatili,
1188 1298 1341 1370 quod
1368 1298 1540 1353 verbo
1583 1304 1682 1354 tuo
1732 1314 1864 1370 pro-

180 1394 450 1448 duxerunt
478 1405 662 1461 aquae,
696 1404 839 1460 opus
868 1387 1039 1442 habet
1078 1391 1232 1442 terra
1279 1404 1455 1459 quam
1496 1387 1747 1443 fundasti
1770 1405 1865 1441 su-

180 1498 271 1554 per
297 1495 492 1550 aquus.
527 1476 776 1532 Immitte
801 1477 863 1530 in
892 1492 1018 1530 eam
1051 1476 1285 1530 verbum
1312 1480 1474 1530 tuum
1500 1492 1604 1548 per
1634 1475 1866 1530 nuntios

181 1574 314 1624 tuos.
348 1568 533 1639 Opera
554 1564 708 1620 enim
725 1581 926 1619 eorum
950 1581 1271 1632 narramus,
1305 1564 1402 1619 sed
1432 1568 1494 1619 tu
1520 1581 1579 1618 es
1610 1564 1709 1636 qui
1729 1580 1864 1635 ope-

181 1657 311 1713 raris
337 1657 399 1711 in
431 1655 530 1722 eis,
562 1660 629 1709 ut
657 1659 968 1726 operentur
999 1653 1251 1707 animam
1280 1653 1487 1707 vivam.
1513 1654 1685 1708 Terra
1725 1668 1867 1724 pro-

180 1746 323 1801 ducit
351 1761 500 1811 eam,
531 1743 666 1815 quia
694 1747 849 1797 terra
878 1758 1047 1797 causa
1076 1747 1159 1797 est
1198 1746 1264 1797 ut
1303 1742 1427 1797 htec
1459 1749 1629 1813 agant
1658 1741 1720 1795 in
1761 1757 1864 1808 ea;

180 1833 312 1888 sicut
353 1849 512 1887 mare
544 1832 653 1887 fuit
683 1847 852 1885 causa
880 1834 945 1885 ut
984 1833 1220 1902 agerent
1266 1830 1493 1901 reptilia
1545 1832 1868 1885 animarum

181 1922 445 1976 vivarum.
478 1922 534 1974 et
580 1917 835 1973 volatilia
890 1918 993 1972 sub
1050 1918 1413 1971 ﬁrmamento
1460 1916 1607 1984 coeli,
1662 1916 1869 1988 quibus

177 2010 285 2080 jam
326 2013 478 2064 terra
531 2023 644 2061 non
693 2006 956 2075 indiget;
998 2005 1259 2078 quamvis
1313 2005 1528 2077 piscem
1562 2005 1871 2060 manducet

184 2099 320 2170 (Luc.
348 2096 866 2166 xxxv,43)levatum
881 2095 951 2149 de
971 2095 1258 2165 profundo
1286 2095 1347 2149 in
1378 2111 1441 2148 ea
1466 2110 1665 2149 mensa
1690 2110 1863 2165 quam

184 2186 379 2259 parasti
406 2185 467 2239 in
497 2188 811 2255 conspectu,
847 2183 1206 2237 credentium
1240 2182 1405 2254 (Psal.
1440 2199 1570 2248 xxxi,
1608 2184 1707 2254 5);
1742 2182 1868 2237 ideo

188 2276 327 2331 enim
355 2276 433 2332 de
452 2274 739 2345 profundo
768 2273 985 2327 levatus
1013 2276 1099 2326 est
1128 2275 1189 2326 ut
1214 2272 1328 2325 alat
1361 2270 1597 2325 aridam.
1632 2271 1698 2325 Et
1717 2286 1867 2337 aves,

188 2365 392 2420 marina
420 2362 745 2435 progenies,
797 2361 895 2415 sed
924 2365 1119 2415 tamen
1150 2377 1323 2432 super
1349 2364 1561 2414 terram
1591 2358 1870 2431 multipli-

186 2458 389 2508 cantur.
425 2451 751 2507 Primarum
780 2450 935 2504 enim
966 2465 1166 2503 vocum
1198 2448 1718 2517 evangelizantium
1749 2447 1873 2501 inli-

187 2542 375 2597 dclitas
403 2539 709 2596 hominum
738 2554 905 2592 causa
932 2537 1179 2606 exstitit;
1213 2538 1311 2592 sed
1345 2542 1401 2591 et
1441 2538 1638 2592 ﬁdeles
1667 2537 1870 2590 exhor-

187 2635 385 2696 tantur,
418 2634 477 2685 et
505 2628 921 2683 benedicuntur
947 2626 1018 2681 ab
1067 2626 1148 2680 eis
1175 2625 1199 2660 ⁵
1229 2625 1624 2695 multipliciter
1671 2625 1739 2679 de
1782 2624 1872 2679 die

189 2721 237 2775 in
268 2721 435 2775 diem.
466 2723 539 2773 At
566 2734 699 2773 vero
731 2716 924 2771 anima
947 2716 1071 2770 viva
1102 2716 1170 2771 de
1197 2720 1347 2769 terra
1388 2714 1674 2785 sumpsit‘
1704 2730 1873 2768 exor-

190 2809 354 2876 dium,
385 2807 523 2879 quia
549 2822 669 2861 non
690 2806 920 2877 prodest
929 2805 1050 2876 jam
1073 2804 1184 2858 nisi
1210 2803 1476 2858 ﬁdelibus
1500 2802 1793 2857 continere
1815 2816 1873 2855 se

188 2897 251 2952 ab
282 2913 471 2952 amore
500 2896 671 2967 hujus
726 2894 939 2959 seaculi,
972 2896 1036 2948 ut
1076 2892 1271 2946 anima
1325 2907 1526 2949 eorum
1569 2891 1674 2945 tibi
1701 2890 1868 2956 vivat,

189 3002 304 3059 qua:
341 2987 569 3041 mortua
601 2988 724 3038 erat
752 2983 811 3037 in
836 2981 1054 3037 deliciis
1082 2980 1295 3049 vivens,
1331 2979 1567 3047 deliciis,
1609 2978 1870 3046 Domine,

190 3073 486 3129 mortiferis
539 3073 580 3142 (Ι
628 3075 765 3128 Tim.
806 3088 859 3138 v,
894 3072 982 3141 6);
1010 3086 1157 3131 nam
1185 3075 1249 3126 tu
1300 3069 1432 3141 puri
1463 3068 1649 3124 cordis
1678 3069 1875 3123 vitales

190 3163 412 3219 delicias.

254 3256 335 3309 30.
368 3253 691 3323 Operentur
719 3265 854 3319 ergo
883 3250 1003 3320 jam
1040 3248 1102 3303 in
1147 3251 1298 3302 terra
1342 3245 1591 3301 ministri
1616 3245 1720 3312 tui,
1754 3262 1871 3300 non

196 3341 329 3395 sicut
368 3341 426 3395 in
469 3339 636 3412 aquis
676 3337 1024 3393 inﬁdelitatis
1051 3335 1449 3391 annuntiando
1506 3339 1564 3389 et
1592 3335 1876 3406 loquendo

193 3445 286 3501 per
319 3429 598 3484 miracula
626 3432 684 3483 et
712 3430 1066 3482 sacramenta
1121 3431 1177 3480 et
1227 3441 1394 3479 voces
1430 3424 1719 3495 mysticus,
1777 3422 1876 3479 ubi

194 3518 398 3573 intenta
421 3518 498 3573 sit
541 3517 861 3589 ignorantia
907 3519 1091 3569 mater
1146 3513 1539 3569 admirationis
1587 3512 1647 3566 in
1672 3512 1877 3567 timore

194 3609 535 3663 occultorum
566 3606 861 3677 signorum
888 3624 903 3671 ;
933 3603 1062 3658 talis
1093 3603 1248 3658 enim
1278 3606 1361 3656 est
1410 3601 1678 3656 introitus
1710 3603 1779 3656 ad
1810 3601 1878 3655 ﬁ-

193 3697 313 3751 dem
332 3696 465 3751 ﬁliis
494 3694 678 3750 Adam
705 3692 893 3748 oblitis
920 3692 1028 3759 tui,
1051 3692 1190 3747 dum
1220 3690 1576 3745 abscondunt
1595 3706 1653 3745 se
1682 3706 1714 3744 a
1738 3689 1878 3744 facie

193 3781 281 3839 tua
308 3787 436 3843 Gen.
469 3802 552 3855 ιιι,
584 3784 634 3854 8)
668 3786 724 3838 et
746 3782 895 3837 ﬁunt
922 3782 1156 3853 abyssus
1183 3797 1198 3836 :
1227 3781 1324 3836 sed
1355 3784 1665 3852 Operentur
1707 3779 1880 3834 etiam

192 3875 326 3930 sicut
372 3875 434 3930 in
489 3873 649 3929 arida
678 3872 921 3927 discreta
967 3888 998 3925 a
1053 3870 1378 3941 gurgitibus
1409 3869 1633 3939 abyssi;
1668 3873 1725 3922 et
1767 3869 1882 3921 sint

191 3963 363 4019 forma
388 3963 658 4019 ﬁdelibus
687 3960 924 4017 vivendo
978 3962 1172 4014 coram
1217 3958 1317 4025 eis,
1374 3962 1430 4012 et
1484 3956 1778 4012 excitando
1808 3956 1881 4010 ad

192 4053 591 4109 imitationem.
633 4051 723 4106 Sic
762 4050 917 4104 enim
965 4065 1082 4103 non
1127 4052 1351 4103 tantum
1388 4047 1457 4101 ad
1508 4046 1878 4113 audiendum,

150 4128 163 4139 ’
194 4143 280 4197 sed
330 4143 501 4197 etiam
552 4141 626 4195 ad
665 4139 991 4195 faciendum
1024 4138 1297 4193 audiunt:
1321 4137 1551 4203 Quaerite
1577 4138 1878 4203 Dominum,

192 4237 237 4286 et
254 4234 393 4288 vivet
422 4233 613 4286 anima
627 4234 807 4284 vestra
824 4229 991 4294 (Psal.
1020 4243 1204 4293 vam,
1221 4228 1329 4294 33),
1351 4230 1415 4279 ut
1439 4225 1709 4295 producat
1739 4229 1883 4279 terra

192 4323 420 4375 animam
449 4322 732 4373 viventem.
766 4318 941 4374 Nolite
976 4316 1307 4384 conformari
1335 4315 1458 4369 huic
1488 4314 1677 4368 saeculo
1706 4312 1879 4384 (Rom.

194 4424 282 4475 xu,
308 4409 381 4478 2),
410 4408 701 4463 continete
747 4422 847 4460 vos
898 4405 966 4459 ab
1016 4422 1104 4459 eo.
1162 4403 1434 4459 Evitando
1480 4402 1618 4457 vivit
1669 4402 1879 4470 anima,

193 4513 312 4568 quae
334 4496 654 4569 appetendo
685 4494 949 4549 moritur.
984 4493 1277 4548 Continete
1306 4507 1402 4545 vos
1433 4491 1502 4545 ab
1532 4488 1770 4544 immani
1804 4489 1883 4542 fe-

194 4584 349 4639 ritate
379 4582 685 4655 superbiaa,
718 4583 788 4637 ab
818 4580 990 4635 inerti
1020 4580 1311 4650 voluptate
1346 4578 1607 4644 luxuriae,
1640 4579 1695 4630 et
1726 4591 1760 4629 a
1786 4576 1885 4629 fal-

194 4672 290 4726 laci
328 4671 566 4727 nomine
619 4669 911 4737 scientiaa;
960 4670 1024 4723 ut
1075 4668 1190 4721 sint
1236 4665 1437 4720 bestiae
1468 4666 1799 4728 mansuetae,
1832 4666 1887 4715 et

192 4775 388 4830 pecora
433 4759 708 4827 edomita,
757 4762 814 4813 et
858 4755 1079 4812 innoxii
1125 4758 1434 4824 serpentes.
1491 4753 1673 4806 Motus
1729 4748 1886 4803 enim

193 4849 389 4904 animae
419 4853 556 4903 sunt
582 4847 679 4902 isti
713 4847 775 4902 in
805 4844 1083 4917 allegoria
1116 4859 1128 4897 :
1163 4842 1261 4897 sed
1308 4841 1485 4896 fastus
1516 4837 1794 4903 elationis,
1832 4841 1889 4892 et

194 4935 482 4992 delectatio
534 4934 811 5001 libidinis,
846 4937 904 4987 et
957 4947 1246 4987 venenum
1292 4927 1643 4983 curiositatis
1695 4930 1887 4980 motus

193 5031 317 5080 sunt
345 5026 560 5081 animae
590 5028 866 5090 mortuae;
902 5021 1039 5094 quia
1067 5036 1186 5075 non
1216 5019 1296 5075 ita
1333 5017 1599 5083 moritur,
1632 5020 1699 5071 ut
1729 5014 1889 5071 omni

253 5187 267 5250 ξ
296 5184 471 5250 Ejicit.
496 5184 655 5250 juxta
683 5182 883 5250 80mm.
912 5181 1147 5250 Μαι-μετ.
1174 5178 1343 5250 R_ond.

251 5248 271 5313 ἓ
302 5237 367 5301 in
390 5237 563 5313 signa,
590 5246 745 5313 juxta
766 5244 962 5313 S_on_1m.
992 5246 1051 5313 et_
1070 5241 1385 5313 Bondacum
1407 5242 1433 5289 5
1463 5237 1613 5313 Mss.‘
1636 5237 1719 5313 ‘M.

251 5310 271 5343 ³
295 5297 800 5371 bov.,°ben€dicunt_
828 5305 938 5371 eis;
965 5305 1056 5354 sed
1084 5303 1367 5371 legendum
1397 5314 1516 5350 cum
1541 5299 1672 5348 Edd.
1705 5297 1819 5371 aliis
1838 5299 1891 5371 et

197 5370 331 5431 Mss,
344 5362 739 5421 benedicuntur
750 5369 815 5418 ab
836 5362 935 5417 eisi
957 5379 1075 5428 quae
1096 5362 1249 5431 lectio
1269 5375 1540 5431 perperam
1559 5363 1795 5431 correcta
1812 5362 1892 5408 est

198 5423 403 5509 propter
433 5434 656 5483 verbum
687 5423 1056 5488 exhortantur,
1088 5427 1229 5490 quod
1260 5423 1515 5490 putarunt
1541 5423 1708 5473 active
1738 5435 1888 5472 usur-

197 5506 494 5615 “psmn.
520 5557 676 5621 juxta
701 5554 829 5604 Arn.
860 5556 913 5604 et
931 5553 1082 5603 Mart.
1108 5563 1226 5600 cum
1258 5553 1286 5601 6
1310 5550 1433 5599 Mss.
1455 5550 1523 5600 Μ.

3562 295 3665 347 858

1973 420 2132 471 motu
2162 421 2369 480 careat,
2396 415 2673 490 quoniam
2711 415 3050 472 discedendo
3078 430 3111 469 a
3143 417 3298 471 fonte
3324 416 3478 487 vitae,
3516 432 3661 473 -mo-

1975 505 2138 573 ritur,
2171 510 2341 577 atque
2387 506 2465 560 ita
2508 505 2813 577 suscipitur
2842 522 2874 560 a
2916 508 3296 577 praetereunte
3342 506 3571 574 saeculo,
3609 511 3667 559 et

1973 594 2362 649 conformatur
2390 593 2460 648 ei.

2045 685 2130 739 3t.
2162 682 2409 737 Verbum
2438 687 2628 737 autem
2658 688 2844 748 tuum,
2886 684 3053 751 Deus,
3097 683 3223 738 fons
3272 682 3406 736 vita:
3438 685 3662 737 aeternae

1974 777 2078 838 est,
2112 776 2170 826 et
2198 788 2316 827 non
2343 772 2597 843 praeterit
2623 791 2640 825 :
2672 772 2914 844 ideoque
2941 773 3002 827 in
3021 773 3194 827 verbo
3224 776 3321 827 tuo
3368 770 3666 825 cohibetur

1972 861 2069 915 ille
2103 861 2401 927 discessus,
2448 861 2586 915 dum
2636 860 2843 915 dicitur
2884 860 3068 927 nobis,
3118 861 3294 917 Nolite
3337 861 3665 926 conformari

1975 953 2098 1006 huic
2126 953 2314 1007 saeculo
2343 967 2357 1018 ;
2388 954 2455 1006 ut
2478 950 2746 1021 producat
2789 954 2934 1004 terra
2963 949 3023 1004 in
3051 950 3208 1005 fonte
3245 949 3376 1005 vita
3425 951 3666 1004 animam

1971 1042 2255 1107 viventem,
2282 1038 2344 1092 in
2372 1039 2545 1094 verbo
2573 1043 2672 1092 tuo
2700 1053 2805 1108 per
2836 1037 3213 1107 Evangelistas
3241 1041 3371 1092 tuos
3413 1037 3667 1091 animam

1975 1128 2382 1195 continentem,
2439 1126 2717 1181 imitando
2772 1125 3089 1180 imitatores
3143 1126 3349 1180 Christi
3394 1125 3499 1181 tui.
3552 1127 3668 1180 Hoc

1976 1221 2061 1271 est
2089 1215 2241 1270 enim
2270 1216 2558 1271 secundum
2585 1230 2771 1284 genus,
2830 1213 3106 1285 quoniam
3136 1213 3424 1267 aemulatio
3456 1213 3563 1268 viri
3595 1213 3668 1268 ab

1974 1304 2158 1359 amico
2188 1309 2273 1358 est
2305 1321 2318 1358 :
2351 1307 2552 1369 Estote,
2584 1302 2791 1374 inquit,
2822 1306 2961 1356 sicut
2988 1318 3080 1368 ego
3109 1318 3123 1369 ;
3169 1303 3301 1371 quia
3331 1306 3380 1355 et
3404 1317 3497 1368 ego
3525 1303 3668 1355 sicut

1974 1409 2065 1448 vos
2096 1393 2299 1462 (Galat.
2334 1409 2409 1460 ιν,
2451 1393 2556 1460 12).
2604 1393 2686 1445 Ita
2742 1394 2912 1444 erunt
2951 1388 3010 1444 in
3052 1389 3245 1443 anima
3272 1388 3399 1443 viva
3428 1388 3444 1421 ⁸
3475 1388 3669 1443 bestia:

1974 1481 2142 1536 bonae
2172 1480 2233 1534 in
2262 1479 2701 1535 mansuetudine
2752 1477 3005 1532 actionis.
3039 1476 3313 1532 Mandasti
3364 1475 3538 1543 enim,
3591 1475 3670 1529 di-

1977 1586 2107 1624 cens
2140 1588 2155 1624 :
2193 1571 2256 1623 In
2293 1569 2703 1624 mansuetudine
2748 1584 2910 1636 opera
2948 1573 3042 1622 tua
3078 1570 3291 1637 perﬁce,
3327 1570 3377 1619 et
3408 1566 3474 1619 ab
3527 1567 3673 1617 omni

1978 1660 2187 1713 homine
2216 1659 2460 1726 diligeris
2492 1657 2678 1728 (Eccli.
2714 1674 2790 1723 ιιι,
2826 1660 2932 1727 19).
2982 1658 3048 1711 Et
3073 1671 3279 1725 pecora
3307 1654 3458 1708 bona
3485 1668 3672 1724 neque

1975 1748 2024 1817 si
2053 1746 2536 1812 manducaverint,
2566 1744 2945 1810 abundantia;
2979 1759 3166 1813 neque
3197 1741 3244 1794 si
3276 1757 3393 1794 non
3422 1740 3668 1793 mandu-

1978 1835 2251 1902 caverint,
2282 1833 2508 1904 egentia
2536 1848 2551 1888 :
2582 1838 2639 1888 et
2678 1837 2969 1902 serpentes
2999 1830 3155 1897 boni,
3217 1846 3331 1883 non
3357 1827 3665 1899 perniciosi

1980 1925 2049 1979 ad
2078 1924 2422 1991 nocendum,
2483 1922 2581 1976 sed
2635 1920 2806 1975 astuti
2857 1920 2923 1974 ad
2982 1918 3294 1973 cavendum
3323 1937 3338 1984 ;
3368 1920 3424 1971 et
3451 1920 3670 1969 tantum

1979 2014 2339 2084 explorantes
2384 2011 2756 2081 temporalem
2795 2012 3079 2074 naturam,
3128 2009 3412 2078 quantum
3441 2003 3670 2067 sufﬁcit,
3768 1994 3771 1997 ⁷

1978 2106 2042 2156 ut
2070 2117 2174 2172 per
2197 2116 2263 2155 ea
2292 2114 2419 2171 quae
2449 2100 2595 2153 facta
2621 2102 2771 2163 sunt,
2795 2097 3082 2151 intellecta
3102 2093 3485 2164 conspiciatur
3507 2095 3671 2145 aeter-

1981 2189 2127 2245 nitas
2155 2192 2327 2258 (Rom.
2373 2204 2413 2253 ι,
2462 2187 2573 2257 20).
2606 2186 2869 2241 Serviunt
2890 2184 3042 2238 enim
3069 2181 3277 2237 rationi
3306 2182 3429 2236 haec
3453 2179 3673 2234 anima-

1980 2280 2075 2345 lia,
2122 2295 2251 2333 cum
2283 2294 2313 2331 a
2351 2291 2652 2349 progressu
2719 2273 3012 2329 mortifero
3050 2270 3301 2327 cohibita
3360 2269 3559 2326 vivunt
3621 2272 3678 2323 et

1983 2367 2133 2422 bona
2162 2368 2310 2420 sunt.

2627 2452 2851 2507 CAPUT
2884 2450 3040 2505 XXII.

2016 2543 2315 2600 Faciamus
2342 2540 2639 2597 hominem
2677 2541 2748 2595 ad
2779 2539 3115 2611 imaginem,
3153 2542 3275 2605 ϐία,
3312 2538 3439 2594 Gen.
3474 2538 3523 2602 l,
3553 2535 3644 2588 26.

2564 2631 2854 2685 Renovatio
2883 2630 3096 2683 mentis.

2056 2725 2143 2778 32.
2173 2724 2308 2777 Ecce
2335 2720 2513 2788 enim,
2545 2723 2764 2774 Domne
2798 2720 2944 2772 Deus
2973 2720 3186 2784 noster,
3219 2718 3440 2769 creator
3467 2715 3680 2777 uoster,

1952 2822 2113 2865 ‘cum
2144 2809 2408 2866 cohibitas
2454 2808 2666 2862 fuerint
2720 2805 3047 2861 affectiones
3095 2804 3163 2859 ab
3218 2818 3412 2857 amore
3462 2799 3679 2855 saeculi.

1984 2899 2194 2971 quibus
2231 2896 2621 2952 moriebamur
2675 2894 2822 2949 male
2852 2892 3118 2961 vivendo,
3176 2895 3233 2945 et
3282 2888 3515 2961 cceperit
3562 2904 3683 2942 esse

1984 2989 2178 3043 anima
2222 2985 2417 3040 vivens
2471 2985 2615 3039 bene
2672 2982 2934 3048 vivendo,
2998 2981 3442 3052 conpletumque
3512 2975 3686 3031 fuerit

1984 3076 2220 3131 verbum
2233 3078 2418 3134 tuum,
2433 3072 2585 3145 quod
2608 3087 2713 3142 per
2724 3069 3059 3141 Apostolum
3075 3072 3241 3122 tuum
3270 3064 3483 3123 dixisti,
3508 3064 3686 3120 Nolite

1984 3164 2316 3231 conformari
2330 3163 2453 3217 huic
2469 3161 2657 3215 seculo
2674 3180 2690 3226 ;
2706 3156 3075 3228 consequitur
3088 3160 3143 3209 et
3156 3153 3299 3209 illud
3312 3152 3465 3222 quod
3485 3151 3551 3206 ad
3552 3152 3685 3221 jun-

1986 3252 2116 3307 xisti
2145 3251 2334 3306 statim
2366 3255 2422 3304 et
2437 3248 2768 3313 dixisti,Sed
2786 3246 3163 3314 reformamini
3193 3246 3251 3297 in
3279 3243 3515 3295 novitate
3546 3254 3687 3293 men—

1986 3348 2056 3400 tis
2084 3343 2473 3415 vestra-(Rom.
2505 3356 2600 3405 xu,
2630 3340 2716 3406 2):
2750 3353 2866 3390 non
2887 3336 3005 3407 jam
3037 3333 3329 3388 secundum
3359 3345 3544 3399 genus,
3568 3332 3689 3381 tan—

1988 3448 2162 3505 quam
2186 3430 2474 3485 imitantes
2504 3425 2925 3499 praacedentem
2953 3422 3302 3493 proximum,
3330 3434 3435 3471 nec
3482 3434 3546 3470 ex
3578 3416 3680 3469 ho-

1987 3502 2160 3577 minis
2175 3518 2427 3573 melioris
2440 3516 2775 3571 auctoritate
2794 3513 3065 3567 viventes.
3089 3511 3284 3580 Neque
3298 3506 3454 3562 enim
3467 3502 3680 3571 dixisti,

1990 3611 2113 3667 Fiat
2139 3609 2313 3664 homo
2344 3605 2656 3660 secundum
2689 3618 2906 3673 genus;
2943 3600 3059 3666 sed,
3092 3600 3380 3653 Faciamus
3424 3595 3689 3648 hominem

1989 3700 2065 3755 ad
2094 3699 2384 3765 imaginem
2433 3698 2484 3748 et
2529 3691 2944 3747 similitudinem
2994 3692 3237 3741 nostram
3294 3684 3443 3754 (Gen.
3476 3699 3516 3751 ι,
3546 3681 3638 3751 26)
3672 3696 3686 3747 ;

1991 3794 2055 3844 ut
2081 3804 2185 3843 nos
2213 3774 2526 3858 probemus
2562 3796 2689 3852 qua:
2722 3779 2791 3833 sit
2819 3778 3079 3831 voluntas
3107 3781 3226 3829 tua.
3282 3772 3364 3827 Ad
3398 3772 3505 3825 hoc
3533 3768 3688 3823 enim

1993 3857 2351 3948 dispensator
2380 3872 2477 3926 ille
2514 3875 2648 3924 tuus
2680 3882 2961 3938 generans
2996 3880 3097 3937 per
3125 3860 3494 3931 Evangelium
3540 3857 3691 3912 ﬁlios

1993 3967 2036 4036 (Ι
2073 3967 2190 4023 Cor.
2250 3978 2325 4031 ιν,
2368 3963 2477 4029 15),
2522 3974 2593 4012 ne
2642 3971 2869 4024 semper
2923 3953 3191 4025 parvulos
3248 3950 3483 4005 haberet
3536 3962 3681 4019 quos

1991 4056 2133 4110 lacte
2147 4051 2481 4116 nutriret,et
2494 4053 2769 4118 tanquam
2792 4042 2986 4098 nutrix
3006 4043 3225 4096 foveret
3247 4040 3287 4109 (Ι
3305 4040 3487 4094 Thess.
3522 4054 3580 4103 ιι,
3602 4041 3683 4105 ’7’);

1991 4141 2404 4210 Reformamini,
2436 4135 2641 4208 inquit,
2676 4137 2735 4189 in
2755 4131 3195 4206 novitatementis
3224 4132 3435 4194 vestrae,
3457 4125 3531 4179 ad
3556 4140 3690 4194 pro-

1995 4229 2232 4285 bandum
2280 4242 2371 4283 vos
2401 4225 2426 4259 ³
2454 4242 2572 4295 qua
2630 4226 2702 4278 sit
2742 4223 2991 4276 voluntas
3047 4221 3160 4277 Dei.
3214 4216 3358 4286 quod
3400 4215 3591 4268 bonum
3643 4218 3693 4267 et

1996 4318 2384 4388 beneplacitum
2414 4319 2463 4369 et
2491 4316 2789 4384 perfectum
2828 4312 3005 4380 (Rom.
3059 4324 3156 4372 xu,
3191 4307 3264 4374 ‘2).
3296 4305 3543 4374 Ideoque
3574 4318 3692 4356 non

1994 4407 2153 4474 dicis,
2188 4406 2310 4462 Fiat
2338 4405 2551 4471 homo;
2586 4402 2703 4466 sed,
2735 4401 3019 4455 Faciamus
3060 4398 3341 4451 hominem.
3378 4395 3491 4448 Nec
3531 4390 3691 4459 dicis,

1995 4496 2317 4553 Secundum
2348 4508 2567 4567 genus;
2601 4490 2719 4556 sed,
2745 4489 2838 4543 Ad
2878 4489 3170 4555 imaginem
3207 4489 3257 4538 et
3285 4480 3697 4537 similitudinem

1994 4591 2254 4641 nostram.
2284 4585 2464 4639 Mente
2490 4579 2705 4653 quippe
2722 4580 3045 4641 renovatus,
3075 4579 3130 4627 et
3158 4569 3515 4641 conspiciens
3534 4568 3698 4623 intel-

1996 4675 2200 4729 lectam
2226 4670 2523 4726 veritatem
2551 4671 2731 4733 tuam,
2782 4663 3015 4718 homine
3064 4661 3522 4716 demonstratore
3578 4674 3697 4711 non

1994 4763 2233 4832 indiget,
2260 4764 2323 4814 ut
2366 4772 2535 4812 suum
2580 4770 2761 4826 genus
2791 4752 3085 4816 imitetur;
3121 4748 3218 4803 sed
3266 4748 3697 4802 demonstrante

1995 4856 2051 4906 te
2080 4849 2281 4922 probat
2321 4846 2443 4916 ipse
2472 4859 2600 4916 quae
2648 4841 2720 4896 sit
2747 4840 3008 4895 voluntas
3038 4841 3156 4904 tua,
3211 4835 3367 4907 quod
3396 4836 3612 4922 bonum
3642 4837 3698 4887 et

1996 4921 2420 5010 beneplacitum
2448 4938 2504 4988 et
2538 4932 2855 5004 perfectum
2889 4945 2901 4983 :
2936 4931 2988 4982 et
3041 4926 3213 4981 doces
3244 4940 3377 4987 eum
3397 4921 3420 4957 ³
3436 4924 3558 4995 jam
3591 4938 3697 5010 ca-

1998 5008 2197 5101 pacem
2225 5024 2419 5079 videre
2449 5020 2784 5077 Trinitatem
2814 5016 3070 5080 unitatis,
3101 5019 3159 5069 et
3200 5014 3476 5069 unitatem
3508 5008 3696 5065 Trini-

1997 5100 2149 5172 tatis.
2193 5114 2442 5184 Ideoque
2486 5108 2784 5182 pluraliter
2849 5106 3019 5174 dicto,
3076 5106 3358 5160 Faciamus
3412 5100 3691 5163 hominem,

1998 5202 2365 5277 singulariter
2395 5204 2592 5255 tamen
2630 5197 2892 5262 infertur,
2942 5197 3013 5250 Et
3057 5194 3348 5261 fecitDeus
3391 5187 3693 5247 hominem;

2063 5298 2077 5329 ¹
2112 5292 2293 5342 Plures
2322 5289 2463 5348 Mss.,
2493 5290 2550 5337 in
2576 5288 2814 5338 animum
2838 5286 3035 5335 vivam.
3438 5335 3452 5348 .
3561 5333 3573 5348 ρ

2061 5358 2083 5392 ³
2109 5335 2672 5421 Ῐιίῖᾇίὶὶῥ-ἆέἐδὶςρὸζῄ
2702 5361 2875 5421 quam.
2892 5356 3083 5421 vocem.
3097 5340 3385 5421 restituere
3395 5335 3601 5421 placuit
3632 5347 3698 5384 ex

2001 5398 2672 5479 Μεεῖῗειίἷίᾶἷοὲἐίιι’ίίιὲιειέ
2694 5398 2769 5479 εἷς
2794 5408 2987 5479 referre
3007 5404 3147 5479 “01¢!
3162 5398 3512 5479 APBUSHDBP:

2065 5458 2398 5529 ΞνέιιῖἘί
2405 5458 2494 5528 I31;
2507 5458 2702 5524 έῖᾸιῖι.
2722 5458 2990 5531 γασέδῙαπι
3012 5458 3279 5528 capacem:
3308 5460 3392 5509 Sic
3412 5459 3569 5507 etiam
3591 5458 3700 5515 duo

2004 5557 2033 5592 ο
2055 5544 2177 5594 Mss.
