4058 6348
349 344 452 396 859

342 473 400 522 et
427 462 725 536 pluraliter
749 459 922 526 dicto,
955 460 1046 515 Ad
1068 462 1360 528 imaginem
1394 455 2037 528 nostram,singulariter

343 555 606 618 infertur,
638 548 1031 616 adimaginem
1085 551 1198 603 Dei.
1253 550 1336 602 Ita
1387 547 1560 601 homo
1609 548 1918 599 renovatur
1975 543 2034 597 in

341 640 693 716 agnitionem
717 638 836 703 Dei,
871 637 1182 691 secundum
1213 634 1525 706 imaginem
1548 634 1670 705 ejus
1700 632 1800 705 qui
1829 631 2038 687 creavit

341 747 472 785 eum
501 730 652 798 (Gen.
693 745 732 793 ι,
757 730 821 780 27
851 743 864 792 ;
894 727 1090 782 Coloss.
1117 742 1195 790 ιιι,
1233 726 1352 791 10);
1383 727 1438 777 et
1467 721 1776 794 spiritualis
1806 721 2036 775 effectus

336 818 558 891 judicat
580 815 795 883 omnia,
819 831 947 886 qua:
965 814 1164 886 utique
1187 811 1499 885 judicanda
1515 815 1682 878 sunt;
1705 810 1828 882 ipse
1843 813 2036 864 autem

341 926 374 962 a
399 905 630 962 nemine
652 903 968 975 judicatur.

967 991 1191 1044 CAPUT
1220 990 1404 1044 XXIII.

352 1085 417 1140 Et
445 1080 640 1156 praesit
666 1079 918 1152 piscibus
946 1077 1139 1146 maris,
1173 1083 1294 1144 σία,
1347 1077 1475 1133 Gen.
1527 1079 1576 1142 l,
1623 1077 1713 1128 26.
1745 1077 1818 1128 De
1843 1072 2038 1142 quibus

901 1169 1234 1222 Christianus
1249 1166 1479 1235 judicat.

411 1262 498 1315 33.
528 1258 690 1324 Quod
720 1259 912 1312 autem
935 1255 1153 1327 judicat
1183 1254 1397 1321 omnia,
1430 1253 1538 1307 hoc
1568 1255 1651 1306 est
1679 1251 1834 1323 quod
1863 1249 2041 1324 habet

338 1350 673 1419 potestatem
726 1344 969 1417 piscium
1025 1343 1220 1411 maris,
1293 1347 1350 1396 et
1405 1340 1725 1396 volatilium
1779 1338 1929 1405 coeli,
1987 1343 2044 1392 et

345 1435 607 1490 omnium
645 1449 915 1506 pecorum
965 1437 1020 1486 ct
1065 1432 1339 1497 ferarum,
1387 1434 1445 1484 et
1487 1428 1675 1483 omnis
1731 1433 1922 1495 terraa,
1985 1431 2043 1480 et

343 1523 606 1578 omnium
633 1521 959 1593 repentium
1016 1536 1145 1590 quae
1185 1523 1394 1590 repunt
1441 1534 1613 1588 super
1660 1521 1893 1572 terram.
1928 1517 2045 1570 Hoc

343 1613 498 1669 enim
530 1610 648 1682 agit
678 1627 782 1682 per
809 1609 1019 1664 mentis
1050 1608 1424 1674 intellectum,
1451 1623 1554 1677 per
1585 1621 1756 1673 quem
1799 1602 2045 1674 percipit

345 1718 474 1774 qua:
502 1704 634 1754 sunt
682 1698 930 1769 Spiritus
983 1697 1082 1752 Dei
1131 1698 1171 1766 (Ι
1203 1699 1321 1753 Cor.
1356 1713 1393 1762 1,
1449 1694 1552 1763 14).
1585 1693 1814 1764 Alioqui
1869 1693 2043 1747 homo

338 1791 400 1844 in
430 1789 646 1844 honore
666 1787 908 1858 positus,
944 1803 1062 1840 non
1092 1783 1410 1852 intellexit;
1448 1787 1812 1854 comparatus
1842 1785 1927 1835 est
1949 1780 2054 1850 ju-°

339 1877 547 1934 mentis
598 1875 925 1942 insensatis,
976 1878 1033 1929 et
1079 1872 1284 1927 similis
1318 1865 1518 1926 'factus
1576 1875 1660 1925 est
1713 1869 1824 1924 illis
1873 1870 2041 1938 (Psal.

337 1984 524 2036 vain,
587 1966 691 2037 I3).
750 1965 894 2034 Ergo
923 1963 985 2017 in
1038 1960 1282 2016 Ecclesia
1328 1966 1447 2021 tua,
1489 1961 1636 2013 Deus
1687 1962 1896 2024 noster,
1956 1953 2043 2011 se-

340 2055 592 2111 cundum
624 2051 865 2125 gratiam
890 2055 1049 2105 tuam
1068 2065 1242 2121 quam
1261 2046 1466 2103 dedisti
1491 2046 1564 2114 ei,
1588 2045 1861 2118 quoniam
1879 2050 2044 2100 tuum

341 2160 536 2199 sumus
574 2142 938 2212 ﬁgmentum,
979 2137 1152 2191 creati
1193 2136 1254 2190 in
1305 2135 1576 2207 operibus
1629 2133 2040 2203 bonis(Ephes.

343 2251 400 2301 ιι,
438 2230 547 2302 10),
572 2245 690 2285 non
719 2229 905 2282 solum
933 2225 1035 2298 qui
1056 2224 1429 2297 spiritualiter
1447 2229 1726 2296 praesunt,
1753 2223 1850 2277 sed
1871 2221 2044 2276 etiam

338 2321 380 2375 ii
410 2319 511 2393 qui
540 2316 914 2390 spiritualiter
965 2314 1288 2369 subduntur
1327 2312 1408 2367 eis
1447 2313 1545 2384 qui
1597 2315 1852 2384 praesunt
1883 2312 2044 2380 (Mas-

338 2410 532 2464 culum
564 2406 717 2460 enim
760 2409 816 2458 et
847 2402 1122 2458 feminam
1151 2401 1333 2455 fecisti
1363 2399 1664 2454 hominem
1697 2401 1845 2470 (Gen.
1865 2415 1903 2465 ι,
1929 2399 2041 2469 27].

344 2499 449 2552 hoc
471 2493 714 2549 modoin
727 2491 910 2563 gratia
926 2495 1026 2544 tua
1054 2488 1361 2560 spirituali,
1379 2488 1476 2543 ubi
1497 2489 1811 2544 secundum
1841 2503 2039 2542 sexum

340 2582 596 2653 corporis
653 2597 771 2636 non
828 2584 912 2634 est
965 2579 1252 2633 masculus
1302 2583 1358 2633 et
1385 2577 1634 2644 femina;
1669 2577 1804 2648 quia
1859 2591 2045 2647 neque

339 2672 593 2738 Judmus,
627 2685 812 2756 neque
857 2671 1103 2736 Grazcus,
1153 2682 1342 2738 neque
1400 2682 1611 2732 servus,
1664 2681 1853 2736 neque
1900 2664 2046 2717 liber

343 2761 547 2829 (Galeri,
583 2777 661 2825 ιιι,
695 2752 847 2828 28]);
903 2756 1228 2828 spirituales
1285 2771 1441 2826 ergo,
1475 2753 1590 2808 sive
1617 2752 1716 2824 qui
1763 2755 2042 2824 prmsunt,

347 2849 463 2904 sive
493 2849 592 2918 qui
623 2846 1041 2917 obtemperant,
1074 2844 1446 2916 spiritualiter
1465 2841 1726 2914 judicent
1757 2844 1797 2912 (Ι
1827 2843 1946 2897 Cor.
1980 2858 2040 2907 ιι,

348 2939 426 3007 lii)
455 2954 467 2992 :
502 2953 621 2992 non
647 2935 717 2992 de
743 2933 1167 3006 cognitionibus
1215 2932 1628 3004 spiritualibus,
1673 2947 1802 3003 qua).
1851 2931 2042 2984 lucent

341 3028 399 3081 in
429 3027 795 3081 ﬁrmamento
825 3024 962 3096 (non
996 3023 1149 3077 enim
1181 3025 1406 3092 oportet
1434 3021 1502 3075 de
1535 3025 1652 3075 tam
1673 3019 1905 3074 sublimi
1936 3036 2041 3072 au-

341 3115 599 3169 ctoritate
624 3112 900 3185 judicare)
930 3133 944 3180 ;
975 3127 1162 3183 neque
1195 3111 1262 3165 de
1292 3109 1414 3180 ipso
1457 3109 1625 3164 Libro
1667 3114 1784 3174 tuo,
1821 3106 2043 3162 etiamsi

340 3203 477 3275 quid
510 3202 589 3256 ibi
617 3217 733 3256 non
766 3202 953 3267 lucet;
985 3199 1261 3270 quoniam
1294 3197 1683 3252 submittimus
1713 3196 1764 3251 ei
1786 3200 2044 3250 nostrum

343 3291 716 3352 intellectum,
752 3293 1086 3358 certumque
1116 3287 1392 3341 habemus
1414 3285 1586 3340 etiam
1609 3284 1760 3356 quod
1789 3285 2044 3337 clausum

345 3383 430 3433 cst
462 3377 784 3448 aspectibus
802 3375 1032 3442 nostris,
1065 3379 1215 3428 recte
1237 3373 1623 3444 veraciterque
1655 3372 1871 3426 dictum
1898 3388 2041 3425 esse.

339 3467 429 3522 Sic
458 3465 614 3522 enim
643 3465 836 3532 homo,
879 3464 1008 3519 licet
1030 3465 1153 3535 jam
1188 3461 1503 3534 spiritualis
1534 3467 1590 3516 et
1619 3465 1927 3516 renovatus
1975 3461 2038 3514 in

352 3554 705 3626 agnitionem
737 3552 856 3618 Dei,
890 3551 1204 3607 secundum
1225 3548 1537 3622 imaginem
1569 3549 1692 3620 ejus
1709 3548 1810 3619 qui
1838 3548 2046 3602 creavit

347 3660 480 3698 eum
511 3645 738 3714 (Coloss.
772 3659 852 3709 ιιι,
888 3643 975 3712 10)
1001 3657 1015 3708 ;
1045 3641 1224 3694 factor
1253 3644 1447 3694 tamen
1493 3637 1635 3709 legis
1683 3637 1854 3692 debet
1901 3652 2040 3702 esse,

343 3749 460 3787 non
487 3731 657 3804 judex
679 3730 887 3803 (Jacobi
916 3747 990 3799 1v,
1026 3730 1129 3797 Η).
1191 3729 1385 3799 Neque
1422 3727 1490 3782 de
1542 3726 1640 3782 illa
1679 3724 2044 3780 distinctione

337 3822 578 3894 judicat,
626 3818 1014 3892 spiritualium
1071 3816 1333 3872 videlicet
1388 3821 1560 3887 atque
1591 3814 1907 3869 carnalium
1935 3813 2044 3868 ho—

344 3910 587 3978 minum,
619 3909 720 3981 qui
758 3907 895 3975 tuis,
947 3909 1096 3962 Deus
1142 3910 1356 3971 noster,
1403 3903 1581 3959 oculis
1625 3903 1747 3958 noti
1787 3905 1938 3970 sunt,
1990 3905 2048 3957 et

343 3998 516 4054 nullis
540 3997 725 4053 adhuc
750 3996 916 4051 nobis
963 3999 1353 4066 apparuerunt
1382 3993 1674 4064 operibus,
1711 3995 1775 4046 ut
1818 4007 1886 4045 ex
1933 3990 2047 4044 fru-

343 4088 523 4144 ctibus
575 4101 773 4140 eorum
813 4099 1221 4154 cognoscamus
1268 4098 1363 4136 eos
1407 4082 1621 4151 (Matth.
1648 4098 1743 4147 vn,
1770 4079 1859 4150 20)
1892 4095 1906 4133 :
1949 4078 2046 4133 sed

344 4183 427 4246 tu,
469 4175 731 4243 Domine,
756 4173 879 4244 jam
910 4172 1017 4226 scis
1077 4187 1172 4225 eos
1221 4176 1280 4224 et
1321 4169 1562 4224 divisisti
1611 4173 1666 4224 et
1720 4167 1932 4222 vocasti
1983 4167 2046 4221 in

346 4266 585 4330 occulto,
611 4267 922 4334 antequam
947 4261 1110 4315 ﬁeret
1137 4260 1590 4314 ﬁrmamentum.
1628 4259 1823 4328 Neque
1851 4257 1920 4311 de
1933 4261 2047 4310 tur-

346 4354 494 4410 bidis
541 4352 712 4423 hujus
760 4349 956 4405 saeculi
1013 4348 1235 4420 populis
1283 4362 1616 4418 quanquam
1667 4347 1685 4380 ¹
1733 4345 2047 4416 spiritualis

345 4443 520 4498 homo
548 4440 788 4514 judicat.
822 4438 972 4504 Quid
1015 4437 1171 4491 enim
1201 4435 1254 4490 ci
1293 4435 1363 4490 de
1389 4434 1460 4489 iis
1491 4434 1592 4506 qui
1625 4433 1763 4488 foris
1802 4439 1934 4488 sunt
1960 4435 2049 4504 ju-

351 4530 539 4585 dicare
570 4531 612 4598 (Ι
653 4531 773 4586 Cor.
806 4545 861 4594 v,
915 4528 1022 4596 I2),
1055 4523 1347 4595 ignoranti
1402 4522 1532 4594 quis
1587 4523 1721 4577 inde
1777 4527 2049 4576 venturus

348 4619 422 4673 sit
451 4618 511 4673 in
543 4616 907 4673 dulcedinem
941 4613 1142 4686 gratiae
1172 4617 1307 4679 tuae,
1333 4616 1388 4666 et
1410 4612 1537 4682 quis
1569 4611 1629 4665 in
1655 4611 2050 4683 perpetuaim-

348 4707 580 4779 pietatis
611 4704 999 4760 amaritudine
1031 4702 1444 4756 remansurus?

345 4827 349 4832 ι
416 4801 498 4854 34.
531 4796 778 4866 Ideoque
801 4794 974 4848 homo
1003 4807 1179 4863 quem
1203 4790 1384 4844 fecisti
1413 4788 1484 4844 ad
1515 4789 1831 4862 imaginem
1863 4793 2044 4855 tuam,

347 4901 461 4940 non
491 4883 706 4955 accepit
733 4877 1465 4954 potestatemlunzinarium
1477 4877 1623 4943 coeli,
1652 4894 1840 4949 neque
1868 4877 2048 4948 ipsius

345 4972 551 5028 occulti
580 4971 726 5039 coeli,
751 4987 937 5042 neque
961 4967 1076 5024 diei
1107 4972 1162 5023 et
1190 4967 1391 5038 noctis,
1424 4983 1552 5040 quae
1581 4974 1712 5022 ante
1729 4967 1858 5022 coeli
1902 4982 2042 5020 con-

347 5061 700 5117 stitutionem
742 5059 980 5122 vocasti,
1025 5073 1212 5130 neque
1255 5056 1712 5128 congregationis
1770 5070 2051 5126 aquarum

349 5151 505 5223 quod
535 5155 620 5205 est
637 5165 794 5205 mare
820 5166 834 5216 ;
869 5148 965 5204 sed
978 5145 1194 5218 accepit
1206 5151 1551 5218 potestatem
1580 5144 1824 5216 piscium
1854 5143 2048 5212 maris,

351 5246 406 5294 et
418 5239 740 5294 volatilium
753 5237 898 5305 coeli,
915 5241 971 5292 et
991 5232 1249 5291 omnium
1267 5250 1564 5308 pecorum,
1581 5237 1636 5287 et
1655 5232 1842 5287 omnis
1860 5237 2048 5300 terrae,

346 5334 402 5382 et
440 5327 706 5384 omnium
731 5325 1061 5398 repentium
1088 5341 1217 5396 qua:
1248 5327 1461 5396 repunt
1489 5337 1661 5392 super
1691 5326 1921 5375 terram.
1951 5321 2048 5377 Ju-

349 5416 497 5472 dicat
523 5418 718 5485 enim;
755 5420 812 5472 et
837 5415 1119 5488 approbat
1157 5413 1309 5486 quod
1341 5416 1514 5478 recte,
1544 5409 1834 5480 improbat
1861 5413 2053 5464 autem

413 5534 427 5564 ¹
462 5531 540 5578 lta
565 5530 800 5592 plerique
825 5531 946 5579 Mss.
973 5543 1095 5578 cum
1124 5528 1250 5576 Arn.
1276 5541 1289 5585 ;
1321 5529 1376 5575 at
1402 5525 1520 5574 alite
1553 5523 1810 5573 editiones
1856 5523 2054 5576 habent

349 5597 651 5662 tanquam;
681 5597 804 5642 Mss.
833 5603 958 5652 tres,
989 5601 1344 5655 quamquam.

1548 328 2087 387 CONFESSIONUM
2129 328 2182 384 S.
2242 326 2597 386 AUGUSTIN
2605 329 2624 383 Ι

3743 332 3850 382 860

2141 455 2294 527 quod
2333 469 2634 527 perperam
2659 455 2941 509 invenerit
2969 471 2982 508 :
3016 455 3130 508 sive
3162 455 3222 508 in
3251 471 3316 509 ea
3345 454 3706 510 solemnitate
3749 471 3848 508 sa-

2143 547 2561 598 cramentorum
2593 543 2800 614 quibus
2829 542 3151 609 initiantur,
3202 559 3346 614 quos
3397 543 3740 614 pervestigat
3787 541 3849 597 in

2143 633 2308 705 aquis
2338 632 2533 688 multis
2546 632 2936 687 misericordia
2949 637 3078 699 tua;
3102 631 3218 686 sive
3244 631 3305 686 in
3335 649 3400 686 ea
3420 648 3533 703 qua
3560 631 3656 686 ille
3675 630 3848 702 piscis

2146 722 2447 776 exhibetur
2478 737 2651 793 quem
2697 721 2946 775 levatum
2977 722 3045 775 de
3093 721 3378 792 profundo
3411 727 3560 774 terra
3608 720 3704 790 pia
3751 737 3845 774 co-

2144 810 2354 877 medit;
2389 811 2505 866 sive
2535 811 2596 864 in
2619 810 2924 864 verborum
2973 809 3149 881 signis
3195 810 3535 881 vocibusque
3565 809 3837 880 subjectis

2142 899 2464 954 auctoritati
2501 897 2652 953 Libri
2696 897 2780 952 tui
2832 902 3107 970 tanquam
3133 898 3237 953 sub
3295 899 3657 953 firmamento
3689 897 3840 952 voli-

2147 988 2421 1055 tantibus,
2451 987 2903 1059 interpretando,
2953 987 3306 1058 exponendo,
3339 987 3683 1049 disserendo,
3717 986 3838 1041 dis-

2147 1076 2420 1148 putando,
2453 1075 2842 1130 benedicendo
2873 1078 3040 1147 atque
3072 1076 3386 1130 invocando
3418 1080 3494 1141 te,
3529 1091 3626 1130 ore
3656 1090 3846 1130 erum-

2147 1165 2415 1236 pentibus
2445 1169 2614 1235 atque
2641 1164 2973 1218 sonantibus
3019 1164 3216 1235 signis,
3269 1170 3332 1219 ut
3362 1164 3703 1236 respondeat
3739 1181 3849 1235 po-

2148 1255 2337 1326 pulus,
2368 1256 2570 1308 Amen.
2611 1253 2826 1318 Quibus
2874 1253 3141 1308 omnibus
3195 1253 3427 1308 vocibus
3476 1252 3851 1324 corporaliter

2151 1341 2539 1408 enuntiandis,
2585 1357 2754 1395 causa
2810 1344 2894 1395 est
2943 1341 3176 1412 abyssus
3237 1340 3451 1407 saeculi,
3510 1345 3567 1394 et
3621 1339 3846 1395 caecitas

2149 1431 2354 1495 carnis,
2404 1446 2516 1501 qua
2547 1430 2564 1458 '
2599 1429 2848 1502 cogitata
2896 1445 3014 1484 non
3065 1434 3305 1500 possunt
3345 1428 3546 1494 videri,
3596 1434 3657 1483 ut
3695 1445 3845 1499 opus

2151 1519 2222 1574 sit
2245 1519 2557 1589 instrepere
2586 1518 2648 1572 in
2675 1519 2912 1573 auribus
2944 1534 2956 1572 :
2991 1518 3071 1572 ita
3101 1517 3356 1590 quamvis
3389 1517 3846 1587 multiplicentur

2152 1605 2405 1660 volatilia
2433 1622 2605 1676 super
2652 1610 2885 1672 terram,
2914 1623 2982 1659 ex
3010 1605 3174 1678 aquis
3208 1611 3397 1660 tamen
3428 1605 3711 1676 originem
3741 1605 3848 1658 du-

2153 1699 2304 1749 cunt.
2335 1695 2555 1750 Iudicat
2583 1693 2757 1749 etiam
2789 1693 3116 1766 spiritualis,
3153 1693 3519 1765 approbando
3574 1691 3729 1762 quod
3758 1707 3850 1745 re-

2151 1789 2329 1851 ctum,
2373 1783 2748 1854 improbando
2796 1788 2989 1837 autem
3037 1784 3186 1854 quod
3234 1797 3538 1852 perperam
3566 1779 3853 1835 invenerit

2152 1871 2213 1926 in
2245 1871 2512 1944 operibus
2551 1872 2920 1942 moribusque
2968 1869 3245 1937 fidelium,
3303 1867 3679 1940 eleemosynis
3731 1872 3852 1922 tan-

2154 1978 2326 2033 quam
2358 1966 2512 2016 terra
2539 1961 2850 2028 fructifera,
2897 1964 2953 2015 et
2981 1960 3050 2016 de
3074 1959 3268 2014 anima
3295 1959 3422 2013 viva
3453 1957 3854 2012 mansuefactis

2153 2050 2572 2117 affectionibus,
2607 2051 2664 2104 in
2689 2049 2962 2116 castitate,
2981 2049 3042 2104 in
3047 2047 3304 2120 jejuniis,
3331 2047 3391 2101 in
3414 2046 3855 2118 cogitationibus

2153 2139 2282 2210 piis,
2316 2139 2386 2193 de
2419 2139 2486 2193 iis
2529 2155 2657 2210 quae
2686 2155 2790 2210 per
2845 2155 3076 2193 sensum
3133 2136 3386 2208 corporis
3431 2135 3852 2207 percipiuntur.

2156 2231 2234 2282 De
2258 2227 2348 2283 his
2373 2228 2528 2283 enim
2549 2227 2805 2298 judicare
2830 2243 2982 2281 nunc
3007 2226 3235 2292 dicitur,
3268 2225 3331 2280 in
3361 2226 3570 2298 quibus
3605 2229 3662 2280 et
3689 2229 3854 2297 pote-

2155 2321 2363 2372 statem
2401 2316 2723 2388 corrigendi
2753 2317 2940 2370 habet.

2785 2406 3010 2460 CAPUT
3037 2405 3220 2459 XXIV.

2156 2496 2222 2548 Et
2248 2493 2537 2550 benedixit
2560 2510 2657 2548 eos
2679 2495 2826 2548 Deus
2847 2493 3062 2560 dicens,
3079 2493 3345 2560 Crescite,
3372 2497 3493 2559 ctc.,
3518 2494 3644 2548 Gen.
3673 2495 3761 2560 8t,
3797 2499 3851 2546 2.

2227 2586 2313 2638 35.
2357 2583 2463 2637 Sed
2512 2582 2651 2653 quid
2691 2585 2776 2635 est
2821 2583 2948 2649 hoc,
3008 2586 3065 2636 et
3115 2581 3283 2652 quale
3329 2579 3664 2651 mysterium
3722 2585 3808 2633 est
3827 2584 3856 2633 ?

2156 2672 2292 2725 Ecce
2321 2670 2610 2726 benedicis
2649 2669 2930 2738 homines,
2979 2685 3012 2723 ο
3056 2669 3319 2738 Domine,
3371 2674 3434 2722 ut
3489 2672 3744 2723 crescant
3800 2673 3858 2722 et

2163 2759 2634 2830 multiplicentur,
2664 2763 2718 2812 et
2746 2759 3024 2828 impleant
3054 2763 3284 2812 terram.
3332 2757 3560 2812 Nihilne
3591 2757 3758 2812 nobis
3784 2773 3853 2811 ex

2156 2847 2264 2902 hoc
2291 2847 2485 2902 innuis
2507 2853 2570 2902 ut
2591 2847 2980 2918 intelligamus
3003 2846 3221 2917 aliquid
3241 2847 3270 2899 ν
3297 2847 3408 2901 Cur
3435 2862 3554 2900 non
3581 2845 3660 2900 ita
3686 2846 3852 2901 bene-

2153 2935 2363 2992 dixeris
2393 2938 2589 2991 lumen
2621 2953 2789 3008 quam
2821 2935 3036 2990 vocasti
3063 2935 3234 2997 diem,
3265 2951 3370 2990 nec
3424 2935 3857 2990 firmamentum

2153 3028 2300 3096 coeli,
2333 3043 2436 3081 nec
2453 3025 2780 3092 luminaria,
2808 3041 2912 3080 nec
2931 3025 3139 3091 sidera,
3160 3041 3265 3079 nec
3289 3029 3522 3093 terram,
3546 3040 3648 3079 nec
3670 3025 3859 3079 mare?

2157 3117 2416 3171 Dicerem
2445 3120 2522 3182 te,
2557 3116 2704 3170 Deus
2735 3119 2926 3168 noster
2965 3113 3065 3185 qui
3117 3129 3220 3167 nos
3251 3113 3321 3166 ad
3351 3112 3668 3184 imaginem
3698 3118 3858 3168 tuam

2158 3205 2380 3271 creasti,
2421 3203 2670 3258 dicerem
2700 3207 2754 3257 te
2784 3203 2892 3257 hoc
2922 3203 3140 3256 donum
3188 3201 3606 3256 benedictionis
3635 3203 3857 3257 homini

2156 3292 2389 3366 proPrie
2414 3291 2662 3348 voluisse
2690 3291 2889 3362 largiri
2915 3307 2929 3358 ;
2987 3290 3098 3345 nisi
3127 3291 3233 3345 hoc
3261 3291 3429 3345 modo
3470 3290 3858 3347 benedixisses

2154 3383 2337 3456 pisces
2392 3385 2450 3436 et
2476 3384 2625 3434 cetos
2655 3385 2718 3434 ut
2741 3384 3078 3447 crescerent,
3111 3383 3168 3434 et
3207 3379 3748 3451 multiplicarentur,
3803 3388 3860 3436 et

2152 3471 2456 3542 implerent
2484 3485 2658 3540 aquas
2713 3469 2909 3534 maris,
2965 3473 3021 3522 et
3047 3468 3299 3522 volatilia
3327 3467 3852 3539 multiplicarentur

2155 3574 2329 3630 super
2357 3563 2590 3613 terram.
2627 3559 2771 3612 Item
2803 3557 3053 3611 dicerem
3083 3557 3156 3611 ad
3183 3573 3250 3610 ea
3274 3573 3466 3610 rerum
3498 3573 3709 3627 genera
3737 3574 3858 3628 per-

2153 3644 2336 3698 tinere
2364 3641 2824 3698 benedictionem
2868 3641 3034 3711 hanc,
3067 3658 3195 3712 quae
3225 3641 3512 3713 gignendo
3550 3659 3614 3696 ex
3645 3647 3856 3698 semet-

2154 3733 2294 3804 ipsis
2322 3735 2752 3803 propagantur;
2785 3730 2832 3784 si
2860 3746 2986 3784 eam
3039 3729 3353 3802 reperirem
3393 3730 3454 3785 in
3508 3731 3770 3798 arbustis,
3803 3736 3861 3786 et

2154 3820 2376 3876 frutetis
2407 3826 2462 3876 et
2489 3821 2550 3875 in
2575 3820 2879 3892 pecoribus
2909 3825 3097 3875 terrae.
3129 3821 3290 3875 Nunc
3318 3825 3511 3875 autem
3535 3837 3639 3876 nec
3664 3822 3858 3877 herbis

2155 3916 2212 3966 et
2231 3910 2402 3982 lignis
2425 3909 2642 3965 dictum
2673 3914 2777 3978 est,
2808 3926 2914 3964 nec
2942 3909 3201 3964 bestiiset
3221 3909 3602 3981 serpentibus,
3621 3912 3861 3968 Crescite

2155 4005 2205 4055 et
2235 4001 2680 4069 multiplicamini
2703 4018 2718 4066 ;
2748 4014 2879 4054 cum
2909 3999 3031 4053 haec
3047 4015 3276 4070 quoque
3296 3998 3510 4063 omnia,
3525 3998 3861 4070 sicutpisces

2156 4093 2212 4144 et
2241 4105 2369 4142 aves
2419 4093 2477 4143 et
2521 4087 2785 4143 homines
2834 4088 3121 4159 gignendo
3165 4093 3502 4159 augeantur,
3561 4104 3860 4160 genusque

2156 4175 2510 4232 custodiant.
3465 4227 3469 4231 .

2229 4269 2316 4322 36.
2352 4264 2500 4330 Quid
2530 4263 2708 4334 igitur
2733 4264 2938 4331 dicam,
2967 4264 3164 4318 lumen
3195 4279 3384 4318 meum
3432 4263 3696 4318 Veritas?
3723 4264 3863 4335 quia

2159 4359 2323 4408 vacat
2349 4353 2476 4418 hoc,
2511 4353 2648 4423 quia
2678 4352 2929 4406 inaniter
2955 4351 3034 4406 ita
3055 4351 3270 4406 dictum
3299 4351 3423 4406 est?
3459 4353 3858 4424 Nequaquam,

2155 4446 2322 4499 Pater
2351 4441 2614 4513 pietatis;
2649 4440 2800 4495 absit
2828 4445 2894 4494 ut
2921 4441 3027 4495 hoc
3055 4441 3204 4494 dicat
3228 4456 3422 4493 servus
3454 4441 3621 4494 Verbi
3653 4441 3758 4496 tui.
3797 4445 3861 4498 Et

2157 4533 2204 4586 si
2225 4533 2348 4602 :ego
2376 4547 2493 4585 non
2513 4530 2771 4599 intelligo
2803 4529 2940 4600 quid
2982 4530 3090 4584 hoc
3115 4527 3342 4598 eloquio
3361 4527 3665 4598 signiﬁces,
3689 4533 3860 4586 utan-

2158 4625 2253 4674 tur
2282 4636 2348 4674 eo
2383 4618 2587 4673 melius
2627 4617 2913 4684 meliores,
2949 4617 3006 4672 id
3044 4622 3130 4672 est
3183 4615 3651 4685 intelligentiores
3681 4633 3858 4688 quam

2157 4725 2262 4780 ego
2311 4725 2459 4774 sum,
2510 4706 2822 4778 unicuique
2869 4709 3147 4778 quantum
3199 4719 3396 4774 sapere
3447 4703 3652 4759 dedisti
3708 4706 3859 4760 Deus

2155 4814 2344 4853 meus.
2385 4798 2608 4852 Placeat
2650 4802 2842 4850 autem
2891 4799 2946 4850 et
2987 4793 3265 4847 confessio
3295 4809 3424 4848 mea
3456 4809 3648 4848 coram
3679 4795 3863 4849 oculis

2155 4887 2288 4949 tuis,
2325 4903 2439 4958 qua
2466 4885 2572 4939 tibi
2595 4884 2874 4938 conﬁteor
2904 4881 3134 4936 credere
3159 4897 3271 4946 me,
3307 4881 3567 4949 Domine,
3602 4897 3720 4937 non
3757 4883 3856 4938 in—

2155 4991 2378 5030 cassum
2406 4979 2460 5029 te
2484 4974 2562 5028 ita
2591 4973 2845 5027 locutum
2872 4987 3012 5038 esse,
3052 4986 3240 5042 neque
3288 4971 3467 5026 silebo
3526 4971 3681 5044 quod
3712 4971 3861 5027 mihi

2158 5061 2416 5117 lectionis
2446 5060 2618 5129 hujus
2640 5057 2859 5112 occasio
2878 5057 3152 5128 suggerit.
3185 5059 3392 5112 Verum
3424 5062 3507 5112 est
3545 5057 3721 5121 enim,
3744 5074 3855 5113 nec

2158 5151 2320 5204 video
2353 5148 2492 5219 quid
2523 5145 2802 5216 impediat
2829 5146 2907 5200 ita
2938 5163 3029 5201 me
3062 5147 3272 5202 sentire
3302 5148 3452 5202 dicta
3497 5149 3743 5219 ﬁgurata
3785 5148 3860 5202 li-

2157 5240 2396 5294 brorum
2426 5241 2678 5290 tuorum.
2731 5235 2874 5290 Novi
2901 5236 3054 5291 enim
3107 5237 3502 5309 multipliciter
3549 5236 3862 5307 signiﬁcari

2159 5344 2262 5400 per
2309 5343 2536 5397 corpus,
2584 5325 2736 5397 quod
2769 5342 2882 5380 uno
2910 5327 3105 5381 -modo
3131 5333 3324 5382 mente
3378 5325 3758 5397 intelligitur;
3803 5332 3864 5382 et

2160 5415 2554 5487 multipliciter
2593 5419 2784 5470 mente
2842 5415 3106 5488 intelligi,
3163 5416 3317 5487 quod
3362 5432 3478 5470 uno
3533 5415 3702 5470 modo
3753 5433 3862 5487 per

2224 5525 2238 5558 ¹
2274 5523 2397 5571 Lov.
2431 5522 2652 5585 aliasque
2681 5522 2956 5576 editiones,
2992 5525 3210 5585 excepta
3228 5521 3384 5585 _Arn.,
3418 5532 3560 5584 quae:
3593 5519 3747 5579 male,
3778 5521 3858 5570 uti

2161 5599 2223 5634 ex
2259 5586 2382 5635 Mss.
2414 5589 2466 5634 et
2492 5583 2843 5634 ex'sermonis
2869 5585 3000 5633 serie
3020 5583 3346 5647 intelligitur.
