4058 6358
184 372 272 427 861
1457 362 1663 420 LIBER
1718 363 2026 422 DECIMUS
2071 364 2397 421 TERTIUS.

183 508 378 565 corpus
407 488 780 563 signiﬁcatur.
813 489 949 544 Ecce
978 489 1220 562 simplex
1243 489 1471 546 dilectio
1502 490 1605 547 Dei
1632 492 1689 545 et
1723 507 1864 563 pro-

183 581 338 649 ximi,
362 595 535 651 quam
571 576 987 650 multiplicibus
1017 578 1406 647 sacramentis,
1438 581 1494 635 et
1530 578 1865 634 innumera-

182 669 383 725 bilibus
394 664 629 739 linguis,
641 669 698 721 et
709 664 769 720 in
785 681 1127 739 unaquaque
1141 666 1866 737 linguainnumerabilibus

183 756 524 814 locutionum
557 754 766 821 modis,
804 754 1181 826 corporaliter
1222 755 1590 811 enuntiatur!
1636 756 1718 811 ita
1745 773 1866 811 cre-

181 850 336 902 scunt
355 849 412 900 et
431 843 888 916 multiplicantur
902 843 1052 899 fetus
1072 860 1370 915 aquarum.
1392 845 1636 900 Attende
1657 844 1867 900 iterum

182 932 432 1007 quisquis
474 933 601 988 hac
626 931 798 1004 legis:
834 947 961 987 ecce
1014 933 1169 1004 quod
1216 949 1332 988 uno
1375 934 1549 997 modo
1578 933 1870 1006 Scriptura

180 1025 353 1094 etiert,
382 1026 441 1077 et
482 1038 592 1077 vox
628 1024 916 1093 personat,
949 1023 1013 1076 In
1038 1024 1313 1093 principio
1353 1024 1488 1090 fecit
1516 1026 1655 1079 Deus
1683 1026 1869 1078 ca’tum

180 1119 225 1167 et
260 1118 459 1168 terram
491 1110 645 1180 (Gen.
687 1126 726 1177 1,
766 1110 842 1180 l);
873 1126 1064 1165 nonne
1097 1110 1493 1183 multipliciter
1517 1111 1870 1184 intelligitur

179 1216 288 1255 non
315 1214 576 1253 errorum
623 1196 870 1265 fallacia,
918 1198 1017 1253 sed
1050 1215 1312 1256 verarum
1354 1199 1868 1272 intelligentiarum

180 1286 513 1362 generibus?
549 1287 632 1343 ita
671 1290 932 1342 crescunt
972 1290 1031 1342 et
1073 1287 1529 1361 multiplicantur
1564 1289 1713 1345 fetus
1757 1289 1869 1345 ho-

179 1377 412 1434 minum.

244 1470 327 1522 37.
361 1466 561 1536 Itaque
607 1463 655 1519 si
699 1468 934 1521 naturas
971 1463 1123 1536 ipsas
1160 1479 1355 1520 rerum
1401 1481 1519 1520 non
1565 1464 1870 1538 allegorice

180 1555 271 1610 sed
296 1553 531 1626 proprie
552 1552 898 1624 cogitemus;
948 1554 1021 1609 ad
1063 1552 1257 1609 omnia
1286 1569 1417 1624 qua
1447 1553 1518 1609 de
1553 1553 1870 1610 seminibus

180 1644 507 1714 gignuntur,
566 1642 834 1697 convenit
876 1643 1114 1697 verbum
1162 1642 1391 1699 Crescite
1435 1648 1486 1697 et
1531 1645 1869 1713 multiplica-

185 1734 330 1787 mini.
362 1731 424 1787 Si
472 1735 665 1786 autem
694 1732 936 1802 ﬁgurate
982 1730 1170 1803 posita
1207 1730 1316 1785 ista
1345 1734 1676 1802 tractemus,
1716 1732 1870 1805 quod

180 1821 364 1893 potius
380 1818 628 1876 arbitror
644 1818 959 1875 intendisse
979 1818 1354 1890 Scriptorum,
1372 1835 1510 1893 qua
1526 1819 1723 1892 utique
1752 1835 1872 1874 non

181 1890 521 1981 supervacue
551 1907 686 1963 solis
711 1907 1053 1980 aquatilium
1075 1911 1131 1962 et
1147 1890 1452 1964 hominum
1472 1890 1680 1963 fetibus
1702 1907 1873 1965 istam

182 1997 632 2054 benedictionem
660 1996 953 2065 attribuit;
987 1994 1311 2051 invenimus
1341 1995 1579 2067 quidem
1609 1995 1867 2050 multitu-

181 2087 333 2143 dines
353 2091 413 2142 et
440 2086 503 2142 in
530 2086 806 2141 creaturis
826 2084 1218 2157 spiritualibus
1248 2088 1420 2157 atque
1457 2083 1872 2156 corporalibus,

184 2179 452 2248 tanquam
516 2173 578 2229 in
625 2174 767 2230 coelo
816 2178 874 2229 et
920 2173 983 2229 in
1011 2178 1196 2243 terra;
1248 2177 1304 2228 et
1338 2172 1401 2228 in
1450 2172 1656 2228 animis
1708 2172 1875 2244 justis

184 2269 236 2320 et
259 2263 496 2336 iniquis,
524 2267 803 2334 tanquam
826 2262 890 2318 in
926 2263 1051 2318 luce
1081 2267 1140 2318 et
1177 2261 1458 2330 tenebris;
1490 2266 1548 2317 et
1573 2262 1635 2316 in
1665 2261 1874 2316 sanctis

183 2352 522 2416 auctoribus,
562 2368 668 2423 per
695 2367 838 2424 quos
871 2352 959 2406 lex
991 2350 1314 2405 ministrata
1356 2356 1462 2418 est,
1495 2355 1772 2422 tanquam
1812 2350 1875 2405 in

183 2444 538 2498 ﬁrmamento
560 2441 713 2514 quod
730 2440 1039 2496 solidatam
1065 2442 1149 2495 est
1163 2440 1313 2495 inter
1334 2455 1544 2511 aquam
1582 2443 1639 2494 et
1666 2454 1875 2511 aquam

184 2536 237 2587 et
261 2532 320 2587 in
347 2530 620 2586 societate
638 2528 1078 2585 amaricantium
1106 2529 1481 2601 populorum,
1518 2531 1794 2600 tanquam
1813 2527 1872 2581 in

186 2620 321 2676 mari
336 2641 352 2689 ;
365 2624 422 2676 et
432 2620 496 2675 in
508 2619 696 2675 studio
713 2618 1038 2674 animarum
1050 2617 1300 2690 piarum,
1320 2622 1599 2691 tanquam
1613 2618 1672 2671 in
1682 2617 1870 2683 arida;

184 2715 236 2764 et
269 2709 327 2764 in
379 2707 653 2781 operibus
701 2706 1108 2762 misericordia
1153 2708 1470 2762 secundum
1529 2711 1875 2778 praesentem

184 2797 367 2865 vitam,
399 2801 679 2869 tanquam
708 2796 767 2851 in
784 2795 977 2851 herbis
998 2796 1369 2851 seminalibus
1400 2800 1456 2850 et
1484 2794 1654 2868 lignis
1682 2794 1877 2850 fructi-

186 2886 339 2954 feris;
363 2886 508 2940 etin
536 2884 927 2955 spiritualibus
958 2883 1122 2939 donis
1151 2883 1528 2939 manifestatis
1557 2883 1630 2938 ad
1660 2883 1875 2938 utilita-

184 2978 314 3041 tem,
344 2974 495 3029 sicut
519 2973 579 3027 in
612 2972 991 3027 luminaribus
1015 2972 1171 3039 cali;
1224 2976 1282 3027 et
1335 2972 1397 3026 in
1442 2971 1734 3027 affectibus
1760 2973 1877 3027 for-

188 3062 351 3117 matis
381 3062 455 3117 ad
484 3059 944 3132 temperantiam,
974 3064 1253 3131 tanquam
1283 3060 1345 3116 in
1392 3059 1587 3115 anima
1622 3060 1772 3116 viva.
1811 3063 1878 3116 In

182 3150 267 3205 his
295 3149 565 3206 omnibus
596 3148 983 3204 nanciscim‘ur
1009 3148 1428 3209 multitudines,
1473 3154 1532 3204 et
1561 3149 1870 3219 ubertates,

187 3243 240 3293 et
264 3238 649 3294 incrementa:
696 3237 797 3293 sed
831 3237 984 3309 quod
1011 3236 1091 3292 ita
1119 3242 1334 3293 crescat
1363 3241 1420 3292 et
1446 3237 1875 3310 multiplicetur,

187 3331 246 3383 ut
272 3344 385 3382 una
414 3343 506 3382 res
536 3327 731 3382 multis
757 3326 943 3381 modis
966 3324 1315 3396 enuntietur,
1344 3330 1400 3381 et
1420 3343 1536 3382 una
1564 3326 1878 3382 enuntiatio

185 3416 371 3471 multis
426 3415 615 3471 modis
657 3414 1040 3485 intelligatur;
1081 3430 1202 3469 non
1251 3414 1598 3482 invenimus,
1640 3415 1754 3470 nisi
1807 3415 1872 3471 in

185 3505 357 3578 signis
393 3504 769 3576 corporaliter
800 3503 987 3572 editis,
1029 3506 1086 3559 et
1114 3504 1286 3560 rebus
1316 3502 1759 3575 intelligibiliter
1784 3518 1879 3556 ex-

186 3594 456 3665 cogitatis.
490 3593 666 3665 Signa
686 3592 1057 3664 corporaliter
1081 3591 1255 3663 edita,
1279 3592 1679 3664 generationes
1709 3608 1881 3661 aqua-

186 3699 310 3738 rum
337 3687 581 3755 propter
592 3681 940 3738 necessarias
951 3698 1147 3737 causas
1167 3680 1413 3736 carnalis
1440 3679 1876 3752 profunditatis;

187 3788 271 3827 res
312 3778 512 3828 autem
570 3770 1014 3843 intelligibiliter
1058 3771 1429 3843 excogitatas,
1481 3769 1881 3841 generationes

184 3862 462 3917 humanas
499 3864 739 3933 propter
776 3859 1019 3915 rationis
1050 3858 1458 3914 fecunditatem
1486 3857 1878 3929 intelligimus.

185 3952 245 4005 Et
287 3950 418 4006 ideo
464 3949 752 4004 credimus
794 3948 1025 4020 utrique
1054 3947 1262 4002 horum
1293 3945 1492 4019 generi
1516 3945 1731 4001 dictum
1762 3961 1881 4000 esse

181 4040 277 4095 abs
293 4043 374 4108 te,
400 4037 666 4108 Domine,
692 4038 921 4094 Crescite
940 4041 991 4091 et
1012 4036 1478 4106 multiplicamini.
1506 4034 1573 4089 In
1592 4035 1700 4089 hac
1720 4033 1877 4089 enim

182 4126 601 4193 benedictione,
633 4141 961 4182 concessam
989 4125 1156 4180 nobis
1185 4142 1218 4179 a
1246 4129 1303 4179 te
1344 4126 1685 4195 potestatem
1715 4127 1772 4177 et
1799 4122 1881 4176 fa-

184 4217 452 4273 cultatem
483 4214 723 4287 accipio,
756 4219 814 4272 et
843 4213 1041 4270 multis
1056 4213 1239 4269 modis
1257 4212 1558 4268 enuntiare
1588 4211 1745 4283 quod
1767 4226 1880 4266 uno

184 4306 350 4361 modo
381 4304 743 4361 intellectum
772 4301 1150 4370 tenuerimus,
1184 4306 1242 4357 et
1270 4300 1465 4356 multis
1494 4300 1679 4355 modis
1707 4299 1881 4353 intel-

184 4393 381 4467 ligere,
405 4392 563 4467 quod
584 4393 821 4448 obscure
846 4407 960 4446 uno
979 4391 1150 4446 modo
1173 4388 1534 4446 enuntiatum
1557 4388 1880 4460 legerimus.
1934 4410 1939 4413 ·

184 4483 269 4539 Sic
294 4483 617 4555 implentur
643 4497 806 4553 aqua
844 4480 1036 4544 maris,
1067 4496 1195 4551 qua
1223 4495 1341 4533 non
1375 4482 1681 4533 moventur
1712 4476 1822 4531 nisi
1854 4494 1886 4530 a

184 4572 351 4627 variis
377 4570 396 4604 ‘
449 4568 988 4641 signiﬁcationibus:
1022 4568 1100 4623 sic
1130 4573 1187 4624 et
1210 4567 1432 4624 cfetibus
1466 4566 1733 4622 humanis
1777 4565 1885 4620 im-

185 4662 374 4731 pletur
400 4664 459 4715 et
510 4664 690 4726 terra;
739 4659 903 4731 cujus
938 4657 1176 4713 ariditas
1220 4660 1460 4729 apparet
1497 4656 1559 4712 in
1590 4655 1800 4723 studio,
1831 4659 1890 4709 et

185 4746 521 4803 dominatur
548 4745 602 4802 ei
630 4745 797 4802 ratio.

480 4913 485 4917 .
833 4851 1059 4907 CAPUT
1098 4850 1251 4906 XXV.

187 4941 322 4998 Ecce
352 4938 494 4997 dedi
534 4937 692 4996 vobis
735 4955 972 4995 omnem
1019 4938 1347 4995 herbam....
1388 4936 1451 4994 in
1509 4952 1715 4993 escam.
1761 4940 1887 5007 etc.,

864 5027 994 5084 Gen.
1032 5030 1081 5095 1,
1112 5030 1202 5082 29.

253 5136 342 5191 38.
390 5133 533 5189 Volo
564 5131 737 5189 etiam
781 5131 987 5201 dicere,
1047 5132 1286 5189 Domine
1335 5132 1481 5188 Deus
1510 5146 1694 5199 meus,
1735 5129 1891 5203 quod

184 5236 275 5278 me
326 5237 689 5295 consequens
734 5227 835 5278 tua
871 5222 1162 5294 Scriptura
1197 5224 1556 5288 commonet;
1604 5224 1663 5275 et
1682 5218 1888 5287 dicam,

184 5326 286 5366 nec
314 5311 582 5366 verebor.
612 5311 821 5366 Verum
859 5310 1015 5366 enim
1043 5310 1251 5379 dicam,
1282 5314 1338 5365 te
1369 5308 1514 5364 mihi
1547 5307 1887 5381 inspirante,

187 5399 340 5470 quod
369 5415 441 5455 ex
481 5398 566 5455 eis
615 5397 802 5455 verbis
828 5397 1058 5454 voluisti
1099 5404 1164 5454 ut
1215 5397 1486 5454 dicerem.
1518 5397 1713 5468 Neque
1738 5395 1892 5450 enim

185 5486 297 5542 alio
327 5489 547 5560 prater
566 5490 624 5542 te
653 5486 971 5559 inspirante
1001 5487 1171 5542 credo
1192 5502 1286 5542 me
1303 5502 1507 5543 verum
1531 5484 1737 5552 dicere,
1761 5499 1892 5539 cum

247 5633 261 5665 ι
285 5631 407 5681 Nisi
436 5626 633 5689 uariis,
649 5626 806 5693 juxta
823 5628 961 5677 Dub.
982 5628 1138 5678 Mart.
1167 5630 1219 5678 et
1238 5626 1412 5678 Rond.
1437 5639 1557 5677 cum
1591 5628 1641 5677 11
1678 5625 1800 5676 Mss.
1822 5624 1891 5674 M.

3572 364 3676 417 862

1976 494 2040 546 tu
2073 489 2149 545 sis
2179 490 2390 546 veritas
2420 491 2610 561 (Joan.
2642 507 2751 559 XIV,
2778 493 2854 559 6),
2878 489 3066 545 omnis
3095 491 3287 545 autem
3304 489 3480 546 homo
3508 505 3674 546 men-

1975 580 2085 635 dax
2109 580 2273 651 (Psal.
2300 595 2402 633 cxv
2436 581 2577 651 11,).
2617 581 2680 635 Et
2706 579 2835 635 ideo
2864 578 2965 652 qui
2995 576 3251 651 loquitur
3280 577 3669 644 mendacium,

1974 668 2044 724 de
2075 686 2179 724 suo
2225 668 2484 740 loquitur
2517 672 2690 739 (Joan.
2730 685 2844 733 vm,
2890 670 3011 740 44).
3054 670 3200 740 Ergo
3250 671 3315 724 ut
3344 681 3544 722 verum
3583 667 3670 722 lo-

1974 774 2137 830 quar,
2160 757 2230 812 de
2261 761 2357 812 tuo
2390 758 2609 829 loquar.
2644 758 2776 812 Ecce
2804 756 3007 813 dedisti
3036 756 3203 812 nobis
3231 758 3291 811 in
3314 770 3495 813 escam
3523 771 3674 810 omne

1972 850 2161 916 fenum
2188 848 2442 914 sativum,
2475 847 2744 900 seminans
2787 861 2961 900 semen
2990 846 3135 917 quod
3161 849 3241 900 est
3275 861 3440 916 super
3468 860 3674 901 omnem

1977 940 2205 1002 terram;
2240 939 2290 991 et
2319 950 2469 990 omne
2497 935 2704 1003 lignum
2724 935 2869 1004 quod
2898 936 3057 990 habet
3081 937 3140 989 in
3167 951 3222 991 se
3246 936 3489 1003 fructum
3508 935 3673 990 semi-

1973 1027 2061 1080 nis
2088 1026 2276 1081 sativi.
2302 1025 2413 1079 Nec
2437 1022 2602 1079 nobis
2620 1023 2775 1090 solis,
2801 1022 2898 1079 sed
2929 1026 2985 1077 et
3006 1023 3270 1078 omnibus
3297 1022 3494 1078 avibus
3523 1021 3673 1089 cali,

1975 1117 2032 1167 et
2064 1112 2260 1183 bestiis
2282 1117 2476 1182 terra,
2498 1116 2670 1184 atque
2693 1110 3084 1183 serpentibus:
3117 1111 3369 1183 piscibus
3395 1116 3591 1167 autem
3619 1114 3677 1166 et

1976 1202 2114 1258 cetis
2162 1200 2385 1274 magnis
2426 1217 2543 1257 non
2584 1200 2787 1257 dedisti
2831 1200 2972 1256 hac.
3007 1199 3344 1255 Dicebamus
3388 1198 3545 1255 enim
3593 1200 3676 1255 eis

1976 1290 2253 1346 fructibus
2272 1294 2439 1346 terra
2457 1289 2787 1361 signiﬁcari,
2806 1293 2861 1344 et
2882 1288 2944 1344 in
2955 1288 3229 1360 allegoria
3246 1288 3481 1361 ﬁgurari
3502 1305 3678 1360 opera

1980 1378 2408 1443 misericordia,
2444 1394 2575 1451 qua
2595 1378 2771 1449 hujus
2801 1376 2933 1432 vita
2963 1375 3392 1432 necessitatibus
3412 1376 3681 1432 exhiben-

1978 1472 2072 1523 tur
2103 1484 2169 1523 ex
2198 1472 2348 1522 terra
2368 1467 2699 1522 fructifera.
2728 1466 2876 1522 Talis
2904 1468 3056 1521 terra
3077 1469 3201 1521 erat
3220 1464 3349 1537 pius
3369 1464 3682 1536 Onesipho-

1978 1572 2096 1623 rus,
2118 1556 2277 1627 cujus
2294 1554 2494 1611 domui
2522 1553 2728 1611 dedisti
2750 1553 3223 1622 misericordiam,
3252 1551 3388 1626 quia
3410 1552 3679 1625 frequen-

1978 1652 2066 1702 ter
2112 1647 2355 1701 Paulum
2399 1650 2567 1701 tuum
2612 1644 2992 1716 refrigeravit,
3026 1648 3083 1699 et
3109 1647 3369 1700 catenam
3400 1643 3525 1714 ejus
3562 1659 3678 1698 non

1979 1734 2209 1791 erubuit
2264 1736 2330 1806 (ll
2388 1737 2525 1790 Tim.
2558 1748 2602 1801 I,
2662 1733 2766 1805 16).
2804 1734 2920 1788 Hoc
2959 1732 3217 1788 fecerunt
3263 1736 3320 1786 et
3346 1730 3568 1797 fratres,
3624 1732 3682 1785 et

1979 1824 2082 1880 tali
2106 1824 2270 1895 fruge
2290 1822 2792 1890 fructiﬁcaverunt,
2811 1820 2913 1893 qui
2941 1820 3098 1893 quod
3116 1819 3172 1876 ei
3200 1821 3416 1886 deerat,
3450 1818 3678 1890 supple-

1978 1916 2185 1969 verunt
2211 1928 2280 1967 ex
2310 1910 2636 1967 Macedonia
2674 1912 2741 1983 (ΙΙ
2779 1911 2905 1967 Cor.
2941 1926 3017 1979 xr,
3060 1910 3129 1980 9).
3159 1908 3456 1975 Quomodo
3485 1911 3678 1962 autem

1982 2002 2133 2057 dolet
2162 2000 2425 2073 quadam
2457 1999 2634 2072 ligna,
2663 2016 2791 2071 qua
2805 1999 3054 2054 fructum
3081 1997 3135 2053 ei
3155 1997 3411 2054 debitum
3442 2012 3557 2051 non
3579 1995 3680 2051 de-

1981 2091 2207 2157 derunt,
2258 2088 2357 2144 ubi
2406 2088 2513 2144 ait:
2574 2091 2633 2144 In
2669 2091 2856 2159 prima
2883 2104 3001 2143 mea
3029 2087 3336 2155 defensione
3361 2101 3513 2141 nemo
3541 2085 3682 2140 mihi

1981 2181 2190 2247 adfuit,
2213 2180 2307 2234 sed
2333 2193 2605 2234 omnesme
2624 2178 3057 2247 dereliquerunt:
3087 2191 3193 2232 non
3210 2177 3321 2231 illis
3340 2174 3677 2246 imputetur?

1985 2268 2055 2338 (II
2085 2269 2224 2322 Tim.
2254 2282 2328 2334 1v,
2366 2267 2471 2336 16.)
2499 2266 2611 2320 Ista
2630 2263 2787 2321 enim
2803 2263 3082 2320 debentur
3101 2262 3183 2318 eis
3211 2262 3311 2335 qui
3340 2261 3673 2318 ministrant

1985 2354 2308 2410 doctrinam
2346 2353 2688 2410 rationalem
2735 2370 2839 2426 per
2886 2352 3291 2425 intelligentias
3348 2350 3678 2407 divinorum

1986 2443 2421 2516 mysteriorum:
2455 2447 2512 2498 et
2554 2442 2636 2498 ita
2664 2443 2742 2498 eis
2782 2441 3085 2508 debentur,
3120 2445 3397 2512 tanquam
3427 2437 3681 2495 homini-

1982 2532 2110 2587 bus.
2146 2532 2438 2588 Debentur
2467 2536 2661 2587 autem
2694 2530 2777 2586 eis
2803 2530 2949 2586 sicut
2978 2529 3186 2585 anima
3222 2529 3385 2596 viva,
3415 2528 3682 2600 praben-

1984 2620 2138 2676 tibus
2169 2638 2226 2675 se
2256 2621 2327 2675 ad
2353 2620 2696 2676 imitandum
2726 2620 2787 2675 in
2815 2617 2975 2674 omni
3004 2617 3374 2675 continentia.
3409 2619 3550 2672 Item
3580 2616 3681 2670 de-

1986 2711 2196 2765 bentur
2217 2708 2298 2764 eis
2325 2713 2601 2781 tanquam
2619 2708 2960 2773 volatilibus,
2994 2712 3229 2779 propter
3255 2705 3685 2762 benedictiones

1986 2814 2189 2853 eorum
2219 2814 2349 2869 qua
2379 2796 2837 2868 multiplicantur
2864 2813 3038 2867 super
3061 2800 3293 2862 terram,
3319 2793 3593 2866 quoniam
3623 2793 3684 2848 in

1987 2902 2222 2942 omnem
2248 2890 2460 2941 terram
2488 2885 2662 2941 exivit
2687 2901 2860 2939 sonus
2886 2900 3089 2941 eorum
3119 2884 3282 2955 (Psal.
3311 2899 3465 2950 xviu,
3498 2883 3574 2952 5).

2622 2974 2847 3029 CAPUT
2876 2973 3055 3030 XXVI.

2136 3066 2399 3135 Voluptas
2430 3067 2481 3119 et
2508 3064 2722 3117 utilitas
2747 3078 2815 3117 ea:
2872 3062 3118 3132 beneﬁcio
3146 3063 3204 3116 in
3226 3060 3542 3132 proximum

2726 3152 2936 3207 collato.

2058 3248 2153 3301 39.
2200 3245 2517 3298 Pascuntur
2563 3245 2758 3295 autem
2802 3239 2892 3294 his
2930 3237 3070 3293 escis
3116 3236 3217 3310 qui
3254 3237 3525 3315 latantur
3570 3235 3682 3318 eis;

1987 3347 2092 3387 nec
2136 3330 2223 3385 illi
2270 3330 2540 3385 latantur
2568 3328 2649 3383 eis
2673 3343 2921 3400 quorum
2946 3328 3095 3382 Deus
3135 3329 3331 3380 venter
3352 3328 3455 3379 est.
3491 3324 3685 3393 Neque

1989 3420 2145 3476 enim
2177 3423 2232 3474 et
2258 3418 2320 3473 in
2346 3417 2459 3473 illis
2480 3417 2581 3489 qui
2602 3416 2860 3489 prabent
2882 3415 3009 3483 ista,
3031 3431 3099 3469 ea
3119 3430 3250 3486 qua
3282 3412 3439 3480 dant,
3471 3411 3687 3466 fructus

1988 3513 2098 3576 est;
2131 3508 2229 3563 sed
2268 3522 2381 3579 quo
2409 3505 2601 3560 animo
2633 3506 2794 3561 dant.
2836 3506 3033 3575 Itaque
3062 3502 3160 3557 ille
3190 3501 3291 3574 qui
3322 3502 3437 3557 Deo
3466 3499 3676 3555 servie-

1987 3598 2104 3661 bat,
2139 3613 2257 3652 non
2282 3612 2385 3649 suo
2416 3593 2619 3655 ventri,
2652 3592 2818 3648 video
2836 3594 3007 3663 plane
3035 3590 3190 3646 unde
3219 3589 3499 3661 gaudeat;
3524 3587 3687 3644 video

1989 3690 2046 3740 et
2070 3684 2436 3756 congratulor
2474 3683 2523 3737 ei
2552 3682 2735 3737 valde.
2765 3684 3076 3752 Acceperat
3104 3678 3261 3734 enim
3290 3695 3323 3733 a
3344 3678 3684 3748 Philippen-

1990 3772 2163 3839 sibus,
2202 3788 2331 3843 qua
2376 3786 2476 3841 per
2520 3768 2975 3841 Epaphroditum
3003 3766 3305 3832 miserant;
3362 3766 3460 3820 sed
3491 3769 3685 3819 tamen

1989 3861 2142 3916 unde
2172 3860 2439 3931 gaudeat,
2470 3858 2655 3913 video.
2692 3857 2848 3912 Unde
2868 3860 3058 3909 autem
3080 3854 3310 3926 gaudet,
3338 3852 3471 3908 inde
3501 3851 3684 3924 pasci-

1989 3954 2103 4016 tur,
2119 3947 2326 4019 quiain
2336 3945 2569 4001 veritate
2583 3945 2843 4016 loquens,
2862 3945 3092 4001 Gavisus
3105 3958 3242 4005 sum,
3256 3941 3463 4012 inquit,
3477 3941 3688 4009 magni-

1987 4040 2082 4107 fice
2103 4038 2161 4091 in
2184 4038 2424 4101 Domino,
2458 4037 2591 4106 quia
2622 4034 2836 4088 tandem
2867 4032 3166 4104 aliquando
3196 4031 3570 4100 repullulastis
3601 4045 3685 4083 sa-

1986 4142 2112 4196 pere
2123 4142 2224 4196 pro
2240 4140 2341 4195 me,
2367 4141 2424 4178 in
2444 4140 2547 4193 quo
2565 4128 2615 4177 et
2633 4123 2930 4194 sapiebatis
2950 4139 2963 4189 ;
2994 4122 3211 4177 taedium
3223 4124 3400 4175 autem
3417 4119 3686 4173 habuistis

1992 4216 2209 4286 (Philip.
2233 4231 2307 4281 IV,
2339 4216 2443 4281 tO).
2470 4213 2717 4284 Istiergo
2732 4210 3006 4268 diuturno
3028 4208 3196 4265 tadio
3221 4211 3607 4273 marcuerant,
3632 4211 3689 4261 et

1992 4304 2152 4375 quasi
2180 4307 2519 4358 exaruerant
2557 4303 2627 4356 ab
2668 4301 2774 4356 isto
2803 4301 2993 4355 fructu
3022 4298 3162 4354 boni
3192 4296 3414 4369 operis;
3462 4299 3517 4351 et
3548 4312 3691 4369 gau-

1992 4394 2090 4449 det
2107 4391 2188 4447 eis
2209 4392 2345 4464 quia
2375 4391 2815 4462 repullularunt,
2849 4404 2967 4444 non
2990 4386 3101 4443 sibi
3126 4386 3261 4459 quia
3282 4385 3405 4458 ejus
3424 4384 3687 4457 indigen-

1991 4482 2088 4538 tia
2109 4482 2514 4536 subvenerunt.
2547 4480 2680 4535 Ideo
2714 4481 2940 4533 secutus
2971 4476 3078 4532 ait:
3100 4479 3219 4535 Non
3249 4475 3393 4545 quod
3423 4475 3562 4529 desit
3591 4475 3692 4529 ali-

1994 4571 2129 4641 quid
2152 4571 2300 4636 dico;
2333 4585 2425 4637 ego
2446 4571 2584 4623 enim
2604 4568 2797 4631 didici,
2816 4570 2876 4621 in
2898 4566 3094 4636 quibus
3115 4581 3235 4621 sum
3260 4566 3537 4632 sufﬁciens
3559 4579 3687 4619 esse.

1994 4661 2115 4716 Scio
2143 4664 2194 4713 et
2223 4661 2400 4713 minus
2430 4658 2643 4722 habere,
2674 4658 2783 4711 scio
2813 4661 2863 4710 et
2901 4655 3209 4721 abundare;
3256 4654 3315 4706 in
3356 4652 3601 4707 omnibus
3644 4656 3693 4707 et

1994 4751 2053 4803 in
2081 4749 2262 4803 omnia
2290 4747 2525 4801 imbutus
2562 4762 2714 4812 sum;
2746 4749 2796 4798 et
2815 4745 3034 4810 satiari,
3067 4746 3118 4797 et
3160 4743 3392 4807 esurire,
3433 4745 3485 4797 et
3513 4740 3693 4795 abun-

1994 4837 2147 4905 dare,
2179 4840 2230 4890 et
2255 4836 2543 4905 penuriam
2564 4834 2717 4903 pati:
2748 4833 2929 4887 omnia
2951 4845 3172 4903 possum
3188 4832 3247 4884 in
3276 4845 3333 4885 eo
3352 4830 3450 4899 qui
3479 4844 3559 4884 me
3579 4843 3693 4884 con-

1993 4922 2381 4992 fortat(lbid.,
2419 4920 2635 4992 11-13).
3183 4962 3190 4971 .

2066 5012 2159 5067 40.
2205 5009 2363 5067 Unde
2409 5025 2547 5079 ergo
2581 5007 2643 5063 in
2672 5005 2941 5063 omnibus
2968 5006 2985 5039 ⁸
3018 5007 3252 5079 gaudes,
3297 5023 3329 5062 ο
3360 5007 3533 5062 Paule
3572 5021 3691 5059 ma-

1995 5102 2145 5172 gne?
2194 5099 2353 5155 Unde
2385 5098 2619 5170 gaudes,
2656 5096 2803 5153 unde
2830 5096 3101 5168 pasceris,
3133 5096 3307 5151 homo
3335 5100 3600 5151 renovate
3629 5092 3692 5147 in

1996 5188 2350 5260 agnitionem
2383 5186 2483 5242 Dei
2510 5186 2825 5242 secundum
2857 5185 3169 5259 imaginem
3200 5185 3322 5255 ejus
3351 5183 3450 5256 qui
3480 5180 3693 5237 creavit

1997 5284 2074 5347 te,
2097 5285 2153 5334 et
2181 5278 2374 5334 anima
2398 5277 2526 5332 viva
2547 5281 2709 5332 tanta
2742 5268 3110 5342 continentia,
3138 5277 3193 5328 et
3223 5273 3415 5345 lingua
3448 5270 3693 5325 volatilis

1997 5368 2239 5439 loquens
2287 5365 2596 5440 mysteria?
2635 5365 2865 5421 Talibus
2903 5364 3117 5438 quippe
3149 5359 3537 5415 animantibus
3567 5375 3695 5413 esca

1999 5456 2108 5512 ista
2153 5456 2412 5512 debetur.
2446 5456 2594 5522 Quid
2636 5460 2722 5511 est
2750 5454 2902 5527 quod
2932 5459 2987 5508 te
3016 5448 3234 5523 pascit?
3259 5447 3498 5504 Latitia.
3531 5448 3695 5513 Quod

2066 5562 2080 5596 ι
2112 5561 2281 5610 Verba
2296 5560 2357 5610 in
2382 5560 2623 5610 omnibus
2643 5558 3005 5607 omittuntura
3030 5554 3231 5604 Somm.
3253 5551 3381 5603 Arn.
3398 5551 3549 5604 Mart.
3572 5567 3693 5612 cum

1999 5626 2029 5675 7
2063 5624 2186 5674 Mss.
2208 5627 2261 5674 et
2286 5621 2456 5673 Rond.
2488 5634 2609 5672 cum
2636 5623 2689 5671 11
2713 5620 2835 5670 Mss.
