  <div class='ocr_page' id='page_1' title='image "/cluster/home/n/w/nwhite01/storage/ocr_20150623/32/umn.31951002477326y/443.png"; bbox 0 0 4058 6388; ppageno 0'>
   <div class='ocr_carea' id='block_1_1' title="bbox 322 298 425 350">
    <p class='ocr_par' dir='ltr' id='par_1_1' title="bbox 322 298 425 350">
     <span class='ocr_line' id='line_1_1' title="bbox 322 298 425 350; baseline 0.01 -1"><span class='ocrx_word' id='word_1_1' title='bbox 322 298 425 350; x_wconf 87' lang='lat'><strong>863</strong></span> 
     </span>
    </p>
   </div>
   <div class='ocr_carea' id='block_1_2' title="bbox 323 411 2015 487">
    <p class='ocr_par' dir='ltr' id='par_1_2' title="bbox 323 411 2015 487">
     <span class='ocr_line' id='line_1_2' title="bbox 323 411 2015 487; baseline -0.002 -17"><span class='ocrx_word' id='word_1_2' title='bbox 323 415 582 487; x_wconf 79' lang='lat' dir='ltr'><strong>sequitur</strong></span> <span class='ocrx_word' id='word_1_3' title='bbox 610 412 927 468; x_wconf 84' lang='lat' dir='ltr'><strong>audiamus.</strong></span> <span class='ocrx_word' id='word_1_4' title='bbox 960 413 1354 478; x_wconf 85' lang='lat' dir='ltr'><strong>Verumtamen,</strong></span> <span class='ocrx_word' id='word_1_5' title='bbox 1387 411 1596 483; x_wconf 86' lang='lat' dir='ltr'><strong>inquit,</strong></span> <span class='ocrx_word' id='word_1_6' title='bbox 1638 411 1763 465; x_wconf 77' lang='lat' dir='ltr'><strong>bene</strong></span> <span class='ocrx_word' id='word_1_7' title='bbox 1785 415 2015 480; x_wconf 76' lang='lat' dir='ltr'><strong>fecistis,</strong></span> 
     </span>
    </p>
   </div>
   <div class='ocr_carea' id='block_1_3' title="bbox 324 498 2017 570">
    <p class='ocr_par' dir='ltr' id='par_1_3' title="bbox 324 498 2017 570">
     <span class='ocr_line' id='line_1_3' title="bbox 324 498 2017 570; baseline -0.004 -12"><span class='ocrx_word' id='word_1_8' title='bbox 324 505 770 558; x_wconf 84' lang='lat' dir='ltr'><strong>communicantes</strong></span> <span class='ocrx_word' id='word_1_9' title='bbox 825 501 1167 556; x_wconf 83' lang='lat' dir='ltr'><strong>tribulationi</strong></span> <span class='ocrx_word' id='word_1_10' title='bbox 1215 515 1361 554; x_wconf 60' lang='lat' dir='ltr'><strong>mea.</strong></span> <span class='ocrx_word' id='word_1_11' title='bbox 1421 498 1562 553; x_wconf 86' lang='lat' dir='ltr'><strong>Hinc</strong></span> <span class='ocrx_word' id='word_1_12' title='bbox 1606 499 1834 570; x_wconf 80' lang='lat' dir='ltr'><strong>gaudet,</strong></span> <span class='ocrx_word' id='word_1_13' title='bbox 1885 498 2017 552; x_wconf 92' lang='lat' dir='ltr'><strong>hinc</strong></span> 
     </span>
    </p>
   </div>
   <div class='ocr_carea' id='block_1_4' title="bbox 324 586 2016 662">
    <p class='ocr_par' dir='ltr' id='par_1_4' title="bbox 324 586 2016 662">
     <span class='ocr_line' id='line_1_4' title="bbox 324 586 2016 662; baseline -0.003 -18"><span class='ocrx_word' id='word_1_14' title='bbox 324 591 594 662; x_wconf 89' lang='lat' dir='ltr'><strong>pascitur,</strong></span> <span class='ocrx_word' id='word_1_15' title='bbox 625 589 760 660; x_wconf 92' lang='lat' dir='ltr'><strong>quia</strong></span> <span class='ocrx_word' id='word_1_16' title='bbox 785 589 868 642; x_wconf 87' lang='lat' dir='ltr'><strong>illi</strong></span> <span class='ocrx_word' id='word_1_17' title='bbox 897 588 1323 653; x_wconf 90' lang='lat' dir='ltr'><strong>benefecerunt,</strong></span> <span class='ocrx_word' id='word_1_18' title='bbox 1355 603 1471 641; x_wconf 79' lang='lat' dir='ltr'><strong>non</strong></span> <span class='ocrx_word' id='word_1_19' title='bbox 1498 586 1631 658; x_wconf 86' lang='lat' dir='ltr'><strong>quia</strong></span> <span class='ocrx_word' id='word_1_20' title='bbox 1665 587 1786 656; x_wconf 90' lang='lat' dir='ltr'><strong>ejus</strong></span> <span class='ocrx_word' id='word_1_21' title='bbox 1835 603 2016 656; x_wconf 90' lang='lat' dir='ltr'><strong>angu-</strong></span> 
     </span>
    </p>
   </div>
   <div class='ocr_carea' id='block_1_5' title="bbox 323 675 2013 747">
    <p class='ocr_par' dir='ltr' id='par_1_5' title="bbox 323 675 2013 747">
     <span class='ocr_line' id='line_1_5' title="bbox 323 675 2013 747; baseline -0.004 -14"><span class='ocrx_word' id='word_1_22' title='bbox 323 679 430 734; x_wconf 88' lang='lat' dir='ltr'><strong>stia</strong></span> <span class='ocrx_word' id='word_1_23' title='bbox 448 679 696 732; x_wconf 83' lang='lat' dir='ltr'><strong>relaxata</strong></span> <span class='ocrx_word' id='word_1_24' title='bbox 721 682 826 742; x_wconf 92' lang='lat' dir='ltr'><strong>est,</strong></span> <span class='ocrx_word' id='word_1_25' title='bbox 863 677 961 747; x_wconf 87' lang='lat' dir='ltr'><strong>qui</strong></span> <span class='ocrx_word' id='word_1_26' title='bbox 991 676 1126 730; x_wconf 85' lang='lat' dir='ltr'><strong>dicit</strong></span> <span class='ocrx_word' id='word_1_27' title='bbox 1169 675 1296 744; x_wconf 84' lang='lat' dir='ltr'><strong>tibi,</strong></span> <span class='ocrx_word' id='word_1_28' title='bbox 1330 678 1394 730; x_wconf 89' lang='lat' dir='ltr'><strong>In</strong></span> <span class='ocrx_word' id='word_1_29' title='bbox 1433 677 1784 730; x_wconf 78' lang='lat' dir='ltr'><strong>tribulatione</strong></span> <span class='ocrx_word' id='word_1_30' title='bbox 1812 676 2013 728; x_wconf 89' lang='lat' dir='ltr'><strong>dilata-</strong></span> 
     </span>
    </p>
   </div>
   <div class='ocr_carea' id='block_1_6' title="bbox 324 762 2018 836">
    <p class='ocr_par' dir='ltr' id='par_1_6' title="bbox 324 762 2018 836">
     <span class='ocr_line' id='line_1_6' title="bbox 324 762 2018 836; baseline -0.003 -16"><span class='ocrx_word' id='word_1_31' title='bbox 324 770 398 820; x_wconf 87' lang='lat' dir='ltr'><strong>sti</strong></span> <span class='ocrx_word' id='word_1_32' title='bbox 416 767 552 820; x_wconf 88' lang='lat' dir='ltr'><strong>mihi</strong></span> <span class='ocrx_word' id='word_1_33' title='bbox 582 767 748 836; x_wconf 90' lang='lat' dir='ltr'><strong>(Psal.</strong></span> <span class='ocrx_word' id='word_1_34' title='bbox 784 782 856 831; x_wconf 83' lang='lat' dir='ltr'><strong>1v,</strong></span> <span class='ocrx_word' id='word_1_35' title='bbox 884 766 974 834; x_wconf 82' lang='lat'><strong>2):</strong></span> <span class='ocrx_word' id='word_1_36' title='bbox 1009 763 1145 834; x_wconf 85' lang='lat' dir='ltr'><strong>quia</strong></span> <span class='ocrx_word' id='word_1_37' title='bbox 1190 769 1246 817; x_wconf 93' lang='lat' dir='ltr'><strong>et</strong></span> <span class='ocrx_word' id='word_1_38' title='bbox 1275 764 1568 818; x_wconf 85' lang='lat' dir='ltr'><strong>abundare</strong></span> <span class='ocrx_word' id='word_1_39' title='bbox 1610 769 1667 817; x_wconf 89' lang='lat' dir='ltr'><strong>et</strong></span> <span class='ocrx_word' id='word_1_40' title='bbox 1715 762 2018 834; x_wconf 91' lang='lat' dir='ltr'><strong>penuriam</strong></span> 
     </span>
    </p>
   </div>
   <div class='ocr_carea' id='block_1_7' title="bbox 327 850 2012 924">
    <p class='ocr_par' dir='ltr' id='par_1_7' title="bbox 327 850 2012 924">
     <span class='ocr_line' id='line_1_7' title="bbox 327 850 2012 924; baseline -0.004 -16"><span class='ocrx_word' id='word_1_41' title='bbox 327 854 441 924; x_wconf 90' lang='lat' dir='ltr'><strong>pati</strong></span> <span class='ocrx_word' id='word_1_42' title='bbox 471 855 628 908; x_wconf 87' lang='lat' dir='ltr'><strong>novit</strong></span> <span class='ocrx_word' id='word_1_43' title='bbox 656 854 714 907; x_wconf 89' lang='lat' dir='ltr'><strong>in</strong></span> <span class='ocrx_word' id='word_1_44' title='bbox 736 858 790 906; x_wconf 93' lang='lat' dir='ltr'><strong>te</strong></span> <span class='ocrx_word' id='word_1_45' title='bbox 807 853 905 923; x_wconf 88' lang='lat' dir='ltr'><strong>qui</strong></span> <span class='ocrx_word' id='word_1_46' title='bbox 935 852 1223 906; x_wconf 86' lang='lat' dir='ltr'><strong>confertas</strong></span> <span class='ocrx_word' id='word_1_47' title='bbox 1247 868 1406 906; x_wconf 93' lang='lat' dir='ltr'><strong>eum.</strong></span> <span class='ocrx_word' id='word_1_48' title='bbox 1442 853 1602 907; x_wconf 88' lang='lat' dir='ltr'><strong>Scitis</strong></span> <span class='ocrx_word' id='word_1_49' title='bbox 1626 853 1786 914; x_wconf 88' lang='lat' dir='ltr'><strong>enim,</strong></span> <span class='ocrx_word' id='word_1_50' title='bbox 1806 850 2012 921; x_wconf 92' lang='lat' dir='ltr'><strong>inquit,</strong></span> 
     </span>
    </p>
   </div>
   <div class='ocr_carea' id='block_1_8' title="bbox 323 940 2015 1010">
    <p class='ocr_par' dir='ltr' id='par_1_8' title="bbox 323 940 2015 1010">
     <span class='ocr_line' id='line_1_8' title="bbox 323 940 2015 1010; baseline -0.004 -14"><span class='ocrx_word' id='word_1_51' title='bbox 323 949 372 997; x_wconf 83' lang='lat' dir='ltr'><strong>et</strong></span> <span class='ocrx_word' id='word_1_52' title='bbox 407 958 518 1009; x_wconf 86' lang='lat' dir='ltr'><strong>vos,</strong></span> <span class='ocrx_word' id='word_1_53' title='bbox 561 943 949 1010; x_wconf 87' lang='lat' dir='ltr'><strong>Philippenses,</strong></span> <span class='ocrx_word' id='word_1_54' title='bbox 996 943 1250 1009; x_wconf 85' lang='lat' dir='ltr'><strong>quoniam</strong></span> <span class='ocrx_word' id='word_1_55' title='bbox 1298 943 1355 994; x_wconf 87' lang='lat' dir='ltr'><strong>in</strong></span> <span class='ocrx_word' id='word_1_56' title='bbox 1391 943 1664 1010; x_wconf 87' lang='lat' dir='ltr'><strong>principio</strong></span> <span class='ocrx_word' id='word_1_57' title='bbox 1709 940 2015 1006; x_wconf 77' lang='lat' dir='ltr'><strong>Evangelii,</strong></span> 
     </span>
    </p>
   </div>
   <div class='ocr_carea' id='block_1_9' title="bbox 325 1029 2020 1098">
    <p class='ocr_par' dir='ltr' id='par_1_9' title="bbox 325 1029 2020 1098">
     <span class='ocr_line' id='line_1_9' title="bbox 325 1029 2020 1098; baseline -0.001 -18"><span class='ocrx_word' id='word_1_58' title='bbox 325 1047 443 1085; x_wconf 76' lang='lat' dir='ltr'><strong>cum</strong></span> <span class='ocrx_word' id='word_1_59' title='bbox 481 1048 548 1084; x_wconf 75' lang='lat' dir='ltr'><strong>eat-</strong></span> <span class='ocrx_word' id='word_1_60' title='bbox 579 1030 900 1083; x_wconf 85' lang='lat' dir='ltr'><strong>Macedonia</strong></span> <span class='ocrx_word' id='word_1_61' title='bbox 949 1045 1067 1083; x_wconf 88' lang='lat' dir='ltr'><strong>sum</strong></span> <span class='ocrx_word' id='word_1_62' title='bbox 1093 1031 1389 1098; x_wconf 79' lang='lat' dir='ltr'><strong>profectus,</strong></span> <span class='ocrx_word' id='word_1_63' title='bbox 1438 1029 1590 1083; x_wconf 86' lang='lat' dir='ltr'><strong>nulla</strong></span> <span class='ocrx_word' id='word_1_64' title='bbox 1618 1029 1755 1082; x_wconf 90' lang='lat' dir='ltr'><strong>mihi</strong></span> <span class='ocrx_word' id='word_1_65' title='bbox 1784 1029 2020 1081; x_wconf 83' lang='lat' dir='ltr'><strong>Ecclesia</strong></span> 
     </span>
    </p>
   </div>
   <div class='ocr_carea' id='block_1_10' title="bbox 322 1118 2016 1185">
    <p class='ocr_par' dir='ltr' id='par_1_10' title="bbox 322 1118 2016 1185">
     <span class='ocr_line' id='line_1_10' title="bbox 322 1118 2016 1185; baseline -0.004 -11"><span class='ocrx_word' id='word_1_66' title='bbox 322 1121 735 1174; x_wconf 88' lang='lat' dir='ltr'><strong>communicavit</strong></span> <span class='ocrx_word' id='word_1_67' title='bbox 771 1120 832 1171; x_wconf 89' lang='lat' dir='ltr'><strong>in</strong></span> <span class='ocrx_word' id='word_1_68' title='bbox 882 1120 1092 1172; x_wconf 81' lang='lat' dir='ltr'><strong>ratione</strong></span> <span class='ocrx_word' id='word_1_69' title='bbox 1119 1118 1241 1172; x_wconf 87' lang='lat' dir='ltr'><strong>dati</strong></span> <span class='ocrx_word' id='word_1_70' title='bbox 1275 1122 1324 1170; x_wconf 93' lang='lat' dir='ltr'><strong>et</strong></span> <span class='ocrx_word' id='word_1_71' title='bbox 1358 1119 1582 1185; x_wconf 88' lang='lat' dir='ltr'><strong>accepti,</strong></span> <span class='ocrx_word' id='word_1_72' title='bbox 1612 1118 1724 1170; x_wconf 87' lang='lat' dir='ltr'><strong>nisi</strong></span> <span class='ocrx_word' id='word_1_73' title='bbox 1762 1131 1851 1171; x_wconf 85' lang='lat' dir='ltr'><strong>vos</strong></span> <span class='ocrx_word' id='word_1_74' title='bbox 1879 1118 2016 1179; x_wconf 89' lang='lat' dir='ltr'><strong>soli;</strong></span> 
     </span>
    </p>
   </div>
   <div class='ocr_carea' id='block_1_11' title="bbox 327 1205 2020 1276">
    <p class='ocr_par' dir='ltr' id='par_1_11' title="bbox 327 1205 2020 1276">
     <span class='ocr_line' id='line_1_11' title="bbox 327 1205 2020 1276; baseline -0.001 -18"><span class='ocrx_word' id='word_1_75' title='bbox 327 1209 455 1276; x_wconf 84' lang='lat' dir='ltr'><strong>quia</strong></span> <span class='ocrx_word' id='word_1_76' title='bbox 493 1212 543 1260; x_wconf 90' lang='lat' dir='ltr'><strong>et</strong></span> <span class='ocrx_word' id='word_1_77' title='bbox 576 1208 1028 1276; x_wconf 83' lang='lat' dir='ltr'><strong>Thessalonicam,</strong></span> <span class='ocrx_word' id='word_1_78' title='bbox 1063 1211 1112 1260; x_wconf 87' lang='lat' dir='ltr'><strong>et</strong></span> <span class='ocrx_word' id='word_1_79' title='bbox 1141 1207 1298 1260; x_wconf 83' lang='lat' dir='ltr'><strong>semel</strong></span> <span class='ocrx_word' id='word_1_80' title='bbox 1327 1210 1376 1258; x_wconf 89' lang='lat' dir='ltr'><strong>et</strong></span> <span class='ocrx_word' id='word_1_81' title='bbox 1419 1207 1634 1270; x_wconf 82' lang='lat' dir='ltr'><strong>iterum,</strong></span> <span class='ocrx_word' id='word_1_82' title='bbox 1673 1205 1860 1258; x_wconf 86' lang='lat' dir='ltr'><strong>usibus</strong></span> <span class='ocrx_word' id='word_1_83' title='bbox 1890 1205 2020 1257; x_wconf 79' lang='lat' dir='ltr'><strong>mcis</strong></span> 
     </span>
    </p>
   </div>
   <div class='ocr_carea' id='block_1_12' title="bbox 325 1274 2021 1364">
    <p class='ocr_par' dir='ltr' id='par_1_12' title="bbox 325 1274 2021 1364">
     <span class='ocr_line' id='line_1_12' title="bbox 325 1274 2021 1364; baseline -0.004 -15"><span class='ocrx_word' id='word_1_84' title='bbox 325 1274 551 1350; x_wconf 76' lang='lat' dir='ltr'><strong>misistis</strong></span> <span class='ocrx_word' id='word_1_85' title='bbox 592 1295 850 1364; x_wconf 85' lang='lat' dir='ltr'><strong>(Philipp.</strong></span> <span class='ocrx_word' id='word_1_86' title='bbox 884 1274 958 1361; x_wconf 77' lang='lat' dir='ltr'><strong>w’,</strong></span> <span class='ocrx_word' id='word_1_87' title='bbox 994 1294 1202 1364; x_wconf 66' lang='lat'><strong>14-16).</strong></span> <span class='ocrx_word' id='word_1_88' title='bbox 1253 1294 1336 1347; x_wconf 83' lang='lat' dir='ltr'><strong>Ad</strong></span> <span class='ocrx_word' id='word_1_89' title='bbox 1370 1293 1496 1346; x_wconf 71' lang='lat' dir='ltr'><strong>haec</strong></span> <span class='ocrx_word' id='word_1_90' title='bbox 1524 1293 1678 1346; x_wconf 90' lang='lat' dir='ltr'><strong>bona</strong></span> <span class='ocrx_word' id='word_1_91' title='bbox 1722 1307 1896 1364; x_wconf 90' lang='lat' dir='ltr'><strong>opera</strong></span> <span class='ocrx_word' id='word_1_92' title='bbox 1925 1307 2021 1345; x_wconf 85' lang='lat' dir='ltr'><strong>eos</strong></span> 
     </span>
    </p>
   </div>
   <div class='ocr_carea' id='block_1_13' title="bbox 325 1381 2021 1452">
    <p class='ocr_par' dir='ltr' id='par_1_13' title="bbox 325 1381 2021 1452">
     <span class='ocr_line' id='line_1_13' title="bbox 325 1381 2021 1452; baseline -0.002 -14"><span class='ocrx_word' id='word_1_93' title='bbox 325 1383 563 1438; x_wconf 85' lang='lat' dir='ltr'><strong>rediisse</strong></span> <span class='ocrx_word' id='word_1_94' title='bbox 585 1399 736 1437; x_wconf 92' lang='lat' dir='ltr'><strong>nunc</strong></span> <span class='ocrx_word' id='word_1_95' title='bbox 764 1383 994 1452; x_wconf 78' lang='lat' dir='ltr'><strong>gaudet,</strong></span> <span class='ocrx_word' id='word_1_96' title='bbox 1015 1387 1072 1436; x_wconf 87' lang='lat' dir='ltr'><strong>et</strong></span> <span class='ocrx_word' id='word_1_97' title='bbox 1100 1383 1476 1452; x_wconf 89' lang='lat' dir='ltr'><strong>repullulasse</strong></span> <span class='ocrx_word' id='word_1_98' title='bbox 1499 1381 1724 1436; x_wconf 70' lang='lat' dir='ltr'><strong>laetatur</strong></span> <span class='ocrx_word' id='word_1_99' title='bbox 1747 1386 2021 1452; x_wconf 86' lang='lat' dir='ltr'><strong>tanquam</strong></span> 
     </span>
    </p>
   </div>
   <div class='ocr_carea' id='block_1_14' title="bbox 327 1470 1203 1542">
    <p class='ocr_par' dir='ltr' id='par_1_14' title="bbox 327 1470 1203 1542">
     <span class='ocr_line' id='line_1_14' title="bbox 327 1470 1203 1542; baseline 0 -17"><span class='ocrx_word' id='word_1_100' title='bbox 327 1473 699 1526; x_wconf 90' lang='lat' dir='ltr'><strong>revirescente</strong></span> <span class='ocrx_word' id='word_1_101' title='bbox 740 1471 1032 1526; x_wconf 83' lang='lat' dir='ltr'><strong>fertilitate</strong></span> <span class='ocrx_word' id='word_1_102' title='bbox 1064 1470 1203 1542; x_wconf 87' lang='lat' dir='ltr'><strong>agri.</strong></span> 
     </span>
    </p>
   </div>
   <div class='ocr_carea' id='block_1_15' title="bbox 399 1557 2021 1631">
    <p class='ocr_par' dir='ltr' id='par_1_15' title="bbox 399 1557 2021 1631">
     <span class='ocr_line' id='line_1_15' title="bbox 399 1557 2021 1631; baseline -0.002 -17"><span class='ocrx_word' id='word_1_103' title='bbox 399 1565 485 1624; x_wconf 77' lang='grc'><strong>41,</strong></span> <span class='ocrx_word' id='word_1_104' title='bbox 520 1560 806 1631; x_wconf 83' lang='lat' dir='ltr'><strong>Numquid</strong></span> <span class='ocrx_word' id='word_1_105' title='bbox 839 1564 1074 1631; x_wconf 84' lang='lat' dir='ltr'><strong>propter</strong></span> <span class='ocrx_word' id='word_1_106' title='bbox 1111 1576 1248 1613; x_wconf 90' lang='lat' dir='ltr'><strong>usus</strong></span> <span class='ocrx_word' id='word_1_107' title='bbox 1281 1575 1434 1626; x_wconf 91' lang='lat' dir='ltr'><strong>suos,</strong></span> <span class='ocrx_word' id='word_1_108' title='bbox 1467 1558 1601 1629; x_wconf 90' lang='lat' dir='ltr'><strong>quia</strong></span> <span class='ocrx_word' id='word_1_109' title='bbox 1630 1557 1793 1624; x_wconf 81' lang='lat' dir='ltr'><strong>dixit,</strong></span> <span class='ocrx_word' id='word_1_110' title='bbox 1831 1559 2021 1612; x_wconf 82' lang='lat' dir='ltr'><strong>Usibus</strong></span> 
     </span>
    </p>
   </div>
   <div class='ocr_carea' id='block_1_16' title="bbox 327 1647 2020 1719">
    <p class='ocr_par' dir='ltr' id='par_1_16' title="bbox 327 1647 2020 1719">
     <span class='ocr_line' id='line_1_16' title="bbox 327 1647 2020 1719; baseline -0.003 -15"><span class='ocrx_word' id='word_1_111' title='bbox 327 1653 455 1704; x_wconf 90' lang='lat' dir='ltr'><strong>meis</strong></span> <span class='ocrx_word' id='word_1_112' title='bbox 484 1651 712 1704; x_wconf 79' lang='lat' dir='ltr'><strong>misistis</strong></span> <span class='ocrx_word' id='word_1_113' title='bbox 735 1649 762 1704; x_wconf 67' lang='lat'><strong><em>&#39;7</em></strong></span> <span class='ocrx_word' id='word_1_114' title='bbox 792 1647 1076 1719; x_wconf 91' lang='lat' dir='ltr'><strong>numquid</strong></span> <span class='ocrx_word' id='word_1_115' title='bbox 1105 1652 1412 1718; x_wconf 83' lang='lat' dir='ltr'><strong>propterea</strong></span> <span class='ocrx_word' id='word_1_116' title='bbox 1445 1647 1654 1717; x_wconf 82' lang='lat' dir='ltr'><strong>gaudet</strong></span> <span class='ocrx_word' id='word_1_117' title='bbox 1680 1651 1707 1700; x_wconf 86' lang='lat'><strong>?</strong></span> <span class='ocrx_word' id='word_1_118' title='bbox 1733 1648 1855 1700; x_wconf 90' lang='lat' dir='ltr'><strong>Non</strong></span> <span class='ocrx_word' id='word_1_119' title='bbox 1885 1663 2020 1716; x_wconf 91' lang='lat' dir='ltr'><strong>pro-</strong></span> 
     </span>
    </p>
   </div>
   <div class='ocr_carea' id='block_1_17' title="bbox 326 1734 2024 1810">
    <p class='ocr_par' dir='ltr' id='par_1_17' title="bbox 326 1734 2024 1810">
     <span class='ocr_line' id='line_1_17' title="bbox 326 1734 2024 1810; baseline -0.003 -17"><span class='ocrx_word' id='word_1_120' title='bbox 326 1743 542 1810; x_wconf 89' lang='lat' dir='ltr'><strong>pterea.</strong></span> <span class='ocrx_word' id='word_1_121' title='bbox 575 1739 641 1792; x_wconf 85' lang='lat' dir='ltr'><strong>Et</strong></span> <span class='ocrx_word' id='word_1_122' title='bbox 670 1738 778 1793; x_wconf 91' lang='lat' dir='ltr'><strong>hoc</strong></span> <span class='ocrx_word' id='word_1_123' title='bbox 807 1737 962 1792; x_wconf 92' lang='lat' dir='ltr'><strong>unde</strong></span> <span class='ocrx_word' id='word_1_124' title='bbox 993 1735 1247 1790; x_wconf 85' lang='lat' dir='ltr'><strong>scimus?</strong></span> <span class='ocrx_word' id='word_1_125' title='bbox 1285 1735 1567 1799; x_wconf 87' lang='lat' dir='ltr'><strong>Quoniam</strong></span> <span class='ocrx_word' id='word_1_126' title='bbox 1615 1734 1736 1806; x_wconf 90' lang='lat' dir='ltr'><strong>ipse</strong></span> <span class='ocrx_word' id='word_1_127' title='bbox 1765 1734 2024 1806; x_wconf 89' lang='lat' dir='ltr'><strong>sequitur</strong></span> 
     </span>
    </p>
   </div>
   <div class='ocr_carea' id='block_1_18' title="bbox 326 1823 2020 1895">
    <p class='ocr_par' dir='ltr' id='par_1_18' title="bbox 326 1823 2020 1895">
     <span class='ocr_line' id='line_1_18' title="bbox 326 1823 2020 1895; baseline -0.003 -14"><span class='ocrx_word' id='word_1_128' title='bbox 326 1828 555 1881; x_wconf 89' lang='lat' dir='ltr'><strong>dicens:</strong></span> <span class='ocrx_word' id='word_1_129' title='bbox 590 1830 707 1883; x_wconf 88' lang='lat' dir='ltr'><strong>Non</strong></span> <span class='ocrx_word' id='word_1_130' title='bbox 733 1829 864 1895; x_wconf 87' lang='lat' dir='ltr'><strong>quia</strong></span> <span class='ocrx_word' id='word_1_131' title='bbox 905 1840 1084 1894; x_wconf 65' lang='lat' dir='ltr'><strong>quaero</strong></span> <span class='ocrx_word' id='word_1_132' title='bbox 1111 1825 1320 1891; x_wconf 88' lang='lat' dir='ltr'><strong>datum,</strong></span> <span class='ocrx_word' id='word_1_133' title='bbox 1355 1823 1448 1878; x_wconf 88' lang='lat' dir='ltr'><strong>sed</strong></span> <span class='ocrx_word' id='word_1_134' title='bbox 1474 1825 1691 1893; x_wconf 82' lang='lat' dir='ltr'><strong>requiro</strong></span> <span class='ocrx_word' id='word_1_135' title='bbox 1730 1826 1971 1890; x_wconf 83' lang='lat' dir='ltr'><strong>fructum</strong></span> <span class='ocrx_word' id='word_1_136' title='bbox 2004 1825 2020 1859; x_wconf 76' lang='grc' dir='ltr'>ί</span> 
     </span>
    </p>
   </div>
   <div class='ocr_carea' id='block_1_19' title="bbox 328 1912 2023 1987">
    <p class='ocr_par' dir='ltr' id='par_1_19' title="bbox 328 1912 2023 1987">
     <span class='ocr_line' id='line_1_19' title="bbox 328 1912 2023 1987; baseline -0.003 -16"><span class='ocrx_word' id='word_1_137' title='bbox 328 1918 510 1984; x_wconf 71' lang='lat' dir='ltr'><strong>(Ibid,</strong></span> <span class='ocrx_word' id='word_1_138' title='bbox 539 1917 644 1987; x_wconf 81' lang='lat' dir='ltr'><strong>l7).</strong></span> <span class='ocrx_word' id='word_1_139' title='bbox 674 1915 855 1970; x_wconf 92' lang='lat' dir='ltr'><strong>Didici</strong></span> <span class='ocrx_word' id='word_1_140' title='bbox 885 1931 914 1968; x_wconf 91' lang='lat' dir='ltr'><strong>a</strong></span> <span class='ocrx_word' id='word_1_141' title='bbox 936 1919 1013 1980; x_wconf 92' lang='lat' dir='ltr'><strong>te,</strong></span> <span class='ocrx_word' id='word_1_142' title='bbox 1048 1916 1194 1968; x_wconf 89' lang='lat' dir='ltr'><strong>Deus</strong></span> <span class='ocrx_word' id='word_1_143' title='bbox 1221 1929 1403 1979; x_wconf 89' lang='lat' dir='ltr'><strong>meus,</strong></span> <span class='ocrx_word' id='word_1_144' title='bbox 1435 1912 1584 1966; x_wconf 90' lang='lat' dir='ltr'><strong>inter</strong></span> <span class='ocrx_word' id='word_1_145' title='bbox 1614 1912 1811 1966; x_wconf 89' lang='lat' dir='ltr'><strong>datum</strong></span> <span class='ocrx_word' id='word_1_146' title='bbox 1834 1917 1889 1966; x_wconf 92' lang='lat' dir='ltr'><strong>et</strong></span> <span class='ocrx_word' id='word_1_147' title='bbox 1908 1913 2023 1966; x_wconf 88' lang='lat' dir='ltr'><strong>fru-</strong></span> 
     </span>
    </p>
   </div>
   <div class='ocr_carea' id='block_1_20' title="bbox 327 1999 2024 2072">
    <p class='ocr_par' dir='ltr' id='par_1_20' title="bbox 327 1999 2024 2072">
     <span class='ocr_line' id='line_1_20' title="bbox 327 1999 2024 2072; baseline -0.002 -14"><span class='ocrx_word' id='word_1_148' title='bbox 327 2011 483 2060; x_wconf 87' lang='lat' dir='ltr'><strong>ctum</strong></span> <span class='ocrx_word' id='word_1_149' title='bbox 514 2005 862 2060; x_wconf 88' lang='lat' dir='ltr'><strong>discernere.</strong></span> <span class='ocrx_word' id='word_1_150' title='bbox 902 2004 1108 2056; x_wconf 84' lang='lat' dir='ltr'><strong>Datum</strong></span> <span class='ocrx_word' id='word_1_151' title='bbox 1139 2004 1223 2054; x_wconf 89' lang='lat' dir='ltr'><strong>est</strong></span> <span class='ocrx_word' id='word_1_152' title='bbox 1274 2017 1365 2055; x_wconf 89' lang='lat' dir='ltr'><strong>res</strong></span> <span class='ocrx_word' id='word_1_153' title='bbox 1395 2001 1518 2072; x_wconf 90' lang='lat' dir='ltr'><strong>ipsa</strong></span> <span class='ocrx_word' id='word_1_154' title='bbox 1555 2017 1727 2072; x_wconf 90' lang='lat' dir='ltr'><strong>quam</strong></span> <span class='ocrx_word' id='word_1_155' title='bbox 1773 2001 1887 2068; x_wconf 88' lang='lat' dir='ltr'><strong>dat,</strong></span> <span class='ocrx_word' id='word_1_156' title='bbox 1925 1999 2024 2072; x_wconf 90' lang='lat' dir='ltr'><strong>qui</strong></span> 
     </span>
    </p>
   </div>
   <div class='ocr_carea' id='block_1_21' title="bbox 330 2089 2023 2164">
    <p class='ocr_par' dir='ltr' id='par_1_21' title="bbox 330 2089 2023 2164">
     <span class='ocr_line' id='line_1_21' title="bbox 330 2089 2023 2164; baseline -0.002 -18"><span class='ocrx_word' id='word_1_157' title='bbox 330 2093 656 2164; x_wconf 89' lang='lat' dir='ltr'><strong>impertitur</strong></span> <span class='ocrx_word' id='word_1_158' title='bbox 680 2093 803 2147; x_wconf 65' lang='lat' dir='ltr'><strong>haec</strong></span> <span class='ocrx_word' id='word_1_159' title='bbox 830 2089 1186 2157; x_wconf 85' lang='lat' dir='ltr'><strong>necessaria;</strong></span> <span class='ocrx_word' id='word_1_160' title='bbox 1207 2089 1384 2144; x_wconf 91' lang='lat' dir='ltr'><strong>veluti</strong></span> <span class='ocrx_word' id='word_1_161' title='bbox 1413 2093 1497 2143; x_wconf 90' lang='lat' dir='ltr'><strong>est</strong></span> <span class='ocrx_word' id='word_1_162' title='bbox 1521 2106 1812 2157; x_wconf 88' lang='lat' dir='ltr'><strong>nummus,</strong></span> <span class='ocrx_word' id='word_1_163' title='bbox 1843 2089 2023 2159; x_wconf 87' lang='lat' dir='ltr'><strong>cibus,</strong></span> 
     </span>
    </p>
   </div>
   <div class='ocr_carea' id='block_1_22' title="bbox 332 2178 2027 2252">
    <p class='ocr_par' dir='ltr' id='par_1_22' title="bbox 332 2178 2027 2252">
     <span class='ocr_line' id='line_1_22' title="bbox 332 2178 2027 2252; baseline -0.002 -16"><span class='ocrx_word' id='word_1_164' title='bbox 332 2187 519 2252; x_wconf 88' lang='lat' dir='ltr'><strong>potus,</strong></span> <span class='ocrx_word' id='word_1_165' title='bbox 551 2180 976 2246; x_wconf 85' lang='lat' dir='ltr'><strong>vestimentum,</strong></span> <span class='ocrx_word' id='word_1_166' title='bbox 1009 2183 1243 2245; x_wconf 91' lang='lat' dir='ltr'><strong>tectum,</strong></span> <span class='ocrx_word' id='word_1_167' title='bbox 1273 2178 1638 2248; x_wconf 88' lang='lat' dir='ltr'><strong>adjutorium.</strong></span> <span class='ocrx_word' id='word_1_168' title='bbox 1672 2180 1905 2232; x_wconf 83' lang='lat' dir='ltr'><strong>Fructus</strong></span> <span class='ocrx_word' id='word_1_169' title='bbox 1931 2195 2027 2232; x_wconf 90' lang='lat' dir='ltr'><strong>au-</strong></span> 
     </span>
    </p>
   </div>
   <div class='ocr_carea' id='block_1_23' title="bbox 331 2266 2026 2337">
    <p class='ocr_par' dir='ltr' id='par_1_23' title="bbox 331 2266 2026 2337">
     <span class='ocr_line' id='line_1_23' title="bbox 331 2266 2026 2337; baseline -0.003 -13"><span class='ocrx_word' id='word_1_170' title='bbox 331 2275 465 2337; x_wconf 85' lang='lat' dir='ltr'><strong>tem,</strong></span> <span class='ocrx_word' id='word_1_171' title='bbox 501 2270 653 2324; x_wconf 90' lang='lat' dir='ltr'><strong>bona</strong></span> <span class='ocrx_word' id='word_1_172' title='bbox 681 2273 738 2323; x_wconf 90' lang='lat' dir='ltr'><strong>et</strong></span> <span class='ocrx_word' id='word_1_173' title='bbox 758 2272 911 2322; x_wconf 89' lang='lat' dir='ltr'><strong>recta</strong></span> <span class='ocrx_word' id='word_1_174' title='bbox 939 2267 1206 2321; x_wconf 87' lang='lat' dir='ltr'><strong>voluntas</strong></span> <span class='ocrx_word' id='word_1_175' title='bbox 1227 2266 1438 2321; x_wconf 90' lang='lat' dir='ltr'><strong>datoris</strong></span> <span class='ocrx_word' id='word_1_176' title='bbox 1470 2271 1578 2320; x_wconf 91' lang='lat' dir='ltr'><strong>est.</strong></span> <span class='ocrx_word' id='word_1_177' title='bbox 1624 2267 1748 2320; x_wconf 79' lang='lat' dir='ltr'><strong>Non</strong></span> <span class='ocrx_word' id='word_1_178' title='bbox 1773 2266 1927 2320; x_wconf 90' lang='lat' dir='ltr'><strong>enim</strong></span> <span class='ocrx_word' id='word_1_179' title='bbox 1949 2267 2026 2320; x_wconf 90' lang='lat' dir='ltr'><strong>ait</strong></span> 
     </span>
    </p>
   </div>
   <div class='ocr_carea' id='block_1_24' title="bbox 333 2357 2022 2429">
    <p class='ocr_par' dir='ltr' id='par_1_24' title="bbox 333 2357 2022 2429">
     <span class='ocr_line' id='line_1_24' title="bbox 333 2357 2022 2429; baseline -0.002 -16"><span class='ocrx_word' id='word_1_180' title='bbox 333 2359 598 2429; x_wconf 75' lang='lat' dir='ltr'><strong>Magister</strong></span> <span class='ocrx_word' id='word_1_181' title='bbox 643 2358 848 2424; x_wconf 88' lang='lat' dir='ltr'><strong>bonus,</strong></span> <span class='ocrx_word' id='word_1_182' title='bbox 899 2357 1009 2422; x_wconf 87' lang='lat' dir='ltr'><strong>Qui</strong></span> <span class='ocrx_word' id='word_1_183' title='bbox 1052 2358 1347 2426; x_wconf 82' lang='lat' dir='ltr'><strong>susceperit</strong></span> <span class='ocrx_word' id='word_1_184' title='bbox 1389 2357 1728 2424; x_wconf 73' lang='lat' dir='ltr'><strong>prophetam,</strong></span> <span class='ocrx_word' id='word_1_185' title='bbox 1761 2359 2022 2421; x_wconf 91' lang='lat' dir='ltr'><strong>tantum;</strong></span> 
     </span>
    </p>
   </div>
   <div class='ocr_carea' id='block_1_25' title="bbox 333 2444 2024 2515">
    <p class='ocr_par' dir='ltr' id='par_1_25' title="bbox 333 2444 2024 2515">
     <span class='ocr_line' id='line_1_25' title="bbox 333 2444 2024 2515; baseline -0.001 -17"><span class='ocrx_word' id='word_1_186' title='bbox 333 2448 425 2501; x_wconf 83' lang='lat' dir='ltr'><strong>sed</strong></span> <span class='ocrx_word' id='word_1_187' title='bbox 459 2446 796 2502; x_wconf 79' lang='lat' dir='ltr'><strong>addiditzin</strong></span> <span class='ocrx_word' id='word_1_188' title='bbox 833 2449 1045 2500; x_wconf 85' lang='lat' dir='ltr'><strong>nomine</strong></span> <span class='ocrx_word' id='word_1_189' title='bbox 1088 2447 1393 2514; x_wconf 60' lang='lat' dir='ltr'><strong>propheta;</strong></span> <span class='ocrx_word' id='word_1_190' title='bbox 1439 2460 1623 2515; x_wconf 88' lang='lat' dir='ltr'><strong>neque</strong></span> <span class='ocrx_word' id='word_1_191' title='bbox 1673 2444 1752 2497; x_wconf 90' lang='lat' dir='ltr'><strong>ait</strong></span> <span class='ocrx_word' id='word_1_192' title='bbox 1780 2448 2024 2509; x_wconf 88' lang='lat' dir='ltr'><strong>tantum,</strong></span> 
     </span>
    </p>
   </div>
   <div class='ocr_carea' id='block_1_26' title="bbox 333 2533 2028 2604">
    <p class='ocr_par' dir='ltr' id='par_1_26' title="bbox 333 2533 2028 2604">
     <span class='ocr_line' id='line_1_26' title="bbox 333 2533 2028 2604; baseline -0.002 -16"><span class='ocrx_word' id='word_1_193' title='bbox 333 2537 438 2601; x_wconf 82' lang='lat' dir='ltr'><strong>Qui</strong></span> <span class='ocrx_word' id='word_1_194' title='bbox 463 2537 754 2604; x_wconf 88' lang='lat' dir='ltr'><strong>susceperit</strong></span> <span class='ocrx_word' id='word_1_195' title='bbox 773 2535 1023 2603; x_wconf 88' lang='lat' dir='ltr'><strong>justum;</strong></span> <span class='ocrx_word' id='word_1_196' title='bbox 1063 2533 1161 2587; x_wconf 90' lang='lat' dir='ltr'><strong>sed</strong></span> <span class='ocrx_word' id='word_1_197' title='bbox 1189 2533 1427 2602; x_wconf 86' lang='lat' dir='ltr'><strong>addidit,</strong></span> <span class='ocrx_word' id='word_1_198' title='bbox 1452 2535 1507 2585; x_wconf 88' lang='lat' dir='ltr'><strong>in</strong></span> <span class='ocrx_word' id='word_1_199' title='bbox 1528 2535 1738 2586; x_wconf 89' lang='lat' dir='ltr'><strong>nomine</strong></span> <span class='ocrx_word' id='word_1_200' title='bbox 1755 2533 1916 2602; x_wconf 86' lang='lat' dir='ltr'><strong>justi.</strong></span> <span class='ocrx_word' id='word_1_201' title='bbox 1949 2535 2028 2586; x_wconf 87' lang='lat' dir='ltr'><strong>Ita</strong></span> 
     </span>
    </p>
   </div>
   <div class='ocr_carea' id='block_1_27' title="bbox 333 2620 2028 2694">
    <p class='ocr_par' dir='ltr' id='par_1_27' title="bbox 333 2620 2028 2694">
     <span class='ocr_line' id='line_1_27' title="bbox 333 2620 2028 2694; baseline -0.001 -20"><span class='ocrx_word' id='word_1_202' title='bbox 333 2625 547 2694; x_wconf 80' lang='lat' dir='ltr'><strong>quippe</strong></span> <span class='ocrx_word' id='word_1_203' title='bbox 577 2623 671 2678; x_wconf 91' lang='lat' dir='ltr'><strong>ille</strong></span> <span class='ocrx_word' id='word_1_204' title='bbox 712 2623 1033 2678; x_wconf 84' lang='lat' dir='ltr'><strong>mercedem</strong></span> <span class='ocrx_word' id='word_1_205' title='bbox 1066 2623 1356 2693; x_wconf 62' lang='lat' dir='ltr'><strong>propheta:</strong></span> <span class='ocrx_word' id='word_1_206' title='bbox 1397 2621 1503 2675; x_wconf 92' lang='lat' dir='ltr'><strong>iste</strong></span> <span class='ocrx_word' id='word_1_207' title='bbox 1543 2621 1861 2674; x_wconf 89' lang='lat' dir='ltr'><strong>mercedem</strong></span> <span class='ocrx_word' id='word_1_208' title='bbox 1887 2620 2028 2690; x_wconf 87' lang='lat' dir='ltr'><strong>justi</strong></span> 
     </span>
    </p>
   </div>
   <div class='ocr_carea' id='block_1_28' title="bbox 330 2710 2026 2782">
    <p class='ocr_par' dir='ltr' id='par_1_28' title="bbox 330 2710 2026 2782">
     <span class='ocr_line' id='line_1_28' title="bbox 330 2710 2026 2782; baseline -0.002 -16"><span class='ocrx_word' id='word_1_209' title='bbox 330 2713 590 2782; x_wconf 81' lang='lat' dir='ltr'><strong>accipiet.</strong></span> <span class='ocrx_word' id='word_1_210' title='bbox 626 2713 736 2766; x_wconf 88' lang='lat' dir='ltr'><strong>Nec</strong></span> <span class='ocrx_word' id='word_1_211' title='bbox 767 2713 952 2766; x_wconf 90' lang='lat' dir='ltr'><strong>solum</strong></span> <span class='ocrx_word' id='word_1_212' title='bbox 983 2711 1088 2765; x_wconf 89' lang='lat' dir='ltr'><strong>ait:</strong></span> <span class='ocrx_word' id='word_1_213' title='bbox 1124 2713 1230 2781; x_wconf 77' lang='lat' dir='ltr'><strong>Qui</strong></span> <span class='ocrx_word' id='word_1_214' title='bbox 1263 2712 1479 2764; x_wconf 89' lang='lat' dir='ltr'><strong>calicem</strong></span> <span class='ocrx_word' id='word_1_215' title='bbox 1508 2726 1663 2778; x_wconf 69' lang='lat' dir='ltr'><strong>aqua:</strong></span> <span class='ocrx_word' id='word_1_216' title='bbox 1687 2710 1909 2776; x_wconf 71' lang='lat' dir='ltr'><strong>fm’gidas</strong></span> <span class='ocrx_word' id='word_1_217' title='bbox 1934 2725 2026 2779; x_wconf 84' lang='lat' dir='ltr'><strong>po-</strong></span> 
     </span>
    </p>
   </div>
   <div class='ocr_carea' id='block_1_29' title="bbox 338 2798 2028 2866">
    <p class='ocr_par' dir='ltr' id='par_1_29' title="bbox 338 2798 2028 2866">
     <span class='ocr_line' id='line_1_29' title="bbox 338 2798 2028 2866; baseline 0 -13"><span class='ocrx_word' id='word_1_218' title='bbox 338 2808 447 2855; x_wconf 85' lang='lat' dir='ltr'><strong>tum</strong></span> <span class='ocrx_word' id='word_1_219' title='bbox 471 2801 679 2855; x_wconf 86' lang='lat' dir='ltr'><strong>dederit</strong></span> <span class='ocrx_word' id='word_1_220' title='bbox 707 2803 806 2854; x_wconf 89' lang='lat' dir='ltr'><strong>uni</strong></span> <span class='ocrx_word' id='word_1_221' title='bbox 833 2817 900 2854; x_wconf 81' lang='lat' dir='ltr'><strong>ea:</strong></span> <span class='ocrx_word' id='word_1_222' title='bbox 937 2802 1179 2854; x_wconf 82' lang='lat' dir='ltr'><strong>minimis</strong></span> <span class='ocrx_word' id='word_1_223' title='bbox 1201 2803 1358 2866; x_wconf 87' lang='lat' dir='ltr'><strong>meis;</strong></span> <span class='ocrx_word' id='word_1_224' title='bbox 1399 2800 1494 2853; x_wconf 91' lang='lat' dir='ltr'><strong>sed</strong></span> <span class='ocrx_word' id='word_1_225' title='bbox 1527 2798 1772 2852; x_wconf 89' lang='lat' dir='ltr'><strong>addidit:</strong></span> <span class='ocrx_word' id='word_1_226' title='bbox 1817 2804 2028 2853; x_wconf 87' lang='lat' dir='ltr'><strong>tantum</strong></span> 
     </span>
    </p>
   </div>
   <div class='ocr_carea' id='block_1_30' title="bbox 338 2887 2023 2959">
    <p class='ocr_par' dir='ltr' id='par_1_30' title="bbox 338 2887 2023 2959">
     <span class='ocr_line' id='line_1_30' title="bbox 338 2887 2023 2959; baseline 0.001 -18"><span class='ocrx_word' id='word_1_227' title='bbox 338 2894 392 2944; x_wconf 81' lang='lat' dir='ltr'><strong>in</strong></span> <span class='ocrx_word' id='word_1_228' title='bbox 418 2892 629 2944; x_wconf 85' lang='lat' dir='ltr'><strong>nomine</strong></span> <span class='ocrx_word' id='word_1_229' title='bbox 658 2890 936 2959; x_wconf 87' lang='lat' dir='ltr'><strong>discipuli.</strong></span> <span class='ocrx_word' id='word_1_230' title='bbox 971 2890 1038 2943; x_wconf 89' lang='lat' dir='ltr'><strong>Et</strong></span> <span class='ocrx_word' id='word_1_231' title='bbox 1076 2889 1154 2942; x_wconf 92' lang='lat' dir='ltr'><strong>sic</strong></span> <span class='ocrx_word' id='word_1_232' title='bbox 1180 2887 1466 2958; x_wconf 84' lang='lat' dir='ltr'><strong>adjunxit:</strong></span> <span class='ocrx_word' id='word_1_233' title='bbox 1512 2889 1687 2942; x_wconf 82' lang='lat' dir='ltr'><strong>Amen</strong></span> <span class='ocrx_word' id='word_1_234' title='bbox 1715 2889 1835 2942; x_wconf 87' lang='lat' dir='ltr'><strong>dico</strong></span> <span class='ocrx_word' id='word_1_235' title='bbox 1853 2888 2023 2955; x_wconf 83' lang='lat' dir='ltr'><strong>vobis,</strong></span> 
     </span>
    </p>
   </div>
   <div class='ocr_carea' id='block_1_31' title="bbox 337 2978 2027 3048">
    <p class='ocr_par' dir='ltr' id='par_1_31' title="bbox 337 2978 2027 3048">
     <span class='ocr_line' id='line_1_31' title="bbox 337 2978 2027 3048; baseline -0.001 -17"><span class='ocrx_word' id='word_1_236' title='bbox 337 2997 437 3033; x_wconf 84' lang='lat' dir='ltr'><strong>non</strong></span> <span class='ocrx_word' id='word_1_237' title='bbox 465 2979 655 3048; x_wconf 85' lang='lat' dir='ltr'><strong>perdet</strong></span> <span class='ocrx_word' id='word_1_238' title='bbox 700 2979 990 3032; x_wconf 87' lang='lat' dir='ltr'><strong>mercedem</strong></span> <span class='ocrx_word' id='word_1_239' title='bbox 1037 2994 1192 3032; x_wconf 89' lang='lat' dir='ltr'><strong>suam</strong></span> <span class='ocrx_word' id='word_1_240' title='bbox 1230 2978 1440 3047; x_wconf 85' lang='lat' dir='ltr'><strong>(Matth.</strong></span> <span class='ocrx_word' id='word_1_241' title='bbox 1478 2993 1532 3039; x_wconf 87' lang='lat' dir='ltr'><strong>x,</strong></span> <span class='ocrx_word' id='word_1_242' title='bbox 1565 2979 1651 3044; x_wconf 79' lang='grc'><strong>41,</strong></span> <span class='ocrx_word' id='word_1_243' title='bbox 1684 2979 1788 3046; x_wconf 69' lang='grc'><strong>42).</strong></span> <span class='ocrx_word' id='word_1_244' title='bbox 1822 2979 2027 3030; x_wconf 88' lang='lat' dir='ltr'><strong>Datum</strong></span> 
     </span>
    </p>
   </div>
   <div class='ocr_carea' id='block_1_32' title="bbox 335 3064 2028 3138">
    <p class='ocr_par' dir='ltr' id='par_1_32' title="bbox 335 3064 2028 3138">
     <span class='ocr_line' id='line_1_32' title="bbox 335 3064 2028 3138; baseline -0.002 -18"><span class='ocrx_word' id='word_1_245' title='bbox 335 3072 437 3132; x_wconf 84' lang='lat' dir='ltr'><strong>est,</strong></span> <span class='ocrx_word' id='word_1_246' title='bbox 471 3066 757 3138; x_wconf 89' lang='lat' dir='ltr'><strong>suscipere</strong></span> <span class='ocrx_word' id='word_1_247' title='bbox 777 3067 1138 3137; x_wconf 88' lang='lat' dir='ltr'><strong>prophetam,</strong></span> <span class='ocrx_word' id='word_1_248' title='bbox 1169 3066 1453 3136; x_wconf 78' lang='lat' dir='ltr'><strong>suscipere</strong></span> <span class='ocrx_word' id='word_1_249' title='bbox 1467 3067 1709 3136; x_wconf 86' lang='lat' dir='ltr'><strong>justum,</strong></span> <span class='ocrx_word' id='word_1_250' title='bbox 1732 3064 2028 3135; x_wconf 88' lang='lat' dir='ltr'><strong>porrigere</strong></span> 
     </span>
    </p>
   </div>
   <div class='ocr_carea' id='block_1_33' title="bbox 334 3153 2028 3226">
    <p class='ocr_par' dir='ltr' id='par_1_33' title="bbox 334 3153 2028 3226">
     <span class='ocr_line' id='line_1_33' title="bbox 334 3153 2028 3226; baseline -0.002 -17"><span class='ocrx_word' id='word_1_251' title='bbox 334 3155 568 3210; x_wconf 86' lang='lat' dir='ltr'><strong>calicem</strong></span> <span class='ocrx_word' id='word_1_252' title='bbox 592 3172 756 3226; x_wconf 58' lang='lat' dir='ltr'><strong>aqua:</strong></span> <span class='ocrx_word' id='word_1_253' title='bbox 779 3155 999 3226; x_wconf 63' lang='lat' dir='ltr'><strong>frigidae</strong></span> <span class='ocrx_word' id='word_1_254' title='bbox 1020 3154 1334 3225; x_wconf 89' lang='lat' dir='ltr'><strong>discipulo;</strong></span> <span class='ocrx_word' id='word_1_255' title='bbox 1359 3156 1576 3208; x_wconf 87' lang='lat' dir='ltr'><strong>fructus</strong></span> <span class='ocrx_word' id='word_1_256' title='bbox 1604 3158 1815 3219; x_wconf 92' lang='lat' dir='ltr'><strong>autem,</strong></span> <span class='ocrx_word' id='word_1_257' title='bbox 1837 3153 1898 3206; x_wconf 91' lang='lat' dir='ltr'><strong>in</strong></span> <span class='ocrx_word' id='word_1_258' title='bbox 1925 3169 2028 3206; x_wconf 85' lang='lat' dir='ltr'><strong>no-</strong></span> 
     </span>
    </p>
   </div>
   <div class='ocr_carea' id='block_1_34' title="bbox 336 3240 2030 3313">
    <p class='ocr_par' dir='ltr' id='par_1_34' title="bbox 336 3240 2030 3313">
     <span class='ocr_line' id='line_1_34' title="bbox 336 3240 2030 3313; baseline -0.002 -16"><span class='ocrx_word' id='word_1_259' title='bbox 336 3243 490 3298; x_wconf 89' lang='lat' dir='ltr'><strong>mine</strong></span> <span class='ocrx_word' id='word_1_260' title='bbox 520 3244 838 3313; x_wconf 65' lang='lat' dir='ltr'><strong>prophetae,</strong></span> <span class='ocrx_word' id='word_1_261' title='bbox 870 3243 930 3297; x_wconf 92' lang='lat' dir='ltr'><strong>in</strong></span> <span class='ocrx_word' id='word_1_262' title='bbox 960 3243 1194 3296; x_wconf 86' lang='lat' dir='ltr'><strong>nomine</strong></span> <span class='ocrx_word' id='word_1_263' title='bbox 1219 3243 1379 3312; x_wconf 86' lang='lat' dir='ltr'><strong>justi,</strong></span> <span class='ocrx_word' id='word_1_264' title='bbox 1413 3243 1473 3296; x_wconf 92' lang='lat' dir='ltr'><strong>in</strong></span> <span class='ocrx_word' id='word_1_265' title='bbox 1501 3243 1734 3296; x_wconf 89' lang='lat' dir='ltr'><strong>nomine</strong></span> <span class='ocrx_word' id='word_1_266' title='bbox 1766 3240 2030 3313; x_wconf 90' lang='lat' dir='ltr'><strong>discipuli</strong></span> 
     </span>
    </p>
   </div>
   <div class='ocr_carea' id='block_1_35' title="bbox 334 3329 2030 3402">
    <p class='ocr_par' dir='ltr' id='par_1_35' title="bbox 334 3329 2030 3402">
     <span class='ocr_line' id='line_1_35' title="bbox 334 3329 2030 3402; baseline -0.002 -16"><span class='ocrx_word' id='word_1_267' title='bbox 334 3333 440 3386; x_wconf 89' lang='lat' dir='ltr'><strong>hoc</strong></span> <span class='ocrx_word' id='word_1_268' title='bbox 465 3332 668 3386; x_wconf 89' lang='lat' dir='ltr'><strong>facere.</strong></span> <span class='ocrx_word' id='word_1_269' title='bbox 704 3333 907 3386; x_wconf 83' lang='lat' dir='ltr'><strong>Fructu</strong></span> <span class='ocrx_word' id='word_1_270' title='bbox 931 3331 1182 3402; x_wconf 90' lang='lat' dir='ltr'><strong>pascitur</strong></span> <span class='ocrx_word' id='word_1_271' title='bbox 1215 3330 1358 3384; x_wconf 89' lang='lat' dir='ltr'><strong>Elias</strong></span> <span class='ocrx_word' id='word_1_272' title='bbox 1382 3347 1414 3384; x_wconf 92' lang='lat' dir='ltr'><strong>a</strong></span> <span class='ocrx_word' id='word_1_273' title='bbox 1440 3329 1611 3385; x_wconf 89' lang='lat' dir='ltr'><strong>vidua</strong></span> <span class='ocrx_word' id='word_1_274' title='bbox 1639 3330 1849 3383; x_wconf 88' lang='lat' dir='ltr'><strong>sciente</strong></span> <span class='ocrx_word' id='word_1_275' title='bbox 1880 3329 2030 3401; x_wconf 90' lang='lat' dir='ltr'><strong>quod</strong></span> 
     </span>
    </p>
   </div>
   <div class='ocr_carea' id='block_1_36' title="bbox 338 3419 2033 3491">
    <p class='ocr_par' dir='ltr' id='par_1_36' title="bbox 338 3419 2033 3491">
     <span class='ocr_line' id='line_1_36' title="bbox 338 3419 2033 3491; baseline -0.002 -16"><span class='ocrx_word' id='word_1_276' title='bbox 338 3420 632 3476; x_wconf 88' lang='lat' dir='ltr'><strong>hominem</strong></span> <span class='ocrx_word' id='word_1_277' title='bbox 669 3419 769 3474; x_wconf 90' lang='lat' dir='ltr'><strong>Dei</strong></span> <span class='ocrx_word' id='word_1_278' title='bbox 792 3424 1069 3491; x_wconf 90' lang='lat' dir='ltr'><strong>pasceret,</strong></span> <span class='ocrx_word' id='word_1_279' title='bbox 1107 3425 1162 3474; x_wconf 91' lang='lat' dir='ltr'><strong>et</strong></span> <span class='ocrx_word' id='word_1_280' title='bbox 1193 3424 1426 3490; x_wconf 90' lang='lat' dir='ltr'><strong>propter</strong></span> <span class='ocrx_word' id='word_1_281' title='bbox 1461 3419 1568 3474; x_wconf 91' lang='lat' dir='ltr'><strong>hoc</strong></span> <span class='ocrx_word' id='word_1_282' title='bbox 1607 3424 1894 3490; x_wconf 89' lang='lat' dir='ltr'><strong>pasceret:</strong></span> <span class='ocrx_word' id='word_1_283' title='bbox 1929 3436 2033 3489; x_wconf 88' lang='lat' dir='ltr'><strong>per</strong></span> 
     </span>
    </p>
   </div>
   <div class='ocr_carea' id='block_1_37' title="bbox 339 3508 2033 3579">
    <p class='ocr_par' dir='ltr' id='par_1_37' title="bbox 339 3508 2033 3579">
     <span class='ocr_line' id='line_1_37' title="bbox 339 3508 2033 3579; baseline -0.001 -16"><span class='ocrx_word' id='word_1_284' title='bbox 339 3525 573 3563; x_wconf 84' lang='lat' dir='ltr'><strong>corvum</strong></span> <span class='ocrx_word' id='word_1_285' title='bbox 605 3513 796 3564; x_wconf 87' lang='lat' dir='ltr'><strong>autem</strong></span> <span class='ocrx_word' id='word_1_286' title='bbox 826 3508 959 3562; x_wconf 90' lang='lat' dir='ltr'><strong>dato</strong></span> <span class='ocrx_word' id='word_1_287' title='bbox 991 3509 1327 3579; x_wconf 90' lang='lat' dir='ltr'><strong>pascebatur</strong></span> <span class='ocrx_word' id='word_1_288' title='bbox 1357 3509 1450 3577; x_wconf 94' lang='grc' dir='ltr'>(ΙΙΙ</span> <span class='ocrx_word' id='word_1_289' title='bbox 1484 3510 1613 3575; x_wconf 81' lang='lat' dir='ltr'><strong>Reg.</strong></span> <span class='ocrx_word' id='word_1_290' title='bbox 1641 3524 1777 3576; x_wconf 76' lang='lat' dir='ltr'><strong>xvu,</strong></span> <span class='ocrx_word' id='word_1_291' title='bbox 1808 3508 1881 3578; x_wconf 86' lang='lat'><strong>6).</strong></span> <span class='ocrx_word' id='word_1_292' title='bbox 1922 3509 2033 3562; x_wconf 86' lang='lat' dir='ltr'><strong>Nec</strong></span> 
     </span>
    </p>
   </div>
   <div class='ocr_carea' id='block_1_38' title="bbox 336 3596 2033 3668">
    <p class='ocr_par' dir='ltr' id='par_1_38' title="bbox 336 3596 2033 3668">
     <span class='ocr_line' id='line_1_38' title="bbox 336 3596 2033 3668; baseline -0.001 -17"><span class='ocrx_word' id='word_1_293' title='bbox 336 3597 574 3652; x_wconf 90' lang='lat' dir='ltr'><strong>interior</strong></span> <span class='ocrx_word' id='word_1_294' title='bbox 623 3596 789 3664; x_wconf 88' lang='lat' dir='ltr'><strong>Elias,</strong></span> <span class='ocrx_word' id='word_1_295' title='bbox 848 3597 945 3651; x_wconf 92' lang='lat' dir='ltr'><strong>sed</strong></span> <span class='ocrx_word' id='word_1_296' title='bbox 993 3596 1246 3651; x_wconf 84' lang='lat' dir='ltr'><strong>exterior</strong></span> <span class='ocrx_word' id='word_1_297' title='bbox 1283 3597 1639 3667; x_wconf 87' lang='lat' dir='ltr'><strong>pascebatur,</strong></span> <span class='ocrx_word' id='word_1_298' title='bbox 1691 3596 1792 3667; x_wconf 87' lang='lat' dir='ltr'><strong>qui</strong></span> <span class='ocrx_word' id='word_1_299' title='bbox 1844 3601 2033 3668; x_wconf 85' lang='lat' dir='ltr'><strong>posset</strong></span> 
     </span>
    </p>
   </div>
   <div class='ocr_carea' id='block_1_39' title="bbox 337 3685 1418 3757">
    <p class='ocr_par' dir='ltr' id='par_1_39' title="bbox 337 3685 1418 3757">
     <span class='ocr_line' id='line_1_39' title="bbox 337 3685 1418 3757; baseline -0.001 -18"><span class='ocrx_word' id='word_1_300' title='bbox 337 3685 511 3740; x_wconf 88' lang='lat' dir='ltr'><strong>etiam</strong></span> <span class='ocrx_word' id='word_1_301' title='bbox 540 3686 668 3742; x_wconf 92' lang='lat' dir='ltr'><strong>talis</strong></span> <span class='ocrx_word' id='word_1_302' title='bbox 697 3686 808 3740; x_wconf 90' lang='lat' dir='ltr'><strong>cibi</strong></span> <span class='ocrx_word' id='word_1_303' title='bbox 839 3690 1088 3757; x_wconf 87' lang='lat' dir='ltr'><strong>egestate</strong></span> <span class='ocrx_word' id='word_1_304' title='bbox 1111 3685 1418 3756; x_wconf 87' lang='lat' dir='ltr'><strong>corrumpi.</strong></span> 
     </span>
    </p>
   </div>
   <div class='ocr_carea' id='block_1_40' title="bbox 951 3828 1409 3884">
    <p class='ocr_par' dir='ltr' id='par_1_40' title="bbox 951 3828 1409 3884">
     <span class='ocr_line' id='line_1_40' title="bbox 951 3828 1409 3884; baseline -0.004 0"><span class='ocrx_word' id='word_1_305' title='bbox 951 3829 1177 3884; x_wconf 87' lang='lat' dir='ltr'><strong>CAPUT</strong></span> <span class='ocrx_word' id='word_1_306' title='bbox 1207 3828 1409 3884; x_wconf 82' lang='lat' dir='ltr'><strong>XXVII.</strong></span> 
     </span>
    </p>
   </div>
   <div class='ocr_carea' id='block_1_41' title="bbox 643 3952 1727 4024">
    <p class='ocr_par' dir='ltr' id='par_1_41' title="bbox 643 3952 1727 4024">
     <span class='ocr_line' id='line_1_41' title="bbox 643 3952 1727 4024; baseline -0.002 -16"><span class='ocrx_word' id='word_1_307' title='bbox 643 3955 785 4020; x_wconf 84' lang='lat' dir='ltr'><strong>Quid</strong></span> <span class='ocrx_word' id='word_1_308' title='bbox 799 3970 899 4024; x_wconf 86' lang='lat' dir='ltr'><strong>per</strong></span> <span class='ocrx_word' id='word_1_309' title='bbox 928 3958 1098 4024; x_wconf 84' lang='lat' dir='ltr'><strong>pisces</strong></span> <span class='ocrx_word' id='word_1_310' title='bbox 1130 3958 1178 4008; x_wconf 91' lang='lat' dir='ltr'><strong>et</strong></span> <span class='ocrx_word' id='word_1_311' title='bbox 1203 3959 1340 4008; x_wconf 81' lang='lat' dir='ltr'><strong>cetos</strong></span> <span class='ocrx_word' id='word_1_312' title='bbox 1369 3952 1727 4023; x_wconf 78' lang='lat' dir='ltr'><strong>signiﬁcetur.</strong></span> 
     </span>
    </p>
   </div>
   <div class='ocr_carea' id='block_1_42' title="bbox 406 4080 2031 4151">
    <p class='ocr_par' dir='ltr' id='par_1_42' title="bbox 406 4080 2031 4151">
     <span class='ocr_line' id='line_1_42' title="bbox 406 4080 2031 4151; baseline -0.002 -16"><span class='ocrx_word' id='word_1_313' title='bbox 406 4081 496 4135; x_wconf 76' lang='grc'><strong>42.</strong></span> <span class='ocrx_word' id='word_1_314' title='bbox 540 4080 793 4151; x_wconf 88' lang='lat' dir='ltr'><strong>Ideoque</strong></span> <span class='ocrx_word' id='word_1_315' title='bbox 825 4080 1011 4135; x_wconf 83' lang='lat' dir='ltr'><strong>dicam</strong></span> <span class='ocrx_word' id='word_1_316' title='bbox 1042 4081 1194 4150; x_wconf 86' lang='lat' dir='ltr'><strong>quod</strong></span> <span class='ocrx_word' id='word_1_317' title='bbox 1223 4096 1418 4134; x_wconf 90' lang='lat' dir='ltr'><strong>verum</strong></span> <span class='ocrx_word' id='word_1_318' title='bbox 1451 4084 1534 4133; x_wconf 91' lang='lat' dir='ltr'><strong>est</strong></span> <span class='ocrx_word' id='word_1_319' title='bbox 1561 4094 1754 4132; x_wconf 89' lang='lat' dir='ltr'><strong>coram</strong></span> <span class='ocrx_word' id='word_1_320' title='bbox 1807 4083 1880 4145; x_wconf 89' lang='lat' dir='ltr'><strong>te,</strong></span> <span class='ocrx_word' id='word_1_321' title='bbox 1923 4081 2031 4133; x_wconf 87' lang='lat' dir='ltr'><strong>Do—</strong></span> 
     </span>
    </p>
   </div>
   <div class='ocr_carea' id='block_1_43' title="bbox 338 4167 2035 4238">
    <p class='ocr_par' dir='ltr' id='par_1_43' title="bbox 338 4167 2035 4238">
     <span class='ocr_line' id='line_1_43' title="bbox 338 4167 2035 4238; baseline -0.002 -14"><span class='ocrx_word' id='word_1_322' title='bbox 338 4169 516 4236; x_wconf 88' lang='lat' dir='ltr'><strong>mine,</strong></span> <span class='ocrx_word' id='word_1_323' title='bbox 567 4184 698 4223; x_wconf 91' lang='lat' dir='ltr'><strong>cum</strong></span> <span class='ocrx_word' id='word_1_324' title='bbox 739 4168 1001 4223; x_wconf 85' lang='lat' dir='ltr'><strong>homines</strong></span> <span class='ocrx_word' id='word_1_325' title='bbox 1050 4169 1241 4222; x_wconf 59' lang='lat' dir='ltr'><strong>idiotas</strong></span> <span class='ocrx_word' id='word_1_326' title='bbox 1291 4173 1463 4238; x_wconf 90' lang='lat' dir='ltr'><strong>atque</strong></span> <span class='ocrx_word' id='word_1_327' title='bbox 1502 4167 1777 4232; x_wconf 87' lang='lat' dir='ltr'><strong>inﬁdeles,</strong></span> <span class='ocrx_word' id='word_1_328' title='bbox 1829 4168 2035 4238; x_wconf 90' lang='lat' dir='ltr'><strong>quibus</strong></span> 
     </span>
    </p>
   </div>
   <div class='ocr_carea' id='block_1_44' title="bbox 339 4255 2036 4327">
    <p class='ocr_par' dir='ltr' id='par_1_44' title="bbox 339 4255 2036 4327">
     <span class='ocr_line' id='line_1_44' title="bbox 339 4255 2036 4327; baseline -0.002 -15"><span class='ocrx_word' id='word_1_329' title='bbox 339 4257 636 4312; x_wconf 87' lang='lat' dir='ltr'><strong>initiandis</strong></span> <span class='ocrx_word' id='word_1_330' title='bbox 667 4261 836 4327; x_wconf 89' lang='lat' dir='ltr'><strong>atque</strong></span> <span class='ocrx_word' id='word_1_331' title='bbox 867 4257 1154 4310; x_wconf 89' lang='lat' dir='ltr'><strong>lucrandis</strong></span> <span class='ocrx_word' id='word_1_332' title='bbox 1183 4255 1501 4310; x_wconf 89' lang='lat' dir='ltr'><strong>necessaria</strong></span> <span class='ocrx_word' id='word_1_333' title='bbox 1523 4262 1656 4310; x_wconf 91' lang='lat' dir='ltr'><strong>sunt</strong></span> <span class='ocrx_word' id='word_1_334' title='bbox 1685 4259 2036 4310; x_wconf 86' lang='lat' dir='ltr'><strong>sacramenta</strong></span> 
     </span>
    </p>
   </div>
   <div class='ocr_carea' id='block_1_45' title="bbox 341 4343 2037 4415">
    <p class='ocr_par' dir='ltr' id='par_1_45' title="bbox 341 4343 2037 4415">
     <span class='ocr_line' id='line_1_45' title="bbox 341 4343 2037 4415; baseline -0.002 -15"><span class='ocrx_word' id='word_1_335' title='bbox 341 4346 660 4411; x_wconf 90' lang='lat' dir='ltr'><strong>initiorum,</strong></span> <span class='ocrx_word' id='word_1_336' title='bbox 693 4349 750 4397; x_wconf 91' lang='lat' dir='ltr'><strong>et</strong></span> <span class='ocrx_word' id='word_1_337' title='bbox 778 4345 1065 4415; x_wconf 88' lang='lat' dir='ltr'><strong>magnalia</strong></span> <span class='ocrx_word' id='word_1_338' title='bbox 1091 4344 1520 4409; x_wconf 83' lang='lat' dir='ltr'><strong>miraculorum,</strong></span> <span class='ocrx_word' id='word_1_339' title='bbox 1544 4360 1672 4415; x_wconf 66' lang='lat' dir='ltr'><strong>quae</strong></span> <span class='ocrx_word' id='word_1_340' title='bbox 1702 4343 1935 4397; x_wconf 85' lang='lat' dir='ltr'><strong>nomine</strong></span> <span class='ocrx_word' id='word_1_341' title='bbox 1953 4344 2037 4414; x_wconf 86' lang='lat' dir='ltr'><strong>pi-</strong></span> 
     </span>
    </p>
   </div>
   <div class='ocr_carea' id='block_1_46' title="bbox 341 4431 2036 4503">
    <p class='ocr_par' dir='ltr' id='par_1_46' title="bbox 341 4431 2036 4503">
     <span class='ocr_line' id='line_1_46' title="bbox 341 4431 2036 4503; baseline -0.001 -15"><span class='ocrx_word' id='word_1_342' title='bbox 341 4434 522 4488; x_wconf 90' lang='lat' dir='ltr'><strong>scium</strong></span> <span class='ocrx_word' id='word_1_343' title='bbox 549 4438 604 4491; x_wconf 90' lang='lat' dir='ltr'><strong>et</strong></span> <span class='ocrx_word' id='word_1_344' title='bbox 629 4437 887 4486; x_wconf 89' lang='lat' dir='ltr'><strong>cetorum</strong></span> <span class='ocrx_word' id='word_1_345' title='bbox 911 4431 1223 4503; x_wconf 79' lang='lat' dir='ltr'><strong>signiﬁcari</strong></span> <span class='ocrx_word' id='word_1_346' title='bbox 1251 4432 1555 4500; x_wconf 89' lang='lat' dir='ltr'><strong>credimus,</strong></span> <span class='ocrx_word' id='word_1_347' title='bbox 1585 4431 1900 4501; x_wconf 91' lang='lat' dir='ltr'><strong>suscipiunt</strong></span> <span class='ocrx_word' id='word_1_348' title='bbox 1920 4449 2036 4486; x_wconf 92' lang='lat' dir='ltr'><strong>cor-</strong></span> 
     </span>
    </p>
   </div>
   <div class='ocr_carea' id='block_1_47' title="bbox 340 4520 2038 4596">
    <p class='ocr_par' dir='ltr' id='par_1_47' title="bbox 340 4520 2038 4596">
     <span class='ocr_line' id='line_1_47' title="bbox 340 4520 2038 4596; baseline -0.002 -18"><span class='ocrx_word' id='word_1_349' title='bbox 340 4523 615 4596; x_wconf 88' lang='lat' dir='ltr'><strong>poraliter</strong></span> <span class='ocrx_word' id='word_1_350' title='bbox 636 4521 996 4584; x_wconf 83' lang='lat' dir='ltr'><strong>reﬁciendos,</strong></span> <span class='ocrx_word' id='word_1_351' title='bbox 1031 4521 1207 4574; x_wconf 89' lang='lat' dir='ltr'><strong>autin</strong></span> <span class='ocrx_word' id='word_1_352' title='bbox 1229 4520 1419 4592; x_wconf 91' lang='lat' dir='ltr'><strong>aliquo</strong></span> <span class='ocrx_word' id='word_1_353' title='bbox 1446 4520 1741 4592; x_wconf 69' lang='lat' dir='ltr'><strong>praesentis</strong></span> <span class='ocrx_word' id='word_1_354' title='bbox 1770 4521 1899 4574; x_wconf 75' lang='lat' dir='ltr'><strong>vitae</strong></span> <span class='ocrx_word' id='word_1_355' title='bbox 1931 4538 2038 4576; x_wconf 92' lang='lat' dir='ltr'><strong>usu</strong></span> 
     </span>
    </p>
   </div>
   <div class='ocr_carea' id='block_1_48' title="bbox 342 4609 2034 4680">
    <p class='ocr_par' dir='ltr' id='par_1_48' title="bbox 342 4609 2034 4680">
     <span class='ocr_line' id='line_1_48' title="bbox 342 4609 2034 4680; baseline -0.002 -14"><span class='ocrx_word' id='word_1_356' title='bbox 342 4611 695 4680; x_wconf 85' lang='lat' dir='ltr'><strong>adjuvandos</strong></span> <span class='ocrx_word' id='word_1_357' title='bbox 726 4627 935 4680; x_wconf 89' lang='lat' dir='ltr'><strong>pueros</strong></span> <span class='ocrx_word' id='word_1_358' title='bbox 974 4615 1123 4678; x_wconf 92' lang='lat' dir='ltr'><strong>tuos,</strong></span> <span class='ocrx_word' id='word_1_359' title='bbox 1150 4626 1279 4662; x_wconf 92' lang='lat' dir='ltr'><strong>cum</strong></span> <span class='ocrx_word' id='word_1_360' title='bbox 1305 4609 1362 4663; x_wconf 89' lang='lat' dir='ltr'><strong>id</strong></span> <span class='ocrx_word' id='word_1_361' title='bbox 1391 4625 1566 4680; x_wconf 88' lang='lat' dir='ltr'><strong>quare</strong></span> <span class='ocrx_word' id='word_1_362' title='bbox 1596 4609 1916 4664; x_wconf 90' lang='lat' dir='ltr'><strong>faciendum</strong></span> <span class='ocrx_word' id='word_1_363' title='bbox 1943 4611 2034 4678; x_wconf 91' lang='lat' dir='ltr'><strong>sit,</strong></span> 
     </span>
    </p>
   </div>
   <div class='ocr_carea' id='block_1_49' title="bbox 344 4698 2038 4771">
    <p class='ocr_par' dir='ltr' id='par_1_49' title="bbox 344 4698 2038 4771">
     <span class='ocr_line' id='line_1_49' title="bbox 344 4698 2038 4771; baseline -0.002 -15"><span class='ocrx_word' id='word_1_364' title='bbox 344 4704 401 4756; x_wconf 87' lang='lat' dir='ltr'><strong>et</strong></span> <span class='ocrx_word' id='word_1_365' title='bbox 429 4717 542 4771; x_wconf 89' lang='lat' dir='ltr'><strong>quo</strong></span> <span class='ocrx_word' id='word_1_366' title='bbox 592 4699 875 4770; x_wconf 88' lang='lat' dir='ltr'><strong>pertineat</strong></span> <span class='ocrx_word' id='word_1_367' title='bbox 902 4699 1187 4770; x_wconf 86' lang='lat' dir='ltr'><strong>ignorent,</strong></span> <span class='ocrx_word' id='word_1_368' title='bbox 1223 4715 1327 4753; x_wconf 87' lang='lat' dir='ltr'><strong>nec</strong></span> <span class='ocrx_word' id='word_1_369' title='bbox 1371 4699 1454 4752; x_wconf 91' lang='lat' dir='ltr'><strong>illi</strong></span> <span class='ocrx_word' id='word_1_370' title='bbox 1483 4698 1616 4752; x_wconf 92' lang='lat' dir='ltr'><strong>istos</strong></span> <span class='ocrx_word' id='word_1_371' title='bbox 1646 4706 1903 4769; x_wconf 77' lang='lat' dir='ltr'><strong>pascunt,</strong></span> <span class='ocrx_word' id='word_1_372' title='bbox 1936 4716 2038 4753; x_wconf 91' lang='lat' dir='ltr'><strong>nec</strong></span> 
     </span>
    </p>
   </div>
   <div class='ocr_carea' id='block_1_50' title="bbox 340 4788 2038 4860">
    <p class='ocr_par' dir='ltr' id='par_1_50' title="bbox 340 4788 2038 4860">
     <span class='ocr_line' id='line_1_50' title="bbox 340 4788 2038 4860; baseline -0.002 -14"><span class='ocrx_word' id='word_1_373' title='bbox 340 4791 430 4847; x_wconf 89' lang='lat' dir='ltr'><strong>isti</strong></span> <span class='ocrx_word' id='word_1_374' title='bbox 462 4791 531 4845; x_wconf 90' lang='lat' dir='ltr'><strong>ab</strong></span> <span class='ocrx_word' id='word_1_375' title='bbox 557 4789 670 4844; x_wconf 89' lang='lat' dir='ltr'><strong>illis</strong></span> <span class='ocrx_word' id='word_1_376' title='bbox 697 4793 1038 4860; x_wconf 88' lang='lat' dir='ltr'><strong>pascuntur:</strong></span> <span class='ocrx_word' id='word_1_377' title='bbox 1069 4788 1202 4859; x_wconf 87' lang='lat' dir='ltr'><strong>quia</strong></span> <span class='ocrx_word' id='word_1_378' title='bbox 1235 4805 1338 4842; x_wconf 90' lang='lat' dir='ltr'><strong>nec</strong></span> <span class='ocrx_word' id='word_1_379' title='bbox 1370 4788 1451 4842; x_wconf 89' lang='lat' dir='ltr'><strong>illi</strong></span> <span class='ocrx_word' id='word_1_380' title='bbox 1483 4789 1604 4842; x_wconf 66' lang='lat' dir='ltr'><strong>haec</strong></span> <span class='ocrx_word' id='word_1_381' title='bbox 1635 4794 1825 4842; x_wconf 90' lang='lat' dir='ltr'><strong>sancta</strong></span> <span class='ocrx_word' id='word_1_382' title='bbox 1861 4794 1917 4842; x_wconf 92' lang='lat' dir='ltr'><strong>et</strong></span> <span class='ocrx_word' id='word_1_383' title='bbox 1947 4805 2038 4843; x_wconf 87' lang='lat' dir='ltr'><strong>re-</strong></span> 
     </span>
    </p>
   </div>
   <div class='ocr_carea' id='block_1_51' title="bbox 339 4875 2037 4947">
    <p class='ocr_par' dir='ltr' id='par_1_51' title="bbox 339 4875 2037 4947">
     <span class='ocr_line' id='line_1_51' title="bbox 339 4875 2037 4947; baseline 0.003 -19"><span class='ocrx_word' id='word_1_384' title='bbox 339 4879 429 4930; x_wconf 90' lang='lat' dir='ltr'><strong>cta</strong></span> <span class='ocrx_word' id='word_1_385' title='bbox 458 4875 750 4930; x_wconf 83' lang='lat' dir='ltr'><strong>voluntate</strong></span> <span class='ocrx_word' id='word_1_386' title='bbox 797 4881 1141 4947; x_wconf 88' lang='lat' dir='ltr'><strong>operantur;</strong></span> <span class='ocrx_word' id='word_1_387' title='bbox 1177 4892 1282 4932; x_wconf 89' lang='lat' dir='ltr'><strong>nec</strong></span> <span class='ocrx_word' id='word_1_388' title='bbox 1339 4877 1433 4930; x_wconf 90' lang='lat' dir='ltr'><strong>isti</strong></span> <span class='ocrx_word' id='word_1_389' title='bbox 1476 4893 1677 4936; x_wconf 87' lang='lat' dir='ltr'><strong>eorum</strong></span> <span class='ocrx_word' id='word_1_390' title='bbox 1725 4877 1890 4947; x_wconf 90' lang='lat' dir='ltr'><strong>datis,</strong></span> <span class='ocrx_word' id='word_1_391' title='bbox 1937 4879 2037 4933; x_wconf 89' lang='lat' dir='ltr'><strong>ubi</strong></span> 
     </span>
    </p>
   </div>
   <div class='ocr_carea' id='block_1_52' title="bbox 342 4964 2035 5037">
    <p class='ocr_par' dir='ltr' id='par_1_52' title="bbox 342 4964 2035 5037">
     <span class='ocr_line' id='line_1_52' title="bbox 342 4964 2035 5037; baseline 0.001 -18"><span class='ocrx_word' id='word_1_392' title='bbox 342 4964 592 5019; x_wconf 86' lang='lat' dir='ltr'><strong>fructum</strong></span> <span class='ocrx_word' id='word_1_393' title='bbox 619 4964 878 5018; x_wconf 91' lang='lat' dir='ltr'><strong>nondum</strong></span> <span class='ocrx_word' id='word_1_394' title='bbox 918 4965 1130 5032; x_wconf 88' lang='lat' dir='ltr'><strong>vident,</strong></span> <span class='ocrx_word' id='word_1_395' title='bbox 1163 4967 1454 5020; x_wconf 74' lang='lat' dir='ltr'><strong>laetantur.</strong></span> <span class='ocrx_word' id='word_1_396' title='bbox 1488 4966 1623 5020; x_wconf 90' lang='lat' dir='ltr'><strong>Inde</strong></span> <span class='ocrx_word' id='word_1_397' title='bbox 1655 4966 1867 5037; x_wconf 90' lang='lat' dir='ltr'><strong>quippe</strong></span> <span class='ocrx_word' id='word_1_398' title='bbox 1911 4967 2035 5021; x_wconf 90' lang='lat' dir='ltr'><strong>ani-</strong></span> 
     </span>
    </p>
   </div>
   <div class='ocr_carea' id='block_1_53' title="bbox 344 5053 2036 5126">
    <p class='ocr_par' dir='ltr' id='par_1_53' title="bbox 344 5053 2036 5126">
     <span class='ocr_line' id='line_1_53' title="bbox 344 5053 2036 5126; baseline 0.001 -18"><span class='ocrx_word' id='word_1_399' title='bbox 344 5071 474 5108; x_wconf 90' lang='lat' dir='ltr'><strong>mus</strong></span> <span class='ocrx_word' id='word_1_400' title='bbox 493 5053 766 5124; x_wconf 89' lang='lat' dir='ltr'><strong>pascitur,</strong></span> <span class='ocrx_word' id='word_1_401' title='bbox 802 5053 955 5108; x_wconf 90' lang='lat' dir='ltr'><strong>unde</strong></span> <span class='ocrx_word' id='word_1_402' title='bbox 985 5055 1227 5109; x_wconf 67' lang='lat' dir='ltr'><strong>laztatur.</strong></span> <span class='ocrx_word' id='word_1_403' title='bbox 1264 5057 1327 5110; x_wconf 88' lang='lat' dir='ltr'><strong>Et</strong></span> <span class='ocrx_word' id='word_1_404' title='bbox 1356 5055 1482 5110; x_wconf 92' lang='lat' dir='ltr'><strong>ideo</strong></span> <span class='ocrx_word' id='word_1_405' title='bbox 1505 5056 1684 5126; x_wconf 89' lang='lat' dir='ltr'><strong>pisces</strong></span> <span class='ocrx_word' id='word_1_406' title='bbox 1706 5061 1761 5108; x_wconf 90' lang='lat' dir='ltr'><strong>et</strong></span> <span class='ocrx_word' id='word_1_407' title='bbox 1785 5055 1895 5110; x_wconf 90' lang='lat' dir='ltr'><strong>ceti</strong></span> <span class='ocrx_word' id='word_1_408' title='bbox 1919 5071 2036 5109; x_wconf 93' lang='lat' dir='ltr'><strong>non</strong></span> 
     </span>
    </p>
   </div>
   <div class='ocr_carea' id='block_1_54' title="bbox 345 5142 2034 5214">
    <p class='ocr_par' dir='ltr' id='par_1_54' title="bbox 345 5142 2034 5214">
     <span class='ocr_line' id='line_1_54' title="bbox 345 5142 2034 5214; baseline 0 -16"><span class='ocrx_word' id='word_1_409' title='bbox 345 5150 651 5198; x_wconf 88' lang='lat' dir='ltr'><strong>vescuntur</strong></span> <span class='ocrx_word' id='word_1_410' title='bbox 672 5142 836 5210; x_wconf 89' lang='lat' dir='ltr'><strong>escis,</strong></span> <span class='ocrx_word' id='word_1_411' title='bbox 868 5159 1009 5214; x_wconf 91' lang='lat' dir='ltr'><strong>quas</strong></span> <span class='ocrx_word' id='word_1_412' title='bbox 1038 5159 1151 5197; x_wconf 89' lang='lat' dir='ltr'><strong>non</strong></span> <span class='ocrx_word' id='word_1_413' title='bbox 1182 5144 1464 5214; x_wconf 88' lang='lat' dir='ltr'><strong>germinat</strong></span> <span class='ocrx_word' id='word_1_414' title='bbox 1493 5144 1603 5198; x_wconf 88' lang='lat' dir='ltr'><strong>nisi</strong></span> <span class='ocrx_word' id='word_1_415' title='bbox 1635 5145 1755 5214; x_wconf 89' lang='lat' dir='ltr'><strong>jam</strong></span> <span class='ocrx_word' id='word_1_416' title='bbox 1785 5149 1936 5198; x_wconf 88' lang='lat' dir='ltr'><strong>terra</strong></span> <span class='ocrx_word' id='word_1_417' title='bbox 1965 5145 2034 5198; x_wconf 90' lang='lat' dir='ltr'><strong>ab</strong></span> 
     </span>
    </p>
   </div>
   <div class='ocr_carea' id='block_1_55' title="bbox 342 5230 2034 5303">
    <p class='ocr_par' dir='ltr' id='par_1_55' title="bbox 342 5230 2034 5303">
     <span class='ocr_line' id='line_1_55' title="bbox 342 5230 2034 5303; baseline 0.001 -18"><span class='ocrx_word' id='word_1_418' title='bbox 342 5232 725 5288; x_wconf 86' lang='lat' dir='ltr'><strong>amaritudine</strong></span> <span class='ocrx_word' id='word_1_419' title='bbox 762 5230 1116 5287; x_wconf 88' lang='lat' dir='ltr'><strong>marinorum</strong></span> <span class='ocrx_word' id='word_1_420' title='bbox 1146 5232 1426 5287; x_wconf 79' lang='lat' dir='ltr'><strong>fluctuum</strong></span> <span class='ocrx_word' id='word_1_421' title='bbox 1447 5231 1713 5287; x_wconf 89' lang='lat' dir='ltr'><strong>distincta</strong></span> <span class='ocrx_word' id='word_1_422' title='bbox 1751 5235 1920 5303; x_wconf 89' lang='lat' dir='ltr'><strong>atque</strong></span> <span class='ocrx_word' id='word_1_423' title='bbox 1949 5232 2034 5286; x_wconf 91' lang='lat' dir='ltr'><strong>di-</strong></span> 
     </span>
    </p>
   </div>
   <div class='ocr_carea' id='block_1_56' title="bbox 343 5326 539 5376">
    <p class='ocr_par' dir='ltr' id='par_1_56' title="bbox 343 5326 539 5376">
     <span class='ocr_line' id='line_1_56' title="bbox 343 5326 539 5376; baseline 0.01 -2"><span class='ocrx_word' id='word_1_424' title='bbox 343 5326 539 5376; x_wconf 85' lang='lat' dir='ltr'><strong>screta.</strong></span> 
     </span>
    </p>
   </div>
   <div class='ocr_carea' id='block_1_57' title="bbox 411 5514 2033 5576">
    <p class='ocr_par' dir='ltr' id='par_1_57' title="bbox 411 5514 2033 5576">
     <span class='ocr_line' id='line_1_57' title="bbox 411 5514 2033 5576; baseline -0.002 -7"><span class='ocrx_word' id='word_1_425' title='bbox 411 5525 422 5554; x_wconf 80' lang='grc' dir='ltr'><strong>ι</strong></span> <span class='ocrx_word' id='word_1_426' title='bbox 446 5521 566 5569; x_wconf 83' lang='lat' dir='ltr'><strong>Bad.</strong></span> <span class='ocrx_word' id='word_1_427' title='bbox 591 5521 703 5569; x_wconf 84' lang='lat' dir='ltr'><strong>Am.</strong></span> <span class='ocrx_word' id='word_1_428' title='bbox 721 5522 802 5569; x_wconf 89' lang='lat' dir='ltr'><strong>Er.</strong></span> <span class='ocrx_word' id='word_1_429' title='bbox 822 5525 874 5569; x_wconf 88' lang='lat' dir='ltr'><strong>et</strong></span> <span class='ocrx_word' id='word_1_430' title='bbox 896 5522 1017 5569; x_wconf 88' lang='lat' dir='ltr'><strong>Lov.</strong></span> <span class='ocrx_word' id='word_1_431' title='bbox 1041 5517 1642 5576; x_wconf 83' lang='lat' dir='ltr'><strong>adduntabundantem;</strong></span> <span class='ocrx_word' id='word_1_432' title='bbox 1667 5515 1756 5564; x_wconf 88' lang='lat' dir='ltr'><strong>sed</strong></span> <span class='ocrx_word' id='word_1_433' title='bbox 1781 5514 1878 5564; x_wconf 85' lang='lat' dir='ltr'><strong>hac</strong></span> <span class='ocrx_word' id='word_1_434' title='bbox 1906 5529 2033 5566; x_wconf 83' lang='lat' dir='ltr'><strong>voce</strong></span> 
     </span>
    </p>
   </div>
   <div class='ocr_carea' id='block_1_58' title="bbox 347 5583 920 5632">
    <p class='ocr_par' dir='ltr' id='par_1_58' title="bbox 347 5583 920 5632">
     <span class='ocr_line' id='line_1_58' title="bbox 347 5583 920 5632; baseline 0 -1"><span class='ocrx_word' id='word_1_435' title='bbox 347 5586 527 5631; x_wconf 86' lang='lat' dir='ltr'><strong>carent</strong></span> <span class='ocrx_word' id='word_1_436' title='bbox 559 5583 679 5631; x_wconf 85' lang='lat' dir='ltr'><strong>Mss.</strong></span> <span class='ocrx_word' id='word_1_437' title='bbox 716 5588 767 5632; x_wconf 93' lang='lat' dir='ltr'><strong>et</strong></span> <span class='ocrx_word' id='word_1_438' title='bbox 794 5583 920 5632; x_wconf 81' lang='lat' dir='ltr'><strong>Arn.</strong></span> 
     </span>
    </p>
   </div>
   <div class='ocr_carea' id='block_1_59' title="bbox 1528 290 2625 350">
    <p class='ocr_par' dir='ltr' id='par_1_59' title="bbox 1528 290 2625 350">
     <span class='ocr_line' id='line_1_59' title="bbox 1528 290 2625 350; baseline 0.002 -4"><span class='ocrx_word' id='word_1_439' title='bbox 1528 292 1661 347; x_wconf 67' lang='grc' dir='ltr'><strong>Ι]οΝ</strong></span> <span class='ocrx_word' id='word_1_440' title='bbox 1672 290 2065 348; x_wconf 78' lang='lat' dir='ltr'><strong>FESSIONUM</strong></span> <span class='ocrx_word' id='word_1_441' title='bbox 2117 292 2173 348; x_wconf 92' lang='lat' dir='ltr'><strong>S.</strong></span> <span class='ocrx_word' id='word_1_442' title='bbox 2216 291 2625 350; x_wconf 76' lang='lat' dir='ltr'><strong>AUGUSTINI.</strong></span> 
     </span>
    </p>
   </div>
   <div class='ocr_carea' id='block_1_60' title="bbox 3717 292 3822 345">
    <p class='ocr_par' dir='ltr' id='par_1_60' title="bbox 3717 292 3822 345">
     <span class='ocr_line' id='line_1_60' title="bbox 3717 292 3822 345; baseline 0.019 -2"><span class='ocrx_word' id='word_1_443' title='bbox 3717 292 3822 345; x_wconf 73' lang='grc'>864</span> 
     </span>
    </p>
   </div>
   <div class='ocr_carea' id='block_1_61' title="bbox 2729 412 3215 466">
    <p class='ocr_par' dir='ltr' id='par_1_61' title="bbox 2729 412 3215 466">
     <span class='ocr_line' id='line_1_61' title="bbox 2729 412 3215 466; baseline -0.004 0"><span class='ocrx_word' id='word_1_444' title='bbox 2729 413 2952 466; x_wconf 74' lang='lat' dir='ltr'><strong>CAPUT</strong></span> <span class='ocrx_word' id='word_1_445' title='bbox 2991 412 3215 466; x_wconf 79' lang='lat' dir='ltr'><strong>XXVIII.</strong></span> 
     </span>
    </p>
   </div>
   <div class='ocr_carea' id='block_1_62' title="bbox 2130 499 3819 572">
    <p class='ocr_par' dir='ltr' id='par_1_62' title="bbox 2130 499 3819 572">
     <span class='ocr_line' id='line_1_62' title="bbox 2130 499 3819 572; baseline -0.002 -18"><span class='ocrx_word' id='word_1_446' title='bbox 2130 502 2195 556; x_wconf 88' lang='lat' dir='ltr'><strong>Et</strong></span> <span class='ocrx_word' id='word_1_447' title='bbox 2214 501 2350 556; x_wconf 83' lang='lat' dir='ltr'><strong>vidit</strong></span> <span class='ocrx_word' id='word_1_448' title='bbox 2373 503 2519 556; x_wconf 90' lang='lat' dir='ltr'><strong>Deus</strong></span> <span class='ocrx_word' id='word_1_449' title='bbox 2541 499 2731 555; x_wconf 88' lang='lat' dir='ltr'><strong>omnia</strong></span> <span class='ocrx_word' id='word_1_450' title='bbox 2753 517 2880 572; x_wconf 84' lang='lat' dir='ltr'><strong>quae</strong></span> <span class='ocrx_word' id='word_1_451' title='bbox 2903 501 3054 566; x_wconf 88' lang='lat' dir='ltr'><strong>fecit,</strong></span> <span class='ocrx_word' id='word_1_452' title='bbox 3080 504 3137 554; x_wconf 89' lang='lat' dir='ltr'><strong>et</strong></span> <span class='ocrx_word' id='word_1_453' title='bbox 3159 515 3284 554; x_wconf 89' lang='lat' dir='ltr'><strong>ecce</strong></span> <span class='ocrx_word' id='word_1_454' title='bbox 3307 499 3455 554; x_wconf 92' lang='lat' dir='ltr'><strong>bona</strong></span> <span class='ocrx_word' id='word_1_455' title='bbox 3484 499 3665 567; x_wconf 89' lang='lat' dir='ltr'><strong>valde,</strong></span> <span class='ocrx_word' id='word_1_456' title='bbox 3686 505 3782 552; x_wconf 86' lang='lat' dir='ltr'><strong>etc.</strong></span> <span class='ocrx_word' id='word_1_457' title='bbox 3805 541 3819 564; x_wconf 88' lang='lat'><strong>,</strong></span> 
     </span>
    </p>
   </div>
   <div class='ocr_carea' id='block_1_63' title="bbox 2808 593 3137 655">
    <p class='ocr_par' dir='ltr' id='par_1_63' title="bbox 2808 593 3137 655">
     <span class='ocr_line' id='line_1_63' title="bbox 2808 593 3137 655; baseline -0.012 -9"><span class='ocrx_word' id='word_1_458' title='bbox 2808 593 2933 647; x_wconf 87' lang='lat' dir='ltr'><strong>Gen.</strong></span> <span class='ocrx_word' id='word_1_459' title='bbox 2969 594 3016 655; x_wconf 87' lang='grc' dir='ltr'>Ι,</span> <span class='ocrx_word' id='word_1_460' title='bbox 3051 593 3137 644; x_wconf 82' lang='grc'><strong>31.</strong></span> 
     </span>
    </p>
   </div>
   <div class='ocr_carea' id='block_1_64' title="bbox 2167 676 3824 749">
    <p class='ocr_par' dir='ltr' id='par_1_64' title="bbox 2167 676 3824 749">
     <span class='ocr_line' id='line_1_64' title="bbox 2167 676 3824 749; baseline -0.002 -16"><span class='ocrx_word' id='word_1_461' title='bbox 2167 689 2169 691; x_wconf 81' lang='lat'>‘</span> <span class='ocrx_word' id='word_1_462' title='bbox 2197 680 2292 735; x_wconf 77' lang='grc'><strong>43.</strong></span> <span class='ocrx_word' id='word_1_463' title='bbox 2332 680 2397 734; x_wconf 89' lang='lat' dir='ltr'><strong>Et</strong></span> <span class='ocrx_word' id='word_1_464' title='bbox 2421 678 2631 745; x_wconf 81' lang='lat' dir='ltr'><strong>vidisti,</strong></span> <span class='ocrx_word' id='word_1_465' title='bbox 2670 679 2836 744; x_wconf 90' lang='lat' dir='ltr'><strong>Deus,</strong></span> <span class='ocrx_word' id='word_1_466' title='bbox 2870 678 3063 732; x_wconf 91' lang='lat' dir='ltr'><strong>omnia</strong></span> <span class='ocrx_word' id='word_1_467' title='bbox 3081 694 3209 749; x_wconf 72' lang='lat' dir='ltr'><strong>qua:</strong></span> <span class='ocrx_word' id='word_1_468' title='bbox 3240 676 3440 739; x_wconf 85' lang='lat' dir='ltr'><strong>fecisti,</strong></span> <span class='ocrx_word' id='word_1_469' title='bbox 3472 682 3522 730; x_wconf 91' lang='lat' dir='ltr'><strong>et</strong></span> <span class='ocrx_word' id='word_1_470' title='bbox 3551 692 3663 730; x_wconf 90' lang='lat' dir='ltr'><strong>ecce</strong></span> <span class='ocrx_word' id='word_1_471' title='bbox 3685 677 3824 730; x_wconf 90' lang='lat' dir='ltr'><strong>bona</strong></span> 
     </span>
    </p>
   </div>
   <div class='ocr_carea' id='block_1_65' title="bbox 2128 765 3824 839">
    <p class='ocr_par' dir='ltr' id='par_1_65' title="bbox 2128 765 3824 839">
     <span class='ocr_line' id='line_1_65' title="bbox 2128 765 3824 839; baseline -0.001 -19"><span class='ocrx_word' id='word_1_472' title='bbox 2128 769 2321 834; x_wconf 86' lang='lat' dir='ltr'><strong>valde;</strong></span> <span class='ocrx_word' id='word_1_473' title='bbox 2364 767 2497 839; x_wconf 91' lang='lat' dir='ltr'><strong>quia</strong></span> <span class='ocrx_word' id='word_1_474' title='bbox 2535 773 2592 822; x_wconf 89' lang='lat' dir='ltr'><strong>et</strong></span> <span class='ocrx_word' id='word_1_475' title='bbox 2620 783 2724 821; x_wconf 90' lang='lat' dir='ltr'><strong>nos</strong></span> <span class='ocrx_word' id='word_1_476' title='bbox 2752 767 2998 821; x_wconf 86' lang='lat' dir='ltr'><strong>vidimus</strong></span> <span class='ocrx_word' id='word_1_477' title='bbox 3019 769 3037 804; x_wconf 77' lang='grc' dir='ltr'>ί</span> <span class='ocrx_word' id='word_1_478' title='bbox 3069 783 3152 831; x_wconf 89' lang='lat' dir='ltr'><strong>ea,</strong></span> <span class='ocrx_word' id='word_1_479' title='bbox 3193 771 3249 820; x_wconf 90' lang='lat' dir='ltr'><strong>et</strong></span> <span class='ocrx_word' id='word_1_480' title='bbox 3277 781 3401 819; x_wconf 93' lang='lat' dir='ltr'><strong>ecce</strong></span> <span class='ocrx_word' id='word_1_481' title='bbox 3445 765 3640 819; x_wconf 90' lang='lat' dir='ltr'><strong>omnia</strong></span> <span class='ocrx_word' id='word_1_482' title='bbox 3670 766 3824 819; x_wconf 88' lang='lat' dir='ltr'><strong>bona</strong></span> 
     </span>
    </p>
   </div>
   <div class='ocr_carea' id='block_1_66' title="bbox 2129 855 3821 926">
    <p class='ocr_par' dir='ltr' id='par_1_66' title="bbox 2129 855 3821 926">
     <span class='ocr_line' id='line_1_66' title="bbox 2129 855 3821 926; baseline -0.001 -18"><span class='ocrx_word' id='word_1_483' title='bbox 2129 856 2311 910; x_wconf 83' lang='lat' dir='ltr'><strong>valde.</strong></span> <span class='ocrx_word' id='word_1_484' title='bbox 2361 857 2423 910; x_wconf 92' lang='lat' dir='ltr'><strong>In</strong></span> <span class='ocrx_word' id='word_1_485' title='bbox 2469 855 2705 926; x_wconf 88' lang='lat' dir='ltr'><strong>singulis</strong></span> <span class='ocrx_word' id='word_1_486' title='bbox 2748 855 3055 926; x_wconf 87' lang='lat' dir='ltr'><strong>generibus</strong></span> <span class='ocrx_word' id='word_1_487' title='bbox 3100 870 3338 925; x_wconf 86' lang='lat' dir='ltr'><strong>Operum</strong></span> <span class='ocrx_word' id='word_1_488' title='bbox 3386 859 3638 919; x_wconf 91' lang='lat' dir='ltr'><strong>tuorum,</strong></span> <span class='ocrx_word' id='word_1_489' title='bbox 3691 869 3821 906; x_wconf 91' lang='lat' dir='ltr'><strong>cum</strong></span> 
     </span>
    </p>
   </div>
   <div class='ocr_carea' id='block_1_67' title="bbox 2131 942 3820 1014">
    <p class='ocr_par' dir='ltr' id='par_1_67' title="bbox 2131 942 3820 1014">
     <span class='ocr_line' id='line_1_67' title="bbox 2131 942 3820 1014; baseline -0.001 -16"><span class='ocrx_word' id='word_1_490' title='bbox 2131 944 2363 998; x_wconf 79' lang='lat' dir='ltr'><strong>dixisses</strong></span> <span class='ocrx_word' id='word_1_491' title='bbox 2401 949 2464 999; x_wconf 90' lang='lat' dir='ltr'><strong>ut</strong></span> <span class='ocrx_word' id='word_1_492' title='bbox 2495 945 2699 999; x_wconf 83' lang='lat' dir='ltr'><strong>tierent</strong></span> <span class='ocrx_word' id='word_1_493' title='bbox 2734 950 2790 998; x_wconf 89' lang='lat' dir='ltr'><strong>et</strong></span> <span class='ocrx_word' id='word_1_494' title='bbox 2827 945 2973 998; x_wconf 86' lang='lat' dir='ltr'><strong>facta</strong></span> <span class='ocrx_word' id='word_1_495' title='bbox 3010 947 3214 1009; x_wconf 89' lang='lat' dir='ltr'><strong>essent,</strong></span> <span class='ocrx_word' id='word_1_496' title='bbox 3253 943 3395 997; x_wconf 92' lang='lat' dir='ltr'><strong>illud</strong></span> <span class='ocrx_word' id='word_1_497' title='bbox 3437 948 3609 1014; x_wconf 88' lang='lat' dir='ltr'><strong>atque</strong></span> <span class='ocrx_word' id='word_1_498' title='bbox 3638 942 3820 996; x_wconf 81' lang='lat' dir='ltr'><strong>illud&#39;</strong></span> 
     </span>
    </p>
   </div>
   <div class='ocr_carea' id='block_1_68' title="bbox 2129 1029 3823 1104">
    <p class='ocr_par' dir='ltr' id='par_1_68' title="bbox 2129 1029 3823 1104">
     <span class='ocr_line' id='line_1_68' title="bbox 2129 1029 3823 1104; baseline -0.001 -20"><span class='ocrx_word' id='word_1_499' title='bbox 2129 1031 2315 1087; x_wconf 86' lang='lat' dir='ltr'><strong>vidisti</strong></span> <span class='ocrx_word' id='word_1_500' title='bbox 2357 1032 2492 1104; x_wconf 89' lang='lat' dir='ltr'><strong>quia</strong></span> <span class='ocrx_word' id='word_1_501' title='bbox 2535 1033 2753 1087; x_wconf 88' lang='lat' dir='ltr'><strong>bonum</strong></span> <span class='ocrx_word' id='word_1_502' title='bbox 2795 1036 2894 1086; x_wconf 88' lang='lat' dir='ltr'><strong>est.</strong></span> <span class='ocrx_word' id='word_1_503' title='bbox 2946 1030 3164 1102; x_wconf 87' lang='lat' dir='ltr'><strong>Septies</strong></span> <span class='ocrx_word' id='word_1_504' title='bbox 3211 1029 3507 1084; x_wconf 90' lang='lat' dir='ltr'><strong>numeravi</strong></span> <span class='ocrx_word' id='word_1_505' title='bbox 3550 1030 3823 1100; x_wconf 90' lang='lat' dir='ltr'><strong>scriptum</strong></span> 
     </span>
    </p>
   </div>
   <div class='ocr_carea' id='block_1_69' title="bbox 2131 1117 3825 1192">
    <p class='ocr_par' dir='ltr' id='par_1_69' title="bbox 2131 1117 3825 1192">
     <span class='ocr_line' id='line_1_69' title="bbox 2131 1117 3825 1192; baseline -0.002 -19"><span class='ocrx_word' id='word_1_506' title='bbox 2131 1137 2248 1174; x_wconf 90' lang='lat' dir='ltr'><strong>esse</strong></span> <span class='ocrx_word' id='word_1_507' title='bbox 2294 1123 2348 1175; x_wconf 90' lang='lat' dir='ltr'><strong>te</strong></span> <span class='ocrx_word' id='word_1_508' title='bbox 2378 1120 2581 1175; x_wconf 88' lang='lat' dir='ltr'><strong>vidisse</strong></span> <span class='ocrx_word' id='word_1_509' title='bbox 2619 1121 2753 1192; x_wconf 90' lang='lat' dir='ltr'><strong>quia</strong></span> <span class='ocrx_word' id='word_1_510' title='bbox 2802 1121 3017 1174; x_wconf 88' lang='lat' dir='ltr'><strong>bonum</strong></span> <span class='ocrx_word' id='word_1_511' title='bbox 3067 1123 3150 1173; x_wconf 91' lang='lat' dir='ltr'><strong>est</strong></span> <span class='ocrx_word' id='word_1_512' title='bbox 3194 1119 3347 1190; x_wconf 90' lang='lat' dir='ltr'><strong>quod</strong></span> <span class='ocrx_word' id='word_1_513' title='bbox 3390 1117 3691 1173; x_wconf 75' lang='lat' dir='ltr'><strong>fecistizet</strong></span> <span class='ocrx_word' id='word_1_514' title='bbox 3717 1119 3825 1172; x_wconf 84' lang='lat' dir='ltr'><strong>hoc</strong></span> 
     </span>
    </p>
   </div>
   <div class='ocr_carea' id='block_1_70' title="bbox 2132 1207 3827 1281">
    <p class='ocr_par' dir='ltr' id='par_1_70' title="bbox 2132 1207 3827 1281">
     <span class='ocr_line' id='line_1_70' title="bbox 2132 1207 3827 1281; baseline -0.001 -19"><span class='ocrx_word' id='word_1_515' title='bbox 2132 1214 2392 1264; x_wconf 89' lang='lat' dir='ltr'><strong>octavum</strong></span> <span class='ocrx_word' id='word_1_516' title='bbox 2441 1214 2543 1275; x_wconf 88' lang='lat' dir='ltr'><strong>est,</strong></span> <span class='ocrx_word' id='word_1_517' title='bbox 2589 1209 2722 1281; x_wconf 90' lang='lat' dir='ltr'><strong>quia</strong></span> <span class='ocrx_word' id='word_1_518' title='bbox 2771 1208 2959 1263; x_wconf 90' lang='lat' dir='ltr'><strong>vidisti</strong></span> <span class='ocrx_word' id='word_1_519' title='bbox 3001 1208 3194 1262; x_wconf 91' lang='lat' dir='ltr'><strong>omnia</strong></span> <span class='ocrx_word' id='word_1_520' title='bbox 3239 1224 3367 1279; x_wconf 65' lang='lat' dir='ltr'><strong>quae</strong></span> <span class='ocrx_word' id='word_1_521' title='bbox 3397 1207 3604 1273; x_wconf 90' lang='lat' dir='ltr'><strong>fecisti;</strong></span> <span class='ocrx_word' id='word_1_522' title='bbox 3637 1213 3685 1261; x_wconf 89' lang='lat' dir='ltr'><strong>et</strong></span> <span class='ocrx_word' id='word_1_523' title='bbox 3716 1224 3827 1261; x_wconf 83' lang='lat' dir='ltr'><strong>ecce</strong></span> 
     </span>
    </p>
   </div>
   <div class='ocr_carea' id='block_1_71' title="bbox 2134 1295 3823 1366">
    <p class='ocr_par' dir='ltr' id='par_1_71' title="bbox 2134 1295 3823 1366">
     <span class='ocr_line' id='line_1_71' title="bbox 2134 1295 3823 1366; baseline -0.002 -14"><span class='ocrx_word' id='word_1_524' title='bbox 2134 1315 2248 1352; x_wconf 90' lang='lat' dir='ltr'><strong>non</strong></span> <span class='ocrx_word' id='word_1_525' title='bbox 2278 1300 2462 1352; x_wconf 92' lang='lat' dir='ltr'><strong>solum</strong></span> <span class='ocrx_word' id='word_1_526' title='bbox 2489 1299 2656 1364; x_wconf 91' lang='lat' dir='ltr'><strong>bona,</strong></span> <span class='ocrx_word' id='word_1_527' title='bbox 2689 1297 2784 1352; x_wconf 84' lang='lat' dir='ltr'><strong>sed</strong></span> <span class='ocrx_word' id='word_1_528' title='bbox 2808 1297 2978 1351; x_wconf 90' lang='lat' dir='ltr'><strong>etiam</strong></span> <span class='ocrx_word' id='word_1_529' title='bbox 3009 1298 3165 1351; x_wconf 88' lang='lat' dir='ltr'><strong>valde</strong></span> <span class='ocrx_word' id='word_1_530' title='bbox 3195 1298 3330 1351; x_wconf 84' lang='lat' dir='ltr'><strong>bona</strong></span> <span class='ocrx_word' id='word_1_531' title='bbox 3357 1301 3631 1366; x_wconf 89' lang='lat' dir='ltr'><strong>tanquam</strong></span> <span class='ocrx_word' id='word_1_532' title='bbox 3654 1295 3823 1349; x_wconf 90' lang='lat' dir='ltr'><strong>simul</strong></span> 
     </span>
    </p>
   </div>
   <div class='ocr_carea' id='block_1_72' title="bbox 2133 1385 3824 1458">
    <p class='ocr_par' dir='ltr' id='par_1_72' title="bbox 2133 1385 3824 1458">
     <span class='ocr_line' id='line_1_72' title="bbox 2133 1385 3824 1458; baseline -0.002 -18"><span class='ocrx_word' id='word_1_533' title='bbox 2133 1387 2345 1442; x_wconf 89' lang='lat' dir='ltr'><strong>omnia.</strong></span> <span class='ocrx_word' id='word_1_534' title='bbox 2379 1388 2520 1441; x_wconf 91' lang='lat' dir='ltr'><strong>Nam</strong></span> <span class='ocrx_word' id='word_1_535' title='bbox 2546 1387 2771 1458; x_wconf 90' lang='lat' dir='ltr'><strong>singula</strong></span> <span class='ocrx_word' id='word_1_536' title='bbox 2789 1390 3014 1440; x_wconf 89' lang='lat' dir='ltr'><strong>tantum</strong></span> <span class='ocrx_word' id='word_1_537' title='bbox 3041 1387 3192 1441; x_wconf 90' lang='lat' dir='ltr'><strong>bona</strong></span> <span class='ocrx_word' id='word_1_538' title='bbox 3217 1390 3408 1451; x_wconf 90' lang='lat' dir='ltr'><strong>erant;</strong></span> <span class='ocrx_word' id='word_1_539' title='bbox 3439 1385 3607 1439; x_wconf 90' lang='lat' dir='ltr'><strong>simul</strong></span> <span class='ocrx_word' id='word_1_540' title='bbox 3636 1391 3824 1438; x_wconf 89' lang='lat' dir='ltr'><strong>autem</strong></span> 
     </span>
    </p>
   </div>
   <div class='ocr_carea' id='block_1_73' title="bbox 2132 1473 3827 1544">
    <p class='ocr_par' dir='ltr' id='par_1_73' title="bbox 2132 1473 3827 1544">
     <span class='ocr_line' id='line_1_73' title="bbox 2132 1473 3827 1544; baseline -0.002 -16"><span class='ocrx_word' id='word_1_541' title='bbox 2132 1475 2326 1529; x_wconf 92' lang='lat' dir='ltr'><strong>omnia</strong></span> <span class='ocrx_word' id='word_1_542' title='bbox 2356 1480 2410 1530; x_wconf 90' lang='lat' dir='ltr'><strong>et</strong></span> <span class='ocrx_word' id='word_1_543' title='bbox 2446 1476 2614 1541; x_wconf 88' lang='lat' dir='ltr'><strong>bona,</strong></span> <span class='ocrx_word' id='word_1_544' title='bbox 2654 1481 2711 1529; x_wconf 93' lang='lat' dir='ltr'><strong>et</strong></span> <span class='ocrx_word' id='word_1_545' title='bbox 2741 1476 2924 1530; x_wconf 89' lang='lat' dir='ltr'><strong>valde.</strong></span> <span class='ocrx_word' id='word_1_546' title='bbox 2965 1477 3080 1529; x_wconf 83' lang='lat' dir='ltr'><strong>Hoc</strong></span> <span class='ocrx_word' id='word_1_547' title='bbox 3109 1473 3346 1529; x_wconf 55' lang='lat' dir='ltr'><strong>dicunt“</strong></span> <span class='ocrx_word' id='word_1_548' title='bbox 3379 1473 3548 1527; x_wconf 89' lang='lat' dir='ltr'><strong>etiam</strong></span> <span class='ocrx_word' id='word_1_549' title='bbox 3584 1489 3827 1544; x_wconf 66' lang='lat' dir='ltr'><strong>quaeque</strong></span> 
     </span>
    </p>
   </div>
   <div class='ocr_carea' id='block_1_74' title="bbox 2133 1563 3827 1635">
    <p class='ocr_par' dir='ltr' id='par_1_74' title="bbox 2133 1563 3827 1635">
     <span class='ocr_line' id='line_1_74' title="bbox 2133 1563 3827 1635; baseline -0.001 -20"><span class='ocrx_word' id='word_1_550' title='bbox 2133 1565 2369 1634; x_wconf 86' lang='lat' dir='ltr'><strong>pulchra</strong></span> <span class='ocrx_word' id='word_1_551' title='bbox 2398 1581 2671 1635; x_wconf 89' lang='lat' dir='ltr'><strong>corpora;</strong></span> <span class='ocrx_word' id='word_1_552' title='bbox 2706 1563 2842 1634; x_wconf 91' lang='lat' dir='ltr'><strong>quia</strong></span> <span class='ocrx_word' id='word_1_553' title='bbox 2872 1565 3035 1634; x_wconf 90' lang='lat' dir='ltr'><strong>longe</strong></span> <span class='ocrx_word' id='word_1_554' title='bbox 3065 1564 3246 1617; x_wconf 92' lang='lat' dir='ltr'><strong>multo</strong></span> <span class='ocrx_word' id='word_1_555' title='bbox 3277 1563 3570 1634; x_wconf 88' lang='lat' dir='ltr'><strong>pulchrius</strong></span> <span class='ocrx_word' id='word_1_556' title='bbox 3595 1566 3680 1616; x_wconf 89' lang='lat' dir='ltr'><strong>est</strong></span> <span class='ocrx_word' id='word_1_557' title='bbox 3707 1578 3827 1615; x_wconf 92' lang='lat' dir='ltr'><strong>cor-</strong></span> 
     </span>
    </p>
   </div>
   <div class='ocr_carea' id='block_1_75' title="bbox 2132 1651 3828 1723">
    <p class='ocr_par' dir='ltr' id='par_1_75' title="bbox 2132 1651 3828 1723">
     <span class='ocr_line' id='line_1_75' title="bbox 2132 1651 3828 1723; baseline -0.001 -18"><span class='ocrx_word' id='word_1_558' title='bbox 2132 1669 2239 1722; x_wconf 90' lang='lat' dir='ltr'><strong>pus</strong></span> <span class='ocrx_word' id='word_1_559' title='bbox 2269 1654 2419 1723; x_wconf 92' lang='lat' dir='ltr'><strong>quod</strong></span> <span class='ocrx_word' id='word_1_560' title='bbox 2441 1669 2504 1706; x_wconf 79' lang='lat' dir='ltr'><strong>ex</strong></span> <span class='ocrx_word' id='word_1_561' title='bbox 2531 1653 2802 1707; x_wconf 90' lang='lat' dir='ltr'><strong>membris</strong></span> <span class='ocrx_word' id='word_1_562' title='bbox 2819 1651 3072 1723; x_wconf 90' lang='lat' dir='ltr'><strong>pulchris</strong></span> <span class='ocrx_word' id='word_1_563' title='bbox 3094 1651 3361 1706; x_wconf 88' lang='lat' dir='ltr'><strong>omnibus</strong></span> <span class='ocrx_word' id='word_1_564' title='bbox 3386 1655 3624 1721; x_wconf 87' lang='lat' dir='ltr'><strong>constat,</strong></span> <span class='ocrx_word' id='word_1_565' title='bbox 3653 1667 3828 1722; x_wconf 89' lang='lat' dir='ltr'><strong>quam</strong></span> 
     </span>
    </p>
   </div>
   <div class='ocr_carea' id='block_1_76' title="bbox 2130 1739 3829 1813">
    <p class='ocr_par' dir='ltr' id='par_1_76' title="bbox 2130 1739 3829 1813">
     <span class='ocr_line' id='line_1_76' title="bbox 2130 1739 3829 1813; baseline -0.001 -18"><span class='ocrx_word' id='word_1_566' title='bbox 2130 1742 2256 1812; x_wconf 90' lang='lat' dir='ltr'><strong>ipsa</strong></span> <span class='ocrx_word' id='word_1_567' title='bbox 2287 1743 2541 1795; x_wconf 87' lang='lat' dir='ltr'><strong>membra</strong></span> <span class='ocrx_word' id='word_1_568' title='bbox 2569 1741 2794 1812; x_wconf 91' lang='lat' dir='ltr'><strong>singula</strong></span> <span class='ocrx_word' id='word_1_569' title='bbox 2824 1758 3071 1813; x_wconf 88' lang='lat' dir='ltr'><strong>quorum</strong></span> <span class='ocrx_word' id='word_1_570' title='bbox 3095 1739 3515 1794; x_wconf 80' lang='lat' dir='ltr'><strong>ordinatissime</strong></span> <span class='ocrx_word' id='word_1_571' title='bbox 3544 1743 3829 1794; x_wconf 90' lang='lat' dir='ltr'><strong>conventu</strong></span> 
     </span>
    </p>
   </div>
   <div class='ocr_carea' id='block_1_77' title="bbox 2133 1829 3828 1902">
    <p class='ocr_par' dir='ltr' id='par_1_77' title="bbox 2133 1829 3828 1902">
     <span class='ocr_line' id='line_1_77' title="bbox 2133 1829 3828 1902; baseline -0.002 -17"><span class='ocrx_word' id='word_1_572' title='bbox 2133 1831 2795 1900; x_wconf 87' lang='lat' dir='ltr'><strong>completuruniversum</strong></span> <span class='ocrx_word' id='word_1_573' title='bbox 2813 1847 2825 1897; x_wconf 96' lang='lat'><strong>;</strong></span> <span class='ocrx_word' id='word_1_574' title='bbox 2843 1829 3102 1902; x_wconf 88' lang='lat' dir='ltr'><strong>quamvis</strong></span> <span class='ocrx_word' id='word_1_575' title='bbox 3115 1836 3170 1884; x_wconf 91' lang='lat' dir='ltr'><strong>et</strong></span> <span class='ocrx_word' id='word_1_576' title='bbox 3185 1829 3282 1884; x_wconf 93' lang='lat' dir='ltr'><strong>illa</strong></span> <span class='ocrx_word' id='word_1_577' title='bbox 3302 1829 3473 1884; x_wconf 88' lang='lat' dir='ltr'><strong>etiam</strong></span> <span class='ocrx_word' id='word_1_578' title='bbox 3495 1829 3828 1900; x_wconf 83' lang='lat' dir='ltr'><strong>singillatim</strong></span> 
     </span>
    </p>
   </div>
   <div class='ocr_carea' id='block_1_78' title="bbox 2130 1919 2531 1990">
    <p class='ocr_par' dir='ltr' id='par_1_78' title="bbox 2130 1919 2531 1990">
     <span class='ocr_line' id='line_1_78' title="bbox 2130 1919 2531 1990; baseline 0.007 -19"><span class='ocrx_word' id='word_1_579' title='bbox 2130 1919 2365 1990; x_wconf 88' lang='lat' dir='ltr'><strong>pulchra</strong></span> <span class='ocrx_word' id='word_1_580' title='bbox 2393 1919 2531 1974; x_wconf 90' lang='lat' dir='ltr'><strong>sint.</strong></span> 
     </span>
    </p>
   </div>
   <div class='ocr_carea' id='block_1_79' title="bbox 2765 2008 3200 2063">
    <p class='ocr_par' dir='ltr' id='par_1_79' title="bbox 2765 2008 3200 2063">
     <span class='ocr_line' id='line_1_79' title="bbox 2765 2008 3200 2063; baseline -0.005 0"><span class='ocrx_word' id='word_1_581' title='bbox 2765 2008 2988 2063; x_wconf 81' lang='lat' dir='ltr'><strong>CAPUT</strong></span> <span class='ocrx_word' id='word_1_582' title='bbox 3026 2009 3200 2062; x_wconf 83' lang='lat' dir='ltr'><strong>XXIX.</strong></span> 
     </span>
    </p>
   </div>
   <div class='ocr_carea' id='block_1_80' title="bbox 2135 2093 3832 2167">
    <p class='ocr_par' dir='ltr' id='par_1_80' title="bbox 2135 2093 3832 2167">
     <span class='ocr_line' id='line_1_80' title="bbox 2135 2093 3832 2167; baseline -0.002 -16"><span class='ocrx_word' id='word_1_583' title='bbox 2135 2097 2405 2167; x_wconf 81' lang='lat' dir='ltr'><strong>Quomodo</strong></span> <span class='ocrx_word' id='word_1_584' title='bbox 2438 2097 2848 2164; x_wconf 82' lang='lat' dir='ltr'><strong>intelligendum</strong></span> <span class='ocrx_word' id='word_1_585' title='bbox 2878 2097 3021 2165; x_wconf 85' lang='lat' dir='ltr'><strong>quod</strong></span> <span class='ocrx_word' id='word_1_586' title='bbox 3051 2099 3185 2150; x_wconf 88' lang='lat' dir='ltr'><strong>Deus</strong></span> <span class='ocrx_word' id='word_1_587' title='bbox 3210 2097 3369 2149; x_wconf 89' lang='lat' dir='ltr'><strong>octies</strong></span> <span class='ocrx_word' id='word_1_588' title='bbox 3393 2094 3532 2149; x_wconf 84' lang='lat' dir='ltr'><strong>vidit</strong></span> <span class='ocrx_word' id='word_1_589' title='bbox 3561 2093 3698 2148; x_wconf 85' lang='lat' dir='ltr'><strong>bona</strong></span> <span class='ocrx_word' id='word_1_590' title='bbox 3722 2110 3832 2148; x_wconf 86' lang='lat' dir='ltr'><strong>esse</strong></span> 
     </span>
    </p>
   </div>
   <div class='ocr_carea' id='block_1_81' title="bbox 2825 2200 3136 2254">
    <p class='ocr_par' dir='ltr' id='par_1_81' title="bbox 2825 2200 3136 2254">
     <span class='ocr_line' id='line_1_81' title="bbox 2825 2200 3136 2254; baseline -0.006 -15"><span class='ocrx_word' id='word_1_591' title='bbox 2825 2201 2987 2254; x_wconf 85' lang='lat' dir='ltr'><strong>opera</strong></span> <span class='ocrx_word' id='word_1_592' title='bbox 3018 2200 3136 2240; x_wconf 90' lang='lat' dir='ltr'><strong>sua.</strong></span> 
     </span>
    </p>
   </div>
   <div class='ocr_carea' id='block_1_82' title="bbox 2207 2271 3832 2343">
    <p class='ocr_par' dir='ltr' id='par_1_82' title="bbox 2207 2271 3832 2343">
     <span class='ocr_line' id='line_1_82' title="bbox 2207 2271 3832 2343; baseline -0.004 -15"><span class='ocrx_word' id='word_1_593' title='bbox 2207 2276 2293 2328; x_wconf 69' lang='grc'><strong>44.</strong></span> <span class='ocrx_word' id='word_1_594' title='bbox 2331 2275 2397 2328; x_wconf 91' lang='lat' dir='ltr'><strong>Et</strong></span> <span class='ocrx_word' id='word_1_595' title='bbox 2427 2273 2642 2328; x_wconf 86' lang='lat' dir='ltr'><strong>attendi</strong></span> <span class='ocrx_word' id='word_1_596' title='bbox 2658 2277 2722 2328; x_wconf 90' lang='lat' dir='ltr'><strong>ut</strong></span> <span class='ocrx_word' id='word_1_597' title='bbox 2743 2273 3081 2339; x_wconf 88' lang='lat' dir='ltr'><strong>invenirem,</strong></span> <span class='ocrx_word' id='word_1_598' title='bbox 3103 2277 3295 2327; x_wconf 91' lang='lat' dir='ltr'><strong>utrum</strong></span> <span class='ocrx_word' id='word_1_599' title='bbox 3315 2271 3520 2343; x_wconf 88' lang='lat' dir='ltr'><strong>septies</strong></span> <span class='ocrx_word' id='word_1_600' title='bbox 3539 2272 3630 2326; x_wconf 90' lang='lat' dir='ltr'><strong>vel</strong></span> <span class='ocrx_word' id='word_1_601' title='bbox 3656 2271 3832 2324; x_wconf 82' lang='lat' dir='ltr'><strong>octies</strong></span> 
     </span>
    </p>
   </div>
   <div class='ocr_carea' id='block_1_83' title="bbox 2135 2358 3829 2434">
    <p class='ocr_par' dir='ltr' id='par_1_83' title="bbox 2135 2358 3829 2434">
     <span class='ocr_line' id='line_1_83' title="bbox 2135 2358 3829 2434; baseline -0.003 -18"><span class='ocrx_word' id='word_1_602' title='bbox 2135 2361 2343 2416; x_wconf 85' lang='lat' dir='ltr'><strong>videris</strong></span> <span class='ocrx_word' id='word_1_603' title='bbox 2367 2362 2502 2434; x_wconf 91' lang='lat' dir='ltr'><strong>quia</strong></span> <span class='ocrx_word' id='word_1_604' title='bbox 2521 2363 2672 2416; x_wconf 90' lang='lat' dir='ltr'><strong>bona</strong></span> <span class='ocrx_word' id='word_1_605' title='bbox 2693 2366 2824 2415; x_wconf 89' lang='lat' dir='ltr'><strong>sunt</strong></span> <span class='ocrx_word' id='word_1_606' title='bbox 2847 2378 3018 2433; x_wconf 89' lang='lat' dir='ltr'><strong>opera</strong></span> <span class='ocrx_word' id='word_1_607' title='bbox 3044 2369 3163 2430; x_wconf 90' lang='lat' dir='ltr'><strong>tua,</strong></span> <span class='ocrx_word' id='word_1_608' title='bbox 3184 2377 3314 2414; x_wconf 92' lang='lat' dir='ltr'><strong>cum</strong></span> <span class='ocrx_word' id='word_1_609' title='bbox 3335 2358 3441 2414; x_wconf 87' lang='lat' dir='ltr'><strong>tibi</strong></span> <span class='ocrx_word' id='word_1_610' title='bbox 3465 2361 3829 2430; x_wconf 88' lang='lat' dir='ltr'><strong>placuerunt:</strong></span> 
     </span>
    </p>
   </div>
   <div class='ocr_carea' id='block_1_84' title="bbox 2137 2446 3831 2519">
    <p class='ocr_par' dir='ltr' id='par_1_84' title="bbox 2137 2446 3831 2519">
     <span class='ocr_line' id='line_1_84' title="bbox 2137 2446 3831 2519; baseline -0.002 -15"><span class='ocrx_word' id='word_1_611' title='bbox 2137 2455 2194 2504; x_wconf 88' lang='lat' dir='ltr'><strong>et</strong></span> <span class='ocrx_word' id='word_1_612' title='bbox 2223 2451 2282 2503; x_wconf 91' lang='lat' dir='ltr'><strong>in</strong></span> <span class='ocrx_word' id='word_1_613' title='bbox 2312 2455 2408 2504; x_wconf 88' lang='lat' dir='ltr'><strong>tua</strong></span> <span class='ocrx_word' id='word_1_614' title='bbox 2429 2450 2643 2504; x_wconf 87' lang='lat' dir='ltr'><strong>visione</strong></span> <span class='ocrx_word' id='word_1_615' title='bbox 2666 2466 2780 2503; x_wconf 91' lang='lat' dir='ltr'><strong>non</strong></span> <span class='ocrx_word' id='word_1_616' title='bbox 2813 2449 3005 2503; x_wconf 91' lang='lat' dir='ltr'><strong>inveni</strong></span> <span class='ocrx_word' id='word_1_617' title='bbox 3028 2454 3307 2519; x_wconf 87' lang='lat' dir='ltr'><strong>tempora,</strong></span> <span class='ocrx_word' id='word_1_618' title='bbox 3343 2463 3447 2518; x_wconf 89' lang='lat' dir='ltr'><strong>per</strong></span> <span class='ocrx_word' id='word_1_619' title='bbox 3476 2464 3603 2518; x_wconf 64' lang='lat' dir='ltr'><strong>qua:</strong></span> <span class='ocrx_word' id='word_1_620' title='bbox 3627 2446 3831 2500; x_wconf 83' lang='lat' dir='ltr'><strong>intelli-</strong></span> 
     </span>
    </p>
   </div>
   <div class='ocr_carea' id='block_1_85' title="bbox 2137 2535 3830 2609">
    <p class='ocr_par' dir='ltr' id='par_1_85' title="bbox 2137 2535 3830 2609">
     <span class='ocr_line' id='line_1_85' title="bbox 2137 2535 3830 2609; baseline -0.002 -17"><span class='ocrx_word' id='word_1_621' title='bbox 2137 2555 2328 2609; x_wconf 89' lang='lat' dir='ltr'><strong>gerem</strong></span> <span class='ocrx_word' id='word_1_622' title='bbox 2363 2539 2515 2609; x_wconf 91' lang='lat' dir='ltr'><strong>quod</strong></span> <span class='ocrx_word' id='word_1_623' title='bbox 2548 2539 2714 2592; x_wconf 88' lang='lat' dir='ltr'><strong>toties</strong></span> <span class='ocrx_word' id='word_1_624' title='bbox 2743 2538 2950 2592; x_wconf 90' lang='lat' dir='ltr'><strong>videris</strong></span> <span class='ocrx_word' id='word_1_625' title='bbox 2989 2555 3115 2608; x_wconf 75' lang='lat' dir='ltr'><strong>quae</strong></span> <span class='ocrx_word' id='word_1_626' title='bbox 3147 2537 3348 2602; x_wconf 83' lang='lat' dir='ltr'><strong>fecisti,</strong></span> <span class='ocrx_word' id='word_1_627' title='bbox 3379 2541 3434 2589; x_wconf 89' lang='lat' dir='ltr'><strong>et</strong></span> <span class='ocrx_word' id='word_1_628' title='bbox 3459 2535 3611 2589; x_wconf 79' lang='lat' dir='ltr'><strong>dixi:</strong></span> <span class='ocrx_word' id='word_1_629' title='bbox 3646 2535 3688 2589; x_wconf 92' lang='grc' dir='ltr'><strong>Ο</strong></span> <span class='ocrx_word' id='word_1_630' title='bbox 3721 2535 3830 2588; x_wconf 89' lang='lat' dir='ltr'><strong>Do-</strong></span> 
     </span>
    </p>
   </div>
   <div class='ocr_carea' id='block_1_86' title="bbox 2136 2615 3833 2696">
    <p class='ocr_par' dir='ltr' id='par_1_86' title="bbox 2136 2615 3833 2696">
     <span class='ocr_line' id='line_1_86' title="bbox 2136 2615 3833 2696; baseline -0.002 -17"><span class='ocrx_word' id='word_1_631' title='bbox 2136 2615 2313 2692; x_wconf 85' lang='lat' dir='ltr'><strong>mine,</strong></span> <span class='ocrx_word' id='word_1_632' title='bbox 2346 2643 2537 2680; x_wconf 91' lang='lat' dir='ltr'><strong>nonne</strong></span> <span class='ocrx_word' id='word_1_633' title='bbox 2567 2626 2676 2681; x_wconf 87' lang='lat' dir='ltr'><strong>ista</strong></span> <span class='ocrx_word' id='word_1_634' title='bbox 2717 2626 3004 2696; x_wconf 90' lang='lat' dir='ltr'><strong>Scriptura</strong></span> <span class='ocrx_word' id='word_1_635' title='bbox 3036 2631 3133 2679; x_wconf 88' lang='lat' dir='ltr'><strong>tua</strong></span> <span class='ocrx_word' id='word_1_636' title='bbox 3173 2641 3305 2679; x_wconf 86' lang='lat' dir='ltr'><strong>vera</strong></span> <span class='ocrx_word' id='word_1_637' title='bbox 3334 2630 3436 2692; x_wconf 86' lang='lat' dir='ltr'><strong>est,</strong></span> <span class='ocrx_word' id='word_1_638' title='bbox 3471 2623 3744 2695; x_wconf 90' lang='lat' dir='ltr'><strong>quoniam</strong></span> <span class='ocrx_word' id='word_1_639' title='bbox 3775 2633 3833 2677; x_wconf 87' lang='lat' dir='ltr'><strong>tu</strong></span> 
     </span>
    </p>
   </div>
   <div class='ocr_carea' id='block_1_87' title="bbox 2139 2711 3834 2784">
    <p class='ocr_par' dir='ltr' id='par_1_87' title="bbox 2139 2711 3834 2784">
     <span class='ocr_line' id='line_1_87' title="bbox 2139 2711 3834 2784; baseline -0.002 -16"><span class='ocrx_word' id='word_1_640' title='bbox 2139 2732 2302 2770; x_wconf 78' lang='lat' dir='ltr'><strong>verax</strong></span> <span class='ocrx_word' id='word_1_641' title='bbox 2333 2721 2390 2770; x_wconf 92' lang='lat' dir='ltr'><strong>et</strong></span> <span class='ocrx_word' id='word_1_642' title='bbox 2417 2715 2622 2768; x_wconf 90' lang='lat' dir='ltr'><strong>veritas</strong></span> <span class='ocrx_word' id='word_1_643' title='bbox 2660 2714 2887 2769; x_wconf 89' lang='lat' dir='ltr'><strong>edidisti</strong></span> <span class='ocrx_word' id='word_1_644' title='bbox 2927 2715 3088 2768; x_wconf 80' lang='lat' dir='ltr'><strong>eam?</strong></span> <span class='ocrx_word' id='word_1_645' title='bbox 3131 2716 3242 2770; x_wconf 86' lang='lat' dir='ltr'><strong>Cur</strong></span> <span class='ocrx_word' id='word_1_646' title='bbox 3271 2729 3406 2784; x_wconf 91' lang='lat' dir='ltr'><strong>ergo</strong></span> <span class='ocrx_word' id='word_1_647' title='bbox 3436 2717 3496 2767; x_wconf 87' lang='lat' dir='ltr'><strong>tu</strong></span> <span class='ocrx_word' id='word_1_648' title='bbox 3524 2711 3668 2766; x_wconf 90' lang='lat' dir='ltr'><strong>mihi</strong></span> <span class='ocrx_word' id='word_1_649' title='bbox 3696 2712 3834 2765; x_wconf 89' lang='lat' dir='ltr'><strong>dicis</strong></span> 
     </span>
    </p>
   </div>
   <div class='ocr_carea' id='block_1_88' title="bbox 2140 2801 3835 2873">
    <p class='ocr_par' dir='ltr' id='par_1_88' title="bbox 2140 2801 3835 2873">
     <span class='ocr_line' id='line_1_88' title="bbox 2140 2801 3835 2873; baseline -0.002 -15"><span class='ocrx_word' id='word_1_650' title='bbox 2140 2821 2253 2858; x_wconf 92' lang='lat' dir='ltr'><strong>non</strong></span> <span class='ocrx_word' id='word_1_651' title='bbox 2281 2821 2399 2858; x_wconf 89' lang='lat' dir='ltr'><strong>esse</strong></span> <span class='ocrx_word' id='word_1_652' title='bbox 2430 2804 2488 2857; x_wconf 92' lang='lat' dir='ltr'><strong>in</strong></span> <span class='ocrx_word' id='word_1_653' title='bbox 2517 2808 2616 2856; x_wconf 90' lang='lat' dir='ltr'><strong>tua</strong></span> <span class='ocrx_word' id='word_1_654' title='bbox 2639 2803 2854 2857; x_wconf 91' lang='lat' dir='ltr'><strong>visione</strong></span> <span class='ocrx_word' id='word_1_655' title='bbox 2881 2808 3172 2873; x_wconf 87' lang='lat' dir='ltr'><strong>tempora;</strong></span> <span class='ocrx_word' id='word_1_656' title='bbox 3204 2807 3259 2856; x_wconf 91' lang='lat' dir='ltr'><strong>et</strong></span> <span class='ocrx_word' id='word_1_657' title='bbox 3289 2803 3394 2856; x_wconf 84' lang='lat' dir='ltr'><strong>ista</strong></span> <span class='ocrx_word' id='word_1_658' title='bbox 3423 2801 3717 2872; x_wconf 90' lang='lat' dir='ltr'><strong>Scriptura</strong></span> <span class='ocrx_word' id='word_1_659' title='bbox 3735 2805 3835 2854; x_wconf 90' lang='lat' dir='ltr'><strong>tua</strong></span> 
     </span>
    </p>
   </div>
   <div class='ocr_carea' id='block_1_89' title="bbox 2138 2889 3835 2963">
    <p class='ocr_par' dir='ltr' id='par_1_89' title="bbox 2138 2889 3835 2963">
     <span class='ocr_line' id='line_1_89' title="bbox 2138 2889 3835 2963; baseline -0.004 -16"><span class='ocrx_word' id='word_1_660' title='bbox 2138 2892 2281 2947; x_wconf 89' lang='lat' dir='ltr'><strong>mihi</strong></span> <span class='ocrx_word' id='word_1_661' title='bbox 2321 2892 2477 2961; x_wconf 91' lang='lat' dir='ltr'><strong>dicit,</strong></span> <span class='ocrx_word' id='word_1_662' title='bbox 2509 2909 2611 2963; x_wconf 90' lang='lat' dir='ltr'><strong>per</strong></span> <span class='ocrx_word' id='word_1_663' title='bbox 2641 2891 2896 2962; x_wconf 91' lang='lat' dir='ltr'><strong>singulos</strong></span> <span class='ocrx_word' id='word_1_664' title='bbox 2932 2892 3051 2947; x_wconf 88' lang='lat' dir='ltr'><strong>dies</strong></span> <span class='ocrx_word' id='word_1_665' title='bbox 3080 2908 3144 2945; x_wconf 89' lang='lat' dir='ltr'><strong>ea</strong></span> <span class='ocrx_word' id='word_1_666' title='bbox 3176 2908 3303 2962; x_wconf 67' lang='lat' dir='ltr'><strong>qua:</strong></span> <span class='ocrx_word' id='word_1_667' title='bbox 3333 2889 3512 2944; x_wconf 86' lang='lat' dir='ltr'><strong>fecisti</strong></span> <span class='ocrx_word' id='word_1_668' title='bbox 3545 2895 3599 2943; x_wconf 90' lang='lat' dir='ltr'><strong>te</strong></span> <span class='ocrx_word' id='word_1_669' title='bbox 3629 2889 3835 2944; x_wconf 81' lang='lat' dir='ltr'><strong>vidisse</strong></span> 
     </span>
    </p>
   </div>
   <div class='ocr_carea' id='block_1_90' title="bbox 2139 2978 3835 3053">
    <p class='ocr_par' dir='ltr' id='par_1_90' title="bbox 2139 2978 3835 3053">
     <span class='ocr_line' id='line_1_90' title="bbox 2139 2978 3835 3053; baseline -0.004 -17"><span class='ocrx_word' id='word_1_670' title='bbox 2139 2981 2274 3053; x_wconf 88' lang='lat' dir='ltr'><strong>quia</strong></span> <span class='ocrx_word' id='word_1_671' title='bbox 2294 2983 2444 3036; x_wconf 88' lang='lat' dir='ltr'><strong>bona</strong></span> <span class='ocrx_word' id='word_1_672' title='bbox 2461 2987 2626 3048; x_wconf 89' lang='lat' dir='ltr'><strong>sunt;</strong></span> <span class='ocrx_word' id='word_1_673' title='bbox 2653 2985 2710 3035; x_wconf 89' lang='lat' dir='ltr'><strong>et</strong></span> <span class='ocrx_word' id='word_1_674' title='bbox 2730 2997 2859 3035; x_wconf 91' lang='lat' dir='ltr'><strong>cum</strong></span> <span class='ocrx_word' id='word_1_675' title='bbox 2878 2997 2943 3035; x_wconf 91' lang='lat' dir='ltr'><strong>ea</strong></span> <span class='ocrx_word' id='word_1_676' title='bbox 2956 2996 3336 3042; x_wconf 88' lang='lat' dir='ltr'><strong>numerarem,</strong></span> <span class='ocrx_word' id='word_1_677' title='bbox 3358 2978 3550 3032; x_wconf 89' lang='lat' dir='ltr'><strong>inveni</strong></span> <span class='ocrx_word' id='word_1_678' title='bbox 3572 2978 3835 3050; x_wconf 81' lang='lat' dir='ltr'><strong>quoties?</strong></span> 
     </span>
    </p>
   </div>
   <div class='ocr_carea' id='block_1_91' title="bbox 2139 3067 3836 3141">
    <p class='ocr_par' dir='ltr' id='par_1_91' title="bbox 2139 3067 3836 3141">
     <span class='ocr_line' id='line_1_91' title="bbox 2139 3067 3836 3141; baseline -0.004 -16"><span class='ocrx_word' id='word_1_679' title='bbox 2139 3071 2223 3125; x_wconf 88' lang='lat' dir='ltr'><strong>Ad</strong></span> <span class='ocrx_word' id='word_1_680' title='bbox 2262 3071 2384 3125; x_wconf 74' lang='lat' dir='ltr'><strong>haec</strong></span> <span class='ocrx_word' id='word_1_681' title='bbox 2423 3075 2486 3124; x_wconf 93' lang='lat' dir='ltr'><strong>tu</strong></span> <span class='ocrx_word' id='word_1_682' title='bbox 2515 3069 2654 3124; x_wconf 91' lang='lat' dir='ltr'><strong>dicis</strong></span> <span class='ocrx_word' id='word_1_683' title='bbox 2690 3069 2856 3137; x_wconf 90' lang='lat' dir='ltr'><strong>mihi,</strong></span> <span class='ocrx_word' id='word_1_684' title='bbox 2889 3067 3159 3141; x_wconf 86' lang='lat' dir='ltr'><strong>quoniam</strong></span> <span class='ocrx_word' id='word_1_685' title='bbox 3185 3073 3248 3122; x_wconf 89' lang='lat' dir='ltr'><strong>tu</strong></span> <span class='ocrx_word' id='word_1_686' title='bbox 3278 3084 3336 3121; x_wconf 89' lang='lat' dir='ltr'><strong>es</strong></span> <span class='ocrx_word' id='word_1_687' title='bbox 3377 3068 3525 3120; x_wconf 90' lang='lat' dir='ltr'><strong>Deus</strong></span> <span class='ocrx_word' id='word_1_688' title='bbox 3566 3082 3746 3133; x_wconf 81' lang='lat' dir='ltr'><strong>meus,</strong></span> <span class='ocrx_word' id='word_1_689' title='bbox 3783 3071 3836 3119; x_wconf 88' lang='lat' dir='ltr'><strong>et</strong></span> 
     </span>
    </p>
   </div>
   <div class='ocr_carea' id='block_1_92' title="bbox 2141 3159 3834 3226">
    <p class='ocr_par' dir='ltr' id='par_1_92' title="bbox 2141 3159 3834 3226">
     <span class='ocr_line' id='line_1_92' title="bbox 2141 3159 3834 3226; baseline -0.004 -11"><span class='ocrx_word' id='word_1_690' title='bbox 2141 3159 2279 3215; x_wconf 91' lang='lat' dir='ltr'><strong>dicis</strong></span> <span class='ocrx_word' id='word_1_691' title='bbox 2307 3175 2440 3212; x_wconf 90' lang='lat' dir='ltr'><strong>voce</strong></span> <span class='ocrx_word' id='word_1_692' title='bbox 2484 3159 2617 3213; x_wconf 91' lang='lat' dir='ltr'><strong>forti</strong></span> <span class='ocrx_word' id='word_1_693' title='bbox 2642 3159 2700 3212; x_wconf 90' lang='lat' dir='ltr'><strong>in</strong></span> <span class='ocrx_word' id='word_1_694' title='bbox 2726 3175 2861 3213; x_wconf 88' lang='lat' dir='ltr'><strong>aure</strong></span> <span class='ocrx_word' id='word_1_695' title='bbox 2891 3159 3164 3212; x_wconf 90' lang='lat' dir='ltr'><strong>interiore</strong></span> <span class='ocrx_word' id='word_1_696' title='bbox 3203 3173 3359 3211; x_wconf 88' lang='lat' dir='ltr'><strong>servo</strong></span> <span class='ocrx_word' id='word_1_697' title='bbox 3402 3161 3523 3223; x_wconf 90' lang='lat' dir='ltr'><strong>tuo,</strong></span> <span class='ocrx_word' id='word_1_698' title='bbox 3570 3172 3834 3226; x_wconf 90' lang='lat' dir='ltr'><strong>perrum-</strong></span> 
     </span>
    </p>
   </div>
   <div class='ocr_carea' id='block_1_93' title="bbox 2140 3245 3835 3318">
    <p class='ocr_par' dir='ltr' id='par_1_93' title="bbox 2140 3245 3835 3318">
     <span class='ocr_line' id='line_1_93' title="bbox 2140 3245 3835 3318; baseline -0.001 -18"><span class='ocrx_word' id='word_1_699' title='bbox 2140 3264 2281 3318; x_wconf 89' lang='lat' dir='ltr'><strong>pens</strong></span> <span class='ocrx_word' id='word_1_700' title='bbox 2307 3263 2492 3301; x_wconf 91' lang='lat' dir='ltr'><strong>meam</strong></span> <span class='ocrx_word' id='word_1_701' title='bbox 2529 3247 2882 3311; x_wconf 88' lang='lat' dir='ltr'><strong>surditatem,</strong></span> <span class='ocrx_word' id='word_1_702' title='bbox 2918 3251 2974 3300; x_wconf 90' lang='lat' dir='ltr'><strong>et</strong></span> <span class='ocrx_word' id='word_1_703' title='bbox 3010 3247 3295 3300; x_wconf 90' lang='lat' dir='ltr'><strong>clamans:</strong></span> <span class='ocrx_word' id='word_1_704' title='bbox 3329 3247 3371 3301; x_wconf 92' lang='grc' dir='ltr'>Ο</span> <span class='ocrx_word' id='word_1_705' title='bbox 3398 3245 3591 3310; x_wconf 91' lang='lat' dir='ltr'><strong>homo,</strong></span> <span class='ocrx_word' id='word_1_706' title='bbox 3625 3260 3835 3314; x_wconf 90' lang='lat' dir='ltr'><strong>nempe</strong></span> 
     </span>
    </p>
   </div>
   <div class='ocr_carea' id='block_1_94' title="bbox 2142 3332 3838 3406">
    <p class='ocr_par' dir='ltr' id='par_1_94' title="bbox 2142 3332 3838 3406">
     <span class='ocr_line' id='line_1_94' title="bbox 2142 3332 3838 3406; baseline -0.002 -18"><span class='ocrx_word' id='word_1_707' title='bbox 2142 3336 2298 3406; x_wconf 79' lang='lat' dir='ltr'><strong>quod</strong></span> <span class='ocrx_word' id='word_1_708' title='bbox 2339 3336 2627 3406; x_wconf 88' lang='lat' dir='ltr'><strong>Scriptura</strong></span> <span class='ocrx_word' id='word_1_709' title='bbox 2672 3352 2799 3389; x_wconf 91' lang='lat' dir='ltr'><strong>mea</strong></span> <span class='ocrx_word' id='word_1_710' title='bbox 2845 3335 2999 3397; x_wconf 86' lang='lat' dir='ltr'><strong>dicit,</strong></span> <span class='ocrx_word' id='word_1_711' title='bbox 3047 3352 3150 3405; x_wconf 87' lang='lat' dir='ltr'><strong>ego</strong></span> <span class='ocrx_word' id='word_1_712' title='bbox 3193 3335 3334 3388; x_wconf 91' lang='lat' dir='ltr'><strong>dico.</strong></span> <span class='ocrx_word' id='word_1_713' title='bbox 3387 3335 3452 3388; x_wconf 85' lang='lat' dir='ltr'><strong>Et</strong></span> <span class='ocrx_word' id='word_1_714' title='bbox 3500 3338 3693 3386; x_wconf 90' lang='lat' dir='ltr'><strong>tamen</strong></span> <span class='ocrx_word' id='word_1_715' title='bbox 3739 3332 3838 3386; x_wconf 89' lang='lat' dir='ltr'><strong>illa</strong></span> 
     </span>
    </p>
   </div>
   <div class='ocr_carea' id='block_1_95' title="bbox 2142 3423 3834 3493">
    <p class='ocr_par' dir='ltr' id='par_1_95' title="bbox 2142 3423 3834 3493">
     <span class='ocr_line' id='line_1_95' title="bbox 2142 3423 3834 3493; baseline -0.002 -17"><span class='ocrx_word' id='word_1_716' title='bbox 2142 3423 2534 3493; x_wconf 88' lang='lat' dir='ltr'><strong>temporaliter</strong></span> <span class='ocrx_word' id='word_1_717' title='bbox 2563 3423 2717 3490; x_wconf 90' lang='lat' dir='ltr'><strong>dicit,</strong></span> <span class='ocrx_word' id='word_1_718' title='bbox 2753 3424 2933 3477; x_wconf 83' lang='lat' dir='ltr'><strong>Verbo</strong></span> <span class='ocrx_word' id='word_1_719' title='bbox 2963 3428 3154 3477; x_wconf 91' lang='lat' dir='ltr'><strong>autem</strong></span> <span class='ocrx_word' id='word_1_720' title='bbox 3184 3439 3312 3476; x_wconf 90' lang='lat' dir='ltr'><strong>meo</strong></span> <span class='ocrx_word' id='word_1_721' title='bbox 3340 3426 3569 3491; x_wconf 90' lang='lat' dir='ltr'><strong>tempus</strong></span> <span class='ocrx_word' id='word_1_722' title='bbox 3603 3437 3719 3474; x_wconf 90' lang='lat' dir='ltr'><strong>non</strong></span> <span class='ocrx_word' id='word_1_723' title='bbox 3745 3438 3834 3473; x_wconf 89' lang='lat' dir='ltr'><strong>ac-</strong></span> 
     </span>
    </p>
   </div>
   <div class='ocr_carea' id='block_1_96' title="bbox 2143 3514 3838 3587">
    <p class='ocr_par' dir='ltr' id='par_1_96' title="bbox 2143 3514 3838 3587">
     <span class='ocr_line' id='line_1_96' title="bbox 2143 3514 3838 3587; baseline -0.001 -18"><span class='ocrx_word' id='word_1_724' title='bbox 2143 3515 2297 3582; x_wconf 91' lang='lat' dir='ltr'><strong>cidit,</strong></span> <span class='ocrx_word' id='word_1_725' title='bbox 2329 3516 2460 3586; x_wconf 90' lang='lat' dir='ltr'><strong>quia</strong></span> <span class='ocrx_word' id='word_1_726' title='bbox 2493 3516 2700 3587; x_wconf 66' lang='lat' dir='ltr'><strong>aaquali</strong></span> <span class='ocrx_word' id='word_1_727' title='bbox 2735 3533 2959 3571; x_wconf 90' lang='lat' dir='ltr'><strong>mecum</strong></span> <span class='ocrx_word' id='word_1_728' title='bbox 3002 3517 3318 3572; x_wconf 61' lang='lat' dir='ltr'><strong>aeternitate</strong></span> <span class='ocrx_word' id='word_1_729' title='bbox 3344 3515 3615 3569; x_wconf 90' lang='lat' dir='ltr'><strong>consistit.</strong></span> <span class='ocrx_word' id='word_1_730' title='bbox 3651 3514 3743 3570; x_wconf 88' lang='lat' dir='ltr'><strong>Sic</strong></span> <span class='ocrx_word' id='word_1_731' title='bbox 3773 3531 3838 3568; x_wconf 91' lang='lat' dir='ltr'><strong>ea</strong></span> 
     </span>
    </p>
   </div>
   <div class='ocr_carea' id='block_1_97' title="bbox 2143 3603 3839 3676">
    <p class='ocr_par' dir='ltr' id='par_1_97' title="bbox 2143 3603 3839 3676">
     <span class='ocr_line' id='line_1_97' title="bbox 2143 3603 3839 3676; baseline -0.001 -19"><span class='ocrx_word' id='word_1_732' title='bbox 2143 3622 2272 3676; x_wconf 64' lang='lat' dir='ltr'><strong>quae</strong></span> <span class='ocrx_word' id='word_1_733' title='bbox 2305 3621 2402 3658; x_wconf 83' lang='lat' dir='ltr'><strong>vos</strong></span> <span class='ocrx_word' id='word_1_734' title='bbox 2432 3622 2534 3676; x_wconf 88' lang='lat' dir='ltr'><strong>per</strong></span> <span class='ocrx_word' id='word_1_735' title='bbox 2562 3605 2836 3676; x_wconf 90' lang='lat' dir='ltr'><strong>Spiritum</strong></span> <span class='ocrx_word' id='word_1_736' title='bbox 2859 3622 3050 3660; x_wconf 90' lang='lat' dir='ltr'><strong>meum</strong></span> <span class='ocrx_word' id='word_1_737' title='bbox 3081 3606 3300 3676; x_wconf 88' lang='lat' dir='ltr'><strong>videtis,</strong></span> <span class='ocrx_word' id='word_1_738' title='bbox 3333 3621 3438 3675; x_wconf 91' lang='lat' dir='ltr'><strong>ego</strong></span> <span class='ocrx_word' id='word_1_739' title='bbox 3467 3605 3659 3670; x_wconf 88' lang='lat' dir='ltr'><strong>video;</strong></span> <span class='ocrx_word' id='word_1_740' title='bbox 3695 3603 3839 3657; x_wconf 91' lang='lat' dir='ltr'><strong>sicut</strong></span> 
     </span>
    </p>
   </div>
   <div class='ocr_carea' id='block_1_98' title="bbox 2144 3693 3836 3765">
    <p class='ocr_par' dir='ltr' id='par_1_98' title="bbox 2144 3693 3836 3765">
     <span class='ocr_line' id='line_1_98' title="bbox 2144 3693 3836 3765; baseline -0.001 -18"><span class='ocrx_word' id='word_1_741' title='bbox 2144 3711 2210 3748; x_wconf 91' lang='lat' dir='ltr'><strong>ea</strong></span> <span class='ocrx_word' id='word_1_742' title='bbox 2239 3710 2367 3765; x_wconf 71' lang='lat' dir='ltr'><strong>qum</strong></span> <span class='ocrx_word' id='word_1_743' title='bbox 2399 3711 2496 3748; x_wconf 91' lang='lat' dir='ltr'><strong>vos</strong></span> <span class='ocrx_word' id='word_1_744' title='bbox 2523 3711 2624 3764; x_wconf 93' lang='lat' dir='ltr'><strong>per</strong></span> <span class='ocrx_word' id='word_1_745' title='bbox 2652 3694 2926 3765; x_wconf 90' lang='lat' dir='ltr'><strong>Spiritum</strong></span> <span class='ocrx_word' id='word_1_746' title='bbox 2963 3710 3157 3748; x_wconf 90' lang='lat' dir='ltr'><strong>meum</strong></span> <span class='ocrx_word' id='word_1_747' title='bbox 3189 3693 3393 3759; x_wconf 90' lang='lat' dir='ltr'><strong>dicitis,</strong></span> <span class='ocrx_word' id='word_1_748' title='bbox 3427 3709 3532 3763; x_wconf 88' lang='lat' dir='ltr'><strong>ego</strong></span> <span class='ocrx_word' id='word_1_749' title='bbox 3564 3693 3708 3746; x_wconf 92' lang='lat' dir='ltr'><strong>dico.</strong></span> <span class='ocrx_word' id='word_1_750' title='bbox 3740 3694 3836 3745; x_wconf 84' lang='lat' dir='ltr'><strong>At-</strong></span> 
     </span>
    </p>
   </div>
   <div class='ocr_carea' id='block_1_99' title="bbox 2145 3782 3838 3855">
    <p class='ocr_par' dir='ltr' id='par_1_99' title="bbox 2145 3782 3838 3855">
     <span class='ocr_line' id='line_1_99' title="bbox 2145 3782 3838 3855; baseline -0.002 -19"><span class='ocrx_word' id='word_1_751' title='bbox 2145 3799 2256 3855; x_wconf 90' lang='lat' dir='ltr'><strong>que</strong></span> <span class='ocrx_word' id='word_1_752' title='bbox 2303 3783 2400 3850; x_wconf 91' lang='lat' dir='ltr'><strong>ita,</strong></span> <span class='ocrx_word' id='word_1_753' title='bbox 2452 3799 2580 3837; x_wconf 91' lang='lat' dir='ltr'><strong>cum</strong></span> <span class='ocrx_word' id='word_1_754' title='bbox 2626 3800 2725 3837; x_wconf 90' lang='lat' dir='ltr'><strong>vos</strong></span> <span class='ocrx_word' id='word_1_755' title='bbox 2772 3783 3166 3855; x_wconf 88' lang='lat' dir='ltr'><strong>temporaliter</strong></span> <span class='ocrx_word' id='word_1_756' title='bbox 3201 3799 3269 3836; x_wconf 92' lang='lat' dir='ltr'><strong>ea</strong></span> <span class='ocrx_word' id='word_1_757' title='bbox 3295 3782 3552 3848; x_wconf 90' lang='lat' dir='ltr'><strong>videatis,</strong></span> <span class='ocrx_word' id='word_1_758' title='bbox 3585 3797 3702 3834; x_wconf 94' lang='lat' dir='ltr'><strong>non</strong></span> <span class='ocrx_word' id='word_1_759' title='bbox 3732 3796 3838 3851; x_wconf 90' lang='lat' dir='ltr'><strong>ego</strong></span> 
     </span>
    </p>
   </div>
   <div class='ocr_carea' id='block_1_100' title="bbox 2145 3871 3839 3944">
    <p class='ocr_par' dir='ltr' id='par_1_100' title="bbox 2145 3871 3839 3944">
     <span class='ocr_line' id='line_1_100' title="bbox 2145 3871 3839 3944; baseline -0.002 -18"><span class='ocrx_word' id='word_1_760' title='bbox 2145 3871 2537 3943; x_wconf 88' lang='lat' dir='ltr'><strong>temporaliter</strong></span> <span class='ocrx_word' id='word_1_761' title='bbox 2562 3872 2755 3940; x_wconf 90' lang='lat' dir='ltr'><strong>video;</strong></span> <span class='ocrx_word' id='word_1_762' title='bbox 2787 3871 3292 3944; x_wconf 89' lang='lat' dir='ltr'><strong>quemadmodum,</strong></span> <span class='ocrx_word' id='word_1_763' title='bbox 3329 3887 3458 3924; x_wconf 91' lang='lat' dir='ltr'><strong>cum</strong></span> <span class='ocrx_word' id='word_1_764' title='bbox 3489 3886 3587 3923; x_wconf 90' lang='lat' dir='ltr'><strong>vos</strong></span> <span class='ocrx_word' id='word_1_765' title='bbox 3617 3874 3839 3940; x_wconf 88' lang='lat' dir='ltr'><strong>tempo-</strong></span> 
     </span>
    </p>
   </div>
   <div class='ocr_carea' id='block_1_101' title="bbox 2145 3960 3561 4032">
    <p class='ocr_par' dir='ltr' id='par_1_101' title="bbox 2145 3960 3561 4032">
     <span class='ocr_line' id='line_1_101' title="bbox 2145 3960 3561 4032; baseline -0.002 -17"><span class='ocrx_word' id='word_1_766' title='bbox 2145 3961 2340 4016; x_wconf 90' lang='lat' dir='ltr'><strong>raliter</strong></span> <span class='ocrx_word' id='word_1_767' title='bbox 2373 3979 2438 4016; x_wconf 88' lang='lat' dir='ltr'><strong>ea</strong></span> <span class='ocrx_word' id='word_1_768' title='bbox 2464 3961 2680 4030; x_wconf 87' lang='lat' dir='ltr'><strong>dicatis,</strong></span> <span class='ocrx_word' id='word_1_769' title='bbox 2713 3978 2828 4016; x_wconf 92' lang='lat' dir='ltr'><strong>non</strong></span> <span class='ocrx_word' id='word_1_770' title='bbox 2861 3978 2964 4032; x_wconf 88' lang='lat' dir='ltr'><strong>ego</strong></span> <span class='ocrx_word' id='word_1_771' title='bbox 2995 3962 3391 4032; x_wconf 88' lang='lat' dir='ltr'><strong>temporaliter</strong></span> <span class='ocrx_word' id='word_1_772' title='bbox 3420 3960 3561 4014; x_wconf 91' lang='lat' dir='ltr'><strong>dico.</strong></span> 
     </span>
    </p>
   </div>
   <div class='ocr_carea' id='block_1_102' title="bbox 2783 4051 3198 4108">
    <p class='ocr_par' dir='ltr' id='par_1_102' title="bbox 2783 4051 3198 4108">
     <span class='ocr_line' id='line_1_102' title="bbox 2783 4051 3198 4108; baseline 0.007 -3"><span class='ocrx_word' id='word_1_773' title='bbox 2783 4051 3004 4105; x_wconf 86' lang='lat' dir='ltr'>CAPUT</span> <span class='ocrx_word' id='word_1_774' title='bbox 3041 4052 3167 4105; x_wconf 85' lang='lat' dir='ltr'><strong>XXX</strong></span> <span class='ocrx_word' id='word_1_775' title='bbox 3182 4092 3198 4108; x_wconf 94' lang='lat'><strong>.</strong></span> 
     </span>
    </p>
   </div>
   <div class='ocr_carea' id='block_1_103' title="bbox 2657 4139 3322 4194">
    <p class='ocr_par' dir='ltr' id='par_1_103' title="bbox 2657 4139 3322 4194">
     <span class='ocr_line' id='line_1_103' title="bbox 2657 4139 3322 4194; baseline -0.002 0"><span class='ocrx_word' id='word_1_776' title='bbox 2657 4141 3072 4194; x_wconf 80' lang='lat' dir='ltr'><strong>Manichaeorum</strong></span> <span class='ocrx_word' id='word_1_777' title='bbox 3106 4139 3322 4193; x_wconf 82' lang='lat' dir='ltr'><strong>deliria.</strong></span> 
     </span>
    </p>
   </div>
   <div class='ocr_carea' id='block_1_104' title="bbox 2216 4224 3840 4295">
    <p class='ocr_par' dir='ltr' id='par_1_104' title="bbox 2216 4224 3840 4295">
     <span class='ocr_line' id='line_1_104' title="bbox 2216 4224 3840 4295; baseline -0.003 -12"><span class='ocrx_word' id='word_1_778' title='bbox 2216 4231 2304 4283; x_wconf 72' lang='grc'><strong>45.</strong></span> <span class='ocrx_word' id='word_1_779' title='bbox 2339 4229 2401 4283; x_wconf 89' lang='lat' dir='ltr'><strong>Et</strong></span> <span class='ocrx_word' id='word_1_780' title='bbox 2435 4227 2645 4295; x_wconf 88' lang='lat' dir='ltr'><strong>audivi,</strong></span> <span class='ocrx_word' id='word_1_781' title='bbox 2679 4229 2916 4282; x_wconf 87' lang='lat' dir='ltr'><strong>Domine</strong></span> <span class='ocrx_word' id='word_1_782' title='bbox 2949 4230 3095 4281; x_wconf 87' lang='lat' dir='ltr'><strong>Deus</strong></span> <span class='ocrx_word' id='word_1_783' title='bbox 3126 4244 3305 4293; x_wconf 89' lang='lat' dir='ltr'><strong>meus,</strong></span> <span class='ocrx_word' id='word_1_784' title='bbox 3337 4230 3395 4280; x_wconf 90' lang='lat' dir='ltr'><strong>et</strong></span> <span class='ocrx_word' id='word_1_785' title='bbox 3425 4225 3599 4280; x_wconf 84' lang='lat' dir='ltr'><strong>elinxi</strong></span> <span class='ocrx_word' id='word_1_786' title='bbox 3631 4224 3840 4279; x_wconf 88' lang='lat' dir='ltr'><strong>stillam</strong></span> 
     </span>
    </p>
   </div>
   <div class='ocr_carea' id='block_1_105' title="bbox 2146 4313 3845 4384">
    <p class='ocr_par' dir='ltr' id='par_1_105' title="bbox 2146 4313 3845 4384">
     <span class='ocr_line' id='line_1_105' title="bbox 2146 4313 3845 4384; baseline -0.002 -15"><span class='ocrx_word' id='word_1_787' title='bbox 2146 4315 2462 4370; x_wconf 85' lang='lat' dir='ltr'><strong>dulcedinis</strong></span> <span class='ocrx_word' id='word_1_788' title='bbox 2507 4331 2572 4369; x_wconf 86' lang='lat' dir='ltr'><strong>ex</strong></span> <span class='ocrx_word' id='word_1_789' title='bbox 2611 4321 2709 4368; x_wconf 91' lang='lat' dir='ltr'><strong>tua</strong></span> <span class='ocrx_word' id='word_1_790' title='bbox 2738 4316 2992 4381; x_wconf 87' lang='lat' dir='ltr'><strong>veritate,</strong></span> <span class='ocrx_word' id='word_1_791' title='bbox 3029 4319 3085 4368; x_wconf 90' lang='lat' dir='ltr'><strong>et</strong></span> <span class='ocrx_word' id='word_1_792' title='bbox 3112 4314 3367 4368; x_wconf 82' lang='lat' dir='ltr'><strong>intellexi</strong></span> <span class='ocrx_word' id='word_1_793' title='bbox 3406 4313 3676 4384; x_wconf 89' lang='lat' dir='ltr'><strong>quoniam</strong></span> <span class='ocrx_word' id='word_1_794' title='bbox 3710 4317 3845 4366; x_wconf 90' lang='lat' dir='ltr'><strong>sunt</strong></span> 
     </span>
    </p>
   </div>
   <div class='ocr_carea' id='block_1_106' title="bbox 2147 4403 3845 4476">
    <p class='ocr_par' dir='ltr' id='par_1_106' title="bbox 2147 4403 3845 4476">
     <span class='ocr_line' id='line_1_106' title="bbox 2147 4403 3845 4476; baseline -0.003 -18"><span class='ocrx_word' id='word_1_795' title='bbox 2147 4404 2380 4476; x_wconf 90' lang='lat' dir='ltr'><strong>quidam</strong></span> <span class='ocrx_word' id='word_1_796' title='bbox 2408 4404 2616 4475; x_wconf 90' lang='lat' dir='ltr'><strong>quibus</strong></span> <span class='ocrx_word' id='word_1_797' title='bbox 2647 4403 2948 4474; x_wconf 87' lang='lat' dir='ltr'><strong>displicent</strong></span> <span class='ocrx_word' id='word_1_798' title='bbox 2983 4420 3155 4473; x_wconf 89' lang='lat' dir='ltr'><strong>opera</strong></span> <span class='ocrx_word' id='word_1_799' title='bbox 3195 4408 3318 4467; x_wconf 89' lang='lat' dir='ltr'><strong>tua;</strong></span> <span class='ocrx_word' id='word_1_800' title='bbox 3353 4407 3407 4456; x_wconf 88' lang='lat' dir='ltr'><strong>et</strong></span> <span class='ocrx_word' id='word_1_801' title='bbox 3435 4403 3611 4454; x_wconf 90' lang='lat' dir='ltr'><strong>multa</strong></span> <span class='ocrx_word' id='word_1_802' title='bbox 3643 4416 3845 4454; x_wconf 88' lang='lat' dir='ltr'><strong>eorum</strong></span> 
     </span>
    </p>
   </div>
   <div class='ocr_carea' id='block_1_107' title="bbox 2147 4487 3848 4561">
    <p class='ocr_par' dir='ltr' id='par_1_107' title="bbox 2147 4487 3848 4561">
     <span class='ocr_line' id='line_1_107' title="bbox 2147 4487 3848 4561; baseline -0.003 -14"><span class='ocrx_word' id='word_1_803' title='bbox 2147 4493 2345 4547; x_wconf 91' lang='lat' dir='ltr'><strong>dicunt</strong></span> <span class='ocrx_word' id='word_1_804' title='bbox 2370 4498 2424 4547; x_wconf 90' lang='lat' dir='ltr'><strong>te</strong></span> <span class='ocrx_word' id='word_1_805' title='bbox 2454 4492 2651 4550; x_wconf 87' lang='lat' dir='ltr'><strong>fecisse</strong></span> <span class='ocrx_word' id='word_1_806' title='bbox 2675 4492 3006 4546; x_wconf 86' lang='lat' dir='ltr'><strong>necessitate</strong></span> <span class='ocrx_word' id='word_1_807' title='bbox 3035 4490 3412 4561; x_wconf 89' lang='lat' dir='ltr'><strong>compulsum,</strong></span> <span class='ocrx_word' id='word_1_808' title='bbox 3438 4489 3581 4541; x_wconf 89' lang='lat' dir='ltr'><strong>sicut</strong></span> <span class='ocrx_word' id='word_1_809' title='bbox 3601 4487 3848 4542; x_wconf 90' lang='lat' dir='ltr'><strong>fabricas</strong></span> 
     </span>
    </p>
   </div>
   <div class='ocr_carea' id='block_1_108' title="bbox 2147 4575 3850 4652">
    <p class='ocr_par' dir='ltr' id='par_1_108' title="bbox 2147 4575 3850 4652">
     <span class='ocr_line' id='line_1_108' title="bbox 2147 4575 3850 4652; baseline -0.001 -18"><span class='ocrx_word' id='word_1_810' title='bbox 2147 4582 2418 4636; x_wconf 82' lang='lat' dir='ltr'><strong>caelorum</strong></span> <span class='ocrx_word' id='word_1_811' title='bbox 2455 4586 2512 4634; x_wconf 91' lang='lat' dir='ltr'><strong>et</strong></span> <span class='ocrx_word' id='word_1_812' title='bbox 2549 4575 2989 4652; x_wconf 69' lang='lat' dir='ltr'><strong>compositiones</strong></span> <span class='ocrx_word' id='word_1_813' title='bbox 3042 4579 3328 4633; x_wconf 89' lang='lat' dir='ltr'><strong>siderum:</strong></span> <span class='ocrx_word' id='word_1_814' title='bbox 3381 4582 3437 4630; x_wconf 90' lang='lat' dir='ltr'><strong>et</strong></span> <span class='ocrx_word' id='word_1_815' title='bbox 3475 4577 3598 4629; x_wconf 71' lang='lat' dir='ltr'><strong>IliPC</strong></span> <span class='ocrx_word' id='word_1_816' title='bbox 3627 4591 3742 4629; x_wconf 89' lang='lat' dir='ltr'><strong>non</strong></span> <span class='ocrx_word' id='word_1_817' title='bbox 3773 4577 3850 4632; x_wconf 91' lang='lat' dir='ltr'><strong>de</strong></span> 
     </span>
    </p>
   </div>
   <div class='ocr_carea' id='block_1_109' title="bbox 2146 4665 3851 4739">
    <p class='ocr_par' dir='ltr' id='par_1_109' title="bbox 2146 4665 3851 4739">
     <span class='ocr_line' id='line_1_109' title="bbox 2146 4665 3851 4739; baseline -0.002 -14"><span class='ocrx_word' id='word_1_818' title='bbox 2146 4675 2268 4737; x_wconf 92' lang='lat' dir='ltr'><strong>tuo,</strong></span> <span class='ocrx_word' id='word_1_819' title='bbox 2320 4671 2418 4724; x_wconf 90' lang='lat' dir='ltr'><strong>sed</strong></span> <span class='ocrx_word' id='word_1_820' title='bbox 2456 4670 2576 4739; x_wconf 89' lang='lat' dir='ltr'><strong>jam</strong></span> <span class='ocrx_word' id='word_1_821' title='bbox 2623 4669 2794 4724; x_wconf 90' lang='lat' dir='ltr'><strong>fuisse</strong></span> <span class='ocrx_word' id='word_1_822' title='bbox 2845 4668 2978 4722; x_wconf 83' lang='lat' dir='ltr'><strong>alibi</strong></span> <span class='ocrx_word' id='word_1_823' title='bbox 3007 4671 3192 4722; x_wconf 89' lang='lat' dir='ltr'><strong>creata</strong></span> <span class='ocrx_word' id='word_1_824' title='bbox 3217 4671 3271 4719; x_wconf 91' lang='lat' dir='ltr'><strong>et</strong></span> <span class='ocrx_word' id='word_1_825' title='bbox 3319 4665 3570 4731; x_wconf 90' lang='lat' dir='ltr'><strong>aliunde,</strong></span> <span class='ocrx_word' id='word_1_826' title='bbox 3618 4682 3747 4736; x_wconf 59' lang='lat' dir='ltr'><strong>quin</strong></span> <span class='ocrx_word' id='word_1_827' title='bbox 3780 4670 3851 4721; x_wconf 89' lang='lat' dir='ltr'><strong>tu</strong></span> 
     </span>
    </p>
   </div>
   <div class='ocr_carea' id='block_1_110' title="bbox 2147 4757 3850 4828">
    <p class='ocr_par' dir='ltr' id='par_1_110' title="bbox 2147 4757 3850 4828">
     <span class='ocr_line' id='line_1_110' title="bbox 2147 4757 3850 4828; baseline -0.002 -15"><span class='ocrx_word' id='word_1_828' title='bbox 2147 4759 2514 4814; x_wconf 87' lang='lat' dir='ltr'><strong>contraheres</strong></span> <span class='ocrx_word' id='word_1_829' title='bbox 2556 4762 2610 4812; x_wconf 92' lang='lat' dir='ltr'><strong>et</strong></span> <span class='ocrx_word' id='word_1_830' title='bbox 2639 4757 3068 4828; x_wconf 87' lang='lat' dir='ltr'><strong>compaginares</strong></span> <span class='ocrx_word' id='word_1_831' title='bbox 3112 4759 3280 4824; x_wconf 88' lang='lat' dir='ltr'><strong>atque</strong></span> <span class='ocrx_word' id='word_1_832' title='bbox 3321 4757 3670 4822; x_wconf 83' lang='lat' dir='ltr'><strong>contexeres,</strong></span> <span class='ocrx_word' id='word_1_833' title='bbox 3711 4770 3850 4810; x_wconf 86' lang='lat' dir='ltr'><strong>cum</strong></span> 
     </span>
    </p>
   </div>
   <div class='ocr_carea' id='block_1_111' title="bbox 2147 4843 3851 4909">
    <p class='ocr_par' dir='ltr' id='par_1_111' title="bbox 2147 4843 3851 4909">
     <span class='ocr_line' id='line_1_111' title="bbox 2147 4843 3851 4909; baseline -0.002 -7"><span class='ocrx_word' id='word_1_834' title='bbox 2147 4849 2216 4902; x_wconf 91' lang='lat' dir='ltr'><strong>de</strong></span> <span class='ocrx_word' id='word_1_835' title='bbox 2264 4847 2522 4902; x_wconf 90' lang='lat' dir='ltr'><strong>hostibus</strong></span> <span class='ocrx_word' id='word_1_836' title='bbox 2567 4847 2726 4901; x_wconf 90' lang='lat' dir='ltr'><strong>victis</strong></span> <span class='ocrx_word' id='word_1_837' title='bbox 2774 4846 3062 4900; x_wconf 89' lang='lat' dir='ltr'><strong>mundana</strong></span> <span class='ocrx_word' id='word_1_838' title='bbox 3109 4844 3321 4898; x_wconf 83' lang='lat' dir='ltr'><strong>moenia</strong></span> <span class='ocrx_word' id='word_1_839' title='bbox 3349 4843 3652 4909; x_wconf 89' lang='lat' dir='ltr'><strong>molireris,</strong></span> <span class='ocrx_word' id='word_1_840' title='bbox 3685 4848 3749 4896; x_wconf 91' lang='lat' dir='ltr'><strong>ut</strong></span> <span class='ocrx_word' id='word_1_841' title='bbox 3777 4861 3851 4898; x_wconf 91' lang='lat' dir='ltr'><strong>ea</strong></span> 
     </span>
    </p>
   </div>
   <div class='ocr_carea' id='block_1_112' title="bbox 2146 4934 3850 5004">
    <p class='ocr_par' dir='ltr' id='par_1_112' title="bbox 2146 4934 3850 5004">
     <span class='ocr_line' id='line_1_112' title="bbox 2146 4934 3850 5004; baseline -0.002 -11"><span class='ocrx_word' id='word_1_842' title='bbox 2146 4938 2565 4993; x_wconf 90' lang='lat' dir='ltr'><strong>constructione</strong></span> <span class='ocrx_word' id='word_1_843' title='bbox 2597 4937 2904 5004; x_wconf 74' lang='lat' dir='ltr'><strong>devincti‘,</strong></span> <span class='ocrx_word' id='word_1_844' title='bbox 2949 4935 3214 4989; x_wconf 90' lang='lat' dir='ltr'><strong>adversus</strong></span> <span class='ocrx_word' id='word_1_845' title='bbox 3243 4941 3297 4988; x_wconf 91' lang='lat' dir='ltr'><strong>te</strong></span> <span class='ocrx_word' id='word_1_846' title='bbox 3327 4935 3537 4988; x_wconf 89' lang='lat' dir='ltr'><strong>iterum</strong></span> <span class='ocrx_word' id='word_1_847' title='bbox 3567 4934 3850 4989; x_wconf 89' lang='lat' dir='ltr'><strong>rebellare</strong></span> 
     </span>
    </p>
   </div>
   <div class='ocr_carea' id='block_1_113' title="bbox 2147 5021 3850 5097">
    <p class='ocr_par' dir='ltr' id='par_1_113' title="bbox 2147 5021 3850 5097">
     <span class='ocr_line' id='line_1_113' title="bbox 2147 5021 3850 5097; baseline -0.002 -17"><span class='ocrx_word' id='word_1_848' title='bbox 2147 5043 2265 5081; x_wconf 93' lang='lat' dir='ltr'><strong>non</strong></span> <span class='ocrx_word' id='word_1_849' title='bbox 2294 5030 2541 5097; x_wconf 90' lang='lat' dir='ltr'><strong>possent.</strong></span> <span class='ocrx_word' id='word_1_850' title='bbox 2587 5025 2712 5078; x_wconf 80' lang='lat' dir='ltr'><strong>Alia</strong></span> <span class='ocrx_word' id='word_1_851' title='bbox 2757 5040 2890 5077; x_wconf 88' lang='lat' dir='ltr'><strong>vero</strong></span> <span class='ocrx_word' id='word_1_852' title='bbox 2939 5039 3042 5076; x_wconf 88' lang='lat' dir='ltr'><strong>nec</strong></span> <span class='ocrx_word' id='word_1_853' title='bbox 3089 5023 3286 5076; x_wconf 90' lang='lat' dir='ltr'><strong>fecisse</strong></span> <span class='ocrx_word' id='word_1_854' title='bbox 3334 5027 3410 5088; x_wconf 88' lang='lat' dir='ltr'><strong>te,</strong></span> <span class='ocrx_word' id='word_1_855' title='bbox 3461 5037 3564 5076; x_wconf 88' lang='lat' dir='ltr'><strong>nec</strong></span> <span class='ocrx_word' id='word_1_856' title='bbox 3606 5021 3850 5076; x_wconf 92' lang='lat' dir='ltr'><strong>omnino</strong></span> 
     </span>
    </p>
   </div>
   <div class='ocr_carea' id='block_1_114' title="bbox 2147 5110 3851 5185">
    <p class='ocr_par' dir='ltr' id='par_1_114' title="bbox 2147 5110 3851 5185">
     <span class='ocr_line' id='line_1_114' title="bbox 2147 5110 3851 5185; baseline -0.004 -16"><span class='ocrx_word' id='word_1_857' title='bbox 2147 5115 2523 5185; x_wconf 82' lang='lat' dir='ltr'><strong>compegisse,</strong></span> <span class='ocrx_word' id='word_1_858' title='bbox 2564 5113 2710 5167; x_wconf 91' lang='lat' dir='ltr'><strong>sicut</strong></span> <span class='ocrx_word' id='word_1_859' title='bbox 2743 5129 2941 5166; x_wconf 87' lang='lat' dir='ltr'><strong>omnes</strong></span> <span class='ocrx_word' id='word_1_860' title='bbox 2970 5128 3166 5166; x_wconf 90' lang='lat' dir='ltr'><strong>carnes</strong></span> <span class='ocrx_word' id='word_1_861' title='bbox 3197 5117 3251 5166; x_wconf 93' lang='lat' dir='ltr'><strong>et</strong></span> <span class='ocrx_word' id='word_1_862' title='bbox 3275 5110 3658 5165; x_wconf 90' lang='lat' dir='ltr'><strong>minutissima</strong></span> <span class='ocrx_word' id='word_1_863' title='bbox 3683 5126 3851 5180; x_wconf 67' lang='lat' dir='ltr'><strong>quae-</strong></span> 
     </span>
    </p>
   </div>
   <div class='ocr_carea' id='block_1_115' title="bbox 2211 5197 3851 5260">
    <p class='ocr_par' dir='ltr' id='par_1_115' title="bbox 2211 5197 3851 5260">
     <span class='ocr_line' id='line_1_115' title="bbox 2211 5197 3851 5260; baseline -0.001 -9"><span class='ocrx_word' id='word_1_864' title='bbox 2211 5206 2225 5238; x_wconf 78' lang='grc'><strong>1</strong></span> <span class='ocrx_word' id='word_1_865' title='bbox 2257 5205 2314 5251; x_wconf 89' lang='lat' dir='ltr'><strong>lu</strong></span> <span class='ocrx_word' id='word_1_866' title='bbox 2337 5203 2479 5260; x_wconf 90' lang='lat' dir='ltr'><strong>Mss.,</strong></span> <span class='ocrx_word' id='word_1_867' title='bbox 2512 5201 2772 5251; x_wconf 82' lang='lat' dir='ltr'><strong>videmus.</strong></span> <span class='ocrx_word' id='word_1_868' title='bbox 2795 5229 2850 5235; x_wconf 94' lang='lat'><strong>—</strong></span> <span class='ocrx_word' id='word_1_869' title='bbox 2873 5202 3072 5259; x_wconf 87' lang='lat' dir='ltr'><strong>Quibus</strong></span> <span class='ocrx_word' id='word_1_870' title='bbox 3094 5201 3453 5250; x_wconf 85' lang='lat' dir='ltr'><strong>assentiuntur</strong></span> <span class='ocrx_word' id='word_1_871' title='bbox 3467 5201 3616 5248; x_wconf 88' lang='lat' dir='ltr'><strong>Mart.</strong></span> <span class='ocrx_word' id='word_1_872' title='bbox 3635 5197 3772 5248; x_wconf 88' lang='lat' dir='ltr'><strong>Flor.</strong></span> <span class='ocrx_word' id='word_1_873' title='bbox 3792 5205 3851 5249; x_wconf 86' lang='lat' dir='ltr'><strong>et</strong></span> 
     </span>
    </p>
   </div>
   <div class='ocr_carea' id='block_1_116' title="bbox 2147 5263 2967 5326">
    <p class='ocr_par' dir='ltr' id='par_1_116' title="bbox 2147 5263 2967 5326">
     <span class='ocr_line' id='line_1_116' title="bbox 2147 5263 2967 5326; baseline -0.002 -12"><span class='ocrx_word' id='word_1_874' title='bbox 2147 5266 2315 5314; x_wconf 82' lang='lat' dir='ltr'><strong>Rond.</strong></span> <span class='ocrx_word' id='word_1_875' title='bbox 2345 5279 2463 5312; x_wconf 86' lang='lat' dir='ltr'><strong>cum</strong></span> <span class='ocrx_word' id='word_1_876' title='bbox 2487 5263 2687 5326; x_wconf 84' lang='lat' dir='ltr'><strong>aliquot</strong></span> <span class='ocrx_word' id='word_1_877' title='bbox 2712 5265 2845 5326; x_wconf 74' lang='lat' dir='ltr'><strong>Mss.</strong></span> <span class='ocrx_word' id='word_1_878' title='bbox 2900 5265 2967 5312; x_wconf 91' lang='lat' dir='ltr'><strong>M.</strong></span> 
     </span>
    </p>
   </div>
   <div class='ocr_carea' id='block_1_117' title="bbox 2206 5325 3137 5388">
    <p class='ocr_par' dir='ltr' id='par_1_117' title="bbox 2206 5325 3137 5388">
     <span class='ocr_line' id='line_1_117' title="bbox 2206 5325 3137 5388; baseline -0.004 -12"><span class='ocrx_word' id='word_1_879' title='bbox 2206 5331 2227 5363; x_wconf 72' lang='lat'><strong><em>9</em></strong></span> <span class='ocrx_word' id='word_1_880' title='bbox 2250 5328 2393 5383; x_wconf 88' lang='lat' dir='ltr'><strong>Lov.,</strong></span> <span class='ocrx_word' id='word_1_881' title='bbox 2425 5325 2562 5388; x_wconf 83' lang='lat' dir='ltr'><strong>illud</strong></span> <span class='ocrx_word' id='word_1_882' title='bbox 2583 5325 2748 5388; x_wconf 82' lang='lat' dir='ltr'><strong>atque</strong></span> <span class='ocrx_word' id='word_1_883' title='bbox 2771 5325 2920 5375; x_wconf 87' lang='lat' dir='ltr'><strong>aliud</strong></span> <span class='ocrx_word' id='word_1_884' title='bbox 2940 5325 3137 5375; x_wconf 83' lang='lat' dir='ltr'><strong>vidisti.</strong></span> 
     </span>
    </p>
   </div>
   <div class='ocr_carea' id='block_1_118' title="bbox 2206 5385 3846 5451">
    <p class='ocr_par' dir='ltr' id='par_1_118' title="bbox 2206 5385 3846 5451">
     <span class='ocr_line' id='line_1_118' title="bbox 2206 5385 3846 5451; baseline -0.002 -14"><span class='ocrx_word' id='word_1_885' title='bbox 2206 5392 2227 5424; x_wconf 74' lang='lat'>3</span> <span class='ocrx_word' id='word_1_886' title='bbox 2257 5391 2334 5437; x_wconf 84' lang='lat' dir='ltr'><strong>lta</strong></span> <span class='ocrx_word' id='word_1_887' title='bbox 2358 5389 2484 5451; x_wconf 87' lang='lat' dir='ltr'><strong>Mss.</strong></span> <span class='ocrx_word' id='word_1_888' title='bbox 2516 5385 2754 5451; x_wconf 82' lang='lat' dir='ltr'><strong>plerique</strong></span> <span class='ocrx_word' id='word_1_889' title='bbox 2776 5402 2894 5436; x_wconf 89' lang='lat' dir='ltr'><strong>cum</strong></span> <span class='ocrx_word' id='word_1_890' title='bbox 2913 5389 3069 5448; x_wconf 82' lang='lat' dir='ltr'><strong>Arn.;</strong></span> <span class='ocrx_word' id='word_1_891' title='bbox 3092 5391 3146 5436; x_wconf 88' lang='lat' dir='ltr'><strong>at</strong></span> <span class='ocrx_word' id='word_1_892' title='bbox 3171 5387 3294 5437; x_wconf 85' lang='lat' dir='ltr'><strong>Lov.</strong></span> <span class='ocrx_word' id='word_1_893' title='bbox 3320 5387 3538 5449; x_wconf 73' lang='lat' dir='ltr'><strong>aliaeque</strong></span> <span class='ocrx_word' id='word_1_894' title='bbox 3561 5385 3846 5446; x_wconf 88' lang='lat' dir='ltr'><strong>editiones,</strong></span> 
     </span>
    </p>
   </div>
   <div class='ocr_carea' id='block_1_119' title="bbox 2144 5450 2916 5504">
    <p class='ocr_par' dir='ltr' id='par_1_119' title="bbox 2144 5450 2916 5504">
     <span class='ocr_line' id='line_1_119' title="bbox 2144 5450 2916 5504; baseline -0.005 0"><span class='ocrx_word' id='word_1_895' title='bbox 2144 5453 2242 5504; x_wconf 82' lang='lat' dir='ltr'><strong>hoc</strong></span> <span class='ocrx_word' id='word_1_896' title='bbox 2272 5450 2431 5500; x_wconf 82' lang='lat' dir='ltr'><strong>modo</strong></span> <span class='ocrx_word' id='word_1_897' title='bbox 2459 5450 2710 5500; x_wconf 75' lang='lat' dir='ltr'><strong>dicuntur</strong></span> <span class='ocrx_word' id='word_1_898' title='bbox 2740 5453 2916 5500; x_wconf 85' lang='lat' dir='ltr'><strong>etiam.</strong></span> 
     </span>
    </p>
   </div>
   <div class='ocr_carea' id='block_1_120' title="bbox 2207 5509 3845 5624">
    <p class='ocr_par' dir='ltr' id='par_1_120' title="bbox 2207 5509 3845 5624">
     <span class='ocr_line' id='line_1_120' title="bbox 2207 5509 3845 5624; baseline -0.004 -62"><span class='ocrx_word' id='word_1_899' title='bbox 2207 5517 2227 5549; x_wconf 65' lang='grc' dir='ltr'><strong><em>ι</em></strong></span> <span class='ocrx_word' id='word_1_900' title='bbox 2252 5514 2334 5562; x_wconf 91' lang='lat' dir='ltr'><strong>Sic</strong></span> <span class='ocrx_word' id='word_1_901' title='bbox 2363 5513 2812 5624; x_wconf 52' lang='lat' dir='ltr'><strong>legendum‘juxta</strong></span> <span class='ocrx_word' id='word_1_902' title='bbox 2837 5515 2956 5561; x_wconf 85' lang='lat' dir='ltr'><strong>Mss.</strong></span> <span class='ocrx_word' id='word_1_903' title='bbox 2985 5512 3319 5574; x_wconf 84' lang='lat' dir='ltr'><strong>Anglicauos.</strong></span> <span class='ocrx_word' id='word_1_904' title='bbox 3341 5537 3399 5547; x_wconf 89' lang='lat'><strong>—</strong></span> <span class='ocrx_word' id='word_1_905' title='bbox 3425 5510 3661 5573; x_wconf 74' lang='lat' dir='ltr'><strong>[Devictij</strong></span> <span class='ocrx_word' id='word_1_906' title='bbox 3690 5509 3845 5560; x_wconf 85' lang='lat' dir='ltr'><strong>Mart.</strong></span> 
     </span>
     <span class='ocr_line' id='line_1_121' title="bbox 2225 5575 3154 5624; baseline -0.002 0"><span class='ocrx_word' id='word_1_907' title='bbox 2225 5577 2394 5624; x_wconf 79' lang='lat' dir='ltr'><strong>Rond.</strong></span> <span class='ocrx_word' id='word_1_908' title='bbox 2426 5590 2546 5624; x_wconf 88' lang='lat' dir='ltr'><strong>cum</strong></span> <span class='ocrx_word' id='word_1_909' title='bbox 2573 5579 2600 5624; x_wconf 90' lang='lat'><strong><em>3</em></strong></span> <span class='ocrx_word' id='word_1_910' title='bbox 2627 5577 2654 5624; x_wconf 62' lang='lat' dir='ltr'><strong>lt</strong></span> <span class='ocrx_word' id='word_1_911' title='bbox 2679 5591 2746 5624; x_wconf 86' lang='lat' dir='ltr'><strong>ss.</strong></span> <span class='ocrx_word' id='word_1_912' title='bbox 2775 5577 3018 5624; x_wconf 79' lang='lat' dir='ltr'><strong>devincti.</strong></span> <span class='ocrx_word' id='word_1_913' title='bbox 3085 5575 3154 5623; x_wconf 88' lang='lat' dir='ltr'><strong>M.</strong></span> 
     </span>
    </p>
   </div>
   <div class='ocr_carea' id='block_1_121' title="bbox 2146 5575 3154 5626">
    <p class='ocr_par' dir='ltr' id='par_1_121' title="bbox 2146 5575 3154 5626">
     <span class='ocr_line' id='line_1_122' title="bbox 2146 5575 3154 5626; baseline -0.004 0"><span class='ocrx_word' id='word_1_914' title='bbox 2146 5581 2198 5626; x_wconf 88' lang='lat' dir='ltr'><strong>et</strong></span> <span class='ocrx_word' id='word_1_915' title='bbox 2225 5577 2394 5626; x_wconf 78' lang='lat' dir='ltr'><strong>Rond.</strong></span> <span class='ocrx_word' id='word_1_916' title='bbox 2426 5590 2546 5625; x_wconf 88' lang='lat' dir='ltr'><strong>cum</strong></span> <span class='ocrx_word' id='word_1_917' title='bbox 2573 5579 2600 5625; x_wconf 89' lang='lat'><strong><em>3</em></strong></span> <span class='ocrx_word' id='word_1_918' title='bbox 2627 5575 2746 5624; x_wconf 84' lang='lat' dir='ltr'><strong>Mss.</strong></span> <span class='ocrx_word' id='word_1_919' title='bbox 2775 5577 3018 5626; x_wconf 77' lang='lat' dir='ltr'><strong>devincti.</strong></span> <span class='ocrx_word' id='word_1_920' title='bbox 3085 5575 3154 5623; x_wconf 86' lang='lat' dir='ltr'><strong>M.</strong></span> 
     </span>
    </p>
   </div>
  </div>
