4058 6374
103 308 325 381 ‘865'

179 464 276 521 que
306 445 638 513 animantia,
671 449 726 500 et
755 442 1035 516 quidquid
1081 445 1365 502 radicibus
1402 451 1617 501 terram
1666 451 1859 502 tenet:

180 536 262 590 sed
290 535 554 590 hostilem
587 538 836 588 mentem
874 538 1253 606 naturamque
1295 535 1492 603 aliam,
1534 552 1650 591 non
1682 537 1781 590 abs
1805 539 1862 590 te

178 622 467 688 conditam,
509 622 726 693 tibique
765 622 1129 690 contrariam,
1161 622 1220 676 in
1251 621 1625 677 inferioribus
1656 623 1862 679 mundi

183 711 301 766 locis
329 711 435 765 ista
467 711 704 781 gignere
751 716 920 782 atque
959 711 1224 766 formare.
1273 711 1466 765 Insani
1513 713 1710 766 dicunt
1739 713 1862 766 haec

180 800 433 872 quoniam
459 817 571 854 non
589 817 692 871 per
711 800 987 870 Spiritum
1009 804 1171 854 tuum
1191 800 1379 855 vident
1400 817 1574 872 opera
1603 805 1722 871 tua,
1760 817 1863 855 nec

181 895 226 944 te
252 893 598 960 cognoscunt
625 890 686 944 in
715 890 814 943 eis.

798 979 1022 1034 CAPUT
1059 979 1231 1034 XXXI.

453 1068 569 1121 Piis
595 1067 736 1121 idem
759 1068 1027 1136 probatur
1056 1068 1199 1137 quod
1225 1071 1327 1122 Deo
1351 1068 1579 1138 placuit.

245 1157 329 1210 46.
363 1154 472 1219 Qui
502 1159 692 1209 autem
723 1171 826 1226 per
854 1155 1125 1225 Spiritum
1163 1162 1328 1223 tuum
1356 1156 1548 1211 vident
1577 1173 1664 1226 ea,
1690 1159 1753 1210 tu
1781 1156 1867 1210 vi-

187 1246 272 1299 des
299 1243 358 1298 in
389 1243 487 1298 eis.
525 1245 668 1314 Ergo
699 1260 828 1298 cum
863 1245 1058 1298 vident
1094 1245 1228 1316 quia
1255 1246 1408 1300 bona
1437 1250 1590 1311 sunt,
1619 1250 1680 1300 tu
1711 1246 1868 1299 vides

186 1333 306 1404 quia
334 1331 487 1386 bona
505 1338 672 1387 sunt:
707 1336 762 1386 et
791 1349 1165 1405 quaecumque
1189 1343 1422 1404 propter
1443 1339 1495 1388 te
1526 1335 1772 1405 placent,
1805 1339 1870 1388 tu

186 1422 238 1475 in
261 1421 336 1474 eis
379 1418 640 1490 places‘;
687 1425 743 1474 et
792 1437 921 1492 quas
969 1438 1074 1492 per
1123 1422 1399 1492 Spiritum
1447 1427 1610 1476 tuum
1644 1424 1871 1492 placent

189 1509 356 1575 nobis,
388 1509 492 1562 tibi
521 1510 748 1579 placent
785 1510 844 1564 in
882 1510 1066 1565 nobis.
1105 1513 1238 1576 Quis
1269 1514 1409 1565 enim
1448 1513 1550 1565 scit
1596 1513 1869 1565 hominum

185 1615 289 1668 quas
315 1603 439 1652 sunt
463 1600 713 1666 hominis,
747 1603 856 1654 nisi
879 1602 1108 1669 spiritus
1131 1602 1364 1654 hominis
1397 1603 1498 1668 qui
1522 1603 1578 1653 in.
1609 1603 1726 1670 ipso
1753 1604 1870 1655 est?

187 1691 252 1740 sic
286 1694 332 1740 et
382 1704 501 1755 quae
530 1691 627 1742 Dei
673 1694 799 1742 sunt
835 1705 984 1742 nemo
1031 1692 1152 1754 scit,
1196 1692 1307 1743 nisi
1336 1691 1576 1758 Spiritus
1613 1693 1722 1743 Dei.
1762 1692 1870 1745 Nos

132 1831 142 1846 η
185 1780 369 1842 autem,
386 1774 592 1844 inquit,
623 1790 728 1829 non
751 1777 1008 1843 spiritum
1031 1776 1193 1844 hujus
1217 1777 1410 1829 mundi
1435 1779 1756 1844 accepimus,
1779 1777 1872 1829 sed

186 1865 440 1932 Spiritum
480 1866 576 1931 qui
615 1879 682 1917 em
710 1867 814 1918 Deo
841 1868 938 1930 est,
969 1868 1027 1916 ut
1057 1866 1290 1918 sciamus
1332 1880 1449 1932 qua:
1479 1881 1512 1917 a
1546 1868 1644 1918 Deo
1671 1865 1871 1918 donata

188 1956 299 2004 sunt
324 1951 473 2005 nobis
508 1953 548 2011 (Ι
580 1953 700 2008 Cor.
730 1969 790 2018 ιι,
828 1955 912 2014 ll,
955 1953 1063 2022 12).
1098 1953 1164 2006 Et
1207 1952 1522 2006 admoneor
1553 1957 1618 2006 ut
1647 1952 1870 2006 dicam:

192 2040 342 2093 Certe
376 2056 542 2094 nemo
577 2039 677 2094 scit
700 2057 828 2111 quin
862 2039 967 2093 Dei
990 2044 1139 2106 sunt,
1171 2040 1282 2094 nisi
1306 2040 1549 2110 Spiritus
1579 2040 1697 2093 Dei.
1734 2040 1877 2104 Quo-

191 2128 347 2182 modo
377 2145 511 2199 ergo
541 2127 751 2183 scimus
781 2132 836 2183 et
868 2145 972 2182 nos
1004 2145 1132 2199 quae
1164 2145 1196 2183 a
1229 2131 1343 2182 Deo
1376 2129 1583 2182 donata
1612 2134 1743 2183 sunt
1773 2145 1877 2181 no-

191 2217 305 2270 bis?
333 2217 728 2287 Respondetur
766 2216 909 2270 mihi
951 2216 1221 2287 quoniam
1265 2232 1391 2287 quae
1416 2233 1521 2286 per
1550 2216 1670 2286 ejus
1697 2216 1874 2286 Spiri-

195 2309 300 2359 tum
346 2305 578 2368 scimus,
621 2305 794 2359 etiam
842 2305 920 2359 sic
966 2321 1115 2359 nemo
1158 2307 1278 2372 scit,
1324 2307 1436 2359 nisi
1470 2306 1712 2374 Spiritus
1761 2307 1873 2358 Dei.

192 2394 332 2448 Sicut
355 2394 510 2448 enim
537 2399 690 2448 recte
713 2394 926 2448 dictum
958 2398 1064 2460 est,
1094 2395 1210 2450 Non
1236 2396 1377 2448 enim
1405 2409 1496 2448 vos
1525 2396 1652 2448 estis
1679 2395 1776 2462 qui
1807 2395 1878 2447 lo-

194 2485 416 2550 quimini
448 2484 668 2551 (Matth.
701 2499 757 2549 x,
800 2482 908 2552 20),
943 2482 1023 2536 eis
1064 2482 1164 2553 qui
1193 2481 1252 2536 in
1291 2482 1504 2553 Spiritu
1535 2484 1649 2536 Deo
1679 2483 1878 2552 loque-

195 2575 412 2637 rentur;
444 2571 522 2624 sic
551 2575 700 2624 recte
729 2570 954 2639 dicitur,
998 2571 1123 2624 Non
1161 2586 1259 2623 vos
1301 2570 1433 2624 estis
1463 2570 1561 2640 qui
1592 2570 1766 2639 scitis,
1799 2571 1880 2624 eis

193 2658 281 2728 qui
307 2659 363 2712 in
386 2659 488 2712 Dei
517 2659 732 2729 Spiritu
763 2659 964 2713 sciunt.
999 2657 1383 2712 Nihilominus
1418 2658 1596 2728 igitur
1621 2664 1772 2712 recte
1794 2659 1877 2712 di-

192 2746 346 2812 citur,
382 2748 508 2801 Non
532 2764 632 2802 vos
662 2748 793 2801 estis
826 2747 926 2818 qui
954 2746 1174 2812 videtis,
1211 2747 1292 2800 eis
1323 2746 1422 2817 qui
1447 2747 1505 2800 in
1536 2747 1748 2817 Spiritu
1781 2747 1877 2801 Dei

195 2835 372 2890 vident
397 2853 410 2890 :
444 2837 524 2890 ita
553 2835 831 2907 quidquid
850 2836 909 2889 in
929 2835 1138 2906 Spiritu
1173 2835 1272 2889 Dei
1291 2835 1483 2889 vident
1505 2836 1641 2906 quia
1664 2836 1879 2890 bonum

193 2928 294 2989 est;
321 2941 441 2978 non
470 2923 602 2994 ipsi,
633 2924 727 2977 sed
758 2925 903 2978 Deus
950 2923 1103 2977 videt
1144 2924 1281 2994 quia
1324 2925 1539 2978 bonum
1579 2929 1680 2978 est.
1709 2925 1880 2979 Aliud

194 3028 319 3082 ergo
348 3016 452 3080 est,
483 3017 542 3066 ut
565 3017 727 3083 putet
768 3013 1010 3084 quisque
1050 3013 1268 3066 malum
1308 3029 1428 3066 esse
1461 3013 1614 3086 quod
1661 3013 1880 3067 bonum

193 3106 288 3168 est,
337 3102 534 3172 quales
584 3101 893 3173 supradicti
941 3104 1106 3155 sunt:
1153 3101 1330 3170 aliud,
1377 3105 1441 3156 ut
1480 3102 1635 3172 quod
1666 3102 1880 3156 bonum

195 3195 288 3254 est,
336 3191 527 3245 videat
568 3191 740 3244 homo
779 3190 914 3261 quia
962 3191 1181 3244 bonum
1223 3194 1335 3258 est;
1387 3190 1530 3244 sicut
1562 3191 1756 3245 multis
1785 3197 1885 3245 tua

191 3283 447 3332 creatura
491 3279 677 3349 placet
721 3279 852 3349 quia
883 3279 1030 3333 bona
1068 3283 1172 3345 est,
1216 3279 1422 3350 quibus
1453 3284 1646 3334 tamen
1673 3296 1792 3333 non
1822 3285 1884 3333 tu

195 3367 373 3435 places
415 3367 476 3422 in
507 3383 596 3437 ea,
641 3368 795 3421 unde
824 3367 938 3421 frui
981 3367 1164 3438 magis
1195 3367 1318 3438 ipsa
1345 3384 1517 3439 quam
1565 3373 1619 3422 te
1644 3369 1882 3423 volunt:

195 3456 344 3510 aliud
376 3461 590 3523 autem,
625 3459 684 3509 ut
709 3472 841 3510 curn
868 3455 1086 3528 aliquid
1119 3457 1272 3511 videt
1301 3457 1472 3512 homo
1504 3457 1638 3528 quia
1666 3458 1885 3512 bonum

194 3550 291 3611 est,
324 3547 472 3600 Deus
493 3545 555 3599 in
575 3545 674 3599 illo
696 3546 883 3600 videat
907 3544 1043 3616 quia
1072 3545 1291 3602 bonum
1321 3551 1432 3606 est,
1457 3552 1521 3600 ut
1549 3547 1762 3601 scilicet
1791 3547 1886 3600 ille

195 3637 410 3687 ametur
439 3633 503 3687 in
539 3649 605 3688 eo
644 3634 796 3704 quod
834 3633 986 3701 fecit,
1030 3634 1130 3704 qui
1166 3651 1283 3689 non
1321 3639 1610 3689 amaretur
1647 3635 1756 3689 nisi
1784 3651 1889 3704 per

195 3720 465 3790 Spiritum
496 3727 753 3776 sanctum
785 3739 956 3793 quem
989 3723 1170 3789 dedit;
1206 3723 1481 3796 quoniam
1510 3724 1756 3778 charitas
1788 3723 1887 3776 Dei

196 3809 394 3864 diffusa
423 3814 508 3865 est
536 3811 598 3864 in
620 3810 902 3865 "cordibus
932 3811 1138 3865 nostris
1175 3828 1278 3882 per
1314 3812 1591 3882 Spiritum
1629 3817 1886 3867 sanctum

193 3898 286 3968 qui
311 3899 479 3955 datus
528 3903 613 3955 est
650 3900 814 3954 nobis
837 3902 1020 3972 (Rom.
1078 3917 1130 3966 v,
1161 3901 1238 3969 5),
1271 3917 1373 3972 per
1413 3918 1586 3971 quem
1628 3901 1889 3956 videmus

194 3987 323 4056 quia
355 3989 572 4042 bonum
621 3992 706 4042 est
743 3988 1022 4059 quidquid
1072 3988 1264 4059 aliquo
1313 3990 1485 4043 modo
1529 3994 1642 4043 est:
1686 3990 1755 4043 ab
1795 3990 1891 4044 illo

194 4077 344 4131 enim
375 4082 483 4141 est,
517 4076 618 4148 qui
643 4093 758 4131 non
781 4077 972 4147 aliquo
996 4078 1164 4131 modo
1189 4082 1291 4145 est,
1321 4078 1419 4132 sed
1441 4078 1590 4150 quod
1611 4081 1714 4147 est,
1741 4083 1825 4133 est
1846 4077 1885 4132 ³.

809 4167 1034 4219 CAPUT
1074 4167 1274 4222 XXXII.

584 4255 903 4324 Compendio
935 4260 1158 4309 enarrat
1196 4271 1358 4324 opera
1386 4258 1502 4310 Dei.

259 4347 348 4398 47.
403 4343 627 4400 Gratias
671 4343 798 4410 tibi,
848 4343 1106 4397 Domine.
1157 4343 1425 4398 Videmus
1463 4343 1671 4397 cmlum
1699 4348 1757 4398 et
1782 4347 1893 4398 ter-

194 4449 330 4499 ram,
366 4433 488 4488 sive
520 4434 869 4504 corporalem
905 4437 1127 4503 partem
1164 4432 1517 4502 superiorem
1545 4437 1716 4503 atque
1747 4432 1892 4487 infe-

194 4522 423 4588 riorem,
471 4522 588 4576 sive
614 4521 980 4592 fspiritualem
1029 4523 1500 4592 corporalemque
1531 4526 1892 4590 creaturam;

194 4615 360 4681 atque
387 4611 453 4664 in
485 4609 735 4664 ornatu15
762 4611 968 4664 harum
1007 4610 1260 4680 partium
1299 4611 1507 4681 quibus
1545 4615 1767 4665 constat
1805 4611 1892 4664 vel

193 4699 462 4753 universa
484 4698 684 4753 mundi
705 4700 900 4763 moles,
936 4699 1020 4752 vel
1051 4699 1314 4754 universa
1342 4700 1577 4754 omnino
1608 4705 1894 4767 creatura,

192 4787 449 4842 videmus
481 4788 667 4841 lucem
698 4787 925 4855 factam,
957 4788 1308 4858 divisamque
1338 4806 1371 4842 a
1401 4789 1679 4844 tenebris.
1719 4788 1894 4842 Vide-

194 4890 316 4929 mus
347 4876 785 4930 firmamentum
816 4875 941 4929 cceli
971 4893 983 4930 :
1025 4875 1139 4928 sive
1170 4875 1319 4929 inter
1357 4875 1682 4946 spirituales
1721 4892 1898 4946 aquas

193 4965 521 5035 superiores
559 4968 617 5018 et
659 4964 979 5034 corporales
1025 4964 1324 5018 inferiores
1364 4965 1501 5035 (Lib.
1544 4968 1578 5019 2
1608 4967 1850 5021 Retract.
1881 5006 1895 5031 ,

191 5069 310 5123 cap.
340 5071 419 5122 vr,
452 5070 512 5108 η.
535 5055 616 5124 2),
649 5053 988 5123 primarium
1005 5069 1210 5124 corpus
1241 5053 1472 5122 mundi;
1497 5053 1611 5108 sive
1639 5054 1748 5108 hoc
1773 5070 1898 5125 spa-

192 5142 334 5197 tium
366 5143 543 5210 aeris,
586 5141 722 5212 quia
751 5146 806 5196 et
834 5142 941 5196 hoc
971 5147 1200 5198 vocatur
1227 5144 1454 5210 caelum,
1485 5160 1588 5215 per
1617 5143 1770 5214 quod
1800 5144 1896 5198 va-

191 5237 403 5302 gantur
421 5229 683 5284 volatilia
717 5231 844 5284 cceli
873 5231 1021 5284 inter
1057 5247 1234 5301 aquas
1274 5248 1402 5302 quas
1446 5232 1790 5303 vaporaliter
1820 5231 1899 5286 eis

193 5321 661 5391 superferuntur,
685 5322 741 5372 et
759 5318 972 5372 serenis
1000 5319 1173 5374 etiam
1196 5321 1454 5376 noctibus
1471 5324 1683 5388 rorant,
1714 5323 1768 5375 et
1798 5320 1899 5374 has

252 5449 265 5479 ¹
300 5444 433 5493 Bad.
467 5444 584 5492 Am.
612 5443 697 5507 Er.
730 5443 886 5502 Lov.,
913 5443 1235 5507 complaces.

251 5510 270 5541 ²
299 5507 404 5557 Sed
435 5511 523 5555 est
548 5513 642 5562 est,
668 5505 818 5568 juxta
853 5508 874 5552 4
907 5505 1194 5568 Mssfapud
1222 5507 1370 5556 Mart.
1437 5508 1504 5556 Μ.

256 5572 273 5602 ³
305 5573 366 5621 In
397 5567 682 5628 ornatum,
708 5567 861 5631 juxta
884 5569 911 5618 3
947 5569 1069 5618 Mss.
1090 5567 1237 5631 apud
1264 5569 1414 5619 Mart.
1480 5570 1549 5618 M.

1446 323 1659 380 LIBER
1714 321 2028 379 DECIMUS
2075 324 2400 382 TERTIUS.

3559 333 3662 387 866

1973 465 2102 520 quas
2132 449 2192 504 in
2220 451 2384 505 terris
2413 467 2610 522 graves
2629 449 2874 505 ﬂuitant.
2904 450 3171 505 Videmus
3195 458 3671 524 congregatarum

1970 553 2252 608 aquarum
2279 539 2525 609 speciem
2570 555 2674 609 per
2716 555 2944 609 campos
2971 540 3180 606 maris;
3218 545 3274 594 et
3305 541 3526 597 aridam
3555 548 3672 597 ter-

1973 643 2117 693 ram,
2150 628 2237 681 vel
2268 628 2558 694 nudatam,
2588 629 2676 682 vel
2706 629 3010 682 formatam
3052 632 3113 682 ut
3159 634 3308 684 esset
3334 630 3571 685 visibilis
3617 637 3674 687 et

1975 703 2308 786 composita,
2340 717 2762 788 herbarumque
2791 721 2962 789 atque
3020 718 3291 772 arborum
3353 721 3672 775 materiem.

1975 804 2242 858 Videmus
2281 803 2582 858 luminaria
2613 805 2830 874 fulgere
2856 806 3102 876 desuper
3130 824 3143 871 ;
3180 809 3361 862 solem
3414 809 3672 863 sufﬁcere

1977 891 2112 960 diei,
2142 893 2338 946 lunam
2385 895 2440 945 et
2482 893 2671 945 stellas
2715 893 2995 947 consolari
3037 900 3284 960 noctem,
3356 900 3526 967 atque
3582 897 3674 950 his

1977 979 2244 1033 omnibus
2273 979 2464 1034 notari
2493 983 2550 1033 et
2575 979 2881 1049 significari
2931 984 3210 1051 tempora.
3247 984 3516 1038 Videmus
3571 985 3674 1039 hu-

1977 1067 2190 1121 midam
2220 1083 2632 1138 usquequaque
2669 1072 2952 1133 naturam,
3009 1070 3256 1139 piscibus
3287 1076 3342 1126 et
3369 1072 3574 1128 belluis
3621 1079 3679 1128 et

1977 1156 2206 1210 alitibus
2245 1156 2625 1222 fecundatam,
2656 1156 2811 1225 quod
2840 1157 2984 1210 aeris
3014 1160 3386 1227 corpulentia,
3419 1178 3548 1232 quae
3577 1179 3677 1217 vo-

1978 1243 2123 1296 latus
2157 1243 2346 1297 avium
2378 1247 2587 1313 portat,
2642 1259 2922 1313 aquarum
2953 1244 3308 1298 exhalatione
3339 1249 3672 1305 concrescit.

1977 1331 2247 1384 Videmus
2279 1332 2522 1385 terrenis
2551 1330 2892 1384 animalibus
2921 1330 3122 1385 faciem
3154 1337 3319 1386 terra;
3373 1333 3630 1388 decorari
3662 1356 3678 1401 ;

1979 1420 2389 1490 hominemque
2449 1420 2519 1474 ad
2551 1419 2864 1489 imaginem
2919 1424 2976 1473 et
3030 1419 3467 1476 similitudinem
3522 1427 3681 1476 tuam

1979 1508 2196 1562 cunctis
2225 1507 2710 1562 irrationabilibus
2740 1507 3128 1561 animantibus
3154 1509 3278 1578 ipsa
3299 1514 3396 1564 tua
3426 1510 3676 1580 imagine

1981 1613 2044 1650 ac
2073 1596 2467 1663 similitudine,
2503 1596 2610 1649 hoc
2637 1601 2721 1649 est
2748 1595 2982 1649 rationis
3023 1601 3078 1649 et
3123 1596 3521 1668 intelligentiae
3566 1601 3675 1654 vir-

1983 1689 2124 1753 tute,
2157 1686 2439 1755 prazponi.
2469 1687 2533 1738 Et
2559 1684 3046 1755 quemadmodum
3067 1684 3126 1738 in
3156 1685 3280 1756 ejus
3303 1688 3496 1742 anima
3525 1690 3683 1743 aliud

1982 1779 2066 1827 est
2094 1774 2246 1844 quod
2277 1773 2622 1826 consulendo
2656 1771 3004 1838 dominatur,
3038 1773 3191 1826 aliud
3223 1774 3372 1843 quod
3417 1775 3682 1829 subditur

1983 1867 2046 1916 ut
2075 1863 2428 1931 obtemperet
2461 1878 2473 1915 :
2508 1861 2584 1914 sic
2605 1860 2724 1914 viro
2751 1860 2956 1914 factam
2977 1877 3098 1915 esse
3113 1861 3290 1915 etiam
3311 1863 3686 1933 corporaliter

1984 1950 2278 2017 feminam,
2313 1966 2440 2020 quae
2469 1949 2706 2003 haberet
2726 1948 3035 2020 quidemin
3061 1954 3251 2004 mente
3280 1951 3573 2005 rationalis
3596 1949 3684 2005 in-

1985 2038 2316 2109 telligentiae
2348 2055 2542 2108 parem
2583 2042 2884 2104 naturam;
2916 2054 3051 2092 sexu
3079 2042 3272 2092 tamen
3304 2039 3561 2109 corporis
3588 2039 3686 2108 ita

1985 2127 2299 2181 masculino
2330 2127 2485 2180 sexui
2510 2126 2907 2195 subjiceretur,
2931 2127 3419 2196 quemadmodum
3448 2129 3572 2198 subj
3584 2128 3683 2182 ici-

1986 2223 2081 2271 tur
2118 2217 2401 2286 appetitus
2452 2215 2670 2269 actione
2730 2216 2800 2269 ad
2855 2201 3284 2286 concipiendam
3344 2219 3412 2271 de
3462 2217 3684 2272 ratione

1988 2305 2167 2359 menti
2197 2309 2346 2357 recte
2378 2303 2580 2374 agendi
2629 2302 2940 2358 solertiam.
2990 2304 3260 2359 Videmus
3309 2305 3430 2360 huic
3482 2311 3536 2361 et
3568 2306 3684 2362 sin-

1990 2395 2123 2462 gula
2145 2393 2320 2462 bona,
2352 2396 2407 2445 et
2438 2391 2632 2446 omnia
2661 2392 2812 2444 bona
2839 2391 3020 2446 valde.

2599 2479 2822 2533 CAPUT
2855 2481 3085 2535 XXXIII.

2167 2570 2362 2623 Omnia
2389 2568 2454 2622 de
2479 2568 2650 2622 nihilo
2688 2571 2801 2622 sive
2845 2568 2909 2621 de
2939 2576 3219 2624 concreata
3257 2575 3506 2628 materia.

2061 2659 2148 2712 48.
2182 2657 2440 2712 Laudent
2468 2661 2522 2711 te
2553 2673 2726 2727 opera
2773 2663 2889 2725 tua,
2933 2662 3014 2711 'ut
3069 2675 3364 2726 amemus;
3418 2666 3473 2715 et
3530 2679 3686 2716 ame-

1991 2762 2119 2800 mus
2150 2751 2205 2800 te
2233 2743 2276 2816 ¹,
2303 2750 2368 2800 ut
2397 2747 2632 2800 laudent
2650 2750 2704 2799 te
2729 2763 2904 2816 opera
2927 2750 3046 2813 tua,
3066 2764 3195 2818 quae
3224 2749 3436 2803 habent
3454 2750 3686 2805 initium

1992 2839 2049 2889 et
2079 2834 2251 2887 ﬁnem
2285 2851 2348 2887 ex
2381 2838 2655 2904 tempore,
2697 2839 2887 2888 ortum
2926 2839 2981 2887 et
3034 2851 3314 2899 occasum,
3369 2838 3687 2906 profectum

1994 2929 2050 2977 et
2071 2923 2374 2988 defectum,
2423 2923 2670 2992 speciem
2719 2927 2773 2975 et
2829 2922 3225 2991 privationem.
3282 2925 3498 2978 Habent
3550 2941 3686 2996 ergo

1988 3011 2394 3083 consequentia
2418 3027 2582 3064 mane
2617 3015 3004 3081 etvesperam,
3028 3011 3240 3080 partim
3259 3012 3521 3076 latenter,
3557 3030 3684 3084 par-

1994 3099 2098 3153 tim
2125 3099 2435 3153 evidenter.
2467 3100 2542 3152 De
2574 3098 2754 3153 nihilo
2785 3099 2939 3152 enim
2981 3116 3013 3152 a
3043 3103 3118 3166 te,
3168 3116 3284 3154 non
3329 3102 3398 3155 de
3441 3106 3496 3155 te
3544 3102 3689 3157 facta

1996 3192 2148 3254 sunt,
2182 3203 2300 3241 non
2335 3187 2404 3242 de
2435 3187 2626 3257 aliqua
2661 3204 2778 3241 non
2821 3191 2921 3242 tua
2950 3187 2993 3254 ²,
3023 3190 3109 3242 vel
3139 3206 3267 3259 quae
3300 3196 3464 3244 antea
3489 3192 3686 3254 fuerit,

1997 3277 2095 3331 sed
2127 3276 2196 3330 de
2226 3281 2543 3342 concreata,
2583 3275 2642 3330 id
2691 3281 2775 3330 est
2830 3277 2999 3331 simul
3033 3294 3064 3330 a
3093 3281 3146 3332 te
3177 3284 3365 3333 creata
3412 3281 3689 3346 materia;

1998 3365 2133 3436 quia
2179 3366 2299 3436 ejus
2331 3365 2740 3419 informitatam
2779 3365 2900 3418 sine
2933 3365 3046 3419 ulla
3075 3367 3350 3436 temporis
3384 3367 3692 3440 interposi-

2001 3455 2154 3509 tione
2183 3453 2463 3508 formasti.
2496 3454 2637 3507 Nam
2665 3469 2794 3506 cum
2827 3453 2982 3507 aliud
3013 3454 3084 3506 sit
3114 3455 3239 3508 cmli
3271 3459 3328 3509 et
3364 3460 3533 3510 terrae
3573 3475 3694 3512 ma-

1998 3543 2190 3609 teries,
2223 3542 2377 3596 aliud
2406 3541 2530 3596 coeli
2557 3547 2613 3595 et
2644 3546 2809 3595 terrm
2841 3541 3053 3611 species
3078 3560 3090 3608 ;
3138 3543 3437 3598 materiem
3463 3545 3694 3616 quidem

2002 3639 2072 3693 de
2103 3639 2340 3693 omnino
2372 3638 2574 3702 nihilo,
2600 3639 2801 3692 mundi
2831 3643 3022 3692 autem
3057 3640 3305 3708 speciem
3361 3641 3429 3695 de
3460 3640 3694 3696 informi

2001 3729 2259 3795 materia,
2290 3729 2456 3782 simul
2487 3733 2682 3783 tamen
2712 3733 3018 3799 utrumque
3049 3729 3250 3797 fecisti,
3299 3735 3361 3784 ut
3392 3733 3692 3786 materiam

2005 3817 2206 3887 forma,
2233 3818 2392 3872 nulla
2417 3833 2593 3870 morae
2622 3818 3065 3887 intercapedine,
3096 3822 3448 3888 sequeretur.

2615 3904 2840 3957 CAPUT
2871 3905 3089 3958 XXXIV.

2177 3995 2358 4047 Totius
2387 3994 2671 4046 creationis
2700 3992 2892 4046 mundi
2920 3993 3208 4058 allegorica
3239 3996 3524 4062 expositio.

2072 4084 2168 4136 49.
2206 4081 2560 4152 Inspeximus
2578 4080 2750 4133 etiam
2763 4084 2996 4150 propter
3019 4097 3266 4151 quorum
3289 4082 3697 4153 ﬁgurationem

2005 4171 2113 4225 ista
2138 4171 2225 4224 vel
2253 4170 2353 4224 tali
2383 4169 2578 4223 ordine
2609 4169 2755 4235 fieri,
2787 4171 2874 4223 vel
2904 4169 3005 4224 tali
3022 4169 3222 4224 ordine
3253 4172 3422 4226 scribi
3442 4173 3696 4240 voluisti,

2006 4265 2061 4313 et
2086 4259 2334 4313 vidimus
2365 4259 2498 4330 quia
2543 4259 2695 4313 bona
2742 4263 2875 4313 sunt
2905 4259 3150 4329 singula,
3205 4264 3260 4314 et
3305 4261 3499 4316 omnia
3554 4263 3702 4318 bona

2006 4348 2185 4414 valde,
2208 4347 2268 4401 in
2297 4349 2480 4402 Verbo
2515 4351 2636 4413 tuo,
2669 4347 2728 4402 in
2763 4348 2935 4402 Unico
2967 4353 3065 4402 tuo
3091 4368 3106 4414 ;
3136 4350 3342 4404 coelum
3374 4355 3430 4404 et
3459 4354 3697 4418 terram,

2006 4441 2177 4509 caput
2205 4441 2260 4491 et
2315 4453 2516 4508 corpus
2575 4437 2855 4502 Ecclesiae,
2905 4437 2966 4491 in
3019 4438 3520 4509 praedestinatione
3568 4447 3702 4496 ante

2007 4526 2200 4580 omnia
2228 4530 2505 4597 tempora,
2531 4525 2654 4581 sine
2683 4542 2849 4580 mane
2876 4531 2932 4580 et
2946 4543 3201 4598 vespera.
3237 4528 3341 4582 Ubi
3372 4533 3564 4584 autem
3584 4547 3706 4586 cce-

2007 4614 2139 4684 pisti
2176 4613 2579 4685 praedestinata
2627 4614 3024 4684 temporaliter
3079 4616 3330 4686 exsequi,
3391 4623 3456 4672 ut
3486 4623 3705 4675 occulta

2009 4703 2424 4772 manifestares,
2494 4706 2552 4755 et
2614 4702 2996 4773 incomposita
3035 4708 3229 4758 nostra
3292 4722 3703 4778 componeres;

2010 4789 2285 4860 quoniam
2315 4804 2489 4859 super
2516 4804 2620 4843 nos
2650 4793 2813 4842 erant
2839 4793 3072 4859 peccata
3123 4795 3333 4852 nostra,
3386 4799 3442 4847 et
3483 4794 3544 4848 in
3571 4812 3704 4866 pro-

2008 4878 2251 4933 fundum
2280 4877 2650 4932 tenebrosum
2672 4876 2993 4931 abieramus
3023 4879 3121 4932 abs
3142 4884 3217 4948 te,
3240 4886 3296 4935 et
3315 4881 3557 4953 Spiritus
3573 4891 3705 4940 tuus

2011 4967 2192 5021 bonus
2222 4966 2684 5037 superferebatur
2712 4966 2784 5021 ad
2815 4968 3270 5024 subveniendum
3296 4972 3458 5026 nobis
3477 4973 3537 5026 in
3562 4977 3704 5027 tem-

2009 5072 2148 5127 pore
2181 5059 2504 5126 opportuno
2540 5073 2551 5111 :
2584 5061 2641 5110 et
2687 5055 3010 5126 justiﬁcasti
3056 5058 3286 5130 impios,
3317 5065 3374 5114 et
3401 5061 3704 5115 distinxisti

2011 5161 2108 5198 eos
2139 5144 2208 5198 ab
2236 5144 2486 5215 iniquis;
2517 5149 2574 5198 et
2605 5144 2860 5200 solidasti
2889 5149 3286 5202 auctoritatem
3317 5149 3467 5203 Libri
3492 5149 3576 5202 tui
3625 5150 3709 5204 in-

2011 5237 2097 5286 ter
2129 5232 2452 5302 superiores
2481 5232 2582 5304 qui
2611 5232 2717 5288 tibi
2767 5233 3043 5289 docibiles
3084 5240 3288 5298 essent,
3320 5239 3375 5289 et
3409 5235 3708 5290 inferiores

2012 5321 2112 5392 qui
2139 5323 2219 5376 eis
2240 5321 2653 5389 subderentur;
2685 5326 2742 5377 et
2769 5324 3125 5394 congregasti
3153 5323 3478 5378 societatem
3507 5324 3708 5380 infide-

2078 5447 2091 5479 ¹
2119 5446 2271 5509 Angl.
2300 5446 2453 5506 Mss.,
2482 5448 2527 5495 et
2553 5459 2799 5496 amemur
2817 5460 2852 5495 α
2884 5451 2948 5501 te.

2076 5509 2097 5542 ³
2130 5506 2361 5556 ΙιιῐΜεΒ.
2389 5513 2441 5556 et
2469 5509 2592 5557 Arn.
2624 5525 2635 5569 ;
2668 5513 2720 5557 at
2745 5509 2869 5557 Bad.
2894 5512 3006 5559 Am.
3036 5508 3115 5557 Er.
3143 5509 3264 5556 Lov.
3294 5506 3493 5561 habent
3517 5526 3616 5564 non
3646 5515 3712 5563 de

2023 5572 2075 5619 te
2100 5569 2280 5634 aliqua
2306 5584 2409 5621 non
2438 5571 2499 5621 de
2518 5575 2626 5629 tua,
2656 5573 2757 5631 vel,
2788 5575 2884 5619 etc.
