4058 6350
375 241 475 294 867
975 234 1373 293 ADMONITIO
1411 235 1506 292 DE
1545 232 2032 302 SEQUENTIBUS
2072 231 2350 290 DUOBUS
2389 231 2962 300 SOLILOQUIORUM
3003 232 3263 289 LIBBIS.

2170 372 2302 410 nem
2335 355 2767 427 sempiternam;
2802 355 2937 411 utid
2958 357 3111 427 quod
3134 369 3197 412 tu
3226 360 3353 427 post
3387 372 3562 427 opera
3589 360 3690 411 tua
3715 356 3876 410 bona

374 361 515 416 lium
544 359 603 414 in
633 374 808 414 unam
838 356 1336 429 conspirationem.
1385 361 1450 414 ut
1495 359 1840 430 apparerent
1871 355 2058 411 studia

375 448 655 514 ﬁdelium,
690 451 742 501 et
772 446 877 500 tibi
915 460 1090 516 opera
1116 445 1520 502 misericordiae
1549 449 1836 516 parerent,
1869 443 2066 499 distri-
2171 445 2350 511 valde,
2378 444 2637 516 quamvis
2665 460 2731 499 ea
2759 445 2987 515 quietus
3019 444 3235 511 feceris,
3263 444 3594 516 requievisti
3626 446 3871 517 septimo

375 538 614 591 buentes
643 535 815 589 etiam
845 534 1190 606 pauperibus
1246 537 1499 588 terrenas
1547 533 1841 589 facultates
1874 533 1943 588 ad
1973 549 2066 587 ac-
2174 530 2286 599 die,
2318 533 2428 586 hoc
2455 532 2843 603 praeloquatur
2865 531 3030 586 nobis
3049 548 3152 586 vox
3179 531 3329 586 Libri
3361 531 3464 599 tui,
3499 531 3655 603 quod
3685 537 3742 587 et
3771 548 3878 586 nos

376 625 652 697 quirenda
682 623 946 678 coelestia.
969 625 1034 678 Et
1063 623 1194 677 inde
1215 623 1798 694 accendistiqumdam
1829 622 2069 677 Iumina-

373 716 461 768 ria
507 713 567 767 in
625 713 1008 780 ﬁrmamento,
1061 711 1298 766 verbum
1355 712 1485 766 vitae
1542 711 1818 766 habentes
1849 717 2069 764 sanctos

377 806 526 868 tuos,
561 804 618 854 et
648 799 1040 871 spiritualibus
1086 799 1250 854 donis
1295 799 1532 871 prmlata
1563 799 1793 853 sublimi
1823 798 2067 853 auctori-

375 893 492 944 tate
521 889 840 960 fulgentes:
867 893 922 942 et
941 888 1072 943 inde
1101 889 1170 943 ad
1201 888 1541 943 imbuendas
1572 888 1833 944 inﬁdeles
1850 893 2063 959 gentes,

379 978 742 1033 Sacramenta
771 981 827 1032 et
856 976 1132 1031 miracula
1159 977 1428 1043 visibilia,
1458 993 1736 1048 vocesque
1763 977 2067 1031 verborum

379 1067 693 1122 secundum
718 1066 1147 1120 ﬁrmamentum
1181 1065 1332 1120 Libri
1363 1065 1470 1135 tui,
1494 1066 1701 1136 quibus
1732 1064 1903 1119 etiam
1935 1063 2072 1118 tide-

380 1157 460 1210 les
488 1155 979 1222 benedicerentur,
1011 1169 1078 1208 ex
1107 1153 1347 1208 materia
1403 1153 1683 1224 corporali
1712 1151 2028 1223 produxisti
2055 1167 2067 1205 :

379 1248 436 1298 et
463 1243 669 1299 deinde
695 1242 954 1298 ﬁdelium
979 1242 1232 1296 animam
1260 1241 1444 1295 vivam
1474 1240 1822 1311 peraft‘ectus
1851 1240 2073 1295 ordina-

377 1336 468 1395 tos
495 1331 853 1386 continentia:
883 1329 1078 1402 vigore
1108 1329 1362 1384 formasti
1392 1327 1410 1362 ‘
1433 1333 1634 1400 :atque
1663 1328 1794 1384 inde
1826 1329 1931 1382 tibi
1966 1328 2073 1382 soli

378 1423 631 1476 mentem
662 1419 969 1485 subditam,
1001 1423 1056 1473 et
1093 1418 1306 1472 nullius
1335 1417 1687 1472 auctoritatis
1711 1418 1980 1472 humanae
2002 1415 2072 1472 ad

379 1509 722 1564 imitandum
751 1507 1123 1580 indigentem,
1152 1505 1437 1562 renovasti
1465 1506 1535 1561 ad
1567 1506 1879 1578 imaginem
1910 1509 1966 1560 et
1994 1505 2068 1559 si-

377 1597 764 1652 militudinem
807 1601 965 1651 tuam
991 1612 1003 1649 :
1032 1594 1443 1667 praestantique
1464 1594 1777 1649 intellectui
1819 1594 2070 1649 rationa-

375 1685 552 1740 bilem
579 1685 879 1752 actionem,
915 1689 1190 1756 tanquam
1218 1683 1342 1739 viro
1373 1683 1670 1751 feminam,
1712 1682 2018 1739 subdidisti
2057 1699 2070 1737 :

377 1775 756 1846 omnibusque
788 1773 898 1828 tuis
930 1772 1264 1828 ministeriis
1293 1773 1362 1828 ad
1392 1772 1768 1844 perﬁciendos
1794 1772 1987 1827 ﬁdeles
2013 1771 2073 1826 in

376 1862 482 1916 hac
511 1861 624 1916 vita
653 1852 1004 1929 necessariis,
1035 1860 1104 1916 ad
1135 1860 1350 1915 eisdem
1377 1859 1642 1914 ﬁdelibus
1666 1859 1736 1915 ad
1767 1875 1903 1914 usus
1933 1863 2074 1913 tem-

375 1951 620 2022 porales,
649 1950 933 2005 fructuosa
960 1949 1021 2003 in
1051 1949 1311 2004 futurum
1344 1964 1516 2020 opera
1546 1947 1790 2020 praeberi
1818 1947 2070 2002 voluisti.

376 2042 506 2095 Haec
529 2039 722 2095 omnia
748 2039 1028 2106 videmus,
1060 2042 1120 2093 et
1151 2039 1302 2093 bona
1331 2041 1465 2092 sunt
1491 2037 1676 2106 valde,
1709 2037 1981 2109 quoniam
2011 2039 2073 2089 tu

375 2145 443 2184 ea
469 2129 625 2184 vides
653 2127 714 2182 in
741 2127 927 2194 nobis,
959 2126 1058 2197 qui
1087 2126 1384 2197 Spiritum,
1439 2143 1555 2198 quo
1611 2143 1677 2181 ea
1723 2126 1987 2182 videmus
2018 2129 2076 2180 et

375 2223 433 2273 et
462 2217 520 2272 in
551 2217 631 2272 eis
660 2220 718 2272 te
750 2231 1094 2283 amaremus,
1128 2215 1335 2270 dedisti
1363 2215 1551 2270 nobis.

1003 2322 1228 2376 CAPUT
1256 2321 1450 2376 XXXV.

1027 2410 1191 2479 Optat
1213 2425 1417 2479 pacem.

447 2520 534 2574 50.
570 2517 811 2572 Domine
828 2518 998 2583 Deus,
1016 2533 1215 2588 pacem
1234 2516 1304 2571 da
1322 2515 1491 2571 nobis
1511 2515 1736 2588 (omnia
1757 2515 1910 2571 enim
1931 2532 2076 2587 prae-

378 2606 570 2662 stitisti
597 2605 822 2675 nobis);
855 2621 1056 2676 pacem
1089 2605 1317 2676 quietis,
1351 2621 1546 2676 pacem
1582 2604 1821 2673 sabbati,
1855 2605 2075 2659 sabbati

377 2695 499 2750 sine
527 2710 760 2766 vespera
785 2697 827 2750 ³.
863 2693 1060 2748 Omnis
1090 2693 1302 2765 quippe
1333 2693 1439 2748 iste
1481 2693 1620 2748 ordo
1651 2693 2076 2764 pulcherrimus

375 2801 567 2839 rerum
619 2783 779 2838 valde
825 2783 1104 2838 bonarum
1137 2784 1319 2837 modis
1364 2782 1481 2838 suis
1519 2783 1765 2854 peractis
1803 2782 2075 2837 transitu-

377 2889 469 2926 rus
501 2878 623 2940 est;
659 2877 714 2927 et
740 2889 910 2928 mane
941 2871 1156 2944 quippe
1186 2871 1246 2926 in
1264 2871 1344 2926 eis
1362 2871 1574 2927 factum
1604 2875 1703 2934 est,
1734 2875 1790 2927 et
1815 2887 2073 2944 vespera.

987 2977 1211 3032 CAPUT
1239 2977 1460 3031 XXXVI.

553 3069 702 3122 Diem
733 3069 1018 3138 septimum
1045 3082 1269 3137 vespera
1291 3082 1459 3135 quare
1477 3081 1582 3122 non
1615 3070 1891 3135 sequatur.

448 3176 536 3228 5|.
570 3173 697 3227 Dies
727 3178 920 3228 autem
975 3173 1250 3244 septimus
1280 3172 1402 3228 sine
1433 3189 1666 3244 vespera
1694 3176 1795 3240 est,
1838 3189 1942 3227 nec
1971 3171 2072 3226 lia-

376 3261 471 3318 bet
499 3275 782 3331 occasum,
841 3261 978 3333 quia
1015 3261 1377 3317 sauctiticasti
1433 3278 1565 3317 eum
1613 3261 1684 3316 ad
1713 3257 2067 3332 permansio-

439 3405 455 3438 ¹
488 3403 662 3466 Codex
690 3403 1067 3466 Benignianus.
1088 3402 1346 3466 ﬁrmasti.

435 3467 457 3529 3
487 3466 572 3529 Sic
598 3461 878 3529 legendum
909 3461 1229 3529 liqueticum
1270 3463 1554 3529 _Albinensi
1594 3461 1772 3529 codice
1795 3477 1813 3512 :
1848 3474 1976 3520 non,
2012 3464 2072 3510 ut

375 3527 464 3576 alii
492 3527 730 3591 plerique
757 3528 881 3577 editi
917 3527 980 3576 et
999 3527 1177 3590 scripti
1199 3527 1414 3587 habent,
1434 3539 1616 3590 pacem
1640 3528 1752 3575 sine
1764 3536 2006 3585 vespera.

2172 623 2306 692 post
2332 636 2505 691 opera
2537 623 2754 686 nostra,
2787 619 2916 674 ideo
2947 620 3101 675 bona
3129 620 3288 675 valde
3324 619 3461 692 quia
3497 625 3561 673 tu
3607 619 3771 673 nobis
3811 634 3878 673 ea

2178 709 2420 777 donasti,
2453 709 2686 764 sabbato
2714 708 2842 763 vita:
2866 714 3094 763 aeternae
3126 700 3548 780 requiescamu's
3578 708 3638 762 in
3670 712 3744 763 te.

2771 798 2999 853 CAPUT
3036 800 3279 853 XXXVII.

2565 889 2704 942 Deus
2723 888 2782 941 in
2811 887 2963 941 nobis
2990 888 3210 958 quando
3231 890 3482 958 quiescet.

2250 975 2338 1028 5'2.
2398 974 2576 1029 Etiam
2645 979 2781 1030 tunc
2837 974 2992 1030 enim
3048 975 3127 1029 sic
3185 977 3506 1048 requiesces
3570 974 3633 1030 in
3686 974 3874 1041 nobis,

2180 1063 2662 1133 quemadmodum
2711 1080 2865 1119 nunc
2913 1065 3166 1137 operaris
3209 1065 3270 1119 in
3313 1065 3512 1132 nobis;
3567 1068 3623 1119 et
3661 1063 3744 1119 ita
3771 1063 3882 1117 erit

2179 1151 2277 1205 illa
2323 1153 2548 1224 requies
2588 1157 2686 1207 tua
2725 1170 2828 1225 per
2875 1171 2999 1222 nos,
3051 1154 3538 1226 quemadmodum
3587 1158 3723 1208 sunt
3772 1152 3879 1207 ista

2181 1257 2352 1311 Opera
2381 1245 2479 1295 tua
2505 1259 2606 1312 per
2634 1259 2756 1297 nos.
2801 1245 2886 1297 Tu
2931 1247 3146 1312 autem,
3182 1243 3446 1312 Domine,
3489 1258 3715 1313 semper
3746 1258 3881 1312 epe-

2180 1330 2341 1396 raris,
2391 1333 2448 1384 et
2493 1347 2718 1402 semper
2749 1331 3084 1403 requiescis.
3136 1333 3250 1386 Nec
3279 1331 3437 1385 vides
3475 1331 3544 1385 ad
3586 1335 3814 1400 tempus
3839 1325 3880 1395 ⁸,

2179 1433 2285 1472 nec
2322 1417 2564 1472 moveris
2601 1419 2668 1473 ad
2709 1426 2955 1490 tempus,
2985 1436 3089 1474 nec
3119 1418 3363 1491 quiescis
3404 1419 3474 1474 ad
3513 1422 3780 1488 tempus;
3830 1421 3889 1468 et

2180 1509 2371 1560 tamen
2411 1505 2542 1560 facis
2572 1511 2628 1561 et
2663 1507 2906 1562 visiones
2952 1509 3314 1579 temporales,
3355 1512 3409 1562 et
3446 1507 3571 1578 ipsa
3599 1511 3884 1577 tempora,

2183 1599 2239 1648 et
2268 1593 2521 1664 quietem
2555 1612 2620 1650 ex
2652 1600 2928 1667 tempore.

2765 1686 2990 1741 CAPUT
3026 1687 3297 1741 XXXVIII.

2457 1773 2637 1828 Aliter
2665 1775 2823 1841 Deus,
2857 1775 3017 1829 aliter
3043 1776 3193 1829 homo
3222 1773 3370 1829 videt
3400 1779 3602 1829 creata.

2255 1864 2341 1917 53.
2375 1861 2484 1916 Nos
2513 1861 2704 1933 itaque
2736 1862 2841 1916 ista
2868 1879 2995 1934 quae
3026 1862 3205 1917 fecisti
3236 1862 3516 1929 videmus,
3553 1861 3688 1932 quia
3717 1864 3880 1926 sunt;

2183 1952 2244 2003 tu
2276 1954 2467 2003 autem
2503 1949 2638 2020 quia
2673 1949 2827 2004 vides
2866 1967 2952 2017 ea,
2994 1955 3150 2006 sunt.
3197 1951 3264 2005 Et
3303 1967 3407 2004 nos
3445 1948 3582 2004 foris
3620 1948 3882 2003 videmus

2185 2036 2319 2108 quia
2351 2042 2502 2105 sunt,
2547 2041 2602 2091 et
2630 2037 2784 2092 intus
2815 2038 2950 2108 quia
2987 2038 3138 2092 bona
3165 2042 3336 2093 sunt:
3369 2042 3432 2091 tu
3466 2041 3659 2091 autem
3682 2035 3762 2090 ibi
3792 2035 3881 2089 vi-

2185 2125 2318 2179 disti
2349 2125 2516 2194 facta,
2557 2125 2657 2180 ubi
2693 2126 2882 2181 vidisti
2918 2125 3194 2181 facienda.
3237 2127 3303 2181 Et
3340 2142 3442 2180 nos
3473 2126 3584 2179 alio
3622 2129 3883 2196 tempore

2183 2215 2327 2269 moti
2355 2231 2550 2269 sumus
2581 2215 2651 2270 ad
2680 2215 3172 2282 benefaciendum,
3208 2219 3584 2286 posteaquam
3622 2212 3886 2285 concepit

2183 2301 2252 2357 de
2289 2302 2501 2374 Spiritu
2539 2307 2638 2357 tuo
2669 2318 2769 2357 cor
2809 2307 3096 2370 Iiostrum’;
3141 2302 3332 2374 priore
3385 2307 3576 2356 autem
3623 2305 3884 2372 tempore

2186 2391 2252 2445 ad
2278 2391 2425 2445 male
2446 2391 2765 2447 faciendum
2787 2392 3160 2447 movebamur
3177 2391 3502 2446 deserentes
3523 2396 3579 2446 te
3605 2406 3617 2445 :
3640 2393 3702 2444 tu
3722 2406 3884 2460 vero,

2182 2478 2334 2534 Deus
2365 2497 2478 2536 une
2507 2482 2678 2548 bone,
2703 2497 2997 2552 nunquam
3021 2481 3249 2536 cessasti
3279 2481 3631 2535 benefacere.
3659 2480 3724 2534 Et
3751 2485 3888 2534 sunt

2185 2567 2448 2638 qumdam
2492 2569 2643 2623 bona
2689 2587 2863 2640 opera
2899 2573 3094 2625 nostra
3123 2587 3190 2624 ex
3217 2585 3454 2624 munere
3497 2569 3730 2640 quidem
3760 2572 3883 2635 tuo,

2185 2655 2282 2710 sed
2313 2673 2432 2710 non
2471 2659 2856 2728 sempiterna:
2885 2663 3012 2729 post
3039 2659 3137 2712 illa
3176 2675 3280 2712 nos
3309 2657 3668 2729 requieturos
3694 2657 3756 2711 in
3783 2661 3884 2712 tua

2184 2745 2388 2815 grandi
2440 2745 2884 2801 sanctiﬁcatione
2930 2763 3243 2819 speramus.
3290 2748 3368 2801 Tu
3414 2751 3605 2801 autem
3664 2746 3886 2800 bonum

2185 2831 2342 2887 nullo
2370 2832 2636 2904 indigens
2659 2835 2833 2902 bono,
2867 2841 3092 2906 semper
3111 2835 3337 2906 quietus
3359 2852 3418 2889 es
3442 2853 3455 2903 ;
3487 2834 3760 2906 quoniam
3783 2838 3886 2889 tua

2184 2922 2347 2993 quies
2377 2926 2437 2977 tu
2464 2922 2584 2994 ipse
2610 2940 2686 2979 es.
2723 2925 2788 2978 Et
2817 2924 2922 2978 hoc
2951 2924 3269 2996 intelligere
3299 2923 3427 2996 quis
3457 2924 3756 2979 hominum
3789 2924 3886 2978 da-

2182 3011 2266 3066 bit
2310 3011 2570 3067 homini?
2593 3013 2721 3084 quis
2759 3013 2998 3086 angelus
3044 3013 3289 3085 angelo?
3335 3013 3462 3086 quis
3509 3014 3748 3085 angelus
3777 3013 3882 3067 bo-

2181 3099 2360 3155 mini?
2387 3103 2434 3156 Α
2457 3104 2510 3156 te
2555 3106 2798 3173 petatur,
2844 3103 2906 3156 in
2934 3107 2990 3158 te
3023 3107 3332 3174 quaeratur,
3379 3102 3446 3157 ad
3477 3107 3535 3158 te
3581 3103 3879 3174 pulsetur:

2181 3187 2280 3256 sic,
2359 3189 2437 3244 sic
2503 3191 2832 3262 accipietur,
2897 3191 2975 3246 sic
3040 3191 3382 3260 invenietur,
3447 3191 3527 3246 sic
3592 3191 3884 3264 aperietur

2184 3280 2396 3363 (Matth.
2431 3296 2524 3347 vn,
2560 3281 2630 3350 8).
2665 3282 2869 3335 Amen.

2253 3382 2267 3415 ²
2301 3379 2395 3428 llic
2413 3377 2688 3437 editiones,
2706 3379 2922 3440 excepta
2937 3377 3241 3438 Arualdina,
3264 3378 3610 3441 interponunt
3626 3376 3741 3426 haec
3763 3390 3882 3426 ver-

2179 3457 2634 3570 b%)neci“0peraris
2661 3457 2731 3506 ad
2758 3459 2984 3521 tempus:
3017 3471 3135 3521 qu
3161 3459 3354 3507 absunt
3381 3472 3412 3507 a
3435 3457 3697 3521 plerisque
3729 3457 3878 3506 codi-

2180 3536 2228 3570 Cl
2269 3535 2330 3570 us
2410 3535 2479 3569 ss.

2180 3535 2330 3570 ειοιιε
2355 3535 2479 3570 ΜΒΒ.

1647 3752 2605 3880 ADMONITIO

1013 3953 1120 4018 DE
1166 3950 1706 4030 SEQUENTIBUS
1754 3950 2066 4017 DUOBUS
2116 3949 2757 4027 SOLILOQUIORUM
2808 3949 3058 4014 LIBRIS
3109 3949 3234 4032 (α).

1987 4111 2279 4124 ——

445 4237 585 4289 Cum
615 4235 668 4290 id
700 4235 889 4306 operis
917 4234 1149 4305 molitus
1178 4239 1262 4289 est
1289 4233 1660 4304 Augustinus,
1689 4233 2020 4289 versabatur
2047 4233 2232 4288 adhuc
2263 4233 2323 4288 in
2352 4249 2483 4288 rure
2515 4235 2842 4303 Cassiciaco,
2875 4251 2941 4289 ex
2971 4235 3070 4290 lib.
3104 4239 3134 4289 9
3166 4233 3350 4301 Conf.,
3382 4249 3430 4290 c.
3461 4235 3526 4300 4;
3559 4231 3881 4303 agebatque

375 4339 588 4376 annum
619 4323 803 4377 aetatis
837 4322 1200 4393 trigesimum
1228 4322 1486 4390 tertium,
1516 4328 1577 4378 ut
1607 4322 1728 4393 ipse
1757 4323 1849 4377 hic
1877 4326 2119 4378 testatur
2153 4322 2252 4377 lib.
2289 4327 2339 4391 l,
2371 4339 2418 4377 c.
2456 4324 2540 4378 l0.
2574 4324 2932 4395 Quapropter
2961 4323 3064 4377 sub
3095 4323 3323 4377 initium
3357 4323 3493 4376 anni
3524 4320 3728 4376 Christi
3759 4326 3875 4374 tre-

373 4409 666 4463 centesimi
702 4409 1033 4480 octogesimi
1070 4409 1298 4480 septimi
1336 4409 1732 4465 collocandum
1767 4409 2018 4477 videtur;
2061 4411 2172 4465 uisi
2207 4411 2352 4466 forte
2393 4411 2521 4482 quis
2552 4412 2685 4467 velit
2723 4413 2794 4467 ad
2834 4411 3142 4483 superioris
3183 4413 3317 4466 anni
3356 4411 3530 4465 ﬁnem
3570 4425 3700 4464 cum
3743 4409 3877 4463 aliis

372 4498 644 4552 hactenus
671 4497 962 4551 recensitis
993 4497 1262 4569 operibus
1293 4497 1602 4568 pertinere.

447 4589 511 4641 In
551 4586 739 4656 primo
787 4587 932 4641 libro
980 4603 1038 4640 se
1085 4586 1210 4657 ipse
1259 4587 1329 4642 ad
1377 4587 1567 4641 vivum
1622 4586 1902 4658 depingit,
1961 4603 2106 4642 nova
2156 4588 2424 4660 quadam,
2473 4589 2571 4644 sed
2617 4605 2898 4661 perquam
2942 4587 3205 4643 familiari
3248 4585 3520 4640 methodo
3572 4584 3884 4641 educturus

373 4676 859 4748 quemadmodum
909 4681 1300 4747 comparatum
1350 4693 1469 4731 esse
1516 4681 1777 4748 oporteat
1829 4693 1982 4744 eum,
2037 4677 2137 4749 qui
2187 4677 2288 4732 Dei
2339 4682 2396 4732 et
2441 4677 2646 4731 animae
2694 4692 2986 4747 capessere
3037 4674 3331 4730 scientiam
3376 4673 3549 4744 cupit.
3595 4675 3882 4744 Loquitur

373 4781 507 4818 vero
534 4763 595 4817 in
621 4763 821 4834 primis
850 4764 918 4818 de
950 4765 1156 4818 mentis
1181 4765 1420 4819 sanitate
1451 4764 1702 4820 subsidio
1733 4765 1886 4831 tidei,
1911 4765 2032 4836 spei
2059 4765 2422 4820 ctcharitatis
2447 4766 2838 4836 procuranda;
2864 4771 2920 4819 et
2946 4763 3152 4819 mentis
3181 4764 3408 4817 oculum
3443 4763 3581 4817 dum
3611 4762 3680 4817 ab
3712 4763 3877 4817 omni

374 4868 568 4908 rerum
594 4851 931 4907 inferiorum
959 4853 1264 4924 cupiditate
1293 4858 1574 4924 purgatus
1602 4853 1695 4923 sit,
1729 4854 1789 4908 in
1809 4856 1986 4909 solem
2016 4854 2180 4910 illum
2209 4855 2359 4909 haud
2381 4854 2619 4925 impune
2641 4854 2841 4915 attolli,
2873 4851 3085 4906 nedum
3109 4851 3168 4905 in
3199 4868 3265 4905 eo
3297 4850 3468 4922 deligi
3491 4867 3658 4920 posse
3689 4855 3877 4904 osten-

373 4942 475 4997 dit.
507 4941 798 4996 Secundus
834 4941 978 4996 liber
1006 4942 1062 4995 in
1096 4959 1162 4996 eo
1184 4948 1439 4998 versatur
1465 4948 1640 5011 totus,
1672 4947 1736 4998 ut
1763 4943 2186 4998 demonstretur
2226 4959 2522 5014 nunquam
2561 4941 3046 4997 intermoriturum
3087 4956 3206 4995 esse
3237 4939 3564 5005 veritatem;
3598 4939 3751 4994 unde
3783 4939 3875 5009 ip-

374 5031 490 5084 sius
521 5030 727 5085 animae
757 5047 886 5101 quae
914 5030 1166 5086 veritatis
1195 5032 1355 5087 sedes
1386 5040 1489 5100 est,
1520 5031 1922 5088 immortalitas
1953 5032 2264 5105 colligitur.

476 5173 630 5246 Vide
679 5173 924 5240 librum
968 5182 1027 5256 1,
1075 5197 1220 5263 cap.
1279 5185 1342 5256 4,
1397 5178 1994 5258 Retractationum,
2043 5175 2164 5242 col.
2226 5181 2545 5253 589-590,
2586 5195 2626 5238 a
2656 5171 2892 5255 verbis,
2947 5175 3128 5240 Inter
3188 5176 3332 5239 haec
3376 5175 3642 5258 scripsi,
3683 5194 3753 5253 η,
3802 5177 3870 5253 I,

373 5305 575 5371 usque
606 5281 700 5348 ad
721 5281 921 5348 verba
949 5304 1016 5349 η.
1060 5290 1125 5362 4,
1161 5283 1361 5350 Varia
1396 5303 1690 5350 mecum.
1877 5283 1964 5350 M.

434 5440 507 5511 (τί)
529 5440 591 5488 Hi
612 5441 666 5489 in
686 5441 915 5511 editione
937 5440 1275 5511 Benedictina
1297 5439 1542 5511 librosde
1560 5442 1766 5511 _Qrdine
1795 5445 2115 5506 sequuntur;
2146 5440 2236 5491 sed
2270 5440 2373 5491 huc
2399 5439 2782 5502 transtulimus,
2815 5440 2958 5505 quod
2987 5441 3176 5491 vividis
3204 5440 3413 5504 pietatis
3443 5438 3718 5489 affectibus
3741 5438 3876 5488 Con-

371 5501 659 5552 fessionum
690 5506 892 5553 natura:
917 5504 1086 5567 magis
1113 5503 1338 5566 proximi
1368 5503 1492 5553 sint.
1558 5506 1626 5555 Μ.

3766 236 3874 289 868
3963 265 3982 282 ι
