4058 6340
883 388 1012 517 S.
1139 384 1874 516 AURELII

969 286 1244 293 ..—.—.——---—
1255 285 1446 292 —__.-
1457 287 1994 296 φθῇ-...ῆν

3159 297 3548 310 .——..——._..
3555 303 3691 308 .-

1993 385 2979 522 AUGUSTINI

1481 609 1998 677 HIPPONENSIS
2045 609 2404 678 EPISCOPI

1241 776 2644 922 SOLILOQUIORUM

1581 996 1892 1083 LIBRI
1968 994 2206 1086 DUO
2247 993 2316 1047 (⁸)

1789 1191 2065 1201 ’-

1281 1307 1794 1432 LIBER
1847 1260 2570 1432 PRIMUS.

251 1534 479 1599 Instituit
497 1547 552 1583 se
572 1535 682 1598 ipse
704 1534 1026 1599 Augustinus
1051 1533 1112 1599 ad
1137 1535 1509 1599 capessendam
1537 1536 1632 1599 Dei
1648 1538 1698 1584 et
1716 1535 1906 1599 animae
1925 1534 2224 1599 scientiam;
2249 1549 2308 1582 ac
2333 1535 2562 1599 primum
2589 1534 2822 1584 divinam
2860 1549 3012 1599 opem
3052 1535 3315 1599 implorat,
3347 1540 3460 1586 tum
3511 1536 3688 1598 agnita

192 1597 342 1662 illius,
365 1597 886 1662 quam_cdncnpiscit,
900 1598 1132 1662 scientiae
1153 1597 1521 1662 prmcellentia,
1536 1597 2044 1662 colloquitursecum
2065 1598 2128 1645 de
2145 1599 2306 1645 animi
2327 1597 2407 1662 sui
2427 1598 2649 1662 sanitate
2669 1597 3118 1660 promovenda,ut
3131 1597 3198 1647 ad
3219 1597 3686 1662 contemplandum

193 1660 346 1707 Deum
369 1663 485 1707 tuto
506 1659 728 1707 demum
743 1663 998 1722 assurgat.
1023 1660 1099 1708 Ad
1117 1663 1410 1708 extremum
1431 1659 1548 1708 libri
1573 1660 1790 1722 colligit,
1812 1674 1872 1708 ea
1898 1672 2016 1722 quae
2040 1673 2162 1708 vere
2189 1665 2330 1722 sunt,
2361 1659 2686 1708 immortalia
2704 1673 2834 1710 esse.

1785 1783 2098 1793 .——_—_

416 1892 641 1946 CAPUT
681 1891 971 1947 PRIMUM.
1003 1921 1072 1932 —-
1105 1893 1344 1947 Precatio
1371 1891 1445 1945 ad
1468 1894 1648 1946 Deum.

260 1985 302 2036 l.
339 1981 596 2035 Volventi
631 1980 773 2034 mihi
827 1981 1008 2034 multa
1059 1998 1121 2034 ac
1167 1981 1322 2034 varia
1368 1997 1592 2034 mecum
1649 1980 1766 2047 diu,
1814 1997 1876 2035 ac

189 2087 285 2140 per
313 2071 525 2124 multos
556 2069 675 2125 dies
703 2069 899 2124 sedulo
926 2069 1205 2141 quaerenti
1236 2069 1638 2139 memetipsum
1671 2085 1731 2122 ac
1773 2070 1871 2125 bo-

192 2175 320 2212 num
352 2174 568 2224 meum,
603 2157 810 2228 quidve
849 2158 983 2211 mali
1031 2156 1360 2211 evitandum
1405 2162 1589 2221 esset;
1624 2157 1703 2210 ait
1733 2158 1876 2212 mihi

193 2247 390 2313 subito,
424 2247 540 2300 sive
573 2263 679 2317 ego
707 2247 847 2317 ipse,
880 2247 992 2300 sive
1019 2246 1162 2300 alius
1196 2245 1323 2316 quis
1355 2246 1727 2316 extrinsecus,
1761 2246 1874 2300 sive

193 2335 541 2402 intrinsecus,
567 2335 754 2390 nescio
793 2357 808 2403 ;
837 2351 970 2390 nam
1001 2335 1108 2389 hoc
1136 2335 1323 2405 ipsum
1353 2327 1437 2389 est
1458 2335 1605 2406 quod
1638 2351 1876 2406 magno-

192 2442 315 2495 pere
340 2425 484 2479 scire
513 2425 760 2479 molior:
792 2425 870 2478 ait
895 2440 1032 2495 ergo
1061 2423 1220 2492 milii,
1268 2426 1335 2490 Β,
1379 2425 1470 2494 (b).
1514 2425 1670 2484 Ecce,
1703 2423 1789 2478 fac
1821 2428 1876 2477 te

192 2514 464 2568 invenisse
506 2513 758 2584 aliquid;
809 2511 900 2566 cui
949 2511 1392 2578 commendabis,
1453 2514 1514 2564 ut
1564 2528 1766 2581 pergas
1806 2513 1876 2567 ad
1951 2542 1964 2561 ε

192 2602 334 2656 alia?
380 2603 452 2657 Α.
503 2600 786 2656 Memoriae
844 2600 1072 2654 scilicet.
1122 2603 1187 2655 Β.
1238 2601 1488 2654 Tantane
1530 2599 1628 2654 illa
1658 2603 1768 2670 Lest
1815 2605 1879 2654 ut

191 2690 500 2760 excogitata
539 2689 733 2743 omnia
790 2688 933 2743 bene
965 2689 1196 2742 servet?
1228 2690 1274 2742 A
1310 2687 1550 2742 Difﬁcile
1605 2692 1710 2753 est,
1759 2688 1876 2741 imo

189 2795 291 2832 non
323 2781 533 2848 potest.
568 2781 630 2833 It.
668 2778 811 2848 Ergo
849 2776 1212 2831 scribendum
1252 2782 1356 2830 est.
1408 2776 1516 2830 Sed
1547 2775 1686 2846 quid
1731 2776 1874 2846 agis,

189 2867 329 2938 quod
361 2866 630 2921 valetudo
681 2870 782 2919 tua
829 2865 1112 2919 scribendi
1160 2865 1413 2919 laborem
1462 2865 1728 2918 recusat?
1767 2865 1878 2917 Nec

190 2954 285 3006 ista
312 2953 514 3008 dictari
557 2953 802 3018 debent;
833 2969 966 3006 nam
1007 2952 1376 3006 solitudinem
1403 2967 1620 3006 meram
1652 2951 1876 3005 deside-

191 3047 326 3097 rant.
357 3044 429 3098 Α.
475 3043 685 3096 Verum
738 3041 896 3095 dicis.
949 3042 1146 3110 Itaque
1200 3056 1434 3112 prorsus
1488 3041 1678 3094 nescio
1738 3041 1876 3112 quid

190 3147 365 3201 agam.
399 3133 463 3186 It.
500 3130 606 3185 Ora
642 3129 883 3184 salutem
915 3132 970 3182 et
1000 3127 1275 3183 auxilium
1309 3145 1422 3200 quo
1470 3130 1540 3184 ad
1579 3131 1878 3200 concupita

191 3211 499 3282 pervenias,
533 3215 591 3264 et
617 3211 723 3265 hoc
762 3209 950 3280 ipsum
979 3209 1182 3264 litteris
1206 3209 1437 3277 manda,
1479 3216 1544 3265 ut
1587 3211 1748 3281 prole
1781 3215 1878 3264 tua

191 3299 286 3352 lias
313 3299 643 3353 animosior.
678 3297 892 3351 Deinde
936 3297 1088 3369 quod
1132 3297 1350 3352 invenis
1401 3299 1598 3369 paucis
1649 3300 1875 3354 conclu-

191 3387 453 3441 siunculis
484 3387 731 3441 breviter
759 3387 980 3456 collige.
1016 3387 1128 3440 Nec
1159 3387 1326 3442 modo
1386 3403 1548 3441 cures
1587 3387 1874 3441 invitatio-

189 3493 310 3531 nem
340 3477 527 3532 turbaa
559 3475 904 3546 legentium;
935 3475 1132 3547 paucis
1171 3475 1276 3530 ista
1321 3479 1408 3532 sat
1446 3480 1614 3532 erunt
1663 3475 1876 3530 civibus

188 3566 306 3619 tuis.
334 3567 408 3622 Α.
447 3569 533 3622 lta
563 3563 792 3619 faciam.

249 3656 299 3708 2.
333 3656 486 3709 Deus
515 3651 900 3708 universitatis
930 3653 1206 3722 conditor,
1229 3654 1600 3725 prasstamibi
1621 3654 1874 3726 primum

187 3749 243 3798 ut
270 3745 410 3799 bene
441 3750 498 3799 te
539 3760 755 3815 rogem,
787 3742 992 3798 deinde
1015 3748 1079 3798 ut
1105 3760 1197 3799 me
1235 3761 1402 3816 agam
1433 3745 1672 3815 dignum
1701 3760 1873 3815 quem

185 3835 464 3901 exaudias,
497 3839 788 3904 postremo
819 3836 881 3886 ut
904 3833 1128 3888 liberes.
1160 3834 1308 3887 Deus
1334 3850 1439 3904 per
1455 3850 1627 3905 quem
1658 3833 1869 3898 omnia,

185 3941 301 3994 qua:
333 3940 435 3995 per
456 3939 517 3977 se
550 3939 665 3976 non
695 3926 899 3989 essent,
931 3922 1177 3977 tendunt
1205 3939 1346 3978 esse.
1398 3923 1545 3976 Deus
1575 3922 1675 3993 qui
1715 3938 1785 3976 ne
1817 3922 1875 3975 id

184 4013 407 4084 quidem
429 4012 587 4084 quod
618 4027 675 4064 se
713 4011 952 4064 invicem
969 4011 1218 4082 perimit,
1241 4011 1430 4082 perire
1450 4011 1708 4068 dimittis.
1727 4012 1876 4065 Deus

183 4103 272 4171 qui
299 4103 366 4157 de
398 4101 579 4155 nibilo
611 4099 889 4154 mundum
929 4099 1102 4155 istum
1146 4100 1366 4168 creasti,
1399 4116 1571 4171 quem
1617 4099 1875 4154 omnium

183 4193 320 4247 oculi
347 4192 604 4247 sentiunt
634 4189 1111 4262 pulcherrimum.
1148 4193 1295 4245 Deus
1339 4191 1437 4262 qui
1488 4191 1708 4246 malum
1761 4208 1875 4245 non

183 4281 327 4349 facis,
359 4287 417 4336 et
447 4281 584 4336 facis
641 4297 761 4333 esse
801 4295 871 4332 ne
901 4279 1212 4350 pessimum
1253 4281 1372 4334 flat.
1411 4281 1561 4334 Deus
1605 4279 1705 4351 qui
1735 4296 1874 4351 pau-

181 4369 252 4424 cis
281 4371 351 4425 ad
381 4370 438 4425 id
473 4369 628 4442 quod
646 4385 774 4423 vere
801 4370 885 4419 est
914 4367 1354 4439 refugientibus,
1383 4368 1638 4423 ostendis
1659 4369 1874 4424 malum

183 4457 314 4511 nihil
345 4474 488 4513 esse.
527 4459 673 4511 Deus
703 4474 805 4527 per
834 4473 1006 4530 quem
1037 4455 1375 4510 universitas
1405 4455 1574 4509 etiam
1630 4471 1760 4510 cum
1786 4456 1876 4524 ,‘si-

180 4545 348 4600 nistra
370 4551 536 4618 parte
567 4547 817 4618 perfecta
847 4553 951 4601 est.
1005 4547 1152 4600 Dens
1184 4561 1218 4598 a
1256 4559 1370 4615 quo
1401 4543 1753 4598 dissonantia
1787 4560 1875 4596 us-

180 4651 282 4705 que
309 4636 369 4690 in
395 4640 716 4690 extremum
754 4637 911 4690 nulla
937 4640 1038 4701 est,
1071 4649 1199 4688 cum
1228 4632 1510 4687 deteriora
1542 4632 1876 4688 melioribus

180 4724 496 4778 concinunt.
526 4725 673 4778 Deus
703 4741 876 4796 quem
905 4727 1061 4777 amat
1081 4738 1248 4776 omne
1277 4722 1429 4792 quod
1450 4725 1634 4792 potest
1658 4737 1872 4788 amare,

178 4812 281 4868 sive
311 4814 520 4881 sciens,
555 4813 671 4868 sive
712 4816 989 4869 nesciens.
1045 4813 1191 4868 Deus
1234 4810 1292 4864 in
1316 4825 1430 4883 quo
1477 4811 1610 4865 sunt
1658 4809 1874 4873 omnia,

1978 1891 2272 1945 cuit-amen
2301 1890 2576 1945 universae
2607 1895 2881 1946 creaturae
2902 1908 3005 1946 nec
3029 1893 3327 1964 turpitudo
3357 1893 3540 1966 turpis
3564 1899 3680 1964 est,

1983 1996 2086 2034 nec
2117 1979 2332 2034 malitia
2356 1983 2540 2047 nocet,
2573 1996 2678 2034 nec
2701 1997 2862 2035 error
2881 1986 3048 2036 errat.
3076 1983 3223 2036 Deus
3241 1983 3340 2054 qui
3371 1982 3482 2037 nisi
3516 1999 3683 2038 mun-

1983 2068 2085 2122 dos
2113 2083 2312 2121 verum
2346 2067 2486 2121 scire
2545 2068 2797 2123 noluisti.
2860 2070 3006 2122 Deus
3058 2073 3222 2140 pater
3275 2071 3549 2132 veritatis,
3591 2089 3688 2145 pa-

1982 2160 2069 2210 ter
2097 2155 2410 2225 sapientiae,
2431 2161 2593 2227 pater
2621 2173 2769 2210 verm.
2796 2174 3151 2229 summaeque
3181 2159 3328 2226 vita),
3361 2165 3523 2230 pater
3551 2163 3691 2220 bea-

1983 2242 2271 2310 titudinis,
2315 2248 2480 2314 pater
2522 2243 2660 2298 boni
2701 2248 2756 2298 et
2795 2245 3046 2315 pulchri,
3092 2251 3257 2316 pater
3304 2247 3685 2321 intelligibilis

1988 2331 2149 2400 lucis,
2182 2336 2346 2401 pater
2374 2331 2754 2402 evigilationis
2785 2337 2954 2404 atque
2981 2334 3418 2390 illuminatiouis
3447 2343 3680 2407 nostrae,

1987 2421 2152 2474 Pater
2177 2419 2432 2490 pignoris
2471 2436 2585 2490 quo
2617 2421 2997 2476 admonemur
3026 2423 3210 2477 redire
3232 2423 3303 2478 ad
3339 2428 3415 2480 te.

2057 2511 2086 2562 3
2139 2509 2213 2562 Te
2244 2508 2462 2578 invoco,
2495 2511 2643 2563 Deus
2677 2509 2904 2578 veritas,
2947 2511 3006 2564 in
3034 2528 3149 2583 quo
3181 2517 3235 2567 et
3264 2529 3297 2566 a
3339 2529 3452 2584 quo
3500 2519 3555 2568 et
3583 2532 3686 2587 per

1986 2611 2158 2666 quem
2187 2612 2321 2650 vera
2349 2601 2498 2664 sunt,
2532 2615 2660 2669 qum
2703 2615 2833 2652 vera
2862 2604 2994 2654 sunt
3038 2601 3249 2655 omnia.
3285 2603 3432 2664 Deus
3462 2604 3686 2675 sapien-

1988 2685 2088 2751 tia,
2121 2684 2178 2738 in
2206 2701 2319 2755 quo
2349 2689 2404 2738 et
2431 2702 2465 2738 a
2492 2702 2606 2756 quo
2625 2691 2682 2740 et
2703 2702 2806 2756 per
2824 2703 2996 2758 quem
3026 2689 3276 2758 sapiunt,
3304 2707 3433 2761 quae
3457 2693 3685 2763 sapiunt

1985 2773 2198 2827 omnia.
2236 2774 2383 2828 Deus
2413 2789 2546 2827 vera
2575 2780 2630 2828 et
2663 2791 2888 2829 summa
2917 2775 3048 2841 vita,
3085 2777 3141 2829 in
3171 2794 3284 2848 quo
3315 2784 3372 2832 et
3401 2796 3432 2832 a
3465 2796 3578 2850 quo
3625 2787 3682 2836 et

1984 2878 2088 2931 per
2117 2877 2290 2932 quem
2319 2861 2536 2927 vivunt,
2561 2878 2689 2932 quae
2722 2878 2855 2916 vere
2885 2878 3222 2935 summeque
3252 2865 3450 2920 vivunt
3469 2868 3682 2922 omnia.

1990 2951 2136 3003 Deus
2158 2949 2466 3016 beatitudo,
2498 2949 2559 3004 in
2589 2966 2702 3020 quo
2736 2954 2791 3004 et
2822 2967 2855 3004 a
2891 2967 3006 3021 quo
3053 2956 3109 3005 et
3156 2969 3259 3023 per
3296 2970 3470 3024 quem
3516 2955 3684 3010 beata

1986 3043 2134 3101 sunt,
2153 3054 2281 3109 qua:
2295 3038 2462 3092 beata
2486 3038 2845 3094 suntomnia.
2862 3041 3008 3093 Deus
3032 3039 3248 3095 bonum
3270 3047 3324 3095 et
3344 3043 3673 3113 pulchrum,

1983 3125 2044 3180 in
2062 3143 2174 3199 quo
2205 3131 2262 3181 et
2290 3145 2322 3180 a
2350 3143 2464 3198 quo
2481 3131 2648 3198 etper
2672 3143 2845 3198 quem
2865 3128 3017 3182 bona
3040 3131 3348 3200 etpulchra
3376 3136 3527 3198 sunt,
3544 3148 3673 3204 qua:

1982 3216 2132 3270 bona
2160 3220 2215 3270 et
2243 3216 2481 3288 pulchra
2500 3220 2631 3270 sunt
2647 3216 2863 3271 omnia.
2903 3218 3051 3271 Deus
3074 3217 3447 3287 iutelligibilis
3482 3221 3597 3282 lux,
3624 3221 3682 3275 in

1986 3323 2099 3376 quo
2114 3309 2170 3359 et
2190 3322 2222 3358 a
2244 3321 2358 3376 quo
2389 3308 2444 3359 et
2463 3321 2564 3376 per
2576 3321 2749 3376 quem
2770 3305 3207 3376 intelligibiliter
3229 3307 3442 3375 lucent,
3458 3309 3686 3380 quaein-

1984 3392 2560 3463 telligibiliterlucent
2582 3392 2794 3447 omnia.
2821 3395 2967 3448 Deus
2993 3394 3154 3465 cujus
3171 3411 3413 3465 regnum
3436 3401 3685 3451 esttotus

1987 3482 2258 3548 mundus,
2291 3498 2462 3552 quem
2494 3497 2692 3535 sensus
2716 3481 2965 3552 ignorat.
2997 3483 3144 3537 Deus
3197 3484 3266 3538 de
3313 3485 3476 3556 cujus
3505 3501 3684 3555 regno

1983 3571 2070 3624 lex
2100 3570 2268 3624 etiam
2298 3569 2357 3623 in
2387 3570 2491 3624 ista
2513 3587 2692 3641 regna
2721 3571 3078 3626 describitur.
3113 3573 3260 3626 Deus
3291 3589 3324 3626 a
3343 3589 3455 3643 quo
3485 3575 3682 3641 averti,

1984 3659 2183 3713 cadere
2209 3675 2222 3725 ;
2257 3658 2318 3712 in
2347 3675 2517 3728 quem
2549 3659 2820 3726 converti,
2842 3673 3168 3729 resurgere;
3203 3660 3262 3714 in
3285 3677 3398 3732 quo
3422 3679 3674 3729 manere,

1983 3747 2288 3802 consistere
2321 3751 2424 3800 est.
2460 3749 2608 3801 Deus
2637 3764 2670 3799 a
2691 3763 2803 3818 quo
2834 3747 3006 3815 exire,
3035 3748 3250 3815 emori;
3284 3749 3344 3803 in
3374 3766 3547 3820 quem
3583 3767 3681 3805 re—

1981 3837 2122 3901 dire,
2139 3835 2468 3888 reviviscere
2485 3851 2498 3900 ;
2514 3835 2573 3888 in
2587 3852 2699 3906 quo
2716 3835 2993 3904 habitare,
3007 3836 3193 3890 vivere
3207 3840 3307 3890 est.
3331 3839 3479 3891 Deus
3501 3855 3610 3909 que
3623 3856 3677 3893 m

1982 3941 2151 3979 nemo
2165 3922 2394 3991 amittit,
2406 3923 2518 3976 nisi
2531 3923 2831 3994 deceptus;
2852 3939 3022 3994 quem
3039 3940 3208 3978 nemo
3223 3925 3447 3996 quierit,
3462 3926 3573 3980 nisi
3587 3928 3684 3982 ad-
3766 3920 3772 3926 ’

1982 4014 2261 4080 monitus;
2279 4029 2449 4084 quem
2465 4028 2633 4066 nemo
2647 4012 2883 4081 invenit,
2901 4011 3011 4066 nisi
3028 4017 3328 4084 purgatus.
3344 4014 3492 4067 Deus
3507 4031 3681 4086 quem

1979 4103 2325 4174 relinquere,
2356 4102 2465 4156 hoc
2494 4101 2742 4172 estquod
2759 4101 2946 4171 perire
2974 4122 2988 4169 ;
3022 4117 3196 4173 quem
3227 4103 3545 4169 attendere,
3574 4104 3681 4157 hoc

1983 4196 2066 4245 est
2095 4191 2248 4262 quod
2279 4207 2508 4258 amare;
2534 4206 2706 4262 quem
2734 4190 2947 4257 videre,
3003 4191 3110 4245 hoc
3141 4195 3228 4245 est
3256 4192 3410 4263 quod
3444 4192 3679 4249 habere.

1985 4283 2128 4334 Deus
2145 4279 2236 4334 cui
2260 4296 2364 4334 nos
2385 4279 2524 4334 tides
2554 4279 2775 4345 excitat,
2804 4295 2931 4350 spes
2962 4279 3150 4350 erigit,
3179 4279 3426 4334 charitas
3459 4280 3676 4352 jungit,

1983 4371 2127 4424 Deus
2157 4385 2259 4440 per
2287 4385 2458 4440 quem
2483 4367 2780 4435 vincimus,
2805 4367 3104 4423 inimicum
3126 4373 3180 4424 te
3201 4369 3494 4440 deprecor.
3525 4371 3675 4425 Deus

1981 4475 2086 4530 per
2114 4475 2286 4530 quem
2316 4458 2670 4528 accepimus'
2705 4473 2778 4512 ne
2810 4457 3042 4512 omnino
3083 4457 3429 4528 periremus.
3472 4459 3620 4514 Deus
3652 4477 3682 4513 a

1981 4563 2095 4619 quo
2126 4547 2506 4602 admonemur
2533 4551 2594 4601 ut
2629 4545 2952 4618 vigilemus.
2987 4549 3133 4601 Deus
3163 4564 3265 4618 per
3296 4564 3468 4619 quem
3500 4566 3533 4602 a
3554 4565 3680 4603 ma-

1980 4636 2048 4690 lis
2078 4636 2230 4690 bona
2257 4652 2605 4707 separamus.
2657 4637 2806 4690 Deus
2850 4651 2955 4706 per
3004 4651 3175 4707 quem
3207 4637 3359 4691 mala
3406 4637 3681 4708 fugimus,

1980 4729 2036 4778 et
2066 4724 2218 4778 bona
2247 4723 2560 4795 sequimur.
2590 4725 2738 4778 Deus
2767 4739 2872 4794 per
2914 4741 3086 4794 quem
3129 4741 3245 4780 non
3293 4725 3546 4782 cedimus
3585 4728 3682 4782 ad-

1978 4811 2357 4866 versitatibus.
2377 4813 2521 4866 Deus
2545 4827 2649 4882 per
2677 4827 2850 4882 quem
2862 4811 3009 4867 bene
3030 4812 3314 4869 servimus
3327 4817 3386 4869 et
3414 4814 3562 4869 bene
3581 4813 3682 4868 do-

1777 4947 2077 4985 ADMONITIO.

231 5025 491 5076 Recensiti
506 5025 705 5075 suntad
732 5026 853 5075 Mss.
868 5026 1194 5082 'l‘huaneum,
1218 5024 1565 5089 Victorinum,
1581 5024 1939 5089 Navarricum,
1955 5024 2274 5089 Sorbonicos
2294 5023 2450 5089 duos,
2468 5024 3003 5088 Regio-Montensem,
3021 5027 3448 5089 Audoenensem,
3469 5026 3672 5078 Medar‘

178 5086 402 5151 densem,
440 5089 848 5138 \‘indocineusis
877 5089 1182 5151 monasterii
1209 5087 1471 5151 unum,ad
1486 5086 1816 5151 Vaticanum,
1837 5087 2195 5151 Vedastiuum,
2215 5087 2278 5135 ad
2301 5086 2620 5151 Anglican'os
2641 5089 2894 5151 quinque,
2925 5089 3127 5140 scilicet
3151 5086 3514 5146 Bodleianum,
3539 5089 3672 5138 duos

176 5149 314 5199 Mert.
347 5156 399 5200 et
429 5151 651 5200 totidem
691 5151 839 5199 Cant.
871 5150 933 5199 ad
957 5150 1206 5199 lectiones
1234 5150 1563 5212 Belgicorum
1593 5149 1826 5212 quinque
1854 5163 1946 5212 per
1974 5149 2324 5198 Lovanienses
2353 5149 2597 5199 cellectas
2619 5166 2631 5210 ;
2657 5149 2708 5199 et
2733 5166 2764 5200 a

2828 5151 3088 5202 editiones
3113 5153 3237 5202 Bad.
3268 5153 3357 5201 Er.
3399 5156 3451 5200 et
3482 5151 3607 5199 Lov-

263 5239 822 5330 Comparavimus
860 5251 1182 5329 praeterea
1232 5262 1342 5306 eas
1371 5261 1592 5308 omnes
1629 5237 1938 5307 editiones
1965 5238 2154 5306 initio
2176 5241 2752 5308 Retractationum
2783 5249 2850 5308 et
2872 5243 3400 5310 Confessionum
3427 5260 3676 5306 memo-

181 5339 379 5395 ratas.
480 5330 570 5396 M.

234 5440 308 5514 ζει)
331 5441 528 5514 §cripti
553 5440 898 5514 ineuntium
928 5440 1238 5514 an._Cbristi
1267 5442 1380 5492 387.

234 5486 305 5565 ((7)’
331 5486 898 5567 agamagam;
911 5486 1354 5567 Inmane}:

2049 5443 2064 5474 ¹
2097 5440 2155 5490 lu
2186 5442 2307 5492 Mss.
2339 5445 2537 5506 septem
2563 5456 2627 5493 ex
2655 5443 2966 5507 potioribus,
3001 5444 3140 5492 Deus
3173 5453 3334 5504 quem
3359 5442 3680 5506 accepimus.
