4058 6342
372 309 466 362 871

372 431 681 486 minamur.
716 429 863 482 Deus
892 440 994 496 per
1021 439 1192 496 quem
1223 422 1491 478 discimus
1537 424 1722 479 aliena
1764 439 1884 480 esse
1930 440 2059 496 quae

371 515 678 588 aliquando
737 518 948 580 nostra,
1009 517 1065 566 et
1119 517 1310 566 nostra
1366 529 1486 566 esse
1565 530 1692 584 quae
1755 513 2062 585 aliquando

370 606 554 660 aliena
604 603 964 674 putabamus.
1026 603 1172 656 Deus
1220 617 1322 672 per
1369 617 1542 672 quem
1584 603 1870 656 malorum
1922 601 2064 656 escis

362 683 540 762 atque
569 690 854 746 illecebris
905 706 1018 744 non
1068 690 1374 746 haeremus.
1437 692 1583 746 Deus
1627 707 1730 762 per
1759 707 1929 762 quem
1963 707 2066 742 uos

369 796 461 834 res
516 781 752 834 minutae
815 795 929 833 non
985 779 1278 834 minuunt.
1317 781 1463 832 Deus
1491 795 1594 849 per
1639 795 1812 849 quem
1861 777 2066 831 melius

368 873 626 922 nostrum
656 866 926 922 deteriori
947 867 1263 937 subjectum
1292 883 1408 920 non
1434 872 1539 922 est.
1572 869 1723 921 Deus
1756 882 1864 937 per
1895 880 2068 936 quem

371 973 524 1010 mors
553 956 886 1010 absorbetur
929 955 991 1008 in
1030 955 1320 1009 victoriam
1367 955 1410 1025 (l
1452 957 1568 1011 Cor.
1625 972 1717 1025 xv,
1778 956 1887 1025 54).
1926 956 2073 1008 Deus

372 1045 470 1116 qui
501 1061 602 1098 nos
629 1044 909 1098 convertis
956 1043 1056 1113 qui
1103 1059 1205 1096 nos
1258 1059 1325 1097 eo
1380 1044 1535 1114 quod
1579 1060 1694 1097 non
1747 1049 1830 1097 est
1882 1043 2068 1108 exuis,

367 1137 421 1187 et
454 1149 518 1187 eo
550 1133 703 1203 quod
724 1137 808 1187 est
835 1131 1042 1185 induis.
1074 1133 1219 1186 Deus
1251 1131 1350 1201 qui
1383 1148 1482 1184 nos
1513 1131 1866 1186 exaudibiles
1893 1129 2062 1185 facis.

374 1223 519 1275 Deus
545 1221 645 1292 qui
677 1237 778 1275 nos
807 1218 997 1275 munis
1028 1221 1065 1274 ¹.
1102 1218 1351 1290 Deusqui
1382 1236 1486 1274 nos
1537 1220 1598 1274 in
1645 1236 1875 1274 omnem
1924 1218 2068 1273 veri-

377 1314 549 1364 tatem
579 1309 818 1364 inducis.
853 1310 997 1362 Deus
1031 1308 1128 1378 qui
1176 1308 1344 1361 nobis
1385 1308 1578 1362 omnia
1607 1309 1757 1363 bona
1797 1307 2068 1379 loqueris,

373 1415 477 1452 nec
506 1399 735 1452 insanos
781 1396 938 1460 facis,
975 1412 1078 1449 nec
1107 1413 1139 1449 a
1181 1413 1474 1468 quoquam
1531 1397 1655 1450 fieri
1711 1396 1867 1451 sinis.
1927 1397 2073 1450 Deus

374 1486 471 1557 qui
506 1503 609 1540 nos
640 1501 868 1538 revocas
909 1485 966 1537 in
1007 1484 1179 1550 viam,
1225 1486 1370 1538 Deus
1419 1483 1518 1555 qui
1571 1501 1677 1538 nos
1725 1483 1954 1539 deducis
2005 1483 2074 1536 ad

369 1576 624 1644 januam,
681 1575 828 1628 Deus
886 1572 985 1644 qui
1042 1572 1175 1626 facis
1234 1577 1298 1626 ut
1357 1573 1718 1643 pulsantibus
1786 1572 2075 1643 aperiatur

376 1665 585 1731 (Matth.
614 1679 710 1729 vn,
743 1663 824 1731 8).
865 1662 1011 1714 Deus
1051 1662 1149 1730 qui
1180 1660 1345 1714 nobis
1374 1661 1472 1714 das
1501 1676 1712 1730 panem
1742 1661 1890 1714 vitae.
1928 1661 2074 1713 Deus

376 1767 476 1823 per
507 1767 679 1822 quem
711 1749 936 1803 sitimur
964 1753 1182 1819 potum,
1217 1765 1330 1819 quo
1362 1749 1566 1803 hausto
1601 1765 1897 1820 nunquam
1926 1748 2076 1801 sitia-

374 1855 502 1893 mus
534 1841 702 1908 (Joan.
738 1855 812 1904 vr,
841 1837 952 1906 35),
983 1839 1130 1890 Deus
1163 1837 1262 1907 qui
1305 1837 1497 1907 arguis
1529 1838 1801 1891 saeculum
1832 1837 1900 1890 de
1939 1852 2075 1906 pec-

376 1933 518 1995 cato,
551 1928 620 1982 de
644 1927 884 1998 justitia,
921 1931 978 1980 et
1005 1926 1074 1980 de
1099 1925 1314 1996 judicio
1343 1926 1448 1994 (Id.
1506 1942 1618 1992 xw,
1663 1926 1740 1995 8).
1776 1925 1924 1979 Deus
1975 1940 2078 1994 per

381 2033 552 2089 quem
582 2033 687 2070 nos
709 2033 822 2070 non
853 2019 1086 2069 movent
1115 2015 1213 2086 qui
1244 2014 1482 2068 minime
1511 2014 1770 2068 credunt.
1806 2015 1954 2066 Deus
1976 2028 2078 2082 per

380 2122 552 2178 quem
581 2104 976 2175 improbemus
1035 2120 1232 2158 eorum
1290 2119 1563 2166 errorem,
1615 2101 1713 2173 qui
1753 2102 2076 2155 animarum

380 2195 583 2249 merito
609 2194 766 2248 nulla
797 2209 917 2246 esse
949 2192 1097 2263 apud
1127 2197 1180 2246 te
1203 2196 1428 2262 putant,
1463 2193 1612 2244 Deus
1630 2207 1730 2262 per
1760 2207 1930 2261 quem
1962 2205 2080 2243 non

384 2282 658 2337 servimus
690 2279 936 2335 infirmis
965 2284 1023 2334 et
1063 2280 1258 2350 egenis
1303 2278 1598 2333 elementis
1625 2280 1830 2348 (Galat.
1884 2295 1956 2343 ιν,
1991 2281 2067 2347 9).

386 2375 530 2426 Deus
560 2370 661 2442 qui
685 2386 790 2424 nos
819 2383 1051 2439 purgas,
1088 2373 1145 2422 et
1171 2367 1240 2422 ad
1267 2367 1458 2422 divina
1485 2383 1776 2438 prwparas
1817 2366 2078 2438 praemia,

383 2458 588 2514 adveni
619 2457 760 2511 mihi
789 2456 1076 2528 propitius
1106 2461 1188 2511 tu.

455 2549 508 2602 4.
541 2545 831 2616 Quidquid
857 2563 889 2599 a
917 2561 1007 2599 me
1036 2545 1249 2598 dictum
1274 2549 1376 2614 est,
1406 2559 1552 2598 unus
1573 2545 1718 2597 Deus
1739 2547 1824 2611 tu,
1856 2547 1915 2598 tu
1947 2543 2078 2597 veni

384 2635 526 2690 mihi
550 2635 608 2688 in
639 2634 910 2688 auxilium
937 2651 950 2698 ;
1007 2650 1120 2688 una
1153 2640 1367 2688 aeterna
1395 2649 1528 2686 vera
1581 2632 1915 2697 substantia,
1981 2632 2078 2686 ubi

384 2725 538 2778 nulla
586 2723 984 2793 discrepantia,
1041 2724 1199 2776 nulla
1247 2723 1524 2785 confusio,
1581 2723 1739 2775 nulla
1792 2720 2075 2787 transitio,

385 2814 539 2867 nulla
568 2812 904 2883 indigentia,
933 2812 1088 2865 nulla
1121 2828 1290 2866 mors.
1328 2811 1433 2866 Ubi
1476 2826 1701 2864 summa
1753 2809 2076 2877 concordia,

381 2918 604 2955 summa
634 2900 938 2967 evidentia,
985 2916 1208 2954 summa
1261 2900 1599 2967 constantia,
1642 2915 1865 2952 summa
1895 2896 2075 2968 pleni-

383 2992 545 3058 tudo,
579 3006 803 3044 summa
836 2989 967 3043 vita.
1021 2989 1125 3042 Ubi
1174 2989 1318 3044 nihil
1367 2989 1545 3056 deest,
1575 2987 1719 3040 nihil
1775 2986 2073 3040 redundat.

385 3078 485 3133 Ubi
517 3078 616 3150 qui
643 3078 846 3149 gignit,
877 3082 933 3131 et
964 3092 1137 3147 quem
1172 3075 1357 3147 gignit
1389 3091 1568 3129 unum
1591 3079 1675 3134 est
1706 3076 1794 3143 (α).
1829 3074 1975 3127 Deus
1989 3073 2079 3126 cui

381 3168 634 3221 serviunt
664 3167 880 3236 omnia,
913 3183 1041 3237 quae
1074 3166 1359 3232 serviunt;
1386 3163 1477 3218 cui
1505 3163 1864 3232 obtemperat
1893 3161 2079 3214 omnis

382 3261 528 3311 bona
557 3256 767 3311 anima.
795 3256 968 3325 Cujus
996 3255 1217 3325 legibus
1250 3259 1513 3307 rotantur
1540 3251 1678 3322 poli,
1711 3267 1908 3304 cursus
1943 3267 2076 3304 suos

380 3345 567 3399 sidera
595 3347 898 3414 peragunt,
935 3343 1014 3396 sol
1042 3346 1263 3395 exercet
1292 3341 1466 3406 diem,
1501 3341 1638 3394 luna
1666 3343 1949 3408 temperat
1979 3354 2077 3391 no-

379 3438 525 3487 ctem
560 3450 572 3487 :
607 3432 910 3502 omnisque
942 3432 1188 3485 mundus
1218 3447 1321 3500 per
1351 3430 1488 3496 dies,
1521 3427 1910 3482 vicissitudine
1935 3426 2078 3480 lucis

378 3528 433 3576 ct
459 3521 674 3587 noctis;
717 3537 821 3591 per
876 3536 1122 3587 menses,
1164 3518 1530 3573 incrementis
1591 3515 2080 3585 decrementisque

380 3610 712 3664 lunaribus:
745 3626 848 3680 per
879 3625 1081 3675 annos,
1114 3608 1280 3671 veris,
1315 3607 1547 3674 aestatis,
1580 3604 1840 3660 autumni
1867 3609 1922 3658 et
1950 3603 2076 3657 hie-

378 3697 486 3752 mis
514 3697 964 3753 successionibus
989 3715 1001 3765 ;
1035 3713 1140 3768 per
1169 3697 1366 3763 lustra,
1399 3694 1744 3766 perfectione
1767 3709 1963 3747 cursus
1995 3709 2081 3744 so-

377 3787 548 3854 laris;
582 3803 686 3858 per
712 3803 948 3858 magnos
981 3786 1169 3852 orbes,
1203 3798 1432 3839 recursu
1466 3783 1526 3837 in
1555 3787 1712 3837 ortus
1769 3798 1900 3836 suos
1932 3780 2049 3834 side

379 3893 522 3942 rum,
554 3892 823 3946 magnam
845 3891 1037 3930 rerum
1061 3875 1462 3940 constantiam,
1493 3876 1773 3943 quantum
1802 3868 2080 3923 sensibilis

379 3964 615 4020 materia
648 3964 884 4037 patitur,
917 3969 1244 4035 temporum
1267 3962 1563 4017 ordinibus
1593 3957 2082 4030 replicationibus-

378 4072 486 4125 que
508 4054 770 4109 custodit.
833 4055 982 4108 Deus
1013 4053 1175 4123 cujus
1225 4052 1450 4121 legibus
1498 4051 1556 4104 in
1603 4066 1722 4103 aevo
1775 4048 2079 4110 stantibus,

379 4148 567 4197 motus
607 4141 887 4196 instabilis
929 4157 1124 4194 rerum
1163 4140 1530 4194 mutabilium
1558 4137 1923 4209 perturbatus
1958 4151 2079 4189 esse

380 4247 493 4284 uon
517 4231 746 4298 sinitur,
767 4229 1054 4299 frenisque
1069 4228 1548 4282 circumeuntium
1567 4226 1908 4279 saeculorum
1932 4239 2080 4276 sem-

379 4335 481 4388 per
513 4319 581 4372 ad
613 4316 1052 4372 similitudinem
1078 4315 1401 4370 stabilitatis
1431 4319 1728 4368 revocatur
1760 4333 1774 4379 ;
1807 4313 1967 4381 cujus
2000 4311 2079 4364 le-

380 4406 545 4477 gibus
576 4405 875 4459 arbitrium
897 4404 1101 4458 animos
1130 4404 1380 4458 liberum
1411 4408 1512 4469 est,
1538 4403 1815 4472 bonisque
1844 4399 2080 4470 praamia

379 4501 437 4548 et
465 4494 632 4549 malis
665 4510 870 4565 poenae,
899 4493 1025 4546 ﬁxis
1056 4510 1160 4564 per
1190 4493 1386 4547 omnia
1429 4491 1855 4546 necessitatibus
1891 4489 2080 4544 distri-

381 4585 532 4638 butae
563 4586 712 4636 sunt.
749 4583 896 4636 Deus
928 4599 958 4636 a
991 4599 1105 4653 quo
1134 4585 1370 4635 manant
1398 4597 1579 4652 usque
1627 4580 1696 4633 ad
1738 4596 1841 4632 nos
1889 4577 2081 4632 omnia

379 4671 546 4739 bona,
580 4688 610 4725 a
641 4687 754 4742 quo
785 4677 1118 4726 coercentur
1142 4688 1175 4724 a
1203 4670 1367 4724 nobis
1389 4669 1586 4723 omnia
1618 4669 1783 4736 mala.
1815 4668 1960 4721 Deus
1993 4682 2082 4720 su-

380 4777 480 4832 pra
513 4776 683 4831 quem
715 4760 880 4826 nihil,
913 4765 1074 4814 extra
1103 4775 1275 4831 quem
1300 4757 1463 4825 nihil,
1500 4757 1621 4811 sine
1655 4773 1770 4828 quo
1801 4755 1946 4809 nihil
1977 4759 2076 4808 est.

385 4852 529 4902 Deus
558 4847 663 4903 sub
690 4863 804 4918 quo
835 4851 1020 4902 totum
1048 4854 1151 4914 est,
1176 4848 1235 4901 in
1251 4864 1364 4918 quo
1380 4851 1561 4901 totum
1578 4851 1682 4912 est,
1710 4861 1838 4898 cum
1861 4859 1974 4915 quo
1995 4847 2080 4896 to-

382 4945 501 4992 tum
533 4940 634 4991 est.
667 4935 773 4999 Qui
801 4934 982 4988 fecisti
1010 4935 1302 4990 hominem
1326 4935 1396 4990 ad
1435 4934 1745 5004 imaginem
1788 4937 1842 4986 et
1886 4930 2083 4986 simili-

380 5025 640 5080 tudinem
695 5029 878 5088 tuam,
937 5023 1089 5092 quod
1147 5023 1246 5093 qui
1302 5039 1362 5075 se
1415 5022 1533 5091 ipse
1585 5021 1741 5075 novit
1795 5018 2072 5089 agnoscit.

385 5114 612 5180 Exaudi,
633 5110 859 5174 exaudi,
877 5111 1079 5165 exaudi
1109 5127 1222 5177 me,
1245 5111 1391 5164 Deus
1415 5126 1597 5176 meus,
1629 5108 1868 5162 Domine
1892 5123 2074 5174 meus,

382 5221 476 5258 rex
508 5219 689 5270 meus,
714 5204 878 5272 pater
906 5214 1086 5265 meus,
1121 5215 1290 5252 causa
1317 5214 1465 5264 mea,
1498 5214 1625 5268 spes
1651 5213 1801 5266 mea,
1831 5213 1917 5249 res
1931 5211 2081 5262 mea,

383 5295 558 5347 honor
585 5307 766 5356 meus,
802 5288 1009 5344 domus
1040 5302 1188 5354 mea,
1220 5287 1407 5356 patria
1446 5302 1596 5355 mea,
1624 5287 1775 5339 salus
1805 5301 1954 5353 mea,
1985 5285 2079 5338 lux

383 5397 529 5448 mea,
562 5381 676 5434 vita
700 5394 846 5434 mea.
883 5375 1116 5443 Exaudi,
1151 5373 1375 5444 exaudi,
1407 5373 1614 5429 exaudi
1644 5390 1734 5430 me
1783 5389 1942 5430 more
1983 5373 2081 5428 illo

444 5491 460 5520 ¹
493 5487 699 5542 Septem
729 5485 870 5542 Mss,
897 5486 1042 5535 unis.

447 5552 513 5608 fa)
547 5547 674 5598 Vide
706 5552 725 5597 t
755 5549 1004 5608 Retract.,
1031 5561 1144 5610 cap.
1170 5547 1215 5605 4,
1249 5558 1301 5594 n.
1334 5547 1380 5593 3.

1573 300 2143 368 SOLILOQUIORUM
2183 301 2236 355 S.
2281 301 2664 358 AUGUSTINI

3773 305 3881 357 872

2179 428 2278 479 tuo
2318 425 2514 497 paucis
2543 424 2839 479 notissimo
2854 464 2868 478 .

2325 516 2449 568 Jam
2470 519 2524 568 te
2556 514 2740 567 solum
2766 529 2917 578 amo,
2964 517 3018 566 te
3067 512 3250 565 solum
3309 528 3534 582 sequor,
3592 516 3646 566 te
3679 513 3868 566 solum

2173 619 2390 672 quaero,
2422 603 2522 657 tibi
2552 601 2654 656 soli
2709 602 2918 654 servire
2974 606 3207 672 paratus
3259 617 3406 666 sum,
3444 601 3581 671 quia
3627 605 3688 654 tu
3721 601 3881 654 solus

2168 689 2316 759 juste
2348 689 2700 756 dominaris;
2751 689 2836 744 tui
2877 689 3024 759 juris
3067 705 3189 742 esse
3232 684 3418 758 eupio.
3461 688 3624 754 Jube,
3657 705 3880 759 quaeso,

2177 784 2345 848 atque
2376 778 2596 850 impera
2623 778 2902 849 quidquid
2930 777 3034 846 vis,
3085 777 3181 830 sed
3232 794 3367 830 sana
3400 781 3458 830 et
3505 776 3662 846 aperi
3711 794 3884 830 aures

2177 881 2351 933 meas,
2381 867 2588 937 quibus
2613 883 2775 920 voces
2805 875 2930 920 tuas
2960 865 3210 918 audiam.
3235 865 3382 919 Sana
3409 869 3464 918 et
3491 865 3650 934 aperi
3685 865 3883 918 oculos

2178 970 2354 1020 meos,
2388 955 2594 1026 quibus
2623 959 2796 1008 nutus
2844 960 2970 1008 tuos
3002 954 3240 1007 videam.
3277 954 3502 1024 Expelle
3530 970 3563 1007 a
3594 970 3685 1007 me
3716 954 3879 1007 insa-

2177 1043 2354 1111 niam,
2387 1047 2450 1096 ut
2474 1057 2872 1113 recognoscam
2905 1047 2976 1095 te.
3017 1041 3112 1095 Dic
3143 1042 3283 1095 mihi
3318 1058 3432 1112 qua
3462 1041 3776 1107 attendam,
3811 1047 3878 1094 ut

2181 1131 2450 1201 aspiciam
2491 1136 2564 1195 te,
2606 1136 2660 1184 et
2705 1131 2899 1184 omnia
2942 1147 3032 1184 me
3081 1146 3248 1199 spero
3301 1147 3429 1200 qua“:
3487 1130 3724 1200 iusseris
3754 1146 3880 1183 esse

2179 1220 2480 1273 facturum.
2514 1220 2740 1289 Recipe,
2773 1236 2890 1287 oro,
2925 1218 3227 1290 fugitivum
3255 1224 3439 1285 tuum,
3474 1219 3880 1284 Domine,cle-

2181 1307 2529 1362 mcntissime
2559 1313 2720 1379 pater
2755 1325 2766 1362 :
2794 1308 3032 1378 jamjam
3065 1308 3197 1361 satis
3223 1324 3418 1377 poenas
3448 1307 3885 1374 dederim,satis

2181 1395 2424 1450 inimicis
2467 1397 2600 1465 tuis,
2635 1413 2776 1468 quos
2812 1397 2915 1451 sub
2943 1396 3182 1466 pedibus
3211 1397 3403 1461 habes,
3437 1395 3758 1464 servierim,
3790 1412 3886 1449 sa-

2183 1486 2253 1539 tis
2282 1485 2486 1540 fuerim
2520 1486 2874 1539 fallaciarum
2915 1485 3249 1540 ludibrium.
3283 1485 3486 1554 Accipe
3531 1501 3622 1538 me
3655 1484 3726 1538 ab
3756 1483 3886 1538 istis

2182 1574 2495 1644 fugientem
2525 1575 2800 1628 famulum
2834 1580 3016 1640 tuum,
3048 1574 3183 1645 quia
3209 1578 3264 1628 et
3286 1574 3373 1627 isti
3393 1590 3484 1626 me
3504 1574 3734 1644 quando
3765 1589 3798 1626 a
3830 1578 3887 1626 te

2182 1664 2470 1733 fugiebam
2491 1669 2829 1733 acceperunt
2847 1663 3122 1717 alienum.
3153 1663 3236 1717 Ad
3254 1667 3307 1717 te
3337 1662 3480 1716 mihi
3511 1661 3876 1717 redeundum

2186 1769 2303 1806 esse
2321 1753 2504 1806 sentio
2532 1757 2757 1822 :pateat
2771 1752 2912 1806 mihi
2940 1752 3190 1822 pulsanti
3213 1753 3392 1822 janua
3418 1755 3517 1805 tua
3542 1771 3557 1818 ;
3589 1751 3886 1822 quomodo

2186 1842 2252 1895 ad
2285 1846 2338 1895 te
2368 1841 2734 1912 perveniatur
2761 1842 2896 1894 doce
2928 1857 3038 1894 me.
3083 1841 3233 1895 Nihil
3273 1840 3429 1894 aliud
3481 1840 3664 1894 habeo
3709 1855 3889 1910 quam

2185 1929 2570 1996 voluntatem;
2600 1928 2744 1983 nihil
2770 1929 2923 1983 aliud
2955 1929 3068 1982 scio
3090 1929 3196 1982 nisi
3229 1929 3383 1982 ﬂuxa
3409 1933 3466 1982 et
3493 1928 3702 1982 caduca
3731 1943 3891 1997 sper-

2185 2019 2373 2071 nenda
2405 2022 2733 2083 esse;certa
2762 2022 2818 2072 et
2866 2023 3075 2071 aeterna
3121 2017 3481 2088 requirenda.
3548 2017 3656 2070 Hoc
3713 2015 3887 2083 facio,

2187 2108 2373 2173 Pater,
2407 2107 2541 2178 quia
2570 2108 2675 2161 hoc
2696 2107 2880 2160 solum
2912 2106 3043 2160 novi
3071 2127 3085 2172 ;
3117 2107 3212 2160 sed
3233 2106 3384 2160 unde
3415 2106 3484 2160 ad
3515 2110 3568 2159 te
3590 2105 3889 2175 pervenia-

2186 2199 2280 2248 tur
2318 2195 2540 2265 ignoro.
2571 2196 2651 2249 Tu
2686 2195 2827 2249 mihi
2855 2211 3118 2266 suggere,
3147 2199 3206 2248 tu
3239 2194 3493 2261 ostende,
3525 2197 3586 2247 tu
3615 2193 3888 2248 viaticum

2186 2283 2395 2353 prmbe.
2427 2283 2484 2338 Si
2513 2283 2622 2337 fide
2652 2287 2705 2336 te
2735 2282 3032 2336 inveniunt
3061 2281 3160 2353 qui
3187 2283 3256 2337 ad
3282 2286 3336 2336 te
3369 2281 3677 2352 refugiunt,
3711 2282 3886 2336 ﬁdem

2187 2373 2289 2437 da;
2321 2371 2367 2424 si
2402 2370 2626 2440 virtute,
2658 2371 2961 2437 virtutem;
2990 2371 3035 2424 si
3068 2370 3322 2437 scientia,
3355 2369 3680 2424 scientiam.
3720 2373 3885 2441 Auge

2187 2460 2246 2513 in
2278 2477 2368 2514 me
2401 2460 2591 2524 fidem,
2626 2476 2770 2530 auge
2811 2475 2989 2529 spem,
3021 2475 3164 2527 auge
3194 2458 3551 2513 charitatem.
3601 2458 3642 2511 Ο
3701 2458 3886 2512 admi-

2188 2549 2366 2602 randa
2398 2553 2453 2601 et
2478 2548 2779 2618 singularis
2816 2545 3039 2601 bonitas
3070 2551 3199 2601 tua!

2260 2641 2310 2690 6.
2345 2637 2425 2690 Ad
2459 2641 2511 2690 te
2539 2636 2748 2702 ambio,
2783 2641 2838 2688 et
2868 2635 3074 2706 quibus
3099 2635 3268 2690 rebus
3316 2635 3386 2690 ad
3418 2639 3472 2689 te
3510 2634 3818 2702 ambiatur,
3858 2653 3894 2689 a

2190 2730 2243 2779 te
2265 2741 2492 2778 rursum
2520 2730 2673 2795 peto.
2708 2726 2790 2778 Tu
2817 2723 2970 2777 enim
2999 2723 3042 2776 si
3074 2724 3307 2791 deseris,
3347 2723 3570 2795 peritur
3598 2741 3610 2777 :
3641 2723 3740 2778 sed
3772 2740 3889 2777 non

2189 2814 2421 2880 deseris,
2453 2814 2590 2884 quia
2611 2818 2674 2867 tu
2697 2829 2754 2865 es
2771 2828 3064 2866 summum
3092 2812 3330 2879 bonum,
3364 2813 3513 2880 quod
3541 2827 3709 2865 nemo
3736 2817 3891 2866 recte

2189 2903 2470 2974 quaesivit,
2503 2908 2559 2956 et
2591 2901 2826 2956 minime
2856 2900 3090 2954 invenit.
3115 2900 3310 2954 Omnis
3337 2906 3528 2954 autem
3559 2905 3707 2953 recte
3727 2917 3888 2971 qua:-

2190 2991 2335 3057 sivit,
2371 3008 2542 3062 quem
2583 2995 2645 3045 tu
2676 2996 2826 3044 recte
2858 3005 3116 3060 quaerere
3169 2987 3370 3043 fecisti.
3408 2990 3514 3042 Fac
3552 3005 3663 3054 me,
3700 2991 3889 3052 Pater,

2190 3097 2446 3152 quaerere
2488 3086 2562 3147 te,
2594 3080 2818 3134 vindica
2847 3095 2938 3145 me
2978 3078 3047 3131 ab
3080 3094 3302 3145 errore;
3353 3077 3633 3148 quaerenti
3660 3082 3714 3131 te
3744 3078 3888 3132 mihi

2191 3170 2334 3224 nihil
2366 3169 2520 3224 aliud
2553 3185 2657 3240 pro
2688 3174 2741 3222 te
2765 3169 2908 3239 jam,
2954 3184 3168 3238 quaeso,
3226 3169 3409 3222 Pater.
3457 3166 3514 3221 Si
3561 3172 3753 3222 autem
3803 3174 3891 3222 est

2190 3259 2250 3312 in
2275 3275 2364 3312 me
2386 3257 2660 3330 superllui
2690 3258 2929 3328 alicujus
2955 3256 3249 3328 appetitio,
3277 3260 3335 3310 tu
3364 3256 3485 3327 ipse
3518 3272 3608 3311 me
3648 3256 3890 3325 munda,

2190 3353 2246 3402 et
2274 3349 2360 3401 fac
2388 3348 2665 3402 idoneum
2698 3347 2768 3400 ad
2797 3346 3107 3400 videndum
3148 3352 3222 3402 te.
3258 3347 3539 3400 Caeterum
3595 3346 3662 3400 de
3705 3346 3890 3399 salute

2189 3437 2360 3505 hujus
2374 3435 2631 3490 mortalis
2645 3435 2899 3504 corporis
2913 3435 3048 3500 mei,
3068 3433 3344 3506 quamdiu
3365 3435 3554 3488 nescio
3582 3433 3719 3505 quid
3742 3434 3894 3488 mihi

2191 3541 2253 3580 ex
2285 3541 2351 3578 eo
2383 3524 2522 3578 utile
2562 3523 2654 3589 sit,
2686 3523 2774 3577 vel
2826 3521 2906 3575 eis
2963 3539 3106 3594 quos
3136 3523 3332 3593 diligo,
3368 3523 3473 3577 tibi
3528 3522 3672 3577 illud
3726 3539 3891 3576 com-

2188 3614 2376 3682 mitto,
2409 3615 2575 3667 Pater
2603 3611 3014 3682 sapientissime
3062 3616 3231 3683 atque
3285 3613 3520 3682 optime,
3580 3616 3635 3666 et
3668 3627 3770 3682 pro
3821 3627 3892 3664 eo

2189 3702 2339 3774 quod
2371 3701 2442 3755 ad
2471 3707 2696 3771 tempus
2711 3700 3076 3754 admonueris
3099 3700 3449 3771 deprecabor
3481 3716 3493 3754 :
3529 3703 3753 3754 tantum
3785 3716 3888 3752 oro

2191 3788 2722 3843 excellentissimam
2748 3787 3107 3842 clementiam
3139 3793 3320 3856 tuam,
3354 3792 3415 3842 ut
3445 3803 3535 3841 me
3564 3787 3791 3858 penitus
3817 3789 3888 3841 ad

2193 3887 2240 3933 te
2271 3882 2565 3933 convertas
2589 3877 2847 3948 nihilque
2879 3877 3022 3931 mihi
3050 3893 3372 3948 repugnare
3403 3876 3574 3930 facias
3626 3875 3888 3929 tendenti

2192 3968 2258 4022 ad
2291 3971 2364 4033 te,
2393 3967 2709 4037 jubeasque
2736 3982 2828 4019 me
2854 3965 2990 4020 dum
3008 3966 3115 4020 hoc
3135 3966 3322 4036 ipsum
3345 3949 3550 4036 corpus
3577 3980 3682 4033 ago
3715 3968 3891 4034 atque

2190 4061 2378 4127 porto,
2410 4071 2639 4126 purum,
2673 4055 3128 4126 magnanimum,
3155 4055 3398 4126 justum,
3428 4053 3892 4125 prudentemque

2191 4161 2333 4212 esse,
2375 4144 2805 4214 perfectumque
2863 4149 3175 4198 amatorem
3228 4148 3737 4215 perceptoremque
3801 4159 3891 4195 sa-

2190 4233 2420 4305 pientiae
2435 4239 2567 4300 tuae,
2585 4237 2638 4286 et
2663 4232 3288 4303 dignumhabitatione,
3314 4237 3489 4304 atque
3503 4231 3890 4287 habitatorem

2189 4324 2502 4380 beatissimi
2531 4322 2694 4395 regni
2725 4323 2826 4378 tui.
2855 4324 3056 4385 Amen,
3091 4338 3284 4376 amen.

2561 4449 2782 4504 CAPUT
2813 4448 2883 4502 Il.
2923 4478 2983 4486 -·
3014 4447 3156 4512 Quid
3190 4445 3508 4500 amandum.

2258 4561 2311 4610 7.
2372 4557 2442 4610 A.
2504 4556 2639 4608 Ecce
2689 4553 2844 4608 oravi
2920 4554 3119 4608 Deum.
3188 4555 3251 4608 Β.
3301 4551 3450 4615 Quid
3517 4566 3655 4620 ergo
3734 4552 3882 4606 seire

2190 4644 2314 4698 vis?
2360 4645 2431 4699 Α.
2489 4645 2616 4698 Haec
2669 4643 2793 4714 ipsa
2847 4643 3041 4696 omnia
3095 4657 3221 4712 quae
3275 4639 3448 4694 oravi.
3512 4641 3575 4694 R.
3635 4641 3894 4694 Breviter

2192 4749 2258 4787 ea
2307 4733 2532 4802 collige.
2585 4733 2654 4786 Α.
2719 4733 2899 4786 Deum
2955 4733 3010 4784 et
3059 4729 3309 4782 animam
3366 4726 3508 4781 scire
3567 4727 3758 4797 cupio.
3818 4731 3884 4783 Β.

2190 4821 2416 4876 Nihilne
2477 4822 2656 4891 plus?
2699 4823 2771 4874 Α.
2831 4819 2979 4873 Nihil
3025 4817 3306 4872 omnimo.
3357 4819 3428 4871 It.
3492 4817 3636 4886 Ergo
3700 4817 3891 4888 incipe

2193 4926 2468 4980 qurerere.
2525 4909 2633 4963 Sed
2686 4909 2842 4978 prius
2895 4906 3110 4976 explica
3165 4905 3452 4977 quomodo
3515 4906 3618 4960 tibi
3676 4905 3722 4958 si
3779 4905 3888 4960 de-

2190 5002 2538 5052 monstretur
2569 4998 2735 5058 Deus,
2783 4995 2962 5065 possis
3009 4995 3216 5061 dicere,
3265 4996 3364 5049 Sat
3407 4999 3510 5050 est.
3561 4996 3631 5049 A.
3690 4994 3894 5048 Nescio

2194 5086 2480 5157 quomodo
2507 5083 2651 5138 mihi
2682 5083 3062 5138 demonstrari
3092 5083 3316 5153 debeat,
3346 5087 3409 5138 ut
3439 5083 3756 5149 dicam,Sat
3785 5087 3890 5137 est:

2189 5191 2308 5230 non
2340 5175 2493 5228 enim
2519 5172 2685 5226 credo
2715 5189 2806 5227 me
2837 5171 2977 5226 scire
3029 5173 3246 5244 aliquid
3276 5173 3372 5239 sic,
3426 5171 3713 5242 quomodo
3751 5172 3895 5226 scire

2194 5264 2371 5318 Deum
2403 5262 2681 5318 desidero.
2712 5264 2778 5318 Β.
2813 5261 2960 5325 Quid
2991 5278 3126 5332 ergo
3167 5261 3437 5332 agimus?
3469 5261 3665 5314 Nonne
3695 5275 3896 5313 censes

2191 5353 2352 5424 prius
2376 5351 2480 5406 tibi
2511 5368 2630 5406 esse
2660 5351 2974 5417 sciendum,
3009 5352 3294 5422 quomodo
3324 5351 3429 5405 tibi
3450 5351 3631 5403 Deum
3645 5347 3789 5403 scire
3806 5366 3894 5404 sa-

2191 5441 2263 5496 tis
2296 5441 2385 5509 sit,
2429 5457 2541 5513 quo
2571 5457 2701 5495 cum
2729 5440 3056 5511 perveneris
3081 5457 3196 5495 non
3228 5441 3473 5511 amplius
3526 5439 3791 5510 qumras?
3821 5440 3894 5495 A.

2193 5531 2406 5586 Censeo
2438 5529 2707 5603 quidem;
2743 5530 2838 5586 sed
2859 5546 2972 5600 quo
3003 5535 3164 5600 pacto
3196 5529 3317 5584 fieri
3350 5527 3529 5599 possit
3558 5543 3675 5582 non
3705 5527 3895 5595 video,
