4058 6386
127 321 222 376 873

126 442 266 507 Quid
317 441 472 496 enim
520 443 638 496 Deo
679 441 864 497 simile
909 458 1164 513 unquam
1211 442 1488 511 intellexi,
1515 449 1579 499 ut
1600 445 1817 516 possim

125 531 329 598 dicere,
369 531 671 596 Quomodo
708 531 818 585 hoc
869 531 1149 603 intelligo,
1203 532 1282 587 sic
1323 534 1449 588 volo
1500 533 1816 604 intelligere

127 621 341 675 Deum?
369 622 435 675 Β.
469 619 578 685 Qui
608 619 864 674 nondum
897 621 1074 674 Deum
1105 621 1279 689 nosti,
1311 622 1464 676 unde
1499 621 1647 676 nosti
1672 623 1815 676 nihil

125 713 176 763 te
205 725 373 764 nosse
424 710 538 762 Deo
570 707 794 762 simile?
838 709 910 763 Α.
963 709 1107 772 Quia
1134 709 1182 763 si
1222 709 1438 781 aliquid
1486 712 1600 764 Deo
1631 709 1816 764 simile

127 796 341 859 scirem,
369 796 490 851 sine
511 796 684 851 dubio
712 797 765 851 id
789 813 1039 851 amarem
1059 819 1074 865 ;
1094 815 1246 852 nunc
1274 803 1464 853 autem
1489 799 1630 852 nihil
1661 798 1815 852 aliud

125 902 250 940 amo
281 901 456 956 quam
487 886 666 939 Deum
697 890 752 939 et
782 885 1056 955 animam,
1088 903 1336 957 quorum
1367 892 1635 941 neutrum
1665 886 1806 940 scio.

124 975 182 1028 Β.
237 974 362 1028 Non
391 972 572 1044 igitur
599 989 756 1027 amas
786 973 1002 1028 amicos
1045 975 1212 1028 tuos?
1244 976 1317 1029 A.
1365 975 1486 1039 Quo
1531 979 1696 1046 pacto
1723 992 1816 1029 eos

123 1079 372 1134 possum,
417 1078 616 1115 amans
664 1061 936 1129 animam,
984 1078 1101 1117 non
1137 1065 1370 1118 amare?
1405 1066 1468 1118 Β.
1509 1066 1623 1118 Hoc
1648 1064 1815 1118 modo

125 1167 254 1222 ergo
277 1154 334 1204 et
351 1150 569 1220 pulices
589 1152 646 1203 et
664 1149 892 1203 cimices
913 1151 1109 1204 amas?
1129 1151 1200 1206 A.
1223 1150 1487 1205 Animam
1508 1167 1600 1205 me
1623 1167 1815 1206 amare

125 1239 248 1301 dixi,
285 1255 403 1292 non
444 1238 734 1293 animalia.
774 1241 837 1294 Β.
885 1241 997 1293 Aut
1030 1239 1289 1294 homines
1322 1256 1439 1294 non
1478 1244 1610 1294 sunt
1650 1239 1817 1294 amici

127 1327 223 1394 tui,
258 1332 356 1381 aut
383 1343 481 1381 eos
510 1343 625 1381 non
653 1342 837 1380 amas:
871 1327 1054 1381 omnis
1084 1328 1238 1382 enim
1265 1329 1436 1382 homo
1471 1332 1556 1382 est
1581 1329 1816 1398 animal,

126 1421 176 1469 et
196 1415 464 1469 animalia
479 1419 534 1470 te
563 1431 682 1469 non
707 1431 900 1470 amare
931 1415 1138 1470 dixisti.
1169 1416 1240 1471 Α.
1274 1416 1339 1469 Et
1366 1415 1629 1470 homines
1659 1419 1814 1483 sunt,

126 1509 173 1558 et
202 1521 300 1558 eos
338 1520 491 1570 amo,
524 1519 641 1558 non
681 1519 747 1558 eo
778 1504 934 1576 quod
974 1503 1264 1570 animalia,
1297 1505 1394 1558 sed
1433 1520 1498 1558 eo
1528 1504 1684 1574 quod
1711 1503 1814 1557 ho-

125 1593 301 1646 mines
327 1597 485 1658 sunt;
518 1591 574 1645 id
615 1596 720 1658 est,
753 1607 820 1645 ex
853 1607 919 1645 eo
949 1591 1103 1661 quod
1129 1591 1432 1645 rationales
1463 1591 1680 1645 animas
1708 1591 1816 1645 ha—

125 1682 272 1747 bent,
307 1696 450 1751 quas
476 1695 604 1734 amo
635 1680 808 1733 etiam
842 1679 903 1733 in
932 1679 1275 1735 latronibus.
1314 1679 1467 1733 Licet
1492 1678 1647 1733 enim
1677 1677 1817 1732 mihi

122 1770 175 1823 in
205 1768 409 1840 quovis
436 1784 628 1822 amare
648 1768 950 1835 rationem,
976 1784 1106 1822 cum
1123 1768 1287 1822 illum
1303 1769 1434 1838 jure
1465 1767 1686 1822 oderim
1717 1767 1818 1839 qui

125 1859 266 1913 male
309 1857 493 1912 utitur
537 1874 604 1911 eo
653 1858 806 1929 quod
851 1873 999 1911 amo.
1047 1858 1244 1928 Itaque
1285 1861 1443 1912 tanto
1476 1857 1660 1928 magis
1687 1872 1816 1911 amo

126 1947 332 2001 amicos
361 1963 538 2013 meos,
571 1949 784 2017 quanto
829 1945 1012 2016 magis
1049 1945 1194 2000 bene
1224 1949 1463 2000 utuntur
1505 1946 1696 2000 anima
1725 1962 1814 2000 ra-

126 2035 336 2097 tionali,
369 2035 459 2090 vel
487 2039 636 2090 certe
665 2039 945 2105 quantum
973 2034 1295 2089 desiderant
1323 2051 1390 2088 ea
1416 2035 1559 2089 bene
1586 2034 1689 2088 uti.

545 2123 768 2177 CAPUT
789 2124 885 2176 III.
914 2154 982 2162 —
1007 2124 1248 2191 Cognitio
1274 2125 1391 2177 Dei.

189 2215 239 2267 8.
294 2214 362 2267 Β.
405 2211 632 2281 Accipio
677 2210 866 2265 istud:
930 2211 1026 2265 sed
1072 2216 1265 2265 tamen
1313 2212 1361 2265 si
1409 2211 1536 2283 quis
1576 2210 1680 2266 tibi
1728 2211 1812 2266 di-

127 2306 291 2368 ceret,
355 2301 578 2355 Faciam
635 2305 691 2354 te
733 2300 812 2354 sic
851 2302 1030 2354 Deum
1078 2316 1264 2368 nosse,
1326 2301 1613 2372 quomodo
1667 2300 1817 2354 nosti

125 2390 422 2461 Alypium;
480 2405 670 2443 nonne
725 2389 936 2460 gratias
1003 2404 1219 2459 ageres,
1273 2393 1326 2443 et
1383 2389 1619 2456 diceres,
1672 2388 1819 2444 Satis

128 2479 242 2530 est?
263 2478 336 2531 A.
379 2479 626 2547 Agerem
673 2476 908 2547 quidem
953 2476 1184 2546 gratias,
1235 2476 1333 2530 sed
1376 2476 1508 2529 satis
1549 2492 1669 2530 esse
1700 2492 1816 2529 non

127 2565 386 2619 dicerem.
439 2567 504 2620 Β.
539 2566 671 2630 Cur,
700 2564 932 2635 quieso?
977 2565 1050 2619 A.
1085 2564 1228 2628 Quia
1258 2565 1437 2618 Deum
1479 2580 1551 2618 ne
1579 2565 1657 2618 sic
1687 2563 1820 2635 qui-

127 2653 251 2707 dem
281 2653 417 2707 novi
456 2653 746 2724 quomodo
781 2651 1071 2722 Alypium,
1103 2656 1158 2706 et
1186 2655 1379 2706 tamen
1408 2651 1676 2723 Alypium
1704 2668 1818 2705 non

128 2742 257 2796 satis
301 2742 452 2795 novi.
501 2744 566 2796 R.
618 2740 756 2795 Vide
812 2756 945 2810 ergo
1001 2756 1074 2794 ne
1123 2739 1490 2810 impudenter
1532 2739 1671 2794 velis
1728 2756 1819 2793 sa-

125 2831 192 2885 tis
225 2833 409 2885 Deum
435 2846 621 2896 nosse,
656 2831 754 2901 qui
783 2829 1051 2901 Alypium
1081 2845 1197 2883 non
1226 2828 1362 2882 satis
1391 2829 1554 2883 nosti.
1589 2830 1660 2883 Α.
1695 2829 1819 2882 Non

125 2920 399 2991 sequitur.
425 2921 565 2973 Nam
590 2919 652 2973 in
677 2917 1104 2990 comparatione
1131 2917 1400 2982 siderum,
1423 2917 1562 2988 quid
1589 2922 1672 2971 est
1692 2933 1819 2970 mea

124 3025 279 3062 caena
315 3006 522 3063 vilius?
552 3013 609 3062 et
635 3013 825 3063 tamen
856 3023 978 3061 eras
1005 3006 1140 3077 quid
1171 3006 1279 3059 sim
1307 3009 1629 3060 cmnaturus
1655 3004 1818 3075 igno-

120 3113 214 3165 ro;
239 3113 358 3169 quo
385 3100 582 3151 autem
613 3095 774 3167 signo
805 3096 942 3149 luna
969 3093 1164 3148 futura
1193 3093 1284 3159 sit,
1318 3108 1432 3146 non
1459 3091 1822 3164 impudenter

122 3202 211 3239 me
249 3185 398 3240 scire
440 3184 736 3256 profiteor.
776 3185 841 3238 R.
884 3184 1030 3253 Ergo
1071 3181 1160 3236 vel
1195 3181 1273 3235 ita
1307 3181 1486 3235 Deum
1524 3197 1687 3234 nosse
1715 3179 1820 3234 tibi

125 3275 255 3329 satis
302 3280 410 3345 est,
440 3277 506 3328 ut
547 3273 699 3328 nosti
747 3289 862 3344 quo
911 3288 1033 3326 cras
1063 3270 1227 3341 signo
1272 3269 1409 3324 luna
1441 3285 1676 3323 cursura
1709 3268 1821 3324 sit?

124 3366 193 3417 A.
231 3364 360 3417 Non
394 3366 478 3416 est
511 3361 644 3416 satis
671 3378 685 3416 :
718 3377 852 3415 nam
880 3361 988 3414 hoc
1018 3358 1277 3413 sensibus
1305 3355 1578 3428 approbo.
1609 3359 1820 3428 Ignoro

126 3457 316 3506 autem
341 3457 541 3505 utrum
563 3450 650 3504 vel
676 3451 822 3503 Deus
849 3450 934 3502 vel
955 3449 1146 3519 aliqua
1175 3452 1397 3501 natura:
1419 3446 1635 3501 occulta
1654 3461 1824 3500 causa

125 3540 312 3594 subito
344 3541 501 3594 luna:
537 3538 797 3593 ordinem
836 3552 1179 3608 cursumque
1209 3540 1558 3590 commutet:
1593 3536 1748 3606 quod
1777 3534 1824 3588 si

126 3629 421 3694 acciderit,
461 3632 642 3682 totum
686 3627 826 3681 illud
870 3626 1023 3696 quod
1064 3641 1568 3696 prassumpseram,
1617 3625 1821 3678 falsum

125 3717 250 3772 erit.
288 3720 358 3773 Β.
404 3717 471 3770 Et
493 3715 674 3770 credis
709 3714 817 3769 hoc
855 3713 982 3768 ﬁeri
1007 3713 1214 3784 posse?
1241 3714 1313 3768 A.
1343 3714 1469 3767 Non
1497 3713 1686 3767 credo.
1715 3712 1824 3767 Sed

125 3823 225 3877 ego
253 3805 400 3878 quid
417 3803 590 3858 sciam
611 3819 829 3875 quaero,
855 3819 973 3856 non
990 3801 1125 3873 quid
1147 3802 1395 3856 credam.
1428 3803 1608 3857 Omne
1633 3805 1824 3878 autem

123 3875 292 3966 quod:
322 3893 561 3960 scimus,
609 3896 759 3946 recte
799 3891 1040 3945 fortasse
1077 3889 1251 3945 etiam
1288 3890 1516 3944 credere
1545 3875 1825 3956 dicimur}

123 3989 178 4038 at
203 4000 325 4038 non
355 3997 531 4036 omne
571 3980 727 4052 quod
763 3979 1067 4046 credimus,
1098 3979 1272 4033 etiam
1301 3978 1461 4033 scire.
1490 3980 1554 4033 Β.
1585 3977 1825 4049 Respuis

119 4073 298 4143 igitur
327 4072 395 4126 in
430 4071 537 4125 hac
565 4086 733 4124 causa
764 4085 932 4124 omne
962 4067 1356 4123 testimonium
1385 4066 1701 4122 sensuum?
1738 4068 1818 4122 Α.

121 4164 361 4218 Prorsus
375 4175 609 4232 respuo.
624 4161 689 4216 Β.
714 4158 902 4223 Quid?
918 4157 1082 4212 illum
1109 4157 1449 4212 familiarem
1469 4160 1633 4210 tuum
1655 4172 1828 4227 quem

117 4256 168 4307 te
199 4251 398 4306 adhuc
444 4248 710 4320 ignorare
751 4246 964 4316 dixisti,
1015 4262 1183 4300 sensu
1219 4245 1302 4299 vis
1332 4261 1518 4311 nosse,
1557 4261 1627 4298 an
1656 4244 1829 4299 intel-

118 4341 308 4395 lectu?
347 4341 431 4395 Λ.
479 4338 654 4393 Sensu
702 4336 934 4407 quidem
983 4335 1134 4406 quod
1176 4334 1236 4388 in
1272 4350 1338 4388 eo
1379 4333 1529 4401 novi,
1563 4333 1609 4387 si
1636 4337 1828 4388 tamen

118 4446 286 4486 sensu
327 4427 558 4497 aliquid
600 4425 872 4490 noscitur,
906 4426 961 4477 et
986 4423 1096 4477 vile
1127 4426 1230 4488 est,
1267 4427 1324 4476 et
1352 4421 1486 4476 satis
1515 4426 1635 4478 est.
1672 4421 1831 4476 illam

119 4537 252 4575 vero
292 4519 532 4590 partem
569 4531 683 4585 qua
721 4512 864 4568 mihi
906 4511 1121 4566 amicus
1160 4515 1266 4578 est,
1292 4511 1351 4565 id
1381 4515 1465 4565 est
1486 4510 1676 4580 ipsum
1706 4509 1830 4564 ani-

123 4625 305 4673 mum,
375 4604 675 4660 intellectu
729 4601 954 4672 assequi
999 4599 1189 4670 cupio.
1242 4605 1304 4655 It.
1352 4600 1620 4653 Potestne
1669 4598 1834 4652 aliter

122 4698 322 4751 nosci?
353 4696 433 4751 Α.
469 4693 636 4747 Nullo
667 4691 858 4744 modo.
887 4693 953 4744 Β.
985 4689 1243 4744 Amicum
1269 4686 1448 4758 igitur
1471 4693 1634 4741 tuum
1655 4692 1713 4741 et
1735 4703 1836 4741 ve-

123 4787 442 4841 hementer
470 4779 811 4835 familiarem
839 4778 1012 4832 audes
1039 4776 1144 4830 tibi
1174 4775 1358 4830 dicere
1389 4791 1508 4829 esse
1534 4775 1836 4844 ignotum?

121 4878 186 4929 Α.
221 4871 454 4940 Quidni
475 4869 756 4924 audeam?
773 4868 935 4921 Illam
965 4865 1119 4919 enim
1150 4865 1335 4934 legem
1358 4862 1621 4917 amicitiae
1638 4862 1836 4931 justis-

121 4964 329 5017 simam
383 4974 518 5015 esse
562 4955 826 5023 arbitror,
872 4971 988 5026 qua
1031 4951 1421 5025 praescribitur
1461 4955 1522 5006 ut
1551 4950 1694 5004 sicut
1720 4967 1837 5004 non

121 5053 338 5120 minus,
372 5048 464 5102 ita
501 5061 604 5099 nec
634 5044 762 5115 plus
793 5042 1034 5114 quisque
1079 5041 1326 5096 amicum
1370 5055 1543 5110 quam
1587 5038 1838 5108 seipsum

119 5141 341 5211 diligat.
373 5139 584 5206 Itaque
611 5149 742 5188 cum
771 5131 1176 5202 memetipsum
1203 5129 1488 5200 ignorem,
1515 5144 1628 5198 qua
1653 5132 1842 5198 potest

122 5247 149 5283 a
175 5246 270 5284 me
305 5223 478 5281 affici
506 5221 866 5287 contumelia,
911 5236 1083 5290 quem
1124 5219 1268 5272 mihi
1296 5234 1416 5272 esse
1447 5216 1642 5272 dixero
1673 5217 1840 5287 igno-

121 5325 262 5384 tum,
299 5329 450 5372 cum
483 5310 827 5382 praesertim,
851 5313 913 5363 ut
936 5307 1128 5374 credo,
1161 5323 1233 5362 ne
1254 5307 1374 5378 ipse
1396 5305 1628 5377 quidem
1659 5321 1715 5359 se
1737 5321 1841 5359 no-

121 5407 306 5462 verit?
340 5407 414 5459 R.
450 5399 512 5455 Si
546 5414 680 5469 ergo
702 5397 808 5452 ista
827 5413 956 5468 quae
986 5396 1127 5450 scire
1151 5394 1258 5471 vis,
1289 5410 1354 5448 ex
1383 5410 1450 5448 eo
1477 5397 1608 5447 sunt
1635 5409 1843 5464 genere

123 5512 247 5566 quae
279 5491 629 5548 intellectus
660 5486 1001 5557 assequitur,
1041 5500 1170 5539 cum
1201 5483 1448 5537 dicerem
1478 5481 1844 5552 impudenter

123 5589 174 5639 te
203 5583 354 5638 velle
406 5580 605 5634 Deum
648 5573 814 5644 scire,
844 5590 974 5629 cum
1011 5571 1281 5645 Alypium
1318 5570 1554 5639 nescias,
1596 5586 1716 5627 non
1746 5569 1842 5624 de-

455 5663 742 5728 PATROL.
794 5660 1039 5726 XXXII.

1609 322 1821 379 LIBER
1862 323 2146 379 PRIMUS.
3517 335 3621 387 874

1925 445 2100 500 buisti
2155 445 2298 500 mihi
2350 462 2568 502 ccenam
2625 451 2783 502 tuam
2831 452 2886 502 et
2941 449 3140 505 lunam
3200 454 3453 522 proferre
3517 473 3620 526 pro

1924 534 2119 602 simili,
2151 535 2199 588 si
2220 536 2361 599 haec,
2395 540 2457 589 ut
2485 535 2693 603 dixisti,
2722 537 2791 591 ad
2818 553 3047 593 sensum
3072 541 3380 610 pertinent.

2244 623 2468 678 CAPUT
2508 625 2595 679 IV.
2628 655 2696 665 —
2727 627 2892 680 Certa
2917 630 3144 682 scientia
3173 645 3305 698 quae.

1994 713 2046 764 9.
2089 710 2194 765 Sed
2242 710 2380 781 quid
2425 711 2492 765 ad
2531 710 2674 766 nos?
2721 715 2880 768 Nunc
2930 715 3073 770 illud
3117 718 3434 788 responde:
3473 718 3518 772 si
3557 737 3622 774 ca

1921 813 2051 868 quas
2082 798 2151 852 de
2183 799 2298 852 Deo
2330 798 2597 853 dixerunt
2625 801 2783 855 Plato
2815 808 2871 857 et
2902 804 3163 858 Plotinus
3192 822 3324 860 vera
3346 811 3496 875 sunt,
3529 825 3622 862 sa-

1921 886 2066 939 tisne
2095 886 2198 940 tibi
2231 890 2315 940 est
2342 886 2422 940 ita
2452 888 2634 941 Deum
2665 889 2825 956 scire,
2853 895 2920 945 ut
2946 892 3028 945 illi
3069 893 3363 948 sciebant?
3389 897 3460 949 A.
3497 897 3621 950 Non

1922 973 2215 1041 continuo,
2248 974 2294 1028 si
2324 991 2390 1028 ea
2419 991 2546 1045 qua).
2579 975 2865 1041 dixerunt,
2900 996 3035 1034 vera
3066 987 3219 1044 sunt,
3252 983 3424 1037 etiam
3455 986 3620 1039 scisse

1922 1062 2047 1115 illos
2077 1078 2143 1116 ea
2182 1079 2410 1117 necesse
2445 1068 2546 1117 est.
2590 1065 2733 1119 Nam
2781 1067 2948 1120 multi
3001 1069 3225 1140 copiose
3269 1071 3465 1125 dicunt
3494 1089 3620 1143 qua?

1923 1151 2201 1218 nesciunt,
2233 1157 2296 1205 ut
2324 1169 2428 1223 ego
2459 1152 2580 1223 ipse
2612 1154 2805 1208 omnia
2838 1172 2971 1226 qua)
3002 1159 3176 1224 oravi,
3212 1176 3301 1213 me
3332 1160 3450 1214 dixi
3479 1162 3620 1214 scire

1923 1255 2150 1309 cupere,
2178 1241 2334 1311 quod
2363 1257 2481 1295 non
2512 1257 2780 1312 cuperem
2805 1243 2850 1296 si
2876 1244 2998 1313 jam
3025 1245 3222 1299 scirem
3249 1263 3261 1300 :
3288 1264 3425 1300 num
3449 1249 3622 1319 igitur

1923 1343 1989 1380 eo
2019 1328 2208 1381 minus
2245 1327 2344 1382 illa
2369 1329 2554 1383 dicere
2581 1331 2780 1401 potui?
2814 1332 2938 1385 Dixi
2969 1333 3124 1387 enim
3153 1351 3270 1388 non
3300 1352 3428 1406 quae
3454 1336 3619 1391 intel-

1922 1415 2070 1469 lectu
2117 1418 2543 1487 comprehendi,
2608 1419 2705 1474 sed
2768 1436 2897 1490 quae
2946 1423 3348 1493 undecumque
3392 1425 3622 1479 collecta

1922 1505 2214 1558 memoriae
2244 1505 2528 1573 mandavi,
2562 1511 2617 1560 et
2650 1506 2860 1577 quibus
2899 1512 3321 1565 accommodavi
3351 1519 3621 1583 quantam

1923 1593 2086 1663 potui
2127 1593 2344 1648 ﬁdem:
2386 1594 2528 1648 scire
2575 1600 2768 1649 autem
2814 1596 2969 1651 aliud
3011 1603 3111 1652 est.
3149 1601 3212 1653 Β.
3258 1599 3373 1666 Dic;
3407 1618 3620 1670 quaeso,

1923 1679 2103 1734 scisne
2137 1681 2337 1735 saltem
2368 1681 2428 1735 in
2465 1683 2809 1752 geometrica
2837 1684 3136 1755 disciplina
3166 1685 3301 1755 quid
3333 1686 3406 1740 sit
3433 1687 3623 1740 linea?

1922 1771 1995 1824 Α.
2028 1771 2180 1826 Istud
2210 1773 2378 1841 plane
2409 1773 2544 1827 scio.
2568 1777 2631 1828 Β.
2661 1775 2771 1827 Nec
2803 1773 2864 1827 in
2894 1773 3003 1828 ista
3032 1775 3380 1844 professione
3410 1777 3622 1830 vereris

1923 1859 2414 1914 Academicos?A.
2451 1862 2577 1914 Non
2599 1861 2855 1915 omnino.
2885 1862 2970 1915 Illi
3001 1861 3153 1916 enim
3185 1863 3502 1932 sapientem
3533 1880 3622 1917 er-

1925 1964 2049 2002 rare
2090 1949 2434 2015 noluerunt;
2474 1965 2579 2019 ego
2620 1953 2806 2002 autem
2846 1949 3070 2020 sapiens
3101 1966 3217 2003 non
3247 1967 3392 2005 sum.
3426 1953 3620 2024 Itaque

1925 2037 2108 2091 adhuc
2137 2053 2253 2090 non
2283 2053 2484 2091 vereor
2514 2053 2712 2091 earum
2739 2054 2933 2092 rerum
2964 2054 3105 2109 quas
3137 2039 3290 2104 novi,
3323 2039 3621 2096 scientiam

1925 2125 2195 2194 proﬁteri.
2226 2126 2387 2190 Quod
2414 2125 2482 2192 si,
2515 2131 2579 2180 ut
2598 2126 2787 2197 cupio,
2818 2143 3132 2197 pervenero
3164 2128 3234 2181 ad
3259 2129 3618 2199 sapientiam,

1925 2214 2128 2268 faciam
2173 2215 2328 2285 quod
2377 2214 2476 2268 illa
2507 2214 2819 2268 monuerit.
2850 2217 2916 2270 R.
2959 2215 3111 2268 Nihil
3151 2231 3367 2272 renuo:
3401 2219 3518 2285 sed,
3564 2224 3623 2274 ut

1926 2319 2182 2374 quaerere
2227 2319 2534 2374 coeperam,
2585 2303 2664 2356 ita
2705 2307 2769 2356 ut
2808 2302 3020 2356 lineam
3068 2303 3238 2370 nosti,
3272 2305 3418 2358 nosti
3450 2306 3619 2360 etiam

1926 2391 2101 2462 pilam
2130 2407 2300 2462 quam
2339 2391 2624 2461 sphaeram
2667 2390 3008 2445 nominant?
3046 2392 3119 2445 A.
3165 2392 3323 2446 Novi.
3355 2396 3418 2448 R.
3447 2396 3623 2465 Eque

1927 2485 2237 2551 utrumque
2274 2479 2447 2546 nosti,
2488 2496 2561 2533 an
2595 2480 2747 2533 aliud
2785 2479 2896 2533 alio
2936 2479 3120 2550 magis
3159 2486 3256 2534 aut
3285 2481 3521 2536 minus?
3549 2486 3619 2538 Λ.

1927 2571 2106 2639 Αἰῳιθ
2131 2584 2379 2638 prorsus.
2421 2569 2562 2622 Nam
2594 2567 2655 2621 in
2689 2571 2932 2639 utroque
2971 2567 3115 2622 nihil
3153 2569 3334 2622 fallor.
3373 2573 3438 2626 Β.
3479 2570 3623 2634 Quid

1927 2657 2068 2721 haec,
2125 2656 2455 2712 sensibusne
2496 2654 2821 2726 percepisti,
2880 2672 2950 2709 an
3007 2654 3337 2710 intellectu?
3381 2658 3454 2711 Α.
3507 2658 3626 2709 Imo

1929 2761 2127 2799 sensus
2175 2745 2236 2799 in
2282 2745 2390 2798 hoc
2437 2743 2668 2814 negotio
2716 2743 2880 2814 quasi
2928 2744 3120 2797 navim
3165 2761 3291 2797 sum
3340 2749 3624 2815 expertus.

1931 2834 2072 2887 Nam
2113 2849 2244 2886 cum
2274 2832 2384 2903 ipsi
2415 2848 2506 2886 me
2537 2832 2609 2885 ad
2634 2833 2821 2885 locum
2853 2848 2966 2902 quo
3010 2831 3312 2886 tendebam
3351 2849 3625 2902 pervexe-

1929 2921 2066 2987 rint,
2087 2920 2187 2974 ubi
2209 2937 2303 2974 eos
2325 2920 2537 2986 dimisi,
2562 2925 2618 2973 et
2630 2920 2750 2989 jam
2781 2921 2937 2974 velut
2955 2919 3016 2973 in
3043 2920 3162 2973 solo
3195 2920 3411 2990 positus
3433 2923 3449 2956 ¹
3481 2921 3625 2990 ccepi

1929 3007 2275 3080 cogitatione
2304 3008 2412 3062 ista
2439 3009 2686 3073 volvere,
2719 3007 2812 3061 diu
2845 3007 2988 3061 mihi
3015 3007 3254 3078 vestigia
3283 3009 3620 3064 titubarunt.

1929 3099 2113 3161 Quare
2156 3096 2322 3150 citius
2366 3095 2510 3149 mihi
2553 3095 2779 3149 videtur
2821 3095 2880 3148 in
2930 3099 3084 3149 terra
3127 3111 3292 3165 posse
3341 3095 3620 3166 navigari,

1929 3202 2102 3257 quam
2127 3183 2530 3256 geometricam
2571 3183 2827 3237 sensibus
2865 3183 3106 3254 percipi,
3150 3183 3409 3254 quamvis
3441 3183 3628 3253 primo

1931 3274 2210 3329 discentes
2249 3272 2607 3343 aliquantum
2655 3271 2922 3342 adjuvare
2967 3271 3298 3326 videantur.
3354 3274 3417 3327 Β.
3482 3274 3628 3342 Ergo

1928 3361 2168 3415 istarum
2196 3376 2388 3414 rerum
2419 3359 2798 3431 disciplinam,
2834 3359 2882 3413 si
2907 3376 3019 3431 qua
3049 3359 3152 3414 tibi
3177 3363 3283 3426 est,
3320 3376 3430 3414 non
3466 3360 3629 3415 dubi-

1931 3454 2014 3504 tas
2055 3449 2244 3504 vocari
2281 3447 2618 3510 scientiam?
2660 3450 2733 3503 A.
2784 3449 2927 3515 Non,
2973 3448 3020 3501 si
3060 3448 3233 3502 Stoici
3281 3448 3489 3512 sinant,
3531 3447 3633 3520 qui

1932 3538 2227 3592 scientiam
2255 3537 2518 3591 tribuunt
2547 3536 2710 3603 nulli,
2753 3536 2863 3590 nisi
2904 3536 3168 3607 sapienti.
3203 3538 3631 3602 Perceptionem

1931 3643 2066 3681 sane
2095 3627 2334 3681 istorum
2365 3642 2455 3680 me
2485 3625 2695 3680 habere
2725 3641 2842 3679 non
2873 3641 3041 3695 nego,
3074 3641 3246 3696 quam
3285 3625 3456 3679 etiam
3487 3627 3626 3680 stul-

1930 3715 2072 3770 titia:
2100 3714 2450 3769 concedunt:
2481 3714 2580 3768 sed
2611 3729 2714 3767 nec
2743 3713 2878 3766 istos
2921 3712 3237 3782 quidquam
3270 3713 3627 3782 pertimesco.

1935 3804 2169 3857 Prorsus
2203 3802 2324 3855 haec
2359 3816 2486 3871 quae
2515 3798 2881 3870 interrogasti
2934 3798 3170 3852 scientia
3203 3804 3371 3852 teneo
3401 3815 3412 3852 :
3454 3813 3632 3869 perge

1934 3891 2136 3956 modo;
2163 3889 2387 3944 videam
2425 3905 2697 3960 quorsum
2728 3888 2835 3941 ista
2864 3885 3094 3958 quaeris.
3135 3889 3199 3941 Β.
3247 3888 3326 3941 Ne
3365 3902 3626 3957 propera,

1935 3979 2101 4034 otiosi
2131 3994 2346 4032 sumus.
2378 3979 2632 4031 Intentus
2651 3981 2878 4031 tantum
2912 3974 3118 4046 accipe,
3155 3991 3226 4028 ne
3251 3975 3389 4046 quid
3415 3979 3631 4029 temere

1935 4067 2225 4122 concedas.
2259 4066 2609 4121 Gaudentem
2639 4069 2696 4120 te
2727 4064 2928 4118 studeo
2950 4064 3186 4118 reddere
3207 4064 3276 4118 de
3305 4064 3474 4118 rebus
3505 4063 3635 4134 qui-

1934 4155 2040 4211 bus
2069 4155 2292 4210 nullum
2320 4171 2512 4209 casum
2554 4153 2942 4225 pertimescas,
2975 4157 3032 4208 et
3060 4152 3224 4224 quasi
3252 4169 3490 4224 parvum
3525 4169 3633 4207 ne-

1939 4243 2161 4316 gotium
2193 4245 2283 4310 sit,
2316 4243 2673 4314 praecipitare
2716 4243 2924 4312 jubes?
2969 4242 3038 4296 A.
3087 4243 3171 4295 Ita
3194 4243 3344 4295 Deus
3380 4241 3538 4306 faxit,
3573 4245 3636 4293 ut

1937 4331 2094 4386 dicis.
2119 4333 2317 4402 Itaque
2341 4331 2574 4385 arbitrio
2599 4335 2696 4384 tuo
2716 4334 2940 4402 rogato,
2970 4334 3026 4384 et
3053 4330 3354 4401 objurgato
3388 4328 3634 4400 gravius,

1940 4419 1986 4473 si
2015 4418 2330 4490 quidquam
2360 4419 2470 4473 tale
2499 4418 2752 4489 posthac.

2014 4509 2098 4562 10.
2156 4510 2222 4562 Β.
2263 4509 2406 4578 Ergo
2463 4508 2673 4561 lineam
2720 4507 2781 4560 in
2827 4506 2966 4561 duas
3013 4506 3194 4560 lineas
3245 4522 3348 4577 per
3399 4505 3638 4577 longum

1943 4594 2143 4664 scindi,
2170 4595 2536 4649 manifestum
2566 4594 2670 4648 tibi
2703 4598 2787 4648 est
2815 4595 2974 4648 nullo
2996 4594 3167 4648 modo
3195 4593 3401 4663 posse?
3429 4596 3497 4649 Α.
3527 4595 3640 4648 llla-

1941 4685 2229 4738 nifestum.
2272 4687 2337 4738 It.
2389 4683 2559 4752 Quid,
2608 4682 3012 4737 transversim?
3048 4688 3121 4737 A.
3165 4682 3333 4748 Quid,
3369 4682 3481 4736 nisi
3511 4683 3639 4737 inli-

1943 4771 2062 4826 nite
2093 4770 2270 4825 secari
2302 4771 2506 4840 posse?
2533 4773 2598 4827 It.
2636 4770 2800 4834 Quid,
2834 4772 3119 4841 sphaeram
3145 4787 3210 4824 ex
3243 4787 3357 4825 una
3391 4772 3646 4842 qualibet

1943 4865 2106 4932 parte
2136 4877 2170 4914 a
2199 4859 2409 4927 medio,
2438 4875 2512 4912 ne
2541 4859 2683 4913 duos
2709 4859 2941 4930 quidem
2971 4875 3136 4930 pares
3164 4859 3403 4914 circulos
3433 4861 3642 4914 habere

1945 4966 2110 5020 posse
2130 4949 2344 5020 pariter
2365 4947 2633 5003 lucet?A.
2648 4948 2869 5002 Pariter
2887 4947 3143 5002 omnino.
3167 4951 3229 5004 Β.
3255 4949 3398 5012 Quid
3421 4949 3572 5003 linea
3590 4952 3645 5001 et

1947 5037 2206 5109 sphaera?
2238 5052 2495 5090 unumne
2533 5036 2752 5107 aliquid
2782 5036 2886 5090 tibi
2912 5036 3179 5091 videntur
3212 5054 3350 5102 esse,
3378 5054 3449 5090 an
3481 5035 3646 5106 quid-

1949 5144 2121 5198 quam
2151 5125 2300 5180 inter
2327 5143 2384 5179 se
2415 5125 2726 5180 differunt?
2760 5126 2831 5179 A.
2874 5125 3010 5189 Quis
3046 5142 3162 5180 non
3197 5125 3387 5179 videat
3421 5125 3642 5178 dill’erre

1947 5215 2306 5286 plurimum?
2335 5217 2400 5270 Β.
2427 5216 2500 5268 At
2523 5213 2570 5267 si
2599 5230 2762 5284 aeque
2793 5214 2931 5268 illud
2957 5219 3125 5285 atque
3147 5215 3251 5268 hoc
3281 5213 3447 5278 nosti,
3483 5215 3536 5264 et
3566 5215 3644 5262 ta-

1951 5319 2086 5358 men
2110 5303 2261 5357 inter
2285 5319 2365 5369 se,
2397 5305 2463 5356 ut
2489 5302 2704 5372 fateris,
2735 5303 3052 5374 plurimum
3084 5302 3369 5368 differunt,
3398 5304 3482 5352 est
3511 5314 3644 5367 ergo

1952 5390 2340 5447 ditferentium
2358 5407 2550 5445 rerum
2574 5390 2810 5446 scientia
2831 5390 3196 5446 indill‘erens?
3224 5389 3296 5442 Α.
3327 5386 3462 5451 Quis
3491 5386 3646 5440 enim

1953 5479 2222 5550 negavit?
2262 5483 2327 5535 It.
2369 5481 2454 5534 Tu
2496 5481 2668 5550 paulo
2722 5484 2869 5533 ante.
2923 5481 3066 5533 Nam
3109 5492 3238 5530 cum
3277 5479 3330 5529 te
3361 5491 3647 5546 rogassem

2014 5579 2028 5610 τ
2055 5575 2138 5626 Sic
2166 5575 2297 5627 Edd.
2325 5576 2389 5626 At
2414 5576 2553 5632 Mss,
2587 5577 2640 5625 in
2668 5574 2784 5625 salo
2806 5573 3027 5636 positus.

2950 5654 2972 5730 (
2993 5647 3416 5735 Vingt-lmz't.)
