4058 6392
441 283 543 337 875

439 403 727 478 quomodo
765 401 906 456 velis
952 400 1131 454 Deum
1176 411 1362 460 nosse,
1414 398 1477 449 ut
1521 393 1705 465 possis
1746 392 1953 461 dicere,
1987 391 2131 445 Satis

438 499 550 559 est;
600 487 943 562 respondisti
990 493 1045 542 te
1090 487 1215 541 ideo
1262 483 1501 555 nequire
1532 484 1637 538 hoc
1667 480 1966 553 explicare,
1999 479 2135 550 quia

441 581 585 635 nihil
616 579 852 634 haberes
882 570 1237 648 perceptum,
1269 572 1533 626 similiter
1564 576 1731 642 atque
1766 570 1945 623 Deum
1974 567 2134 638 cupis

439 669 754 741 percipere,
800 665 945 720 nihil
977 665 1133 718 enim
1179 667 1234 717 te
1265 662 1406 715 scire
1443 662 1557 715 Deo
1595 659 1797 714 simile.
1828 658 1973 723 Quid
2001 674 2135 726 ergo

441 758 631 811 nunc?
660 755 809 809 linea
830 753 915 807 vel
948 752 1171 823 sphazra
1202 749 1416 803 similes
1447 748 1614 801 sunt?
1647 748 1718 802 A.
1750 745 1884 810 Quis
1913 747 2017 798 hoc
2050 743 2136 798 di-

440 845 625 899 xerit?
643 846 707 898 R.
741 841 850 897 Sed
887 856 993 910 ego
1034 838 1434 911 quassiveram,
1488 851 1599 890 non
1630 834 1770 905 quid
1803 833 1914 887 tale
1943 832 2134 895 scires,

442 933 537 986 sed
568 931 705 1003 quid
749 928 919 984 scires
950 928 1049 997 sic,
1082 925 1370 998 quomodo
1420 925 1599 978 Deum
1638 921 1780 976 scire
1827 919 2132 975 desideras.

441 1021 531 1076 Sic
550 1020 704 1074 enim
730 1018 879 1073 nosti
917 1017 1130 1071 lineam
1160 1019 1220 1069 ut
1254 1012 1404 1067 nosti
1435 1014 1740 1083 sphaeram,
1771 1025 1900 1064 cum
1932 1024 1991 1063 se
2019 1024 2135 1062 non

441 1109 520 1163 sic
559 1108 765 1162 habeat
794 1106 944 1159 linea
977 1109 1041 1158 ut
1069 1119 1126 1157 se
1154 1102 1328 1157 habet
1364 1100 1606 1171 sphzera.
1639 1096 2021 1163 Quamobrem
2048 1112 2136 1150 re-

441 1196 657 1267 sponde
698 1198 890 1248 utrum
919 1191 1024 1246 tibi
1056 1190 1191 1245 satis
1221 1189 1294 1243 sit
1324 1188 1402 1242 sic
1433 1189 1614 1242 Deum
1644 1201 1830 1252 nosse,
1866 1188 1927 1238 ut
1957 1183 2136 1255 pilam

440 1286 597 1339 illam
626 1280 1029 1355 geometricam
1057 1278 1234 1346 nosti;
1258 1277 1365 1332 hoc
1393 1282 1500 1347 est,
1522 1275 1602 1331 ita
1630 1275 1699 1330 de
1732 1275 1847 1329 Deo
1878 1272 2044 1340 nihil,
2073 1277 2136 1327 ut

443 1374 514 1427 de
545 1372 661 1437 illa,
694 1369 973 1425 dubitare.

513 1459 738 1513 CAPUT
777 1458 840 1512 V.
868 1487 938 1497 ——
968 1455 1323 1510 Dissimilium
1352 1451 1537 1507 eadem
1563 1456 1659 1506 aut
1682 1466 1791 1520 par
1817 1451 2066 1504 scientia.

521 1548 601 1600 lt.
632 1546 707 1617 Αἶ
744 1545 946 1609 Quaeso
985 1547 1062 1613 te,
1098 1540 1355 1612 quamvis
1399 1540 1767 1594 vehementer
1809 1553 2014 1608 urgeas
2055 1540 2137 1591 at-

445 1650 554 1705 que
584 1632 905 1695 convincas,
932 1647 1048 1686 non
1081 1630 1262 1685 audeo
1302 1635 1496 1684 tamen
1526 1628 1711 1683 dicere
1749 1628 1829 1682 ita
1866 1643 1957 1681 me
1997 1626 2139 1679 velle

444 1723 623 1776 Deum
671 1719 833 1782 scire,
866 1724 929 1773 ut
970 1718 1090 1772 haec
1140 1717 1272 1772 scio.
1322 1718 1446 1771 Non
1477 1716 1660 1770 solum
1707 1715 1863 1769 enim
1902 1731 2008 1781 res,
2042 1714 2140 1768 sed

444 1810 568 1880 ipsa
587 1808 754 1862 etiam
779 1806 1013 1861 scientia
1030 1805 1201 1860 mihis
1221 1805 1446 1859 videtur
1466 1821 1585 1859 esse
1603 1801 1910 1859 dissimilis.
1927 1801 2136 1867 Primo,

445 1896 580 1967 quia
608 1911 711 1949 nec
740 1894 891 1948 linea
926 1898 983 1948 et
1012 1893 1123 1964 pila
1145 1896 1368 1946 tantum
1393 1891 1540 1946 inter
1569 1907 1627 1945 se
1654 1890 1945 1958 differunt,
1970 1894 2035 1944 ut
2062 1894 2142 1942 ta-

446 2001 577 2039 men
595 1999 792 2038 eornm
819 1981 1205 2053 cognitionem
1224 1998 1340 2035 una
1371 1979 1671 2051 disciplina
1691 1996 1805 2034 non
1826 1976 2137 2033 contineat:

446 2074 635 2127 nullus
675 2076 869 2125 autem
923 2074 1238 2140 geometres
1290 2070 1469 2123 Deum
1516 2084 1573 2122 se
1612 2068 1813 2123 docere
1857 2065 2141 2137 professus

446 2164 548 2215 est.
584 2159 816 2225 Deinde,
851 2157 898 2211 si
929 2158 1030 2211 Dei
1061 2160 1115 2210 et
1155 2156 1393 2209 istarum
1425 2169 1619 2208 rerum
1658 2153 1893 2207 scientia
1917 2169 2022 2223 par
2054 2170 2139 2207 es-

447 2254 550 2315 set,
586 2253 812 2302 tantum
854 2246 1163 2317 gauderem
1196 2243 1347 2314 quod
1385 2241 1492 2296 ista
1533 2240 1687 2310 novi,
1731 2246 2011 2312 quantum
2050 2258 2140 2295 me

452 2339 563 2391 Deo
613 2334 840 2405 cognito
885 2333 1213 2403 gavisurum
1245 2346 1364 2384 esse
1393 2344 1699 2400 praesumo.
1748 2329 1908 2382 Nunc
1952 2334 2138 2382 autem

446 2425 798 2493 permultum
831 2421 952 2474 haec
982 2420 1042 2474 in
1075 2419 1228 2473 illius
1265 2416 1689 2487 comparatione
1723 2421 2045 2483 contemno,
2082 2419 2143 2469 ut

449 2525 867 2579 nonnunquam
909 2508 1165 2562 videatur
1203 2504 1347 2560 mihi
1390 2505 1438 2557 si
1478 2504 1641 2558 illum
1687 2503 2044 2573 intellexero,
2087 2509 2143 2558 et

449 2599 619 2652 modo
654 2597 752 2650 illo
788 2612 899 2667 quo
926 2594 1103 2650 videri
1122 2599 1307 2665 potest
1324 2593 1539 2655 videro,
1564 2594 1686 2647 haec
1707 2592 1901 2646 omnia
1930 2594 1998 2647 de
2017 2608 2145 2646 mea

452 2686 649 2740 notitia
669 2701 789 2737 esse
810 2684 1093 2754 peritura;
1126 2681 1407 2753 siquidem
1436 2696 1588 2734 nunc
1613 2697 1734 2750 prie
1765 2680 1919 2734 illius
1949 2696 2144 2734 amore

442 2775 563 2843 jam
595 2773 685 2827 vix
718 2771 862 2826 mihi
892 2772 1131 2825 veniunt
1168 2770 1229 2823 in
1268 2774 1540 2823 mentem.
1572 2771 1635 2823 R.
1673 2769 1797 2822 Esto
1835 2769 1964 2839 plus
1994 2773 2049 2821 te
2080 2784 2145 2822 ac

449 2863 627 2916 multo
657 2862 784 2932 plus
815 2877 987 2932 quam
1021 2859 1090 2913 de
1118 2857 1237 2912 istis
1270 2859 1385 2911 Deo
1412 2857 1641 2927 cognito
1676 2855 2029 2926 gavisurum,
2064 2873 2146 2910 re-

444 2966 576 3005 rum
608 2954 798 3004 tamen
824 2964 940 3001 non
972 2947 1296 3001 intellectus
1327 2944 1790 3000 dissimilitudine
1817 2961 1829 2998 :
1855 2944 1964 2998 nisi
1994 2944 2142 2998 forte

444 3039 554 3093 alio
573 3038 696 3092 visu
720 3044 952 3099 terram,
978 3035 1085 3089 alio
1107 3050 1373 3088 serenum
1396 3034 1605 3087 coelum
1625 3032 1890 3100 intueris,
1915 3049 2047 3087 cum
2068 3038 2146 3086 ta-

446 3145 577 3183 men
599 3128 779 3181 multo
808 3127 935 3197 plus
964 3123 1119 3178 illius
1143 3139 1316 3194 quam
1343 3123 1514 3194 hujus
1534 3128 1793 3193 aspectus
1817 3127 1870 3175 te
1889 3123 2143 3193 permul-

444 3222 585 3270 ceat.
632 3214 790 3270 Oculi
822 3218 1014 3268 autem
1042 3211 1089 3265 si
1121 3227 1237 3265 non
1266 3211 1562 3276 falluntur,
1594 3210 1762 3264 credo
1802 3214 1857 3264 te
1896 3210 2143 3264 interro-

445 3309 640 3373 gatum
689 3307 881 3355 utrum
924 3300 1027 3354 tibi
1071 3304 1190 3353 tam
1238 3303 1457 3352 certum
1509 3299 1583 3351 sit
1629 3302 1839 3373 terram
1866 3301 1919 3351 te
1952 3297 2143 3351 videre

444 3408 619 3464 quam
666 3392 892 3456 caelum,
940 3394 1059 3442 tam
1092 3387 1196 3441 tibi
1245 3393 1462 3441 certum
1506 3402 1634 3439 esse
1680 3386 2025 3456 respondere
2053 3385 2145 3439 de-

442 3482 598 3547 bere,
633 3478 892 3550 quamvis
932 3493 1049 3530 non
1088 3480 1207 3530 tam
1244 3481 1412 3529 terra:
1452 3491 1622 3546 quam
1662 3475 1799 3529 ἐωιί
1832 3474 2145 3544 pulchritu-

443 3570 575 3624 dine
616 3574 785 3639 atque
826 3565 1127 3638 splendore
1170 3563 1401 3619 laeteris.
1446 3565 1519 3618 Α.
1560 3564 1743 3618 Movet
1783 3580 1895 3630 me,
1942 3562 2140 3631 fateor,

441 3659 563 3712 haec
596 3656 932 3721 similitudo,
976 3654 1336 3724 adducorque
1365 3656 1430 3706 ut
1461 3652 1737 3706 assentiar
1774 3656 2052 3723 quantum
2082 3652 2142 3706 in

442 3762 543 3800 suo
576 3760 783 3816 genere
815 3761 846 3798 a
872 3743 1011 3797 cmlo
1042 3748 1274 3807 terram,
1303 3745 1527 3794 tantum
1560 3739 1629 3794 ab
1660 3738 2006 3811 intelligibili
2042 3740 2142 3795 Dei

441 3834 734 3905 majestate
774 3829 1126 3902 spectamina
1155 3829 1253 3883 illa
1284 3827 1716 3899 disciplinarum
1743 3844 1878 3882 vera
1907 3833 1963 3883 et
1990 3833 2142 3883 certa

441 3922 690 3976 ditl‘errc.

438 4012 662 4066 CAPUT
704 4010 791 4063 Vl.
825 4038 893 4048 —
925 4008 1121 4062 Sensus
1152 4008 1346 4061 anima:
1373 4007 1429 4059 in
1465 4006 1661 4074 quibus
1686 4006 1923 4074 percipit
1952 4008 2138 4060 Deum.

512 4102 595 4153 t2.
632 4101 697 4152 Β.
727 4099 873 4150 Bene
906 4095 1170 4150 moveris.
1202 4094 1486 4148 Promittit
1512 4093 1666 4147 enim
1698 4096 1844 4147 ratio
1895 4111 2023 4165 quae
2056 4099 2138 4147 te-

439 4204 569 4241 cum
589 4185 861 4255 loquitur,
884 4184 959 4236 ita
982 4199 1039 4235 se
1057 4183 1579 4235 demonstraturum
1604 4181 1781 4233 Deum
1803 4185 1916 4234 tua:
1938 4181 2135 4247 menti,

442 4280 505 4329 ut
533 4274 712 4329 oculis
733 4272 815 4326 sul
834 4272 1277 4325 demonstratur.
1311 4270 1451 4322 Nam
1481 4268 1689 4322 mentis
1716 4269 1875 4338 quasi
1900 4269 1987 4322 sui
2007 4273 2140 4323 sunt

439 4363 588 4417 oculi
620 4377 819 4414 sensus
863 4358 1139 4424 animast;
1184 4356 1621 4426 disciplinarum
1664 4362 1855 4411 autem
1894 4374 2135 4429 qumque

438 4448 751 4504 certissima
778 4446 913 4502 talia
934 4450 1089 4511 sunt,
1111 4444 1308 4517 qualia
1331 4445 1430 4499 illa
1465 4461 1593 4515 qum
1614 4445 1730 4498 sole
1758 4445 2132 4514 illustrantur,

436 4543 502 4593 ut
528 4537 706 4593 videri
754 4535 992 4607 possint,
1022 4533 1200 4589 veluti
1231 4539 1382 4587 terra
1428 4538 1511 4587 est
1558 4537 1727 4603 atque
1756 4538 1981 4588 terrena
2011 4551 2133 4589 om-

437 4626 559 4681 nia:
596 4627 741 4680 Dcus
768 4630 959 4678 autem
984 4627 1067 4677 est
1092 4622 1215 4694 ipse
1244 4621 1343 4693 qui
1372 4621 1644 4677 illustrat.
1686 4623 1798 4691 Ego
1824 4626 2013 4677 autem
2046 4640 2133 4676 ra-

434 4715 516 4769 tio
548 4713 627 4768 ita
652 4728 779 4767 sum
804 4710 862 4766 in
886 4711 1190 4778 mentibus,
1222 4714 1282 4765 ut
1301 4710 1360 4765 in
1392 4709 1572 4764 oculis
1602 4714 1685 4764 est
1706 4716 1981 4781 aspectus.
2010 4712 2132 4767 Non

434 4801 587 4857 enim
633 4800 740 4855 hoc
774 4806 861 4853 est
890 4799 1102 4854 habere
1134 4798 1326 4853 oculos
1368 4799 1522 4869 quod
1551 4798 1828 4869 aspicere;
1865 4805 1963 4854 aut
1994 4800 2130 4855 item

433 4891 540 4943 hoc
559 4893 645 4943 est
668 4887 917 4958 aspicere
952 4886 1105 4958 quod
1136 4886 1346 4940 videre.
1383 4888 1528 4955 Ergo
1555 4886 1763 4940 animas
1795 4886 1977 4940 tribus
2007 4888 2131 4958 qui-

433 4978 671 5032 busdam
720 4976 888 5029 rebus
932 4992 1074 5045 opus
1103 4980 1186 5029 est
1218 4979 1281 5028 ut
1308 4975 1499 5028 oculos
1537 4973 1742 5028 habeat
1773 4974 1979 5045 quibus
2006 4975 2127 5045 jam

429 5068 575 5123 bene
597 5066 680 5119 uti
708 5065 905 5136 possit,
935 5069 996 5117 ut
1017 5063 1271 5133 aspiciat,
1297 5068 1359 5117 ut
1388 5063 1593 5118 videat.
1624 5062 1784 5118 Oculi
1814 5062 1936 5118 sani
1968 5081 2125 5118 mens

430 5161 513 5210 est
533 5160 553 5191 ²
582 5155 653 5209 ab
685 5153 844 5207 omni
873 5152 999 5206 labe
1031 5151 1282 5221 corporis
1312 5168 1475 5221 pura,
1517 5151 1572 5205 id
1602 5156 1704 5217 est,
1736 5169 1769 5205 a
1796 5152 2122 5223 cupiditati-

426 5245 532 5299 bus
553 5258 746 5299 rerum
763 5239 1224 5309 mortaliumjam
1247 5243 1466 5293 remota
1480 5243 1651 5306 atque
1674 5247 1942 5310 purgata:
1968 5241 2121 5311 quod

492 5334 507 5366 ί
532 5333 652 5380 Lov.
671 5346 682 5379 :
703 5333 835 5379 Nam
856 5332 1051 5378 mortles
1072 5328 1229 5390 quasi
1242 5328 1473 5390 suisaut
1484 5338 1667 5375 sensus
1677 5327 1883 5377 animis.
1903 5329 1986 5377 Sic
2003 5329 2119 5378 alite

426 5407 636 5459 quoque
662 5392 939 5452 editiones,
965 5390 1068 5439 nisi
1082 5387 1224 5452 quod
1242 5388 1365 5437 Bad.
1391 5387 1565 5445 habet,
1584 5392 1749 5438 animi
1762 5405 1783 5447 ,-
1804 5390 1917 5439 Am.
1944 5392 2117 5459 etEr.,

425 5468 747 5567 ατίῗέλίεε.
769 5515 1020 5580 plerique.
1044 5514 1109 5563 At
1127 5511 1285 5561 Edd.:
1313 5511 1508 5564 Oculus
1535 5514 1727 5564 anima:
1755 5526 1901 5565 mens
1921 5516 2018 5565 est.

1634 267 2209 336 SOLILOQUIORUM
2247 267 2305 325 S.
2346 267 2729 325 AUGUSTIN]
2780 288 2787 291 '

3837 268 3952 323 876

2246 389 2299 445 ei
2326 390 2468 446 nihil
2499 389 2655 445 aliud
2683 393 2918 461 praestat
2950 405 3123 461 quam
3163 388 3301 444 ﬁdes
3335 388 3543 461 primo.
3586 386 3746 453 Quod
3786 387 3948 443 enim

2246 479 2430 534 adhuc
2458 480 2512 533 ei
2545 477 2922 534 demonstrari
2961 494 3081 532 non
3112 481 3301 549 potest
3329 476 3479 531 vitiis
3508 476 3827 548 inquinata:
3859 481 3949 530 at-

2245 584 2355 639 que
2380 567 2702 639 aegrotanti,
2747 566 2884 639 quia
2927 566 3117 622 videre
3169 565 3369 638 nequit
3418 565 3526 619 nisi
3565 581 3723 630 sana,
3747 564 3796 619 si
3829 581 3947 620 non

2246 658 2438 711 credat
2478 657 2641 711 aliter
2680 673 2738 709 se
2782 672 2896 710 non
2930 672 3048 709 esse
3082 655 3352 724 visuram,
3402 670 3516 709 non
3562 654 3659 709 dat
3707 670 3948 725 operam

2247 761 2363 799 sua:
2394 745 2643 799 sanitati.
2689 744 2795 798 Sed
2822 743 2978 815 quid,
3012 742 3061 797 si
3089 743 3281 797 credat
3329 742 3561 812 quidem
3601 742 3683 796 ita
3725 758 3784 797 se
3820 758 3947 796 rem

2246 832 2454 887 habere
2473 838 2537 887 ut
2555 832 2780 893 dicitur,
2811 837 2982 903 atque
3011 831 3090 886 ita
3111 847 3192 896 se,
3224 830 3271 885 si
3302 830 3494 885 videre
3515 829 3787 900 potuerit,
3821 847 3948 884 esse

2248 921 2515 988 visuram,
2551 921 2738 975 sanari
2762 936 2821 974 se
2859 926 3050 974 tamen
3097 936 3263 990 posse
3306 919 3601 989 desperet;
3652 933 3849 972 nonne
3885 935 3948 972 se

2246 1025 2478 1079 prorsus
2509 1008 2700 1079 abjicit
2730 1013 2901 1080 atque
2922 1007 3258 1071 contemnit,
3286 1023 3390 1061 nec
3410 1006 3710 1078 prmeeptis
3733 1006 3948 1065 medici

2246 1098 2638 1169 obtemperat?
2682 1098 2751 1152 Α.
2789 1096 3032 1153 Omnino
3077 1095 3157 1150 ita
3184 1100 3286 1163 est,
3333 1094 3653 1167 praesertim
3700 1095 3839 1167 quia
3878 1112 3948 1150 ea

2246 1192 2533 1256 praecepta
2559 1202 2784 1240 necesse
2805 1190 2890 1240 est
2916 1190 2981 1240 ut
3007 1185 3241 1239 morbus
3272 1183 3416 1238 dura
3436 1185 3659 1238 sentiat.
3694 1186 3758 1240 R.
3794 1184 3946 1253 Ergo

2248 1274 2381 1329 fidei
2411 1291 2540 1346 spes
2575 1274 2894 1346 adjicienda
2930 1278 3032 1329 est.
3063 1275 3136 1330 A.
3184 1275 3268 1328 Ita
3298 1274 3482 1328 credo.
3517 1276 3580 1328 Β.
3614 1272 3782 1339 Quid,
3816 1273 3863 1326 si
3890 1279 3951 1327 et

2247 1364 2439 1418 credat
2467 1363 2547 1418 ita
2573 1380 2632 1418 se
2661 1364 2870 1419 habere
2906 1362 3119 1429 omnia,
3154 1367 3212 1418 et
3242 1378 3300 1417 se
3324 1367 3514 1432 speret
3539 1377 3702 1433 posse
3726 1362 3945 1429 sanari,

2246 1450 2430 1521 ipsam
2459 1456 2649 1506 tamen
2679 1468 2808 1523 quin
2847 1450 3200 1523 promittitur
3237 1451 3423 1505 lucem
3468 1466 3586 1504 non
3623 1456 3793 1513 amet,
3831 1467 3948 1505 non

2248 1540 2545 1606 desideret,
2594 1541 2824 1612 suisque
2875 1539 3145 1609 tenebris,
3194 1555 3325 1611 qua:
3361 1539 3483 1610 jam
3532 1539 3949 1594 consuetudine

2242 1627 2513 1698 jucundaa
2543 1632 2692 1694 sunt,
2724 1644 2782 1682 se
2811 1627 3120 1682 arbitretur
3149 1626 3354 1681 debere
3386 1625 3621 1680 interim
3650 1642 3774 1679 esse
3803 1641 3948 1680 con-

2249 1722 2499 1784 tentam;
2531 1732 2723 1771 nonne
2754 1716 3041 1771 medicum
3080 1714 3244 1768 illum
3282 1712 3659 1769 nihilominus
3688 1713 3952 1784 respuit?

2249 1808 2321 1862 A.
2355 1807 2594 1859 Prorsus
2631 1805 2710 1859 ita
2744 1809 2845 1859 est.
2880 1807 2941 1859 Β.
2988 1805 3133 1875 Ergo
3163 1802 3330 1857 tertia
3358 1801 3602 1857 charitas
3632 1802 3954 1857 necessaria

2251 1898 2351 1948 est.
2384 1894 2455 1949 Α.
2492 1893 2639 1947 Nihil
2671 1892 2905 1947 omnino
2936 1896 3052 1947 tam
3079 1891 3486 1946 necessarium.
3515 1893 3579 1946 Β.
3605 1890 3736 1946 Sine
3761 1891 3949 1946 tribus

2250 1982 2373 2036 istis
2399 1982 2572 2052 igitur
2599 1981 2792 2036 anima
2811 1981 2968 2035 nulla
2998 1985 3251 2047 sanatur,
3275 1984 3341 2034 ut
3368 1979 3548 2050 possit
3570 1980 3749 2034 Deum
3777 1996 3949 2035 suum

2252 2070 2464 2138 videre,
2500 2070 2556 2123 id
2580 2075 2664 2124 est
2692 2070 3043 2140 intelligere.

2323 2163 2407 2214 l3.
2445 2158 2586 2213 Cum
2616 2174 2751 2228 ergo
2796 2174 2961 2213 sanos
3006 2156 3271 2213 habuerit
3317 2157 3530 2225 oculos,
3568 2156 3705 2228 quid
3735 2162 3949 2212 restat?

2250 2248 2321 2302 A.
2356 2247 2425 2301 Ut
2474 2246 2728 2317 aspiciat.
2770 2249 2833 2302 Β.
2890 2248 3165 2317 Aspectus
3209 2244 3441 2314 animae,
3489 2245 3635 2299 ratio
3683 2251 3809 2301 est:
3847 2249 3947 2302 sed

2251 2334 2387 2406 quia
2414 2351 2532 2389 non
2553 2335 2809 2406 sequitur
2827 2338 2890 2388 ut
2911 2334 3098 2389 omnis
3125 2334 3224 2405 qui
3256 2333 3454 2404 aspicit
3480 2333 3669 2388 videat
3689 2339 3948 2405 aspectus

2250 2429 2435 2479 rectus
2482 2429 2652 2495 atque
2693 2424 2994 2495 perfectus,
3048 2423 3106 2477 id
3140 2427 3225 2477 est
3267 2439 3439 2492 quem
3473 2421 3613 2476 visio
3664 2424 3946 2493 sequitur,

2250 2510 2429 2564 virtus
2457 2515 2719 2577 vocatur;
2745 2514 2828 2564 est
2869 2509 3023 2563 enim
3060 2509 3237 2563 virtus
3273 2510 3359 2564 vel
3400 2503 3551 2563 recta
3579 2510 3665 2563 vel
3698 2510 3950 2580 perfeeta

2254 2597 2415 2652 ratio.
2451 2597 2557 2651 Sed
2587 2602 2644 2651 et
2674 2597 2795 2668 ipse
2829 2601 3087 2667 aspectus
3117 2596 3375 2667 quamvis
3397 2596 3520 2668 jam
3558 2613 3725 2651 sanos
3755 2600 3956 2652 oculos

2254 2690 2582 2740 convertere
2616 2685 2676 2739 in
2715 2686 2902 2739 lucem
2932 2700 3048 2739 non
3080 2689 3285 2756 potest,
3314 2684 3424 2740 nisi
3452 2684 3562 2739 tria
3589 2684 3688 2740 illa
3717 2701 3953 2756 perma-

2254 2780 2464 2829 neant:
2504 2774 2665 2841 ﬁdes,
2697 2790 2810 2845 qua
2838 2773 3031 2828 credat
3057 2773 3135 2827 ita
3175 2789 3234 2827 se
3263 2789 3385 2827 rem
3413 2774 3647 2843 habere,
3679 2774 3746 2828 ad
3778 2791 3956 2845 quam

2254 2862 2667 2918 convertendus
2699 2866 2958 2932 aspectus
2989 2866 3091 2925 est,
3116 2865 3181 2916 ut
3202 2861 3323 2917 visa
3351 2861 3520 2917 faciat
3537 2862 3766 2917 beatum
3790 2880 3803 2929 ;
3828 2880 3960 2933 spes

2255 2967 2367 3022 qua
2410 2968 2542 3005 cum
2568 2950 2714 3005 bene
2744 2951 3047 3021 aspexerit,
3081 2967 3140 3005 se
3169 2950 3427 3005 visurum
3458 2967 3578 3005 esse
3611 2957 3955 3022 prmsumat;

2254 3040 2517 3104 charitas,
2554 3056 2666 3111 qua
2693 3039 2885 3093 videre
2918 3038 3253 3111 perfruique
3284 3038 3588 3093 desideret.
3624 3038 3751 3092 Jam
3788 3056 3956 3110 aspe-

2255 3134 2409 3182 ctum
2456 3128 2714 3198 sequitur
2749 3127 2874 3197 ipsa
2905 3126 3045 3181 visio
3080 3126 3198 3191 Dei,
3238 3126 3339 3198 qui
3377 3131 3463 3181 est
3490 3126 3621 3181 ﬁnis
3651 3134 3911 3197 aspectus
3939 3147 3953 3195 ;

2254 3232 2371 3271 non
2397 3218 2550 3288 quod
2579 3217 2699 3287 jam
2728 3232 2844 3270 non
2877 3215 2969 3282 sit,
3007 3215 3104 3270 sed
3131 3216 3283 3287 quod
3303 3214 3445 3270 nihil
3476 3216 3720 3287 amplius
3747 3216 3957 3272 habeat

2255 3322 2368 3376 quo
2400 3321 2457 3359 se
2485 3304 2779 3359 intendat:
2812 3308 2870 3359 et
2903 3304 3023 3358 hazc
3054 3308 3139 3358 est
3178 3320 3309 3359 vere
3339 3304 3585 3375 perfecta
3610 3304 3809 3368 virtus,
3858 3322 3953 3361 ra-

2255 3394 2334 3446 tio
2360 3393 2696 3465 perveniens
2729 3393 2797 3447 ad
2829 3392 3003 3447 tinem
3036 3409 3225 3461 suum,
3262 3408 3437 3464 quam
3476 3392 3642 3447 beata
3669 3392 3785 3446 vita
3814 3410 3952 3448 con-

2253 3480 2528 3551 sequitur.
2558 3482 2689 3551 lpsa
2724 3486 2916 3535 autem
2944 3480 3104 3545 visio,
3151 3480 3471 3535 intellectus
3502 3485 3588 3534 est
3620 3479 3717 3534 ille
3757 3480 3859 3553 qui
3889 3482 3949 3535 in

2254 3570 2444 3623 anima
2472 3574 2577 3636 est,
2610 3569 2708 3641 qui
2749 3568 3048 3623 conﬁcitur
3075 3585 3142 3623 ex
3183 3568 3537 3638 intelligente
3581 3573 3638 3622 et
3681 3584 3747 3623 eo
3794 3572 3950 3640 quod

2251 3657 2626 3728 intelligitur:
2655 3662 2722 3711 ut
2747 3657 2807 3711 in
2836 3656 3013 3711 oculis
3052 3656 3243 3711 videre
3273 3657 3431 3728 quod
3458 3656 3685 3720 dicitur,
3717 3674 3781 3712 ex
3817 3659 3948 3728 ipso

2252 3763 2418 3800 sensu
2449 3750 2670 3800 constat
2699 3749 2868 3817 atque
2893 3745 3165 3815 sensibili,
3198 3761 3444 3817 quorum
3476 3745 3727 3801 detracto
3758 3748 3948 3819 quoli-

2250 3836 2366 3902 bet,
2397 3835 2578 3889 videri
2606 3835 2750 3889 nihil
2778 3840 2980 3907 potest.

2366 3934 2588 3990 CAPUT
2615 3933 2738 3991 VII.
2774 3963 2843 3973 —
2872 3932 3052 4002 Fides,
3082 3947 3224 4003 spes,
3256 3932 3498 3986 charitas
3527 3945 3632 4000 quo
3659 3946 3831 4000 usque

2928 4023 3263 4076 necessariae.

2324 4111 2414 4166 14.
2451 4111 2595 4180 Ergo
2637 4126 2767 4165 cum
2797 4109 3004 4164 animae
3049 4111 3231 4164 Deum
3269 4108 3483 4179 videre,
3512 4108 3620 4163 hoc
3651 4112 3737 4162 est
3760 4108 3944 4163 Deum

2248 4198 2566 4269 intelligere
2603 4197 2923 4269 contigerit,
2975 4198 3266 4253 videamus
3312 4201 3507 4252 utrum
3532 4196 3717 4250 adhuc
3746 4196 3803 4250 ei
3832 4196 3944 4250 tria

2246 4286 2342 4341 illa
2370 4287 2485 4342 sint
2521 4287 2858 4342 necessaria.
2904 4287 3063 4341 Fides
3104 4303 3279 4358 quare
3317 4286 3391 4341 sit
3429 4284 3766 4353 necessaria,
3809 4301 3941 4340 cum

2240 4376 2363 4445 jam
2410 4376 2631 4431 videat?
2671 4377 2809 4447 Spes
2856 4374 3253 4445 nihilominus,
3279 4376 3414 4445 quia
3444 4376 3565 4445 jam
3593 4378 3765 4429 tenet.
3800 4375 3941 4429 Cha-

2242 4464 2402 4519 ritati
2428 4481 2559 4519 vero
2600 4481 2716 4519 non
2755 4464 2939 4518 solum
2986 4463 3132 4517 nihil
3176 4462 3527 4527 detrahetur,
3567 4463 3666 4516 sed
3695 4463 3941 4519 addetur

2243 4552 2418 4606 etiam
2449 4552 2789 4622 plurimum.
2820 4552 2962 4605 Nam
2991 4555 3047 4606 et
3070 4550 3227 4606 illam
3255 4549 3605 4619 singularem
3626 4566 3936 4623 veramque

2241 4640 2724 4715 pulchritudinem
2753 4656 2883 4694 cum
2920 4638 3145 4708 viderit,
3188 4638 3313 4709 plus
3342 4636 3583 4705 amabit;
3620 4643 3679 4692 et
3706 4639 3818 4694 nisi
3847 4641 3936 4694 in-

2242 4729 2401 4799 genti
2433 4745 2626 4783 amore
2658 4728 2890 4783 oculum
2924 4726 3192 4792 inﬁxerit,
3232 4741 3337 4780 nec
3365 4725 3437 4779 ab
3476 4725 3805 4795 aspiciendo
3838 4745 3934 4782 us-

2239 4816 2395 4886 piam
2441 4816 2825 4886 declinaverit,
2864 4830 3095 4869 manere
3140 4814 3201 4868 in
3237 4813 3333 4867 illa
3358 4814 3684 4869 beatissima
3713 4816 3932 4871 visione

2238 4921 2356 4960 non
2374 4906 2600 4976 poterit.
2624 4905 2734 4959 Sed
2755 4905 2893 4958 dum
2918 4902 2978 4957 in
2998 4902 3108 4956 hoc
3136 4918 3369 4973 corpore
3392 4908 3478 4958 est
3502 4903 3716 4970 anima,
3736 4904 3933 4959 etiam-

2236 4994 2285 5048 si
2312 4993 2645 5064 plenissime
2675 4993 2882 5060 videat,
2914 4992 3019 5046 hoc
3052 4995 3134 5046 est
3161 4990 3447 5063 intelligat
3476 4992 3685 5059 Deum;
3713 4996 3932 5059 tamen,

2236 5083 2371 5153 quia
2399 5082 2570 5137 etiam
2604 5080 2855 5151 corporis
2895 5096 3091 5134 sensus
3126 5085 3363 5135 utuntur
3396 5097 3566 5152 opere
3595 5081 3855 5151 proprio,
3886 5082 3931 5135 si

2233 5170 2373 5224 nihil
2405 5170 2638 5240 quidem
2660 5170 2848 5223 valent
2866 5169 2936 5223 ad
2960 5169 3297 5236 fallendum,
3320 5185 3439 5223 non
3467 5174 3659 5225 tamen
3689 5169 3835 5224 nihil
3858 5172 3931 5225 ad

2231 5274 2346 5312 non
2370 5257 2776 5328 ambigendum
2801 5259 2839 5323 ί,
2864 5261 3051 5327 potest
3079 5257 3263 5312 adhuc
3289 5257 3400 5313 dici
3428 5257 3570 5311 tides
3599 5273 3666 5311 ea
3703 5274 3818 5327 qua
3841 5259 3934 5312 his

2228 5346 2530 5413 resistitur,
2553 5351 2610 5401 et
2622 5346 2764 5400 illud
2776 5346 2969 5417 potius
2984 5362 3183 5401 verum
3201 5362 3321 5401 esse
3337 5344 3604 5400 creditur.
3630 5347 3772 5400 Item
3793 5346 3935 5417 quia

2290 5454 2306 5487 ι
2340 5450 2423 5500 Sic
2435 5451 2537 5516 Ms.
2551 5450 2616 5500 At
2631 5450 2724 5516 Ed.
2746 5451 2965 5516 habent:
2984 5454 3210 5503 litunlur
3225 5463 3385 5516 opere
3406 5451 3641 5516 proprio,
3657 5450 3931 5516 nihilqui-

2226 5513 2344 5565 dem
2358 5513 2570 5565 valente
2590 5513 2659 5564 ad
2680 5513 2999 5577 fallendum,
3024 5526 3129 5564 non
3152 5512 3331 5565 tamen
3350 5512 3489 5564 nihil
3506 5515 3711 5576 agente,
3734 5512 3930 5575 potest.

2365 5697 2378 5735 1
