4058 6390
176 306 262 357 877

171 429 223 482 in
248 425 350 481 ista
368 423 504 491 vita,
535 438 868 494 quanquam
885 423 1000 476 Deo
1023 420 1309 477 intellecto
1337 421 1528 476 anima
1541 421 1663 492 jam
1681 421 1850 477 beata

173 516 267 580 sit;
300 518 508 578 tamen,
541 511 677 582 quia
719 511 928 565 multas
958 511 1244 565 molestias
1290 511 1542 580 corporis
1590 511 1849 579 sustinet,

176 601 499 676 sperandum
528 605 613 653 est
634 599 687 653 ei
715 603 844 670 post
871 603 1118 652 mortem
1147 597 1338 652 omnia
1354 598 1460 652 ista
1489 598 1851 653 incommoda

175 708 278 748 non
303 690 514 744 futura.
548 689 693 759 Ergo
724 703 827 741 nec
863 703 1008 757 spes,
1042 687 1180 741 dum
1209 687 1269 740 in
1297 687 1402 740 hac
1446 692 1531 742 est
1561 687 1692 753 vita,
1726 687 1848 741 aui-

178 795 312 836 mam
363 777 598 831 deserit.
639 775 746 830 Sed
775 791 904 829 cum
946 779 1071 845 post
1110 775 1257 829 hanc
1297 774 1474 829 vitam
1509 779 1628 829 tota
1678 792 1734 829 se
1791 775 1850 829 in

177 872 338 925 Deum
359 863 671 934 collegerit,
694 863 938 917 charitas
970 868 1146 917 restat
1169 879 1280 934 qua
1293 863 1372 917 ibi
1396 867 1677 918 teneatur.
1709 865 1849 918 Nam

178 973 344 1030 neque
400 943 641 1010 dicenda
694 957 778 1008 est
806 953 981 1007 ﬁdem
1007 953 1218 1008 habere
1250 953 1404 1024 quod
1429 953 1526 1007 illa
1557 953 1669 1007 sint
1695 964 1857 1019 vera,

177 1045 382 1119 quando
425 1043 584 1098 nulla
635 1041 910 1096 falsorum
967 1041 1424 1112 interpellatione
1476 1041 1847 1106 sollicitatur;

181 1130 348 1205 neque
376 1131 694 1202 quidquam
725 1129 1071 1200 sperandum
1094 1128 1147 1183 ei
1172 1134 1366 1195 restat,
1399 1146 1527 1184 cum
1553 1135 1739 1183 totum
1770 1146 1850 1182 se-

174 1240 292 1279 cura
319 1220 622 1293 possideat.
654 1219 784 1272 Tria
813 1218 991 1289 igitur
1021 1218 1092 1271 ad
1130 1217 1380 1272 animam
1419 1218 1728 1288 pertinent,
1786 1222 1852 1270 ut

176 1326 294 1364 sana
316 1309 403 1374 sit,
439 1312 502 1361 ut
532 1305 787 1376 aspiciat,
823 1310 884 1360 ut
928 1305 1136 1359 videat.
1171 1305 1297 1358 Alia
1327 1321 1461 1359 vero
1513 1304 1644 1369 tria,
1687 1303 1846 1370 ﬁdes,

174 1415 286 1470 spes
313 1402 367 1452 et
390 1395 656 1461 Charitas,
681 1394 870 1465 primo
891 1393 1120 1447 illorum
1143 1393 1318 1447 trium
1348 1397 1404 1447 et
1425 1392 1672 1446 secundo
1705 1407 1846 1446 sem-

174 1503 262 1558 per
287 1488 414 1540 sunt
452 1481 804 1538 necessaria:
838 1480 1004 1535 tertio
1037 1496 1170 1534 vero
1219 1480 1277 1534 in
1308 1480 1413 1534 hac
1457 1479 1584 1541 vita,
1617 1479 1845 1545 omnia;

173 1577 287 1645 post
311 1573 455 1627 hanc
483 1569 680 1636 vitam,
713 1569 832 1624 sola
875 1567 1140 1622 charitas.

235 1661 450 1717 CAPUT
523 1661 665 1716 VIII.
707 1688 778 1699 —
826 1663 953 1730 (mw
1015 1657 1088 1712 ad
1151 1656 1568 1723 cognoscendum
1616 1658 1780 1710 Deum

839 1747 1162 1800 necessaria.

238 1842 314 1893 15.
345 1839 502 1892 Nunc
553 1835 766 1905 accipe,
797 1839 1078 1905 quantum
1129 1849 1380 1903 praisens
1419 1836 1645 1903 tempus
1675 1849 1849 1902 expo-

175 1926 285 1993 scit,
336 1941 398 1979 ex
454 1924 554 1978 illa
609 1921 983 1976 similitudine
1029 1918 1386 1974 sensibilium
1428 1919 1598 1974 etiam
1633 1919 1700 1973 de
1733 1919 1848 1972 Deo

174 2014 364 2086 aliquid
400 2028 554 2066 nunc
582 2028 674 2066 me
733 2011 970 2065 docente
993 2007 1031 2064 ⁸.
1059 2007 1440 2078 Intelligibilis
1466 2023 1672 2077 nempe
1701 2008 1849 2060 Deus

173 2108 265 2169 est,
282 2100 665 2170 intelligibilia
682 2099 854 2154 etiam
883 2098 984 2151 illa
1002 2096 1435 2166 disciplinarum
1452 2095 1802 2166 spectamina
1828 2111 1841 2162 ;

171 2196 345 2245 tamen
375 2189 689 2261 plurimum
721 2187 1011 2242 differunt.
1042 2187 1180 2239 Nam
1221 2190 1277 2239 et
1318 2189 1470 2238 terra
1496 2183 1753 2250 visibilis,
1788 2188 1845 2238 et

172 2279 293 2332 lux:
325 2278 420 2333 sed
451 2281 623 2342 terra,
654 2275 768 2330 nisi
791 2275 916 2330 luce
947 2274 1246 2340 illustrata,
1277 2271 1456 2326 videri
1487 2289 1604 2326 non
1641 2276 1844 2342 potest.
1891 2287 1896 2294 ·

173 2368 300 2436 Ergo
330 2370 384 2420 et
411 2366 510 2420 illa
539 2381 667 2436 quae
696 2363 755 2417 in
813 2361 1120 2432 disciplinis
1156 2361 1479 2426 traduntur,
1531 2377 1657 2432 qua:
1691 2359 1849 2431 quis-

172 2455 289 2526 quis
317 2454 606 2524 intelligit,
646 2451 940 2507 verissima
983 2466 1104 2504 esse
1133 2450 1290 2504 nulla
1327 2448 1679 2503 dubitatione
1712 2465 1846 2502 con-
1866 2516 1879 2526 ⁸

170 2540 319 2606 cedit,
351 2539 699 2594 credendum
732 2541 817 2592 est
867 2553 932 2590 ea
980 2552 1089 2590 non
1127 2551 1294 2606 posse
1325 2534 1589 2604 intelligi,
1637 2533 1748 2587 nisi
1777 2533 1844 2586 ab

168 2627 266 2681 alio
293 2627 451 2699 quasi
483 2644 586 2681 suo
609 2627 724 2680 sole
757 2625 1133 2679 illustrentur.
1167 2625 1312 2694 Ergo
1344 2622 1634 2694 quomodo
1665 2622 1724 2675 in
1740 2620 1845 2674 hoc

169 2715 272 2769 sole
299 2716 404 2770 tria
432 2715 698 2788 quaedam
727 2713 858 2768 licet
877 2712 1323 2767 animadvertere
1348 2728 1361 2777 ;
1386 2711 1541 2782 quod
1568 2716 1672 2777 est,
1695 2711 1845 2782 quod

164 2805 345 2874 fulget,
400 2805 557 2876 quod
610 2802 931 2857 illuminat:
983 2801 1063 2856 ita
1091 2800 1151 2854 in
1181 2800 1280 2854 illo
1322 2799 1696 2854 secretissima
1732 2801 1844 2852 Deo

166 2909 322 2963 quem
351 2893 433 2947 vis
458 2893 804 2962 intelligere,
856 2889 963 2944 tria
1015 2889 1276 2960 quaedam
1329 2892 1494 2954 sunt;
1538 2887 1693 2957 quod
1739 2891 1844 2955 est,

165 2981 303 3050 quod
327 2979 693 3051 intelligitur,
723 2984 778 3033 et
815 2978 971 3050 quod
1009 2982 1210 3032 caetera
1237 2976 1370 3030 facit
1404 2975 1668 3046 intelligi.
1717 2977 1844 3029 Haec

162 3069 282 3139 duo,
313 3069 366 3125 id
400 3073 504 3138 est,
538 3067 787 3139 teipsum
809 3071 865 3121 et
895 3068 1095 3132 Deum,
1127 3068 1191 3119 ut
1219 3063 1526 3135 intelligas,
1559 3064 1761 3118 docere
1789 3068 1845 3118 te

164 3158 358 3213 audeo.
387 3158 497 3213 Sed
528 3155 807 3228 responde
837 3155 1128 3226 quomodo
1157 3153 1280 3208 haec
1295 3151 1604 3223 acceperis;
1629 3157 1693 3206 ut
1719 3167 1846 3221 pro-

163 3244 376 3313 babilia,
408 3263 482 3300 an
512 3249 578 3299 ut
604 3261 737 3299 vera
754 3246 782 3299 ?
801 3244 874 3299 A.
904 3243 1078 3297 Plane
1103 3246 1163 3296 ut
1183 3241 1501 3313 probabilia
1523 3244 1578 3294 et
1597 3239 1658 3294 in
1683 3255 1845 3310 spem

163 3335 304 3404 quod
348 3334 650 3389 fatendum
692 3337 796 3399 est,
855 3332 1131 3401 majorem
1173 3329 1391 3384 surrexi
1425 3345 1437 3383 :
1475 3345 1608 3382 nam
1637 3331 1848 3398 praeter

165 3419 248 3474 illa
278 3421 386 3476 duo
417 3422 487 3476 de
522 3421 674 3475 linea
699 3425 754 3475 et
781 3420 920 3492 pila,
954 3419 1095 3473 nihil
1127 3419 1224 3473 abs
1254 3423 1306 3472 te
1336 3417 1550 3472 dictum
1584 3421 1667 3471 est
1693 3415 1844 3486 quod

165 3526 245 3564 me
272 3509 409 3564 scire
439 3510 683 3564 audeam
723 3508 929 3563 dicere.
963 3511 1026 3564 Β.
1062 3508 1186 3562 Non
1215 3511 1300 3562 est
1332 3506 1661 3560 mirandum
1690 3521 1702 3559 :
1727 3519 1846 3558 non

163 3597 302 3652 enim
332 3599 654 3670 quidquam
681 3602 766 3652 est
792 3597 974 3652 adhuc
1001 3596 1080 3650 ita
1101 3594 1441 3666 expositum,
1468 3598 1532 3648 ut
1560 3593 1658 3648 abs
1688 3596 1743 3648 te
1777 3591 1848 3645 sit

164 3685 458 3758 ﬂagitanda
489 3685 801 3757 perceptio.

568 3775 794 3829 CAPUT
821 3775 909 3828 IX.
943 3803 1011 3814 —
1040 3773 1212 3828 Amor
1239 3772 1429 3825 nostri.

227 3865 305 3918 t6.
339 3863 448 3918 Sed
478 3863 624 3935 quid
653 3861 989 3917 moramur?
1019 3859 1422 3932 Aggredienda
1461 3862 1546 3911 est
1583 3855 1708 3910 via:
1758 3854 1849 3910 vi-

163 3950 384 4007 deamus
412 3957 631 4020 tamen,
661 3951 816 4023 quod
843 3949 1114 4022 praecedit
1141 3947 1354 4015 omnia,
1388 3950 1584 4000 utrum
1625 3943 1745 3998 sani
1775 3944 1850 3997 si-

161 4055 297 4095 mus.
328 4043 399 4097 A.
437 4043 559 4096 Hoc
587 4044 651 4094 tu
702 4039 928 4106 videris,
963 4038 1011 4092 si
1041 4037 1128 4091 vel
1175 4037 1236 4091 in
1280 4039 1358 4102 te,
1403 4033 1493 4088 vel
1523 4032 1582 4086 in
1617 4049 1707 4087 me
1739 4031 1848 4086 ali-

161 4134 430 4197 quantum
463 4128 720 4201 aspicere
749 4132 910 4198 potes
936 4140 948 4183 :
982 4143 1087 4197 ego
1108 4123 1408 4196 qumrenti,
1429 4122 1474 4176 si
1495 4121 1630 4193 quid
1649 4121 1848 4188 sentio,

161 4219 529 4287 respondebo.
591 4219 657 4272 It.
702 4217 946 4270 Amasne
995 4213 1211 4286 aliquid
1251 4215 1460 4284 praeter
1499 4209 1585 4265 tui
1636 4209 1852 4280 Deique

164 4307 498 4361 scientiam?
529 4307 602 4362 A.
638 4307 867 4360 Possem
896 4302 1265 4374 respondere,
1321 4300 1466 4355 nihil
1519 4315 1611 4353 me
1661 4313 1852 4353 amare

163 4396 418 4466 amplius,
451 4411 562 4467 pro
594 4411 660 4448 eo
690 4409 855 4447 sensu
888 4391 988 4463 qui
1016 4390 1161 4446 mihi
1211 4405 1364 4444 nunc
1393 4392 1518 4456 est;
1548 4388 1643 4442 sed
1677 4386 1854 4441 tutius

163 4484 472 4553 respondeo
505 4481 728 4536 nescire
758 4497 868 4536 me.
907 4481 1048 4534 Nam
1106 4495 1256 4549 smpe
1284 4476 1427 4531 mihi
1456 4493 1565 4530 usu
1605 4475 1762 4530 venit
1793 4478 1857 4530 ut

163 4586 280 4625 cum
320 4572 434 4626 alia
481 4572 646 4626 nulla
689 4587 748 4625 re
795 4586 887 4624 me
916 4568 1208 4623 crederem
1238 4565 1608 4634 commoveri,
1638 4564 1858 4619 veniret

161 4664 341 4715 tamen
371 4659 599 4731 aliquid
630 4658 691 4713 in
719 4662 990 4725 mentem,
1017 4656 1171 4728 quod
1195 4672 1285 4710 me
1299 4655 1479 4709 multo
1499 4654 1661 4708 aliter
1687 4657 1856 4722 atque

161 4763 635 4820 praesumpseram
665 4750 961 4818 pungeret.
995 4747 1137 4800 Item
1184 4759 1356 4810 saepe,
1389 4741 1647 4814 quamvis
1675 4740 1736 4795 in
1765 4757 1856 4794 co-

163 4837 492 4905 gitationem
526 4853 618 4890 res
648 4836 843 4906 aliqua
864 4833 1116 4889 incidens
1142 4848 1257 4887 non
1286 4847 1378 4886 me
1404 4827 1746 4902 pervellerit,
1776 4844 1861 4881 re-

159 4940 282 4979 vera
308 4932 506 4981 tamen
539 4924 778 4978 veniens
808 4922 1162 4994 perturbavit
1191 4921 1319 4992 plus
1349 4935 1520 4990 quam
1550 4917 1856 4989 putabam:

162 5014 252 5069 sed
281 5015 452 5070 modo
483 5013 688 5068 videor
711 5011 852 5066 mihi
872 5011 1054 5065 tribus
1074 5015 1302 5064 tantum
1333 5007 1502 5063 rebus
1523 5021 1684 5077 posse
1715 5020 1862 5058 com-

161 5104 390 5158 moveri:
420 5107 586 5157 metu
609 5099 934 5154 amissionis
964 5115 1163 5153 eorum
1195 5113 1339 5168 quos
1363 5094 1558 5166 diligo,
1582 5097 1734 5147 metu
1759 5091 1860 5147 do-

159 5190 308 5258 loris,
341 5196 504 5247 metu
536 5188 759 5244 mortis.
795 5191 859 5244 R.
885 5191 1055 5242 Amas
1077 5203 1213 5257 ergo
1233 5190 1290 5240 et
1308 5185 1482 5239 vitam
1513 5188 1702 5252 tecum
1731 5181 1864 5234 cha-

162 5281 517 5336 rissimorum
539 5284 801 5343 tuorum,
820 5277 1100 5331 etbonam
1116 5274 1499 5329 valetudinem
1516 5276 1694 5339 tuam,
1719 5275 1772 5324 et
1790 5268 1867 5322 vi-

162 5371 268 5424 tam
289 5374 449 5425 tuam
473 5369 666 5440 ipsam
680 5365 740 5419 in
754 5365 864 5419 hoc
875 5378 1110 5434 corpore
1131 5380 1144 5417 :
1165 5378 1350 5432 neque
1364 5360 1516 5415 enim
1530 5359 1694 5413 aliter
1705 5355 1869 5410 amis-

179 5457 384 5513 sionem
411 5457 637 5513 horum
681 5458 968 5508 metueres
1007 5452 1081 5507 A.
1112 5451 1334 5517 Fateor,
1366 5449 1445 5504 ita
1469 5451 1573 5503 est.
1605 5449 1669 5502 Β.
1702 5443 1866 5502 Modo

222 5557 234 5590 ι
273 5555 354 5606 Er.
378 5552 647 5610 Ven.Lov
671 5549 966 5602 docentem.
998 5550 1065 5598 M.

1618 299 1828 356 LIBER
1871 299 2154 357 PRIMUS.

3545 311 3650 364 878

1963 439 2124 494 ergo,
2155 423 2307 494 quod
2337 441 2450 480 non
2480 441 2680 480 omnes
2710 429 2900 480 tecum
2931 431 3064 481 sunt
3083 425 3248 481 amici
3279 428 3386 496 tui,
3409 435 3468 483 et
3495 431 3647 499 quod

1959 517 2058 565 tua
2085 513 2348 567 valetudo
2379 513 2827 584 minus'integra
2880 519 2981 581 est,
3017 515 3147 568 facit
3180 515 3371 569 animo
3401 519 3648 571 nonnul-

1958 601 2073 655 lam
2105 601 2535 671 azgritudiuem:
2579 619 2712 656 nam
2737 607 2794 657 et
2832 603 2886 657 id
2928 619 3049 657 esse
3089 620 3444 673 consequens
3464 604 3648 659 video.

1958 691 2028 744 A.
2060 690 2228 744 Recte
2275 689 2468 755 vides;
2511 706 2718 760 negare
2768 707 2883 745 non
2922 708 3181 762 possum.
3211 693 3276 746 It.
3316 691 3480 758 Quid,
3513 691 3558 744 si
3596 697 3650 744 te

1958 782 2191 848 repente
2223 794 2360 831 sano
2393 794 2512 831 esse
2544 794 2779 848 corpore
2809 779 3017 832 sentias
3065 783 3120 833 et
3167 779 3393 850 probes,
3433 783 3649 832 tecum-

1958 881 2068 936 que
2097 881 2295 920 omnes
2322 881 2465 936 quos
2497 865 2686 936 diligis
2711 868 3085 927 concorditer,
3119 867 3342 921 liberali
3371 868 3488 921 otio
3539 867 3650 922 frui

1956 953 2167 1019 videas,
2188 971 2374 1008 nonne
2389 953 2746 1024 aliquantum
2767 954 3266 1010 tibietiamlzetitia
3287 956 3649 1026 gestiendum

1958 1045 2078 1099 est?
2106 1043 2176 1096 Α.
2193 1043 2331 1096 Vere
2352 1042 2644 1112 aliquautu
2657 1059 2709 1096 m
2732 1041 2896 1109 ;imo,
2927 1043 2972 1095 si
2993 1045 3113 1096 haec
3135 1045 3474 1113 praesertim,
3496 1051 3556 1097 ut
3573 1045 3650 1098 di-

1957 1129 2053 1198 cis,
2087 1135 2318 1201 repente
2350 1131 2735 1200 provenerint,
2765 1131 2991 1201 quando
3026 1147 3115 1184 me
3145 1132 3386 1202 capiam,
3419 1134 3649 1203 quando

1956 1218 2014 1272 id
2033 1235 2214 1288 genus
2230 1219 2426 1288 gaudii
2439 1220 2523 1272 vel
2552 1218 2911 1273 dissimulare
2923 1219 3259 1289 permittar‘!
3275 1223 3337 1275 Β.
3373 1221 3650 1275 Omnibus

1956 1305 2131 1376 igitur
2159 1307 2345 1360 adhuc
2377 1307 2592 1361 morbis
2620 1307 2797 1360 animi
2829 1313 2885 1361 et
2913 1308 3439 1378 perturbationibus
3469 1311 3648 1378 agita-

1956 1393 2054 1447 ris.
2090 1396 2366 1458 Quaenam
2406 1411 2544 1465 ergo
2577 1395 2779 1450 talium
2811 1397 3108 1450 oculorum
3168 1395 3525 1466 impudentia
3546 1404 3648 1463 est,

1955 1483 2097 1536 velle
2151 1483 2316 1536 illum
2372 1484 2547 1536 solem
2577 1483 2806 1538 videre?
2859 1490 2933 1540 Α.
2995 1486 3077 1538 Ita
3124 1483 3452 1538 conclusisti
3490 1485 3651 1555 quasi

1956 1586 2188 1642 prorsus
2216 1587 2333 1624 non
2364 1571 2604 1624 sentiam
2637 1576 2920 1642 quantum
2945 1573 3158 1626 sanitas
3189 1588 3318 1626 mea
3345 1588 3652 1642 promove-

1957 1658 2052 1724 rit,
2081 1664 2180 1712 aut
2210 1659 2349 1729 quid
2379 1659 2623 1728 pestium
2653 1660 2965 1724 recesserit,
3000 1663 3396 1730 quantumque
3429 1661 3650 1714 restite—

1957 1747 2056 1801 rit.
2091 1748 2195 1800 Fac
2225 1764 2313 1800 me
2342 1746 2490 1801 istud
2521 1748 2850 1801 concedere.

2029 1835 2251 1889 CAPUT
2279 1836 2339 1888 X.
2373 1865 2442 1873 —
2469 1835 2638 1888 Amor
2666 1851 2844 1888 rerum
2865 1837 3103 1904 corporis
3133 1840 3184 1889 et
3207 1840 3571 1890 easternarum.

2033 1926 2115 1975 t7.
2148 1924 2217 1977 It.
2258 1923 2456 1975 Nonne
2485 1921 2758 1975 videshos
2785 1923 3036 1992 corporis
3056 1923 3248 1976 oculos
3270 1922 3440 1976 etiam
3461 1939 3647 1990 sanos,

1956 2010 2080 2064 luce
2111 2011 2242 2064 solis
2273 2009 2434 2064 istius
2462 2026 2611 2080 saepe
2644 2011 2925 2080 repercuti
2955 2015 3013 2064 et
3031 2011 3227 2076 averti,
3259 2015 3430 2081 atque
3459 2009 3531 2064 ad
3551 2011 3649 2064 illa

1958 2115 2057 2152 sua
2087 2099 2325 2153 obscura
2366 2098 2719 2168 confugere?
2749 2099 2833 2154 Tu
2875 2103 3068 2152 autem
3110 2098 3249 2169 quid
3298 2100 3650 2168 promovet-is

1957 2187 2192 2258 cogitas,
2222 2187 2363 2258 quid
2403 2187 2542 2241 velis
2571 2187 2761 2240 videre
2810 2203 2924 2240 non
2953 2187 3202 2257 cogitas:
3245 2191 3302 2241 et
3342 2191 3535 2240 tamen
3562 2191 3646 2240 te-

1956 2291 2084 2329 cum
2115 2276 2224 2329 hoc
2253 2275 2442 2346 ipsum
2471 2274 2792 2340 discutiam,
2835 2275 2976 2345 quid
2999 2274 3304 2344 profecisse
3327 2291 3432 2329 nos
3460 2279 3644 2345 putas.

1959 2363 2190 2417 Divitias
2220 2363 2409 2416 nullas
2440 2362 2645 2432 cupis?
2674 2364 2745 2416 A.
2779 2363 2895 2415 Hoc
2925 2362 3159 2433 quidem
3204 2379 3318 2415 non
3345 2379 3497 2416 nunc
3525 2363 3648 2433 pri-

1957 2467 2136 2506 mum.
2172 2451 2312 2505 Nam
2343 2466 2472 2504 cum
2507 2449 2737 2521 triginta
2765 2455 2878 2504 tres
2909 2467 3090 2504 annos
3118 2466 3283 2520 agam
3317 2449 3358 2516 ⁴,
3383 2455 3649 2521 quatuor-

1957 2539 2140 2593 decim
2169 2539 2288 2593 fere
2331 2539 2466 2592 anni
2493 2543 2626 2592 sunt
2663 2555 2729 2592 ex
2762 2555 2875 2609 quo
2909 2539 3013 2592 ista
3066 2555 3273 2609 cupere
3303 2538 3512 2602 destiti,
3545 2555 3650 2593 nec

1952 2628 2109 2682 aliud
2144 2627 2460 2698 quidquam
2485 2627 2545 2680 in
2575 2627 2684 2692 his,
2718 2627 2764 2680 si
2811 2644 2924 2698 quo
2954 2644 3082 2681 casu
3116 2627 3477 2694 offerrentur,
3507 2644 3650 2698 prae-

1956 2721 2043 2769 ter
2071 2715 2454 2770 necessarium
2486 2715 2696 2769 victum
2729 2715 3138 2785 liberalemque
3179 2732 3340 2769 usum
3382 2715 3645 2785 cogitavi.

1955 2807 2193 2858 Prorsus
2221 2803 2363 2857 mihi
2383 2819 2532 2857 unus
2564 2803 2848 2857 Ciceronis
2874 2803 3019 2856 liber
3049 2803 3315 2856 facillime
3345 2804 3644 2872 persuasit,

1949 2893 2108 2947 nullo
2151 2892 2318 2946 modo
2348 2891 2694 2961 appetendas
2741 2907 2862 2945 esse
2891 2891 3135 2956 divitias,
3169 2891 3268 2944 sed
3290 2891 3339 2944 si
3368 2907 3642 2966 provene-

1953 2980 2090 3046 rint,
2124 2979 2540 3050 sapientissime
2581 2983 2752 3049 atque
2791 2978 3113 3032 cautissime
3143 2978 3642 3033 administrandas.

1950 3071 2018 3124 Β.
2049 3069 2194 3132 Quid
2223 3068 2516 3122 honores?
2542 3068 2615 3121 A.
2650 3068 2870 3131 Fateor,
2907 3081 3001 3120 eos
3032 3066 3224 3130 modo,
3276 3082 3338 3119 ac
3377 3081 3521 3136 pene
3557 3066 3646 3120 his

1954 3155 2153 3210 diebus
2181 3171 2387 3226 cupere
2418 3153 2628 3208 destiti.
2655 3155 2720 3208 Β.
2769 3153 2916 3216 Quid
2963 3169 3102 3205 uxor
3127 3154 3155 3205 ?
3188 3152 3383 3206 Nonne
3409 3156 3462 3206 te
3493 3152 3645 3207 dele-

1953 3248 2065 3298 ctat
2105 3243 2396 3298 interdum
2437 3243 2697 3313 pulchra,
2743 3241 2971 3312 pudica,
3023 3239 3334 3311 morigera,
3372 3240 3643 3306 litterata,

1953 3333 2041 3388 vel
2093 3348 2221 3404 qua:
2274 3331 2372 3386 abs
2424 3335 2478 3385 te
2525 3330 2690 3384 facile
2722 3330 2897 3401 possit
2926 3328 3159 3395 erudiri,
3204 3328 3445 3383 alferens
3475 3329 3646 3384 etiam

1955 3413 2105 3477 dotis
2135 3425 2382 3486 tantum,
2417 3419 2692 3490 quoniam
2721 3417 3038 3472 contemnis
3075 3417 3320 3484 divitias,
3367 3422 3650 3489 quantum

1955 3527 2083 3565 eam
2111 3527 2344 3581 prorsus
2373 3508 2555 3562 nihilo
2586 3507 2756 3562 faciat
2784 3522 3084 3560 onerosam
3115 3505 3233 3560 otio
3263 3511 3385 3572 tuo,
3416 3520 3651 3576 prteser-

1954 3599 2062 3654 tim
2090 3599 2138 3653 si
2167 3615 2360 3670 speres
2407 3602 2707 3667 certusque
2755 3595 2832 3649 sis
2870 3594 3012 3648 nihil
3043 3610 3112 3649 ex
3155 3610 3222 3648 ea
3260 3597 3314 3648 te
3369 3592 3650 3648 molestia:

1957 3703 2077 3742 esse
2098 3701 2399 3759 passurum
2423 3685 2532 3739 7A.
2555 3683 2982 3749 Quantumlibet
3000 3681 3138 3736 velis
3158 3698 3285 3736 eam
3312 3681 3552 3752 pingere
3574 3685 3651 3735 at-

1957 3793 2068 3848 que
2099 3775 2391 3830 cumulare
2419 3772 2584 3826 bonis
2615 3771 2900 3834 omnibus,
2932 3770 3075 3824 nihil
3106 3770 3248 3824 mihi
3277 3774 3392 3823 tam
3421 3769 3651 3840 fugien-

1957 3866 2094 3920 dum
2124 3879 2297 3934 quam
2326 3860 2693 3916 concubitum
2738 3875 2858 3913 esse
2890 3857 3146 3913 decrevi:
3181 3856 3322 3911 nihil
3363 3873 3482 3910 esse
3520 3873 3650 3912 sen—

1957 3952 2038 4007 tio
2066 3951 2218 4022 quod
2243 3948 2426 4020 magis
2454 3964 2522 4002 ex
2535 3964 2659 4002 arce
2673 3947 2902 4018 dejiciat
2929 3947 3188 4001 animum
3211 3945 3460 4014 virilem,
3479 3961 3650 4016 quam

1957 4041 2350 4097 blandimenta
2394 4037 2662 4106 feminea,
2712 4051 3136 4107 corporumque
3190 4034 3286 4089 ille
3335 4038 3649 4103 contactus,

1961 4130 2082 4184 sine
2113 4146 2226 4201 quo
2265 4144 2410 4183 uxor
2452 4127 2652 4181 haberi
2683 4141 2798 4180 non
2841 4129 3045 4196 potest.
3099 4125 3317 4194 Itaque,
3348 4122 3396 4176 si
3429 4123 3498 4177 ad
3527 4122 3652 4176 ofﬁ-

1961 4219 2114 4274 cium
2143 4217 2396 4288 pertinet
2425 4215 2698 4288 sapientis
2733 4214 2907 4286 (quod
2936 4213 3196 4267 nondum
3222 4210 3491 4282 comperi)
3519 4211 3653 4265 dare

1963 4323 2197 4378 operam
2221 4305 2434 4372 liberis,
2467 4303 2727 4375 quisquis
2756 4302 2840 4356 rei
2867 4302 3037 4372 hujus
3059 4305 3282 4355 tantum
3313 4298 3496 4370 gratia
3523 4315 3654 4353 con-

1962 4395 2199 4460 cumbit,
2248 4393 2542 4448 mirandus
2590 4391 2733 4446 mihi
2775 4390 2957 4444 videri
3002 4393 3207 4459 potest,
3261 4391 3319 4441 at
3360 4403 3492 4440 vero
3521 4386 3658 4440 imi-

1963 4484 2170 4539 tandus
2200 4484 2359 4538 nullo
2379 4482 2549 4536 modo
2574 4500 2589 4535 :
2625 4496 2758 4534 nam
2780 4484 3001 4533 tentare
3022 4478 3132 4532 hoc
3160 4475 3531 4547 periculosius
3553 4481 3656 4542 est,

1965 4589 2137 4642 quam
2158 4587 2322 4641 posse
2354 4570 2590 4625 felicius.
2626 4568 3031 4632 Quamobrem,
3077 4565 3231 4631 satis,
3275 4564 3470 4633 credo,
3507 4564 3660 4634 juste

1965 4667 2134 4732 atque
2181 4658 2400 4714 utiliter
2457 4675 2560 4728 pro
2618 4657 2876 4710 libertate
2927 4654 3132 4708 animm
3187 4652 3328 4706 mihi
3383 4653 3661 4723 imperavi

1965 4766 2080 4803 non
2101 4764 2331 4818 cupere,
2359 4763 2477 4800 non
2494 4761 2769 4816 quaerere,
2798 4760 2913 4797 non
2936 4743 3140 4796 ducere
3169 4758 3423 4797 uxorem.
3449 4744 3514 4796 1t.
3540 4743 3660 4795 Non

1969 4854 2074 4908 ego
2127 4852 2279 4890 nunc
2327 4850 2523 4906 quaaro
2559 4833 2693 4903 quid
2743 4830 3078 4896 decreveris,
3113 4831 3207 4884 sed
3253 4835 3446 4883 utrum
3477 4830 3664 4884 adhuc

1969 4924 2213 4991 lucteris,
2245 4939 2317 4976 an
2347 4938 2479 4975 vero
2504 4921 2624 4992 jam
2654 4920 2836 4990 ipsam
2867 4919 3164 4973 libidinem
3205 4918 3422 4972 viceris.
3463 4918 3666 4986 Agitur

1971 5012 2125 5067 enim
2154 5011 2222 5066 de
2265 5009 2506 5064 sanitate
2549 5008 2840 5063 oculorum
2871 5011 3122 5062 tuorum.
3154 5008 3223 5061 A.
3258 5009 3494 5061 Prorsus
3521 5004 3664 5058 nihil

1970 5099 2303 5172 hujusmodi
2327 5114 2542 5169 quaero,
2576 5095 2716 5150 nihil
2745 5095 3005 5150 desidero
3035 5112 3047 5151 :
3074 5095 3245 5149 etiam
3275 5110 3405 5149 cum
3431 5094 3663 5147 horrore

2035 5230 2050 5262 1
2089 5227 2148 5275 In
2170 5225 2346 5275 codice
2375 5221 2828 5287 Regio-Montensi
2853 5234 3060 5270 necnon
3089 5220 3144 5268 in
3165 5220 3330 5268 tribus
3360 5231 3423 5267 ex
3451 5215 3511 5262 iis
3530 5225 3663 5287 quos

1973 5277 2695 5349 Lovaniensesinspéxerunt,
2721 5285 2960 5349 habetur,
2982 5295 3127 5349 xxxiv
3147 5293 3316 5349 annos
3334 5277 3664 5349 agarnﬁ._l\len-

1973 5338 2120 5408 dese;
2140 5349 2397 5412 siquidem
2408 5338 2814 5412 Quatuordecim
2828 5350 2939 5412 fere
2951 5338 3080 5394 ulmi
3091 5346 3251 5412 erant
3268 5356 3330 5389 ex
3349 5338 3452 5402 quo
3466 5338 3666 5412 Dicere-

1975 5399 2058 5463 nis
2083 5399 2638 5473 Hortensium'legerat
2664 5409 3025 5473 Augustinus;
3055 5404 3197 5473 atqui
3235 5399 3432 5473 huncce
3471 5399 3666 5473 librum

1975 5460 2118 5524 anno
2148 5474 2315 5523 astatis
2333 5460 2731 5534 undevigesimo
2747 5460 2948 5534 lectum
2970 5481 2999 5514 a
3089 5460 3245 5511 fuisse
3271 5467 3490 5534 testatur
3530 5460 3620 5508 lib.
3640 5463 3665 5507 3

1979 5536 2150 5594 Conf.,
2187 5550 2297 5598 cap.
2338 5539 2384 5594 αἱ,
2419 5539 2470 5582 et
2495 5527 2592 5582 lit].
2634 5536 2660 5580 3
2691 5537 2873 5580 contra
2907 5527 3168 5582 Academ.,
3192 5539 3305 5587 cap.
3335 5528 3412 5573 20.
