4058 6358
413 299 518 353 879

414 425 586 492 atque
615 416 1010 489 aspernatione
1033 414 1171 468 talia
1196 411 1482 502 recordor;
1513 409 1661 474 Quid
1688 409 1772 463 vis
1810 407 2057 479 amplius
2074 409 2104 461 γ

417 511 484 564 Et
510 510 618 563 hoc
649 505 792 560 mihi
819 505 1038 559 bonum
1068 503 1129 556 in
1159 503 1280 557 dies
1322 501 1557 555 crescit:
1598 515 1733 553 nam
1763 502 1976 570 quanto
2003 513 2104 550 au-

417 604 584 670 getur
613 613 737 668 spes
765 594 1024 649 videndae
1053 592 1207 646 illius
1239 608 1351 663 qua
1377 591 1746 645 vehementer
1771 591 1946 641 aestuo
1975 587 2107 657 pul-

417 685 775 743 chritudinis.
825 687 984 737 tanto
1024 682 1094 736 ad
1141 681 1300 734 illam
1338 683 1492 733 totus
1537 693 1697 731 amor
1734 678 2108 746 voluptasque

417 775 784 830 convertitur.
816 774 880 825 Β.
907 770 1053 835 Quid
1081 769 1341 824 ciborum
1356 765 1729 836 jucunditas?
1757 769 1984 836 quanta:
2003 761 2109 816 tibi

418 879 568 917 curae
599 860 726 915 est?
757 861 830 915 A.
862 861 938 913 Ea
967 875 1096 929 qua:
1129 856 1299 911 statui
1324 871 1443 909 non
1469 855 1660 923 edere,
1689 853 1833 906 nihil
1853 867 1946 906 me
1975 867 2110 905 con-

416 953 665 1004 movent.
696 949 771 1002 lis
814 952 1008 1002 autem
1066 962 1194 1017 quas
1224 961 1340 999 non
1379 941 1693 1014 amputavi,
1725 940 1991 996 delectari
2018 955 2110 994 me

416 1037 794 1109 praesentibus
813 1036 1014 1101 fateor,
1047 1035 1126 1088 ita
1154 1038 1350 1087 tamen
1381 1036 1444 1086 ut
1467 1031 1589 1085 sine
1609 1028 1726 1084 ulla
1752 1027 2111 1100 permotione

418 1126 598 1181 animi
625 1126 713 1178 vel
742 1125 859 1178 visa
897 1124 984 1177 vel
1031 1126 1254 1193 gustata
1282 1121 1710 1174 subtrahantur.
1751 1119 1892 1172 Cum
1921 1121 2111 1170 autem

417 1232 535 1269 non
565 1214 774 1269 adsunt
804 1227 1057 1282 prorsus,
1091 1226 1211 1264 non
1257 1209 1427 1262 audet
1449 1207 1568 1260 haec
1605 1204 1880 1276 appetitio
1925 1221 1982 1258 se
2021 1204 2109 1257 in-

417 1319 602 1357 serere
650 1301 720 1356 ad
770 1299 1250 1370 impedimentum
1309 1294 1744 1366 cogitationibus
1792 1293 1953 1348 meis.
2004 1292 2112 1347 Sed

418 1390 654 1445 omnino
683 1390 800 1443 sive
829 1389 898 1443 de
929 1388 1051 1442 cibo
1083 1391 1136 1441 et
1166 1391 1330 1456 potu,
1362 1384 1478 1439 sive
1506 1384 1574 1438 de
1614 1382 1854 1452 balneis,
1888 1386 2112 1435 caetera-

417 1495 530 1550 que
576 1477 832 1548 corporis
872 1477 1163 1545 voluptate
1194 1474 1338 1528 nihil
1360 1473 1677 1542 interroges
1707 1487 1721 1525 :
1753 1473 1980 1524 tantum
2009 1469 2110 1523 ha-

419 1569 553 1622 bere
575 1570 777 1638 appeto
802 1567 843 1632 ί,
877 1568 1158 1635 quantum
1189 1563 1251 1616 in
1287 1560 1630 1616 valetudinis
1661 1575 1830 1630 opem
1869 1557 2113 1613 conferri

417 1657 625 1723 potest.

418 1742 643 1796 CAPUT
681 1741 767 1794 XI.
809 1770 878 1780 -—
903 1743 1152 1796 Emtema
1193 1738 1470 1794 commoda
1497 1753 1604 1791 non
1648 1741 1876 1806 propter
1917 1751 1991 1804 se,
2021 1735 2115 1789 sed

481 1834 709 1900 propter
753 1831 867 1882 alia
902 1844 1032 1883 vera
1062 1828 1199 1882 bona
1238 1831 1468 1897 possunt
1505 1826 1727 1881 admitti
1752 1827 1930 1879 verius
1953 1839 2115 1893 quam

488 1919 670 1987 expeti
678 1959 690 1971 .

492 2009 577 2060 18.
600 2008 664 2060 Β,
693 2005 934 2059 Multum
965 2001 1256 2074 profecisti
1279 2019 1292 2056 :
1326 2017 1393 2056 ea
1429 2007 1624 2056 tamen
1651 2016 1781 2071 quae
1809 2004 2024 2054 restant
2045 2000 2114 2054 ad

417 2094 718 2148 videndam
747 2093 906 2147 illam
933 2093 1139 2159 lucem,
1167 2090 1480 2162 plurimum
1507 2089 1850 2160 impediunt.
1874 2089 1979 2143 Sed
1996 2105 2117 2142 mo-

418 2182 529 2236 lior
559 2181 775 2252 aliquid
801 2181 953 2252 quod
974 2180 1116 2234 mihi
1145 2180 1369 2233 videtur
1393 2178 1556 2232 facile
1574 2177 1796 2232 ostendi
1818 2193 1833 2244 ;
1856 2181 1955 2230 aut
1975 2176 2116 2229 nihil

421 2270 806 2325 edomandum
854 2269 1020 2324 nobis
1050 2284 1367 2335 remanere,
1419 2271 1518 2321 aut
1546 2266 1690 2320 nihil
1732 2281 1838 2320 nos
1881 2265 2116 2319 omnino

416 2357 744 2429 profecisse,
777 2355 1153 2427 omniumque
1178 2356 1409 2409 illorum
1440 2371 1569 2425 qum
1586 2357 1802 2408 resecta
1830 2354 2115 2408 credimus

419 2445 609 2499 tabem
637 2459 888 2499 manere.
924 2445 1068 2498 Nam
1106 2458 1302 2514 quaero
1333 2443 1431 2496 abs
1456 2448 1528 2508 te,
1566 2442 1611 2496 si
1641 2442 1745 2496 tibi
1774 2442 2116 2513 persuadea-

420 2537 516 2586 tur
548 2533 712 2587 aliter
742 2548 872 2587 cum
901 2532 1098 2586 multis
1130 2530 1479 2585 charissimis
1508 2530 1621 2584 tuis
1640 2540 1695 2584 te
1723 2530 1783 2583 in
1807 2530 1992 2583 studio
2023 2546 2116 2583 sa-

420 2619 654 2690 pientiae
679 2636 796 2674 non
825 2635 990 2690 posse
1020 2619 1229 2685 vivere,
1262 2618 1371 2672 nisi
1399 2618 1590 2688 ampla
1621 2634 1710 2671 res
1741 2617 1932 2688 aliqua
1958 2617 2119 2672 fami-

422 2707 578 2761 liaris
607 2707 970 2761 necessitates
998 2711 1212 2760 vestras
1244 2706 1524 2760 sustinere
1555 2706 1769 2775 possit;
1800 2723 1991 2761 nonne
2019 2706 2117 2760 de-

423 2795 698 2850 siderabis
727 2793 950 2850 divitias
977 2799 1034 2848 et
1072 2793 1342 2864 optabis?
1371 2795 1442 2848 A.
1495 2794 1811 2848 Assentior.
1849 2797 1914 2849 Β.
1949 2794 2115 2862 Quid,

422 2884 469 2938 si
499 2883 674 2938 etiam
704 2883 845 2937 illud
871 2887 1163 2954 appareat,
1209 2881 1408 2935 multis
1449 2885 1505 2935 te
1533 2897 1941 2952 persuasurum
1996 2899 2117 2937 esse

421 2972 782 3043 sapientiam,
845 2971 892 3025 si
945 2971 1048 3025 tibi
1101 2971 1171 3025 de
1224 2971 1445 3024 honore
1498 2970 1805 3024 auctoritas
1856 2971 2117 3039 creverit,

423 3077 632 3132 eosque
661 3060 814 3131 ipsos
838 3059 1147 3113 familiares
1176 3063 1304 3113 tuos
1343 3074 1458 3112 non
1503 3075 1669 3129 posse
1713 3059 2119 3129 cupiditatibus

424 3150 543 3205 suis
597 3150 837 3204 modum
891 3149 1213 3219 imponere,
1258 3164 1430 3219 seque
1472 3152 1626 3202 totos
1666 3153 1994 3203 convertere
2050 3148 2120 3202 ad

428 3238 803 3308 quaerendum
826 3239 1027 3302 Deum,
1051 3236 1162 3290 nisi
1184 3241 1239 3290 et
1253 3236 1366 3308 ipsi
1392 3237 1608 3290 fuerint
1634 3237 1920 3307 honorati,
1946 3237 2119 3308 idque

430 3325 540 3379 nisi
568 3341 673 3396 per
700 3331 828 3380 tuos
855 3324 1100 3379 honores
1131 3324 1583 3395 dignitatemque
1606 3325 1733 3379 ﬁeri
1761 3341 1878 3379 non
1907 3341 2074 3395 posse
2093 3325 2122 3378 ‘f

427 3429 618 3468 nonne
637 3413 745 3468 ista
774 3414 946 3468 etiam
976 3413 1350 3468 desideranda
1379 3418 1565 3480 erunt,
1598 3417 1655 3468 et
1693 3418 1757 3468 ut
1783 3413 2122 3484 proveniant

427 3519 776 3573 magnopere
806 3502 1155 3558 instandum.
1185 3504 1256 3559 Α.
1283 3504 1367 3557 Ita
1393 3507 1476 3556 est
1509 3507 1571 3556 ut
1608 3501 1772 3556 dicis.
1803 3505 1867 3557 R.
1895 3503 2019 3556 Jam
2050 3504 2120 3556 de

427 3608 604 3646 uxore
632 3591 776 3646 nihil
808 3591 1034 3662 disputo
1059 3607 1075 3657 ;
1104 3591 1343 3645 fortasse
1370 3590 1524 3644 enim
1553 3605 1671 3644 non
1696 3594 1901 3661 potest,
1923 3595 1986 3645 ut
2015 3591 2119 3645 du-

427 3685 606 3746 catur,
654 3680 894 3735 existere
940 3679 1067 3734 talis
1111 3679 1450 3746 necessitas;
1516 3695 1868 3750 quanquam,
1910 3679 1957 3733 si
1999 3679 2120 3750 ejus

426 3769 618 3838 amplo
646 3767 993 3839 patrimonio
1024 3772 1244 3822 certum
1291 3767 1366 3820 sit
1395 3766 1700 3821 sustentari
1727 3783 1891 3838 posse
1922 3784 2122 3823 omnes

426 3873 570 3928 quos
599 3862 787 3912 tecum
817 3857 877 3911 in
896 3873 1008 3911 uno
1038 3857 1160 3911 loco
1185 3856 1372 3910 vivere
1395 3855 1576 3910 otiose
1602 3856 1781 3927 cupis,
1802 3857 1925 3928 ipsa
1946 3857 2120 3911 etiam

424 3946 778 4001 concorditer
835 3946 895 4000 id
941 3945 1183 4014 sinente,
1233 3945 1556 4015 praesertim
1585 3945 1632 3998 si
1661 3946 1887 4016 generis
1917 3944 2122 4000 nobili-

424 4039 538 4090 tate
571 4039 731 4090 tanta
753 4036 983 4106 polleat,
1013 4038 1077 4088 ut
1113 4034 1362 4090 honores
1390 4033 1517 4089 illos
1547 4051 1688 4104 quos
1715 4050 1836 4088 esse
1865 4050 2120 4090 necessa-

425 4125 540 4178 rios
565 4125 686 4195 jam
735 4122 960 4189 dedisti,
992 4139 1096 4193 per
1141 4138 1207 4176 ea
1234 4122 1397 4176 facile
1427 4122 1664 4192 adipisci
1692 4123 1894 4194 possis,
1925 4124 2117 4179 nescio

423 4215 619 4265 utrum
647 4211 929 4280 pertineat
957 4210 1030 4263 ad
1060 4209 1313 4264 ofﬁcium
1359 4214 1524 4264 tuum
1573 4209 1680 4264 ista
1725 4216 2114 4270 contemnere.

424 4300 498 4355 Α.
527 4298 765 4362 Quando
795 4314 902 4368 ego
933 4297 1085 4351 istud
1114 4313 1342 4368 sperare
1381 4297 1663 4352 audeam?

498 4390 589 4440 19.
628 4389 699 4441 R.
759 4386 844 4440 Ita
892 4385 1044 4439 istud
1093 4385 1253 4454 dicis,
1288 4385 1450 4456 quasi
1483 4402 1586 4456 ego
1621 4402 1773 4441 nunc
1827 4388 2119 4460 requiram

424 4474 564 4545 quid
612 4490 821 4545 speres.
857 4475 980 4528 Non
1012 4490 1208 4545 quasro
1240 4474 1381 4546 quid
1411 4479 1683 4546 negatum
1713 4492 1829 4530 non
1858 4476 2113 4546 delectet,

424 4562 521 4616 sed
551 4562 651 4633 qui
696 4563 937 4617 delectet
975 4562 1250 4617 oblatum.
1300 4563 1468 4617 Aliud
1513 4568 1598 4618 est
1643 4564 1798 4618 enim
1845 4565 2119 4620 exhausta

423 4650 616 4720 pestis,
648 4650 804 4706 aliud
833 4651 1144 4723 consopita.
1201 4651 1287 4706 Ad
1341 4652 1449 4706 hoc
1495 4653 1647 4706 enim
1693 4653 1845 4708 valet
1900 4654 2054 4725 quod
2084 4671 2116 4709 a

423 4737 764 4808 quibusdam
796 4740 971 4794 doctis
995 4739 1132 4794 viris
1161 4741 1375 4794 dictum
1406 4745 1510 4811 est,
1554 4742 1634 4796 ita
1681 4757 1879 4796 omnes
1913 4745 2116 4798 stultos

421 4826 652 4881 insanos
690 4843 831 4896 esse,
884 4833 949 4882 ut
976 4829 1118 4883 male
1151 4830 1303 4884 olere
1334 4846 1504 4884 omne
1534 4847 1783 4901 caenum,
1815 4832 1966 4902 quod
1997 4848 2115 4886 non

422 4930 669 4985 semper,
698 4915 796 4969 sed
830 4915 966 4969 dum
996 4932 1340 4983 commoves,
1375 4918 1600 4973 sentias.
1649 4919 1887 4973 Multum
1931 4919 2116 4974 inter-

421 5008 506 5059 est
542 5007 738 5057 utrum
768 5002 946 5057 animi
975 5004 1368 5075 desperatione
1398 5006 1674 5060 obruatur
1703 5007 2007 5077 cupiditas,
2040 5023 2114 5061 an

420 5091 660 5147 sanitate
693 5092 956 5162 pellatur.
986 5094 1060 5148 A.
1107 5094 1444 5164 Quanquam
1474 5094 1578 5149 tibi
1625 5097 1968 5165 respondere
1997 5113 2115 5151 non

417 5196 675 5252 possum,
707 5197 1003 5252 nunquam
1031 5185 1224 5236 tamen
1249 5182 1392 5236 mihi
1413 5183 1784 5252 persuadebis
1803 5189 1869 5239 ut
1896 5185 2002 5239 hac
2031 5185 2113 5239 af-

418 5269 662 5324 fectione
695 5270 926 5336 mentis,
963 5286 1077 5341 qua
1115 5287 1266 5324 nunc
1297 5286 1387 5324 me
1424 5287 1546 5324 esse
1595 5273 1797 5340 sentio,
1830 5272 1973 5327 nihil
2021 5290 2112 5329 me

418 5358 726 5428 profecisse
755 5357 1023 5414 arbitrer.
1069 5361 1134 5414 R.
1186 5357 1364 5413 Credo
1393 5362 1698 5428 propterea
1728 5360 1831 5414 tibi
1883 5363 1992 5416 hoc
2029 5363 2111 5417 vi-

424 5480 774 5604 [Λὶῗὲ.
786 5483 985 5592 papeto
1007 5496 1017 5529 :
1046 5481 1234 5531 melius
1257 5481 1532 5544 Anglicani
1547 5483 2110 5548 Mss.,habe-reappelo.

1602 283 2173 351 SOLILOQUIORUM
2213 282 2268 340 S.
2310 281 2694 340 AUGUSTINI

3810 279 3921 331 880

2211 406 2355 474 deri,
2406 405 2541 478 quia
2593 401 2853 475 quamvis
2885 402 2990 457 ista
3043 405 3240 473 optare
3295 415 3508 472 posses,
3558 415 3675 453 non
3715 403 3920 453 tamen

2212 499 2448 567 propter
2473 494 2677 564 seipsa,
2711 491 2810 546 sed
2840 494 3075 562 propter
3116 489 3272 544 aliud
3299 488 3616 559 expetenda
3655 487 3922 542 videren-

2213 590 2326 639 tur.
2355 584 2426 638 A.
2461 585 2574 637 Hoc
2613 585 2699 635 est
2725 581 2878 652 quod
2908 580 3094 634 dicere
3126 577 3455 650 cupiebam:
3502 592 3638 631 nam
3681 577 3920 647 quando

2215 670 2531 727 desideravi
2563 669 2808 736 divitias,
2864 667 2993 722 ideo
3026 666 3338 722 desideravi
3393 669 3459 719 ut
3505 665 3660 719 dives
3707 681 3917 731 essem,

2215 766 2577 836 honoresque
2606 765 2778 835 ipsos,
2805 779 3050 834 quorum
3079 761 3448 833 cupiditatem
3479 761 3648 815 modo
3668 776 3761 814 me
3782 776 3919 831 per-

2216 853 2497 908 domuisse
2537 852 2831 922 respondi,
2875 868 3074 906 eorum
3125 849 3317 904 nescio
3377 865 3488 921 quo
3525 848 3708 903 nitore
3761 849 3919 903 dele-

2217 946 2398 996 ctatus
2424 941 2685 996 volebam
2709 958 2723 1008 ;
2766 940 3024 1011 nihilque
3049 938 3202 993 aliud
3230 939 3292 992 in
3321 953 3497 993 uxore
3549 953 3776 1008 semper
3833 942 3920 991 at-

2216 1029 2389 1095 tendi,
2445 1045 2574 1084 cum
2626 1028 2865 1092 attendi,
2900 1027 3012 1082 nisi
3068 1043 3242 1099 quam
3300 1026 3445 1080 mihi
3487 1026 3737 1084 efficeret
3785 1041 3921 1079 cum

2214 1119 2363 1173 bona
2383 1119 2534 1172 fama
2562 1119 2927 1187 voluptatem.
2953 1119 3110 1170 Tunc
3139 1118 3259 1169 erat
3287 1115 3528 1168 istorum
3558 1114 3618 1168 in
3647 1129 3742 1166 me
3774 1129 3918 1166 vera

2219 1208 2531 1279 cupiditas;
2564 1223 2715 1260 nunc
2737 1222 2804 1261 ea
2827 1205 3018 1260 omnia
3037 1220 3269 1276 prorsus
3294 1219 3571 1273 aspernor
3602 1218 3615 1255 :
3649 1202 3746 1256 sed
3777 1199 3825 1254 si
3847 1201 3921 1255 ad

2217 1296 2316 1350 illa
2343 1312 2471 1367 quae
2501 1295 2668 1365 cupio
2696 1311 2814 1349 non
2844 1294 2952 1348 nisi
2980 1309 3082 1365 per
3109 1293 3231 1346 haec
3253 1291 3393 1345 mihi
3420 1290 3694 1344 transitus
3724 1291 3918 1352 datur,

2217 1401 2334 1439 non
2389 1384 2782 1456 amplectenda
2836 1387 3061 1454 appeto,
3120 1381 3218 1435 sed
3261 1381 3435 1434 subeo
3473 1378 3792 1433 toleranda.
3853 1381 3922 1433 Β.

2221 1473 2443 1544 Optime
2474 1473 2743 1527 omnino:
2786 1488 2922 1527 nam
2972 1487 3076 1526 nec
3122 1487 3226 1541 ego
3276 1470 3525 1524 ullarum
3575 1483 3770 1522 rerum
3821 1484 3922 1520 vo-

2220 1561 2466 1615 candum
2497 1566 2637 1633 puto
2671 1561 3065 1631 cupiditatem,
3092 1576 3222 1631 quae
3268 1562 3506 1630 propter
3542 1557 3695 1612 aliud
3725 1556 3921 1628 requi-

2220 1655 2450 1704 runtur.

2222 1739 2445 1793 CAPUT
2474 1739 2584 1792 Xll.
2621 1768 2688 1779 —
2713 1739 2868 1794 Nihil
2905 1737 3264 1807 empctendum
3293 1737 3408 1789 nisi
3436 1740 3701 1803 quatenus
3727 1733 3926 1787 condu-

2291 1831 2365 1882 cit
2385 1827 2458 1882 ad
2476 1843 2739 1882 summum
2759 1828 2971 1893 bonum,
2989 1825 3133 1880 nihil
3160 1824 3485 1880 horrendum
3511 1826 3624 1878 nisi
3652 1828 3924 1894 quatenus

2293 1922 2500 1971 avocat.

2293 2007 2382 2058 20.
2414 2003 2523 2058 Sed
2552 2020 2746 2075 quaero
2779 2004 2876 2056 abs
2916 2008 2993 2070 te,
3046 2017 3147 2056 cur
3189 2018 3285 2055 eos
3330 1999 3598 2055 homines
3625 2015 3766 2070 quos
3797 1998 3928 2053 dili-

2223 2092 2330 2164 gis,
2362 2093 2452 2147 vel
2479 2093 2687 2159 vivere,
2712 2093 2796 2145 vel
2817 2098 3004 2146 tecum
3027 2091 3213 2144 vivere
3237 2089 3433 2160 cupias
3455 2090 3483 2142 ?
3506 2089 3576 2142 Α.
3600 2088 3669 2141 Ut
3699 2087 3924 2141 animas

2223 2185 2444 2234 nostras
2483 2185 2539 2234 et
2578 2182 2757 2235 Deum
2802 2179 2973 2233 simul
3029 2177 3382 2232 concorditer
3423 2175 3802 2247 inquiramus.
3840 2176 3926 2228 lta

2225 2269 2376 2322 enim
2405 2268 2569 2323 facile
2597 2268 2688 2321 cui
2739 2267 2916 2338 priori
2959 2265 3237 2337 contingit
3283 2265 3556 2327 inventio,
3589 2267 3823 2318 creteros
3853 2281 3922 2316 eo

2226 2358 2346 2412 sine
2377 2358 2572 2411 labore
2601 2357 2879 2428 perducit.
2902 2359 2967 2410 Β.
3000 2355 3169 2423 Quid,
3201 2354 3247 2408 si
3278 2355 3481 2408 nolunt
3508 2352 3632 2406 haec
3655 2352 3738 2406 illi
3761 2369 3921 2424 qua:-

2225 2461 2348 2499 rere
2368 2447 2395 2500 ?
2421 2446 2490 2500 A.
2522 2445 2880 2499 Persuadebo
2902 2448 2966 2497 ut
2991 2443 3186 2496 velint.
3212 2445 3276 2497 Β.
3305 2441 3472 2505 Quid,
3494 2441 3541 2494 si
3571 2457 3688 2494 non
3713 2439 3920 2510 possis,

2224 2534 2315 2587 vel
2344 2534 2500 2604 quod
2530 2550 2588 2587 se
2633 2533 2914 2586 invenisse
2964 2531 3100 2601 iam,
3150 2531 3238 2584 vel
3267 2530 3415 2601 quod
3447 2529 3558 2584 ista
3599 2545 3711 2582 non
3750 2544 3922 2599 posse

2227 2622 2472 2676 inveniri
2496 2621 2866 2688 arbitrantur,
2897 2621 2986 2674 vel
3014 2619 3169 2690 quod
3199 2618 3443 2673 aliarum
3471 2633 3665 2672 rerum
3695 2617 3846 2671 curis
3869 2621 3927 2671 et

2227 2710 2507 2764 desiderio
2550 2710 2983 2781 praepediuntur
3002 2708 3030 2761 ?
3058 2709 3128 2762 A.
3165 2707 3394 2761 Habebo
3424 2723 3542 2772 eos,
3575 2709 3631 2760 et
3662 2705 3773 2775 ipsi
3803 2722 3920 2773 me,

2227 2798 2370 2852 sicut
2397 2815 2719 2869 possumus.
2751 2800 2815 2852 Β.
2865 2796 3034 2864 Quid,
3073 2796 3119 2849 si
3150 2801 3206 2850 te
3250 2795 3321 2849 ab
3368 2794 3714 2866 inquirendo
3746 2794 3922 2848 etiam

2222 2887 2499 2958 impediat
2546 2902 2746 2941 eorum
2774 2884 3128 2956 praesentia?
3179 2900 3368 2938 nonne
3431 2883 3714 2937 laborabis
3745 2886 3920 2954 atque

2228 2976 2473 3046 optabis,
2515 2976 2564 3028 si
2590 2975 2753 3030 aliter
2799 2991 2919 3028 esse
2968 2991 3086 3027 non
3133 2977 3394 3044 possunt,
3429 2988 3542 3025 non
3580 2975 3767 3025 tecum
3798 2988 3921 3026 esse

2226 3064 2416 3135 potius
2464 3080 2634 3135 quam
2692 3063 2770 3117 sic
2809 3065 2979 3118 esse?
3010 3062 3082 3116 A.
3136 3062 3356 3130 Fateor,
3403 3059 3482 3113 ita
3527 3065 3611 3114 est
3651 3064 3718 3114 ut
3756 3060 3921 3115 dicis.

2227 3156 2290 3209 Β.
2327 3154 2449 3207 Non
2480 3153 2657 3224 igitur
2685 3167 2885 3206 eorum
2915 3151 3002 3205 vel
3032 3151 3206 3204 vitam
3247 3149 3335 3202 vel
3377 3148 3742 3220 praesentiam
3782 3166 3921 3219 pro-

2225 3246 2355 3312 pter
2390 3241 2652 3313 seipsam,
2702 3240 2801 3294 sed
2848 3244 3080 3311 propter
3126 3237 3528 3292 inveniendam
3582 3237 3922 3308 sapientiam

2228 3330 2432 3400 cupis?
2473 3331 2545 3385 A.
2588 3332 2821 3384 Prorsus
2861 3327 3159 3382 assentior.
3191 3329 3256 3382 Β.
3291 3326 3482 3390 Quid?
3527 3325 3713 3396 ipsam
3743 3326 3921 3380 vitam

2227 3422 2387 3472 tuam
2417 3417 2460 3471 si
2504 3417 2609 3471 tibi
2637 3421 2854 3471 certum
2890 3419 3036 3470 esset
3066 3414 3476 3486 impedimento
3509 3430 3628 3468 esse
3657 3413 3729 3468 ad
3758 3431 3925 3469 com-

2226 3505 2694 3577 prehendendam
2737 3504 3097 3576 sapientiam,
3147 3504 3318 3558 velles
3361 3518 3488 3557 eam
3532 3518 3764 3556 manere
3792 3505 3820 3556 ‘2
3848 3505 3921 3558 A.

2228 3595 2472 3651 Omnino
2499 3612 2625 3650 eam
2649 3595 2925 3666 fugerem.
2960 3597 3025 3649 Β.
3055 3593 3250 3657 Quid?
3279 3591 3326 3646 si
3367 3591 3673 3659 docereris,
3718 3596 3833 3645 tam
3869 3597 3927 3646 te

2228 3684 2425 3738 relicto
2453 3683 2559 3738 isto
2590 3699 2846 3754 corpore,
2873 3699 3047 3754 quam
3084 3682 3144 3736 in
3174 3681 3299 3752 ipso
3327 3681 3720 3744 constitutum,
3752 3697 3925 3751 posse

2226 3773 2297 3828 ad
2345 3773 2683 3844 sapientiam
2734 3771 3053 3843 pervenire,
3094 3786 3322 3824 curares
3370 3773 3564 3823 utrum
3596 3768 3710 3828 hic,
3752 3785 3825 3822 an
3858 3769 3922 3824 in

2228 3861 2341 3916 alia
2357 3862 2473 3916 vita
2496 3879 2561 3916 eo
2579 3861 2730 3932 quod
2761 3860 2950 3930 diligis
2979 3858 3248 3913 fruereris
3273 3860 3300 3911 ?
3328 3859 3405 3913 A.
3444 3857 3501 3912 Si
3530 3857 3676 3911 nihil
3705 3873 3796 3911 me
3826 3874 3928 3928 pe-

2220 3950 2316 4020 jus
2347 3955 2716 4020 excepturum
2746 3947 3150 4019 intelligerem,
3180 3945 3333 4018 quod
3360 3949 3713 4017 retroageret
3751 3945 3819 3999 ab
3856 3963 3926 4001 eo

2229 4055 2343 4109 quo
2389 4053 2726 4109 progressus
2774 4053 2922 4104 sum,
2962 4052 3080 4090 non
3119 4051 3397 4089 curarem.
3444 4036 3510 4090 Β.
3565 4035 3726 4088 Nunc
3779 4050 3924 4105 ergo

2224 4131 2524 4199 propterea
2551 4126 2696 4180 mori
2725 4124 2913 4192 times,
2941 4141 3013 4178 ne
3061 4123 3253 4195 aliquo
3293 4123 3487 4195 pejore
3529 4123 3683 4177 malo
3734 4122 3924 4177 invol-

2225 4215 2396 4285 varis,
2426 4232 2539 4286 quo
2569 4214 2674 4268 tibi
2695 4215 2986 4269 auferatur
3011 4213 3202 4268 divina
3229 4212 3498 4284 cognitio.
3529 4212 3601 4268 Α..
3653 4212 3778 4266 Non
3821 4229 3918 4266 so-

2225 4303 2348 4357 lum
2377 4321 2449 4358 ne
2500 4304 2788 4367 auferatur
2825 4303 3023 4370 timeo,
3074 4302 3120 4356 si
3161 4301 3301 4373 quid
3353 4301 3498 4356 forte
3531 4301 3784 4371 percepi,
3819 4301 3922 4356 sed

2225 4393 2398 4447 etiam
2431 4410 2501 4446 ne
2532 4393 2941 4447 intercludatur
2957 4391 3101 4446 mihi
3125 4391 3312 4446 aditus
3341 4405 3539 4443 eorum
3557 4389 3766 4458 quibus
3787 4405 3924 4460 per-

2224 4481 2502 4553 cipiendis
2547 4481 2746 4548 inhio;
2797 4480 3055 4552 quamvis
3098 4479 3244 4551 quod
3293 4479 3414 4548 jam
3457 4480 3644 4543 teneo,
3693 4493 3921 4532 mecum

2223 4586 2558 4624 mansurum
2588 4574 2806 4640 putem.
2839 4572 2904 4625 Β.
2929 4570 3057 4624 Non
3087 4567 3263 4639 igitur
3294 4570 3351 4620 et
3374 4565 3549 4619 vitam
3579 4563 3749 4619 istam
3779 4583 3921 4637 pro-

2224 4663 2354 4730 pter
2401 4658 2667 4729 seipsam,
2721 4658 2819 4713 sed
2875 4661 3110 4729 propter
3154 4652 3492 4725 sapientiam
3534 4652 3618 4707 vis
3662 4669 3920 4709 manere.

2223 4750 2295 4803 Α.
2323 4747 2413 4802 Sic
2436 4752 2538 4801 est.

2293 4839 2382 4891 2t.
2415 4839 2475 4892 Η.
2504 4836 2677 4891 Dolor
2705 4833 2953 4905 corporis
2982 4835 3175 4897 restat,
3207 4830 3308 4902 qui
3354 4833 3411 4885 te
3450 4830 3684 4885 fortasse
3714 4829 3771 4884 vi
3820 4848 3924 4886 sua

2223 4929 2558 4981 commovet.
2583 4926 2653 4979 Α.
2683 4926 2747 4978 Et
2766 4924 2953 4993 ipsum
2983 4937 3101 4975 non
3125 4921 3197 4975 ob
3228 4919 3382 4974 aliud
3412 4919 3777 4973 vehementer
3803 4920 3921 4973 for-

2222 5015 2399 5077 mido,
2430 5013 2540 5068 nisi
2583 5013 2718 5082 quia
2757 5028 2847 5065 me
2879 5008 3122 5080 impedit
3151 5025 3185 5063 a
3215 5006 3547 5080 quazrendo.
3580 5007 3922 5076 Quanquam

2223 5103 2377 5158 enim
2405 5101 2680 5155 acerrimo
2691 5099 2779 5153 his
2797 5099 2995 5153 diebus
3017 5097 3276 5162 dentium
3291 5098 3484 5152 dolore
3506 5099 3809 5164 torquerer
3830 5096 3920 5163 (α),

2221 5206 2340 5244 non
2369 5188 2602 5259 quidem
2636 5187 2862 5241 sinebar
2890 5187 3080 5241 animo
3109 5187 3358 5253 volvere,
3391 5184 3501 5239 nisi
3539 5199 3605 5237 ea
3634 5199 3762 5252 qua:
3797 5182 3921 5252 jam

2221 5277 2363 5332 forte
2387 5276 2697 5330 didiceram
2722 5296 2736 5343 ;
2757 5293 2790 5329 a
2811 5275 3080 5330 discendo
3094 5280 3282 5330 autem
3295 5273 3523 5345 penitus
3541 5270 3919 5341 impediebar,

2221 5364 2289 5418 ad
2317 5363 2471 5434 quod
2501 5361 2645 5416 mihi
2673 5365 2788 5416 tota
2818 5361 3130 5417 intentione
3162 5360 3340 5416 animi
3370 5376 3511 5430 opus
3533 5362 3688 5412 erat:
3725 5362 3921 5411 tamen

2220 5452 2365 5508 mihi
2391 5450 2708 5516 videbatur,
2725 5450 2772 5505 si
2798 5468 2855 5505 se
2874 5451 2970 5506 ille
2988 5451 3280 5505 mentibus
3301 5449 3442 5504 meis
3457 5446 3710 5502 veritatis
3733 5445 3924 5517 fulgor

2282 5550 2352 5611 (α)
2381 5548 2496 5598 Vid.
2530 5547 2622 5595 lib.
2653 5551 2681 5595 9
2720 5548 2890 5608 Conf.,
2916 5563 3035 5612 cap.
3067 5550 3113 5605 4,
3138 5549 3295 5598 n.12.
