  <div class='ocr_page' id='page_1' title='image "/cluster/home/n/w/nwhite01/storage/ocr_20150623/32/umn.31951002477326y/452.png"; bbox 0 0 4058 6340; ppageno 0'>
   <div class='ocr_carea' id='block_1_1' title="bbox 166 289 1836 354">
    <p class='ocr_par' dir='ltr' id='par_1_1' title="bbox 166 289 1836 352">
     <span class='ocr_line' id='line_1_1' title="bbox 166 289 1836 352; baseline 0.005 -13"><span class='ocrx_word' id='word_1_1' title='bbox 166 289 230 339; x_wconf 89' lang='lat'>88</span> <span class='ocrx_word' id='word_1_2' title='bbox 247 291 258 340; x_wconf 96' lang='grc' dir='ltr'><strong>Ι</strong></span> <span class='ocrx_word' id='word_1_3' title='bbox 1639 297 1704 351; x_wconf 85' lang='lat' dir='ltr'>LI</span> <span class='ocrx_word' id='word_1_4' title='bbox 1712 297 1836 352; x_wconf 73' lang='lat' dir='ltr'>BEll</span> 
     </span>
    </p>
   </div>
   <div class='ocr_carea' id='block_1_2' title="bbox 1992 289 2174 354">
    <p class='ocr_par' dir='ltr' id='par_1_2' title="bbox 1992 298 2174 354">
     <span class='ocr_line' id='line_1_2' title="bbox 1992 298 2174 354; baseline -0.005 -3"><span class='ocrx_word' id='word_1_5' title='bbox 1992 298 2174 354; x_wconf 81' lang='lat' dir='ltr'>lMUS.</span> 
     </span>
    </p>
   </div>
   <div class='ocr_carea' id='block_1_3' title="bbox 164 407 1850 486">
    <p class='ocr_par' dir='ltr' id='par_1_3' title="bbox 164 407 1850 486">
     <span class='ocr_line' id='line_1_3' title="bbox 164 407 1850 486; baseline 0.008 -26"><span class='ocrx_word' id='word_1_6' title='bbox 164 407 427 478; x_wconf 89' lang='lat' dir='ltr'>aperiret,</span> <span class='ocrx_word' id='word_1_7' title='bbox 461 412 558 462; x_wconf 87' lang='lat' dir='ltr'>aut</span> <span class='ocrx_word' id='word_1_8' title='bbox 585 424 676 462; x_wconf 91' lang='lat' dir='ltr'>me</span> <span class='ocrx_word' id='word_1_9' title='bbox 709 426 822 462; x_wconf 90' lang='lat' dir='ltr'>non</span> <span class='ocrx_word' id='word_1_10' title='bbox 851 426 1152 466; x_wconf 89' lang='lat' dir='ltr'>sensurum</span> <span class='ocrx_word' id='word_1_11' title='bbox 1173 413 1348 468; x_wconf 86' lang='lat' dir='ltr'>fuisse</span> <span class='ocrx_word' id='word_1_12' title='bbox 1380 414 1542 470; x_wconf 90' lang='lat' dir='ltr'>illum</span> <span class='ocrx_word' id='word_1_13' title='bbox 1575 417 1850 486; x_wconf 84' lang='lat' dir='ltr'>dolorem,</span> 
     </span>
    </p>
   </div>
   <div class='ocr_carea' id='block_1_4' title="bbox 165 496 1856 575">
    <p class='ocr_par' dir='ltr' id='par_1_4' title="bbox 165 496 1856 575">
     <span class='ocr_line' id='line_1_4' title="bbox 165 496 1856 575; baseline 0.007 -26"><span class='ocrx_word' id='word_1_14' title='bbox 165 501 260 549; x_wconf 86' lang='lat' dir='ltr'>aut</span> <span class='ocrx_word' id='word_1_15' title='bbox 313 500 464 551; x_wconf 90' lang='lat' dir='ltr'>certe</span> <span class='ocrx_word' id='word_1_16' title='bbox 492 513 596 567; x_wconf 89' lang='lat' dir='ltr'>pro</span> <span class='ocrx_word' id='word_1_17' title='bbox 638 496 820 551; x_wconf 87' lang='lat' dir='ltr'>nihilo</span> <span class='ocrx_word' id='word_1_18' title='bbox 848 499 1246 554; x_wconf 83' lang='lat' dir='ltr'>toleraturum.</span> <span class='ocrx_word' id='word_1_19' title='bbox 1277 502 1384 556; x_wconf 88' lang='lat' dir='ltr'>Sed</span> <span class='ocrx_word' id='word_1_20' title='bbox 1417 504 1555 575; x_wconf 89' lang='lat' dir='ltr'>quia</span> <span class='ocrx_word' id='word_1_21' title='bbox 1582 505 1687 559; x_wconf 89' lang='lat' dir='ltr'>etsi</span> <span class='ocrx_word' id='word_1_22' title='bbox 1716 506 1856 561; x_wconf 89' lang='lat' dir='ltr'><strong>nihil</strong></span> 
     </span>
    </p>
   </div>
   <div class='ocr_carea' id='block_1_5' title="bbox 163 583 1855 663">
    <p class='ocr_par' dir='ltr' id='par_1_5' title="bbox 163 583 1855 663">
     <span class='ocr_line' id='line_1_5' title="bbox 163 583 1855 663; baseline 0.008 -29"><span class='ocrx_word' id='word_1_23' title='bbox 163 583 347 652; x_wconf 85' lang='lat' dir='ltr'><strong>majus</strong></span> <span class='ocrx_word' id='word_1_24' title='bbox 375 583 684 654; x_wconf 86' lang='lat' dir='ltr'>aliquando</span> <span class='ocrx_word' id='word_1_25' title='bbox 714 585 946 655; x_wconf 83' lang='lat' dir='ltr'>pertuli,</span> <span class='ocrx_word' id='word_1_26' title='bbox 977 591 1169 641; x_wconf 89' lang='lat' dir='ltr'>tamen</span> <span class='ocrx_word' id='word_1_27' title='bbox 1193 606 1342 658; x_wconf 67' lang='lat' dir='ltr'>saepe</span> <span class='ocrx_word' id='word_1_28' title='bbox 1364 591 1619 662; x_wconf 89' lang='lat' dir='ltr'>cogitans</span> <span class='ocrx_word' id='word_1_29' title='bbox 1640 598 1855 663; x_wconf 91' lang='lat' dir='ltr'>quanto</span> 
     </span>
    </p>
   </div>
   <div class='ocr_carea' id='block_1_6' title="bbox 163 671 1853 747">
    <p class='ocr_par' dir='ltr' id='par_1_6' title="bbox 163 671 1853 747">
     <span class='ocr_line' id='line_1_6' title="bbox 163 671 1853 747; baseline 0.009 -24"><span class='ocrx_word' id='word_1_30' title='bbox 163 671 447 740; x_wconf 81' lang='lat' dir='ltr'>graviores</span> <span class='ocrx_word' id='word_1_31' title='bbox 477 672 699 742; x_wconf 86' lang='lat' dir='ltr'>possint</span> <span class='ocrx_word' id='word_1_32' title='bbox 727 674 1002 742; x_wconf 89' lang='lat' dir='ltr'>accidere,</span> <span class='ocrx_word' id='word_1_33' title='bbox 1035 693 1209 747; x_wconf 87' lang='lat' dir='ltr'>cogor</span> <span class='ocrx_word' id='word_1_34' title='bbox 1255 678 1543 735; x_wconf 88' lang='lat' dir='ltr'>interdum</span> <span class='ocrx_word' id='word_1_35' title='bbox 1594 683 1853 738; x_wconf 91' lang='lat' dir='ltr'>Cornelio</span> 
     </span>
    </p>
   </div>
   <div class='ocr_carea' id='block_1_7' title="bbox 165 760 1855 842">
    <p class='ocr_par' dir='ltr' id='par_1_7' title="bbox 165 760 1855 842">
     <span class='ocr_line' id='line_1_7' title="bbox 165 760 1855 842; baseline 0.007 -28"><span class='ocrx_word' id='word_1_36' title='bbox 165 760 319 814; x_wconf 87' lang='lat' dir='ltr'>Celso</span> <span class='ocrx_word' id='word_1_37' title='bbox 349 761 633 828; x_wconf 83' lang='lat' dir='ltr'>assentiri,</span> <span class='ocrx_word' id='word_1_38' title='bbox 665 763 765 833; x_wconf 89' lang='lat' dir='ltr'>qui</span> <span class='ocrx_word' id='word_1_39' title='bbox 797 764 874 817; x_wconf 85' lang='lat' dir='ltr'>ait</span> <span class='ocrx_word' id='word_1_40' title='bbox 901 780 1197 819; x_wconf 88' lang='lat' dir='ltr'>summum</span> <span class='ocrx_word' id='word_1_41' title='bbox 1225 767 1442 822; x_wconf 90' lang='lat' dir='ltr'>bonum</span> <span class='ocrx_word' id='word_1_42' title='bbox 1470 786 1589 824; x_wconf 89' lang='lat' dir='ltr'>esse</span> <span class='ocrx_word' id='word_1_43' title='bbox 1621 771 1855 842; x_wconf 87' lang='lat' dir='ltr'>sapien—</span> 
     </span>
    </p>
   </div>
   <div class='ocr_carea' id='block_1_8' title="bbox 164 847 1856 930">
    <p class='ocr_par' dir='ltr' id='par_1_8' title="bbox 164 847 1856 930">
     <span class='ocr_line' id='line_1_8' title="bbox 164 847 1856 930; baseline 0.009 -30"><span class='ocrx_word' id='word_1_44' title='bbox 164 847 317 914; x_wconf 88' lang='lat' dir='ltr'>tiam,</span> <span class='ocrx_word' id='word_1_45' title='bbox 353 865 646 904; x_wconf 88' lang='lat' dir='ltr'>summum</span> <span class='ocrx_word' id='word_1_46' title='bbox 677 855 866 905; x_wconf 90' lang='lat' dir='ltr'>autem</span> <span class='ocrx_word' id='word_1_47' title='bbox 899 853 1116 907; x_wconf 90' lang='lat' dir='ltr'>malum</span> <span class='ocrx_word' id='word_1_48' title='bbox 1147 855 1404 910; x_wconf 86' lang='lat' dir='ltr'>dolorem</span> <span class='ocrx_word' id='word_1_49' title='bbox 1437 859 1708 930; x_wconf 89' lang='lat' dir='ltr'>corporis.</span> <span class='ocrx_word' id='word_1_50' title='bbox 1744 862 1856 915; x_wconf 88' lang='lat' dir='ltr'>Nec</span> 
     </span>
    </p>
   </div>
   <div class='ocr_carea' id='block_1_9' title="bbox 164 936 1852 1017">
    <p class='ocr_par' dir='ltr' id='par_1_9' title="bbox 164 936 1852 1017">
     <span class='ocr_line' id='line_1_9' title="bbox 164 936 1852 1017; baseline 0.008 -28"><span class='ocrx_word' id='word_1_51' title='bbox 164 936 277 1005; x_wconf 88' lang='lat' dir='ltr'>ejus</span> <span class='ocrx_word' id='word_1_52' title='bbox 304 937 448 990; x_wconf 90' lang='lat' dir='ltr'>ratio</span> <span class='ocrx_word' id='word_1_53' title='bbox 478 937 623 992; x_wconf 89' lang='lat' dir='ltr'>mihi</span> <span class='ocrx_word' id='word_1_54' title='bbox 651 939 874 993; x_wconf 90' lang='lat' dir='ltr'>videtur</span> <span class='ocrx_word' id='word_1_55' title='bbox 903 941 1162 997; x_wconf 90' lang='lat' dir='ltr'>absurda.</span> <span class='ocrx_word' id='word_1_56' title='bbox 1218 945 1360 999; x_wconf 89' lang='lat' dir='ltr'>Nam</span> <span class='ocrx_word' id='word_1_57' title='bbox 1390 948 1658 1017; x_wconf 89' lang='lat' dir='ltr'>quoniam</span> <span class='ocrx_word' id='word_1_58' title='bbox 1713 949 1852 1004; x_wconf 89' lang='lat' dir='ltr'>dua-</span> 
     </span>
    </p>
   </div>
   <div class='ocr_carea' id='block_1_10' title="bbox 162 1023 1855 1100">
    <p class='ocr_par' dir='ltr' id='par_1_10' title="bbox 162 1023 1855 1100">
     <span class='ocr_line' id='line_1_10' title="bbox 162 1023 1855 1100; baseline 0.008 -22"><span class='ocrx_word' id='word_1_59' title='bbox 162 1024 281 1086; x_wconf 87' lang='lat' dir='ltr'>bus,</span> <span class='ocrx_word' id='word_1_60' title='bbox 315 1023 524 1097; x_wconf 85' lang='lat' dir='ltr'>inquit,</span> <span class='ocrx_word' id='word_1_61' title='bbox 554 1026 813 1097; x_wconf 86' lang='lat' dir='ltr'>partibus</span> <span class='ocrx_word' id='word_1_62' title='bbox 851 1031 1152 1100; x_wconf 88' lang='lat' dir='ltr'>compositi</span> <span class='ocrx_word' id='word_1_63' title='bbox 1180 1049 1398 1100; x_wconf 90' lang='lat' dir='ltr'>sumus,</span> <span class='ocrx_word' id='word_1_64' title='bbox 1430 1052 1494 1089; x_wconf 84' lang='lat' dir='ltr'>ex</span> <span class='ocrx_word' id='word_1_65' title='bbox 1535 1035 1724 1091; x_wconf 91' lang='lat' dir='ltr'>animo</span> <span class='ocrx_word' id='word_1_66' title='bbox 1754 1038 1855 1091; x_wconf 87' lang='lat' dir='ltr'>sci-</span> 
     </span>
    </p>
   </div>
   <div class='ocr_carea' id='block_1_11' title="bbox 167 1114 1852 1190">
    <p class='ocr_par' dir='ltr' id='par_1_11' title="bbox 167 1114 1852 1190">
     <span class='ocr_line' id='line_1_11' title="bbox 167 1114 1852 1190; baseline 0.008 -24"><span class='ocrx_word' id='word_1_67' title='bbox 167 1114 288 1167; x_wconf 91' lang='lat' dir='ltr'>licet</span> <span class='ocrx_word' id='word_1_68' title='bbox 316 1118 374 1167; x_wconf 90' lang='lat' dir='ltr'>et</span> <span class='ocrx_word' id='word_1_69' title='bbox 417 1131 680 1185; x_wconf 90' lang='lat' dir='ltr'>corpore,</span> <span class='ocrx_word' id='word_1_70' title='bbox 715 1132 957 1186; x_wconf 87' lang='lat' dir='ltr'>quarum</span> <span class='ocrx_word' id='word_1_71' title='bbox 987 1118 1148 1188; x_wconf 91' lang='lat' dir='ltr'>prior</span> <span class='ocrx_word' id='word_1_72' title='bbox 1177 1137 1306 1190; x_wconf 91' lang='lat' dir='ltr'>pars</span> <span class='ocrx_word' id='word_1_73' title='bbox 1351 1127 1436 1176; x_wconf 91' lang='lat' dir='ltr'>est</span> <span class='ocrx_word' id='word_1_74' title='bbox 1473 1123 1698 1178; x_wconf 89' lang='lat' dir='ltr'>animus</span> <span class='ocrx_word' id='word_1_75' title='bbox 1727 1142 1852 1180; x_wconf 91' lang='lat' dir='ltr'>me-</span> 
     </span>
    </p>
   </div>
   <div class='ocr_carea' id='block_1_12' title="bbox 165 1202 1849 1276">
    <p class='ocr_par' dir='ltr' id='par_1_12' title="bbox 165 1202 1849 1276">
     <span class='ocr_line' id='line_1_12' title="bbox 165 1202 1849 1276; baseline 0.008 -21"><span class='ocrx_word' id='word_1_76' title='bbox 165 1203 284 1270; x_wconf 89' lang='lat' dir='ltr'>lior,</span> <span class='ocrx_word' id='word_1_77' title='bbox 315 1202 566 1258; x_wconf 90' lang='lat' dir='ltr'>deterius</span> <span class='ocrx_word' id='word_1_78' title='bbox 595 1221 804 1276; x_wconf 87' lang='lat' dir='ltr'>corpus</span> <span class='ocrx_word' id='word_1_79' title='bbox 833 1211 943 1274; x_wconf 90' lang='lat' dir='ltr'>est;</span> <span class='ocrx_word' id='word_1_80' title='bbox 989 1225 1278 1264; x_wconf 87' lang='lat' dir='ltr'>summum</span> <span class='ocrx_word' id='word_1_81' title='bbox 1315 1211 1532 1266; x_wconf 90' lang='lat' dir='ltr'>bonum</span> <span class='ocrx_word' id='word_1_82' title='bbox 1588 1217 1674 1268; x_wconf 90' lang='lat' dir='ltr'>est</span> <span class='ocrx_word' id='word_1_83' title='bbox 1725 1231 1849 1269; x_wconf 91' lang='lat' dir='ltr'>me-</span> 
     </span>
    </p>
   </div>
   <div class='ocr_carea' id='block_1_13' title="bbox 164 1290 1850 1373">
    <p class='ocr_par' dir='ltr' id='par_1_13' title="bbox 164 1290 1850 1373">
     <span class='ocr_line' id='line_1_13' title="bbox 164 1290 1850 1373; baseline 0.008 -29"><span class='ocrx_word' id='word_1_84' title='bbox 164 1290 311 1344; x_wconf 90' lang='lat' dir='ltr'>lioris</span> <span class='ocrx_word' id='word_1_85' title='bbox 341 1291 524 1361; x_wconf 88' lang='lat' dir='ltr'>partis</span> <span class='ocrx_word' id='word_1_86' title='bbox 551 1293 856 1362; x_wconf 90' lang='lat' dir='ltr'>optimum,</span> <span class='ocrx_word' id='word_1_87' title='bbox 888 1312 1180 1351; x_wconf 90' lang='lat' dir='ltr'>summum</span> <span class='ocrx_word' id='word_1_88' title='bbox 1211 1305 1403 1354; x_wconf 87' lang='lat' dir='ltr'>autem</span> <span class='ocrx_word' id='word_1_89' title='bbox 1432 1302 1649 1356; x_wconf 91' lang='lat' dir='ltr'>malum</span> <span class='ocrx_word' id='word_1_90' title='bbox 1667 1303 1850 1373; x_wconf 86' lang='lat' dir='ltr'>pessi-</span> 
     </span>
    </p>
   </div>
   <div class='ocr_carea' id='block_1_14' title="bbox 164 1381 1849 1462">
    <p class='ocr_par' dir='ltr' id='par_1_14' title="bbox 164 1381 1849 1462">
     <span class='ocr_line' id='line_1_14' title="bbox 164 1381 1849 1462; baseline 0.007 -28"><span class='ocrx_word' id='word_1_91' title='bbox 164 1397 312 1434; x_wconf 90' lang='lat' dir='ltr'>mum</span> <span class='ocrx_word' id='word_1_92' title='bbox 335 1381 663 1435; x_wconf 87' lang='lat' dir='ltr'>deterioris:</span> <span class='ocrx_word' id='word_1_93' title='bbox 685 1387 769 1437; x_wconf 91' lang='lat' dir='ltr'>est</span> <span class='ocrx_word' id='word_1_94' title='bbox 795 1387 988 1438; x_wconf 89' lang='lat' dir='ltr'>autem</span> <span class='ocrx_word' id='word_1_95' title='bbox 1019 1386 1302 1457; x_wconf 89' lang='lat' dir='ltr'>optimum</span> <span class='ocrx_word' id='word_1_96' title='bbox 1322 1389 1383 1442; x_wconf 91' lang='lat' dir='ltr'>in</span> <span class='ocrx_word' id='word_1_97' title='bbox 1409 1391 1600 1444; x_wconf 89' lang='lat' dir='ltr'>animo</span> <span class='ocrx_word' id='word_1_98' title='bbox 1623 1391 1849 1462; x_wconf 88' lang='lat' dir='ltr'>sapien-</span> 
     </span>
    </p>
   </div>
   <div class='ocr_carea' id='block_1_15' title="bbox 163 1469 1850 1550">
    <p class='ocr_par' dir='ltr' id='par_1_15' title="bbox 163 1469 1850 1550">
     <span class='ocr_line' id='line_1_15' title="bbox 163 1469 1850 1550; baseline 0.008 -29"><span class='ocrx_word' id='word_1_99' title='bbox 163 1469 252 1532; x_wconf 86' lang='lat' dir='ltr'>tia,</span> <span class='ocrx_word' id='word_1_100' title='bbox 295 1473 382 1524; x_wconf 89' lang='lat' dir='ltr'>est</span> <span class='ocrx_word' id='word_1_101' title='bbox 412 1469 473 1523; x_wconf 89' lang='lat' dir='ltr'>in</span> <span class='ocrx_word' id='word_1_102' title='bbox 503 1486 740 1540; x_wconf 90' lang='lat' dir='ltr'>corpore</span> <span class='ocrx_word' id='word_1_103' title='bbox 771 1472 1084 1542; x_wconf 89' lang='lat' dir='ltr'>pessimum</span> <span class='ocrx_word' id='word_1_104' title='bbox 1121 1475 1301 1531; x_wconf 90' lang='lat' dir='ltr'>dolor.</span> <span class='ocrx_word' id='word_1_105' title='bbox 1335 1477 1638 1533; x_wconf 90' lang='lat' dir='ltr'>Summum</span> <span class='ocrx_word' id='word_1_106' title='bbox 1669 1479 1850 1550; x_wconf 85' lang='lat' dir='ltr'>igitur</span> 
     </span>
    </p>
   </div>
   <div class='ocr_carea' id='block_1_16' title="bbox 163 1557 1845 1631">
    <p class='ocr_par' dir='ltr' id='par_1_16' title="bbox 163 1557 1845 1631">
     <span class='ocr_line' id='line_1_16' title="bbox 163 1557 1845 1631; baseline 0.007 -21"><span class='ocrx_word' id='word_1_107' title='bbox 163 1557 368 1610; x_wconf 90' lang='lat' dir='ltr'>bonum</span> <span class='ocrx_word' id='word_1_108' title='bbox 399 1557 650 1611; x_wconf 87' lang='lat' dir='ltr'>hominis</span> <span class='ocrx_word' id='word_1_109' title='bbox 679 1575 897 1629; x_wconf 90' lang='lat' dir='ltr'>sapere,</span> <span class='ocrx_word' id='word_1_110' title='bbox 923 1577 1212 1616; x_wconf 89' lang='lat' dir='ltr'>summum</span> <span class='ocrx_word' id='word_1_111' title='bbox 1245 1565 1460 1618; x_wconf 89' lang='lat' dir='ltr'>malum</span> <span class='ocrx_word' id='word_1_112' title='bbox 1479 1566 1686 1631; x_wconf 88' lang='lat' dir='ltr'>dolere,</span> <span class='ocrx_word' id='word_1_113' title='bbox 1724 1567 1845 1622; x_wconf 87' lang='lat' dir='ltr'>sine</span> 
     </span>
    </p>
   </div>
   <div class='ocr_carea' id='block_1_17' title="bbox 161 1648 1844 1716">
    <p class='ocr_par' dir='ltr' id='par_1_17' title="bbox 161 1648 1844 1716">
     <span class='ocr_line' id='line_1_17' title="bbox 161 1648 1844 1716; baseline 0.007 -17"><span class='ocrx_word' id='word_1_114' title='bbox 161 1648 288 1713; x_wconf 89' lang='lat' dir='ltr'>ulla,</span> <span class='ocrx_word' id='word_1_115' title='bbox 327 1651 391 1700; x_wconf 92' lang='lat' dir='ltr'>ut</span> <span class='ocrx_word' id='word_1_116' title='bbox 435 1648 662 1716; x_wconf 90' lang='lat' dir='ltr'>opinor,</span> <span class='ocrx_word' id='word_1_117' title='bbox 708 1648 948 1703; x_wconf 86' lang='lat' dir='ltr'>falsitate</span> <span class='ocrx_word' id='word_1_118' title='bbox 996 1651 1371 1707; x_wconf 87' lang='lat' dir='ltr'>concluditur.</span> <span class='ocrx_word' id='word_1_119' title='bbox 1428 1657 1499 1710; x_wconf 78' lang='grc' dir='ltr'><strong>Β.</strong></span> <span class='ocrx_word' id='word_1_120' title='bbox 1554 1656 1844 1710; x_wconf 87' lang='lat' dir='ltr'>Posterius</span> 
     </span>
    </p>
   </div>
   <div class='ocr_carea' id='block_1_18' title="bbox 161 1735 1847 1814">
    <p class='ocr_par' dir='ltr' id='par_1_18' title="bbox 161 1735 1847 1814">
     <span class='ocr_line' id='line_1_18' title="bbox 161 1735 1847 1814; baseline 0.005 -25"><span class='ocrx_word' id='word_1_121' title='bbox 161 1735 261 1790; x_wconf 87' lang='lat' dir='ltr'>ista</span> <span class='ocrx_word' id='word_1_122' title='bbox 302 1735 644 1790; x_wconf 82' lang='lat' dir='ltr'>videbimus.</span> <span class='ocrx_word' id='word_1_123' title='bbox 692 1737 863 1792; x_wconf 82' lang='lat' dir='ltr'>Aliud</span> <span class='ocrx_word' id='word_1_124' title='bbox 909 1739 1063 1794; x_wconf 91' lang='lat' dir='ltr'>enim</span> <span class='ocrx_word' id='word_1_125' title='bbox 1111 1742 1348 1796; x_wconf 88' lang='lat' dir='ltr'>fortasse</span> <span class='ocrx_word' id='word_1_126' title='bbox 1403 1743 1566 1796; x_wconf 90' lang='lat' dir='ltr'>nobis</span> <span class='ocrx_word' id='word_1_127' title='bbox 1604 1743 1729 1814; x_wconf 90' lang='lat' dir='ltr'>ipsa</span> <span class='ocrx_word' id='word_1_128' title='bbox 1775 1748 1847 1798; x_wconf 90' lang='lat' dir='ltr'>ad</span> 
     </span>
    </p>
   </div>
   <div class='ocr_carea' id='block_1_19' title="bbox 159 1825 1844 1900">
    <p class='ocr_par' dir='ltr' id='par_1_19' title="bbox 159 1825 1844 1900">
     <span class='ocr_line' id='line_1_19' title="bbox 159 1825 1844 1900; baseline 0.006 -24"><span class='ocrx_word' id='word_1_129' title='bbox 159 1840 323 1893; x_wconf 87' lang='lat' dir='ltr'>quam</span> <span class='ocrx_word' id='word_1_130' title='bbox 351 1825 651 1896; x_wconf 81' lang='lat' dir='ltr'>pervenire</span> <span class='ocrx_word' id='word_1_131' title='bbox 680 1825 920 1880; x_wconf 87' lang='lat' dir='ltr'>nitimur</span> <span class='ocrx_word' id='word_1_132' title='bbox 945 1829 1220 1899; x_wconf 85' lang='lat' dir='ltr'>sapientia</span> <span class='ocrx_word' id='word_1_133' title='bbox 1245 1831 1630 1900; x_wconf 88' lang='lat' dir='ltr'>persuadebit.</span> <span class='ocrx_word' id='word_1_134' title='bbox 1658 1832 1715 1888; x_wconf 92' lang='lat' dir='ltr'>Si</span> <span class='ocrx_word' id='word_1_135' title='bbox 1741 1848 1844 1886; x_wconf 88' lang='lat' dir='ltr'>au-</span> 
     </span>
    </p>
   </div>
   <div class='ocr_carea' id='block_1_20' title="bbox 160 1913 1844 1986">
    <p class='ocr_par' dir='ltr' id='par_1_20' title="bbox 160 1913 1844 1986">
     <span class='ocr_line' id='line_1_20' title="bbox 160 1913 1844 1986; baseline 0.006 -22"><span class='ocrx_word' id='word_1_136' title='bbox 160 1915 268 1966; x_wconf 90' lang='lat' dir='ltr'>tem</span> <span class='ocrx_word' id='word_1_137' title='bbox 291 1913 400 1968; x_wconf 87' lang='lat' dir='ltr'>hoc</span> <span class='ocrx_word' id='word_1_138' title='bbox 426 1929 542 1966; x_wconf 89' lang='lat' dir='ltr'>esse</span> <span class='ocrx_word' id='word_1_139' title='bbox 571 1929 768 1968; x_wconf 87' lang='lat' dir='ltr'>verum</span> <span class='ocrx_word' id='word_1_140' title='bbox 799 1917 1132 1986; x_wconf 88' lang='lat' dir='ltr'>ostenderit,</span> <span class='ocrx_word' id='word_1_141' title='bbox 1162 1918 1310 1972; x_wconf 87' lang='lat' dir='ltr'>hanc</span> <span class='ocrx_word' id='word_1_142' title='bbox 1341 1920 1409 1973; x_wconf 93' lang='lat' dir='ltr'>de</span> <span class='ocrx_word' id='word_1_143' title='bbox 1441 1937 1663 1974; x_wconf 90' lang='lat' dir='ltr'>summo</span> <span class='ocrx_word' id='word_1_144' title='bbox 1692 1921 1844 1974; x_wconf 91' lang='lat' dir='ltr'>bono</span> 
     </span>
    </p>
   </div>
   <div class='ocr_carea' id='block_1_21' title="bbox 161 2003 1841 2064">
    <p class='ocr_par' dir='ltr' id='par_1_21' title="bbox 161 2003 1841 2064">
     <span class='ocr_line' id='line_1_21' title="bbox 161 2003 1841 2064; baseline 0.005 -10"><span class='ocrx_word' id='word_1_145' title='bbox 161 2006 212 2054; x_wconf 91' lang='lat' dir='ltr'>et</span> <span class='ocrx_word' id='word_1_146' title='bbox 229 2017 452 2054; x_wconf 90' lang='lat' dir='ltr'>summo</span> <span class='ocrx_word' id='word_1_147' title='bbox 471 2003 620 2056; x_wconf 87' lang='lat' dir='ltr'>malo</span> <span class='ocrx_word' id='word_1_148' title='bbox 634 2003 973 2058; x_wconf 89' lang='lat' dir='ltr'>sententiam</span> <span class='ocrx_word' id='word_1_149' title='bbox 988 2005 1108 2059; x_wconf 90' lang='lat' dir='ltr'>sine</span> <span class='ocrx_word' id='word_1_150' title='bbox 1127 2006 1483 2061; x_wconf 87' lang='lat' dir='ltr'>dubitatione</span> <span class='ocrx_word' id='word_1_151' title='bbox 1498 2009 1841 2064; x_wconf 90' lang='lat' dir='ltr'>tenebimus.</span> 
     </span>
    </p>
   </div>
   <div class='ocr_carea' id='block_1_22' title="bbox 160 2090 1846 2168">
    <p class='ocr_par' dir='ltr' id='par_1_22' title="bbox 160 2090 1846 2168">
     <span class='ocr_line' id='line_1_22' title="bbox 160 2090 1846 2168; baseline 0.004 -25"><span class='ocrx_word' id='word_1_152' title='bbox 160 2090 375 2144; x_wconf 84' lang='lat' dir='ltr'><strong>CAPUT</strong></span> <span class='ocrx_word' id='word_1_153' title='bbox 411 2091 552 2144; x_wconf 84' lang='lat' dir='ltr'>XlIl-.</span> <span class='ocrx_word' id='word_1_154' title='bbox 585 2121 652 2130; x_wconf 90' lang='lat'><strong><em>—</em></strong></span> <span class='ocrx_word' id='word_1_155' title='bbox 686 2091 952 2156; x_wconf 82' lang='lat' dir='ltr'>Quomodo</span> <span class='ocrx_word' id='word_1_156' title='bbox 997 2099 1048 2147; x_wconf 86' lang='lat' dir='ltr'>et</span> <span class='ocrx_word' id='word_1_157' title='bbox 1105 2095 1298 2161; x_wconf 83' lang='lat' dir='ltr'>quibus</span> <span class='ocrx_word' id='word_1_158' title='bbox 1335 2097 1598 2163; x_wconf 82' lang='lat' dir='ltr'>gradibus</span> <span class='ocrx_word' id='word_1_159' title='bbox 1634 2099 1846 2168; x_wconf 81' lang='lat' dir='ltr'>perspi-</span> 
     </span>
    </p>
   </div>
   <div class='ocr_carea' id='block_1_23' title="bbox 540 2181 1453 2249">
    <p class='ocr_par' dir='ltr' id='par_1_23' title="bbox 540 2181 1453 2249">
     <span class='ocr_line' id='line_1_23' title="bbox 540 2181 1453 2249; baseline 0.007 -17"><span class='ocrx_word' id='word_1_160' title='bbox 540 2181 718 2233; x_wconf 86' lang='lat' dir='ltr'>ciatur</span> <span class='ocrx_word' id='word_1_161' title='bbox 743 2183 1034 2249; x_wconf 76' lang='lat' dir='ltr'>sapientia.</span> <span class='ocrx_word' id='word_1_162' title='bbox 1075 2183 1245 2237; x_wconf 81' lang='lat' dir='ltr'>Amor</span> <span class='ocrx_word' id='word_1_163' title='bbox 1276 2199 1453 2239; x_wconf 79' lang='lat' dir='ltr'>verus.</span> 
     </span>
    </p>
   </div>
   <div class='ocr_carea' id='block_1_24' title="bbox 222 2267 1841 2344">
    <p class='ocr_par' dir='ltr' id='par_1_24' title="bbox 222 2267 1841 2344">
     <span class='ocr_line' id='line_1_24' title="bbox 222 2267 1841 2344; baseline 0.003 -24"><span class='ocrx_word' id='word_1_164' title='bbox 222 2270 305 2321; x_wconf 80' lang='lat'>22.</span> <span class='ocrx_word' id='word_1_165' title='bbox 341 2268 506 2322; x_wconf 87' lang='lat' dir='ltr'>Nunc</span> <span class='ocrx_word' id='word_1_166' title='bbox 532 2267 671 2321; x_wconf 91' lang='lat' dir='ltr'>illud</span> <span class='ocrx_word' id='word_1_167' title='bbox 704 2269 1035 2338; x_wconf 74' lang='lat' dir='ltr'>quaerimus,</span> <span class='ocrx_word' id='word_1_168' title='bbox 1059 2271 1242 2342; x_wconf 89' lang='lat' dir='ltr'>qualis</span> <span class='ocrx_word' id='word_1_169' title='bbox 1263 2271 1338 2326; x_wconf 91' lang='lat' dir='ltr'>sis</span> <span class='ocrx_word' id='word_1_170' title='bbox 1364 2277 1588 2327; x_wconf 90' lang='lat' dir='ltr'>amator</span> <span class='ocrx_word' id='word_1_171' title='bbox 1616 2273 1841 2344; x_wconf 89' lang='lat' dir='ltr'>sapien-</span> 
     </span>
    </p>
   </div>
   <div class='ocr_carea' id='block_1_25' title="bbox 159 2355 1841 2432">
    <p class='ocr_par' dir='ltr' id='par_1_25' title="bbox 159 2355 1841 2432">
     <span class='ocr_line' id='line_1_25' title="bbox 159 2355 1841 2432; baseline 0.005 -24"><span class='ocrx_word' id='word_1_172' title='bbox 159 2355 264 2422; x_wconf 74' lang='lat' dir='ltr'>tiae,</span> <span class='ocrx_word' id='word_1_173' title='bbox 292 2373 468 2426; x_wconf 88' lang='lat' dir='ltr'>quam</span> <span class='ocrx_word' id='word_1_174' title='bbox 497 2356 810 2411; x_wconf 85' lang='lat' dir='ltr'>castissime</span> <span class='ocrx_word' id='word_1_175' title='bbox 830 2363 1136 2428; x_wconf 91' lang='lat' dir='ltr'>conspectu</span> <span class='ocrx_word' id='word_1_176' title='bbox 1166 2365 1337 2431; x_wconf 90' lang='lat' dir='ltr'>atque</span> <span class='ocrx_word' id='word_1_177' title='bbox 1358 2362 1647 2432; x_wconf 90' lang='lat' dir='ltr'>amplexu,</span> <span class='ocrx_word' id='word_1_178' title='bbox 1679 2363 1841 2418; x_wconf 91' lang='lat' dir='ltr'>nullo</span> 
     </span>
    </p>
   </div>
   <div class='ocr_carea' id='block_1_26' title="bbox 157 2443 1842 2517">
    <p class='ocr_par' dir='ltr' id='par_1_26' title="bbox 157 2443 1842 2517">
     <span class='ocr_line' id='line_1_26' title="bbox 157 2443 1842 2517; baseline 0.004 -21"><span class='ocrx_word' id='word_1_179' title='bbox 157 2443 485 2514; x_wconf 89' lang='lat' dir='ltr'>interposito</span> <span class='ocrx_word' id='word_1_180' title='bbox 518 2445 839 2498; x_wconf 89' lang='lat' dir='ltr'>velamento</span> <span class='ocrx_word' id='word_1_181' title='bbox 886 2446 1047 2517; x_wconf 89' lang='lat' dir='ltr'>quasi</span> <span class='ocrx_word' id='word_1_182' title='bbox 1078 2447 1293 2501; x_wconf 91' lang='lat' dir='ltr'>nudam</span> <span class='ocrx_word' id='word_1_183' title='bbox 1323 2448 1517 2502; x_wconf 89' lang='lat' dir='ltr'>videre</span> <span class='ocrx_word' id='word_1_184' title='bbox 1554 2463 1617 2500; x_wconf 89' lang='lat' dir='ltr'>ac</span> <span class='ocrx_word' id='word_1_185' title='bbox 1646 2451 1842 2502; x_wconf 89' lang='lat' dir='ltr'>tenere</span> 
     </span>
    </p>
   </div>
   <div class='ocr_carea' id='block_1_27' title="bbox 159 2532 1842 2606">
    <p class='ocr_par' dir='ltr' id='par_1_27' title="bbox 159 2532 1842 2606">
     <span class='ocr_line' id='line_1_27' title="bbox 159 2532 1842 2606; baseline 0.003 -21"><span class='ocrx_word' id='word_1_186' title='bbox 159 2532 458 2597; x_wconf 86' lang='lat' dir='ltr'>desideras,</span> <span class='ocrx_word' id='word_1_187' title='bbox 491 2533 720 2603; x_wconf 88' lang='lat' dir='ltr'>qualem</span> <span class='ocrx_word' id='word_1_188' title='bbox 763 2549 821 2586; x_wconf 85' lang='lat' dir='ltr'>se</span> <span class='ocrx_word' id='word_1_189' title='bbox 865 2533 964 2587; x_wconf 90' lang='lat' dir='ltr'>illa</span> <span class='ocrx_word' id='word_1_190' title='bbox 991 2551 1105 2588; x_wconf 91' lang='lat' dir='ltr'>non</span> <span class='ocrx_word' id='word_1_191' title='bbox 1139 2535 1294 2602; x_wconf 92' lang='lat' dir='ltr'>sinit,</span> <span class='ocrx_word' id='word_1_192' title='bbox 1326 2535 1439 2589; x_wconf 91' lang='lat' dir='ltr'>nisi</span> <span class='ocrx_word' id='word_1_193' title='bbox 1483 2535 1842 2606; x_wconf 89' lang='lat' dir='ltr'>paucissimis</span> 
     </span>
    </p>
   </div>
   <div class='ocr_carea' id='block_1_28' title="bbox 159 2621 1842 2695">
    <p class='ocr_par' dir='ltr' id='par_1_28' title="bbox 159 2621 1842 2695">
     <span class='ocr_line' id='line_1_28' title="bbox 159 2621 1842 2695; baseline 0.003 -22"><span class='ocrx_word' id='word_1_194' title='bbox 159 2626 210 2673; x_wconf 89' lang='lat' dir='ltr'>et</span> <span class='ocrx_word' id='word_1_195' title='bbox 237 2621 588 2675; x_wconf 89' lang='lat' dir='ltr'>electissimis</span> <span class='ocrx_word' id='word_1_196' title='bbox 631 2621 981 2676; x_wconf 89' lang='lat' dir='ltr'>amatoribus</span> <span class='ocrx_word' id='word_1_197' title='bbox 1017 2624 1159 2678; x_wconf 90' lang='lat' dir='ltr'>suis.</span> <span class='ocrx_word' id='word_1_198' title='bbox 1205 2626 1294 2678; x_wconf 89' lang='lat' dir='ltr'>An</span> <span class='ocrx_word' id='word_1_199' title='bbox 1328 2641 1463 2679; x_wconf 91' lang='lat' dir='ltr'>vero</span> <span class='ocrx_word' id='word_1_200' title='bbox 1508 2624 1554 2678; x_wconf 93' lang='lat' dir='ltr'>si</span> <span class='ocrx_word' id='word_1_201' title='bbox 1603 2625 1842 2695; x_wconf 89' lang='lat' dir='ltr'>alicujus</span> 
     </span>
    </p>
   </div>
   <div class='ocr_carea' id='block_1_29' title="bbox 159 2707 1844 2782">
    <p class='ocr_par' dir='ltr' id='par_1_29' title="bbox 159 2707 1844 2782">
     <span class='ocr_line' id='line_1_29' title="bbox 159 2707 1844 2782; baseline 0.003 -21"><span class='ocrx_word' id='word_1_202' title='bbox 159 2708 395 2779; x_wconf 69' lang='lat' dir='ltr'>pulchra:</span> <span class='ocrx_word' id='word_1_203' title='bbox 434 2707 665 2763; x_wconf 78' lang='lat' dir='ltr'>feminae</span> <span class='ocrx_word' id='word_1_204' title='bbox 715 2725 908 2764; x_wconf 87' lang='lat' dir='ltr'>amore</span> <span class='ocrx_word' id='word_1_205' title='bbox 959 2711 1250 2781; x_wconf 88' lang='lat' dir='ltr'>ﬂagrares,</span> <span class='ocrx_word' id='word_1_206' title='bbox 1283 2713 1414 2782; x_wconf 91' lang='lat' dir='ltr'>jure</span> <span class='ocrx_word' id='word_1_207' title='bbox 1463 2729 1521 2766; x_wconf 91' lang='lat' dir='ltr'>se</span> <span class='ocrx_word' id='word_1_208' title='bbox 1569 2712 1676 2766; x_wconf 90' lang='lat' dir='ltr'>tibi</span> <span class='ocrx_word' id='word_1_209' title='bbox 1724 2729 1844 2767; x_wconf 90' lang='lat' dir='ltr'>non</span> 
     </span>
    </p>
   </div>
   <div class='ocr_carea' id='block_1_30' title="bbox 157 2797 1843 2872">
    <p class='ocr_par' dir='ltr' id='par_1_30' title="bbox 157 2797 1843 2872">
     <span class='ocr_line' id='line_1_30' title="bbox 157 2797 1843 2872; baseline 0.003 -22"><span class='ocrx_word' id='word_1_210' title='bbox 157 2797 324 2864; x_wconf 87' lang='lat' dir='ltr'>daret,</span> <span class='ocrx_word' id='word_1_211' title='bbox 355 2797 403 2852; x_wconf 91' lang='lat' dir='ltr'>si</span> <span class='ocrx_word' id='word_1_212' title='bbox 432 2798 584 2852; x_wconf 91' lang='lat' dir='ltr'>aliud</span> <span class='ocrx_word' id='word_1_213' title='bbox 615 2797 715 2852; x_wconf 91' lang='lat' dir='ltr'>abs</span> <span class='ocrx_word' id='word_1_214' title='bbox 739 2802 794 2852; x_wconf 90' lang='lat' dir='ltr'>te</span> <span class='ocrx_word' id='word_1_215' title='bbox 825 2799 1136 2870; x_wconf 89' lang='lat' dir='ltr'>quidquam</span> <span class='ocrx_word' id='word_1_216' title='bbox 1168 2806 1374 2872; x_wconf 58' lang='lat' dir='ltr'>praeter</span> <span class='ocrx_word' id='word_1_217' title='bbox 1402 2817 1459 2854; x_wconf 91' lang='lat' dir='ltr'>se</span> <span class='ocrx_word' id='word_1_218' title='bbox 1489 2801 1669 2854; x_wconf 88' lang='lat' dir='ltr'>amari</span> <span class='ocrx_word' id='word_1_219' title='bbox 1691 2817 1843 2855; x_wconf 90' lang='lat' dir='ltr'>eom-</span> 
     </span>
    </p>
   </div>
   <div class='ocr_carea' id='block_1_31' title="bbox 155 2886 1840 2961">
    <p class='ocr_par' dir='ltr' id='par_1_31' title="bbox 155 2886 1840 2961">
     <span class='ocr_line' id='line_1_31' title="bbox 155 2886 1840 2961; baseline 0.002 -20"><span class='ocrx_word' id='word_1_220' title='bbox 155 2888 409 2956; x_wconf 88' lang='lat' dir='ltr'>perisset;</span> <span class='ocrx_word' id='word_1_221' title='bbox 445 2886 741 2958; x_wconf 70' lang='lat' dir='ltr'>sapientia:</span> <span class='ocrx_word' id='word_1_222' title='bbox 761 2905 819 2942; x_wconf 91' lang='lat' dir='ltr'>se</span> <span class='ocrx_word' id='word_1_223' title='bbox 841 2889 943 2942; x_wconf 88' lang='lat' dir='ltr'>tibi</span> <span class='ocrx_word' id='word_1_224' title='bbox 969 2890 1280 2944; x_wconf 89' lang='lat' dir='ltr'>castissima</span> <span class='ocrx_word' id='word_1_225' title='bbox 1310 2891 1696 2961; x_wconf 90' lang='lat' dir='ltr'>pulchritudo,</span> <span class='ocrx_word' id='word_1_226' title='bbox 1728 2891 1840 2944; x_wconf 90' lang='lat' dir='ltr'>nisi</span> 
     </span>
    </p>
   </div>
   <div class='ocr_carea' id='block_1_32' title="bbox 156 2977 1842 3049">
    <p class='ocr_par' dir='ltr' id='par_1_32' title="bbox 156 2977 1842 3049">
     <span class='ocr_line' id='line_1_32' title="bbox 156 2977 1842 3049; baseline 0.002 -20"><span class='ocrx_word' id='word_1_227' title='bbox 156 2978 321 3030; x_wconf 86' lang='lat' dir='ltr'>solam</span> <span class='ocrx_word' id='word_1_228' title='bbox 367 2977 594 3041; x_wconf 89' lang='lat' dir='ltr'>arseris,</span> <span class='ocrx_word' id='word_1_229' title='bbox 650 2977 1100 3040; x_wconf 80' lang='lat' dir='ltr'>demonstrabit?</span> <span class='ocrx_word' id='word_1_230' title='bbox 1145 2981 1215 3034; x_wconf 84' lang='lat' dir='ltr'>A.</span> <span class='ocrx_word' id='word_1_231' title='bbox 1275 2979 1418 3044; x_wconf 90' lang='lat' dir='ltr'>Quid</span> <span class='ocrx_word' id='word_1_232' title='bbox 1466 2995 1601 3049; x_wconf 90' lang='lat' dir='ltr'>ergo</span> <span class='ocrx_word' id='word_1_233' title='bbox 1654 2979 1842 3033; x_wconf 87' lang='lat' dir='ltr'>adhuc</span> 
     </span>
    </p>
   </div>
   <div class='ocr_carea' id='block_1_33' title="bbox 156 3065 1838 3136">
    <p class='ocr_par' dir='ltr' id='par_1_33' title="bbox 156 3065 1838 3136">
     <span class='ocr_line' id='line_1_33' title="bbox 156 3065 1838 3136; baseline 0.002 -17"><span class='ocrx_word' id='word_1_234' title='bbox 156 3067 464 3136; x_wconf 89' lang='lat' dir='ltr'>suspendor</span> <span class='ocrx_word' id='word_1_235' title='bbox 489 3065 707 3133; x_wconf 85' lang='lat' dir='ltr'>infelix,</span> <span class='ocrx_word' id='word_1_236' title='bbox 731 3071 785 3120; x_wconf 93' lang='lat' dir='ltr'>et</span> <span class='ocrx_word' id='word_1_237' title='bbox 803 3067 1056 3124; x_wconf 87' lang='lat' dir='ltr'>cruciatu</span> <span class='ocrx_word' id='word_1_238' title='bbox 1077 3067 1384 3122; x_wconf 91' lang='lat' dir='ltr'>miserabili</span> <span class='ocrx_word' id='word_1_239' title='bbox 1415 3068 1687 3123; x_wconf 76' lang='lat' dir='ltr'>differor?</span> <span class='ocrx_word' id='word_1_240' title='bbox 1713 3070 1741 3123; x_wconf 73' lang='grc' dir='ltr'>,Ι</span> <span class='ocrx_word' id='word_1_241' title='bbox 1747 3085 1838 3122; x_wconf 89' lang='lat' dir='ltr'>am</span> 
     </span>
    </p>
   </div>
   <div class='ocr_carea' id='block_1_34' title="bbox 154 3154 1838 3228">
    <p class='ocr_par' dir='ltr' id='par_1_34' title="bbox 154 3154 1838 3228">
     <span class='ocr_line' id='line_1_34' title="bbox 154 3154 1838 3228; baseline 0.003 -21"><span class='ocrx_word' id='word_1_242' title='bbox 154 3160 293 3208; x_wconf 90' lang='lat' dir='ltr'>certe</span> <span class='ocrx_word' id='word_1_243' title='bbox 335 3154 561 3208; x_wconf 83' lang='lat' dir='ltr'>ostendi</span> <span class='ocrx_word' id='word_1_244' title='bbox 609 3154 754 3210; x_wconf 90' lang='lat' dir='ltr'>nihil</span> <span class='ocrx_word' id='word_1_245' title='bbox 783 3154 939 3210; x_wconf 88' lang='lat' dir='ltr'>aliud</span> <span class='ocrx_word' id='word_1_246' title='bbox 989 3172 1080 3210; x_wconf 89' lang='lat' dir='ltr'>me</span> <span class='ocrx_word' id='word_1_247' title='bbox 1110 3173 1320 3221; x_wconf 90' lang='lat' dir='ltr'>amare,</span> <span class='ocrx_word' id='word_1_248' title='bbox 1366 3156 1646 3227; x_wconf 85' lang='lat' dir='ltr'>siquidem</span> <span class='ocrx_word' id='word_1_249' title='bbox 1687 3157 1838 3228; x_wconf 91' lang='lat' dir='ltr'>quod</span> 
     </span>
    </p>
   </div>
   <div class='ocr_carea' id='block_1_35' title="bbox 155 3245 1839 3316">
    <p class='ocr_par' dir='ltr' id='par_1_35' title="bbox 155 3245 1839 3316">
     <span class='ocr_line' id='line_1_35' title="bbox 155 3245 1839 3316; baseline 0.002 -20"><span class='ocrx_word' id='word_1_250' title='bbox 155 3259 259 3297; x_wconf 91' lang='lat' dir='ltr'>non</span> <span class='ocrx_word' id='word_1_251' title='bbox 279 3249 520 3315; x_wconf 88' lang='lat' dir='ltr'>propter</span> <span class='ocrx_word' id='word_1_252' title='bbox 536 3260 594 3297; x_wconf 91' lang='lat' dir='ltr'>se</span> <span class='ocrx_word' id='word_1_253' title='bbox 619 3248 863 3310; x_wconf 89' lang='lat' dir='ltr'>amatur,</span> <span class='ocrx_word' id='word_1_254' title='bbox 884 3261 1002 3299; x_wconf 89' lang='lat' dir='ltr'>non</span> <span class='ocrx_word' id='word_1_255' title='bbox 1023 3249 1274 3301; x_wconf 90' lang='lat' dir='ltr'>amatur.</span> <span class='ocrx_word' id='word_1_256' title='bbox 1304 3247 1420 3316; x_wconf 87' lang='lat' dir='ltr'>Ego</span> <span class='ocrx_word' id='word_1_257' title='bbox 1445 3249 1638 3300; x_wconf 87' lang='lat' dir='ltr'>autem</span> <span class='ocrx_word' id='word_1_258' title='bbox 1659 3245 1839 3300; x_wconf 88' lang='lat' dir='ltr'>solam</span> 
     </span>
    </p>
   </div>
   <div class='ocr_carea' id='block_1_36' title="bbox 152 3331 1837 3401">
    <p class='ocr_par' dir='ltr' id='par_1_36' title="bbox 152 3331 1837 3401">
     <span class='ocr_line' id='line_1_36' title="bbox 152 3331 1837 3401; baseline 0.004 -19"><span class='ocrx_word' id='word_1_259' title='bbox 152 3336 376 3401; x_wconf 87' lang='lat' dir='ltr'>propter</span> <span class='ocrx_word' id='word_1_260' title='bbox 421 3347 484 3384; x_wconf 94' lang='lat' dir='ltr'>se</span> <span class='ocrx_word' id='word_1_261' title='bbox 516 3347 645 3384; x_wconf 91' lang='lat' dir='ltr'>amo</span> <span class='ocrx_word' id='word_1_262' title='bbox 702 3331 1062 3401; x_wconf 90' lang='lat' dir='ltr'>sapientiam,</span> <span class='ocrx_word' id='word_1_263' title='bbox 1116 3337 1320 3387; x_wconf 60' lang='lat' dir='ltr'>cratera</span> <span class='ocrx_word' id='word_1_264' title='bbox 1349 3350 1482 3387; x_wconf 92' lang='lat' dir='ltr'>vero</span> <span class='ocrx_word' id='word_1_265' title='bbox 1513 3335 1601 3388; x_wconf 88' lang='lat' dir='ltr'>vel</span> <span class='ocrx_word' id='word_1_266' title='bbox 1641 3335 1837 3388; x_wconf 88' lang='lat' dir='ltr'>adesse</span> 
     </span>
    </p>
   </div>
   <div class='ocr_carea' id='block_1_37' title="bbox 153 3418 1834 3492">
    <p class='ocr_par' dir='ltr' id='par_1_37' title="bbox 153 3418 1834 3492">
     <span class='ocr_line' id='line_1_37' title="bbox 153 3418 1834 3492; baseline 0.002 -20"><span class='ocrx_word' id='word_1_267' title='bbox 153 3418 283 3472; x_wconf 87' lang='lat' dir='ltr'>mihi</span> <span class='ocrx_word' id='word_1_268' title='bbox 312 3421 465 3486; x_wconf 91' lang='lat' dir='ltr'>volo,</span> <span class='ocrx_word' id='word_1_269' title='bbox 498 3421 584 3474; x_wconf 91' lang='lat' dir='ltr'>vel</span> <span class='ocrx_word' id='word_1_270' title='bbox 637 3419 832 3474; x_wconf 89' lang='lat' dir='ltr'>deesse</span> <span class='ocrx_word' id='word_1_271' title='bbox 878 3420 1053 3475; x_wconf 90' lang='lat' dir='ltr'>timeo</span> <span class='ocrx_word' id='word_1_272' title='bbox 1102 3426 1338 3492; x_wconf 84' lang='lat' dir='ltr'>propter</span> <span class='ocrx_word' id='word_1_273' title='bbox 1373 3422 1588 3492; x_wconf 89' lang='lat' dir='ltr'>ipsam;</span> <span class='ocrx_word' id='word_1_274' title='bbox 1640 3423 1834 3490; x_wconf 90' lang='lat' dir='ltr'>vitam,</span> 
     </span>
    </p>
   </div>
   <div class='ocr_carea' id='block_1_38' title="bbox 153 3507 1830 3581">
    <p class='ocr_par' dir='ltr' id='par_1_38' title="bbox 153 3507 1830 3581">
     <span class='ocr_line' id='line_1_38' title="bbox 153 3507 1830 3581; baseline 0.004 -23"><span class='ocrx_word' id='word_1_275' title='bbox 153 3507 412 3577; x_wconf 87' lang='lat' dir='ltr'>quietem,</span> <span class='ocrx_word' id='word_1_276' title='bbox 445 3508 678 3562; x_wconf 88' lang='lat' dir='ltr'>amicos.</span> <span class='ocrx_word' id='word_1_277' title='bbox 710 3509 890 3573; x_wconf 87' lang='lat' dir='ltr'>Quem</span> <span class='ocrx_word' id='word_1_278' title='bbox 915 3510 1156 3564; x_wconf 89' lang='lat' dir='ltr'>modum</span> <span class='ocrx_word' id='word_1_279' title='bbox 1185 3516 1380 3565; x_wconf 90' lang='lat' dir='ltr'>autem</span> <span class='ocrx_word' id='word_1_280' title='bbox 1402 3515 1590 3581; x_wconf 90' lang='lat' dir='ltr'>potest</span> <span class='ocrx_word' id='word_1_281' title='bbox 1619 3511 1830 3566; x_wconf 90' lang='lat' dir='ltr'>habere</span> 
     </span>
    </p>
   </div>
   <div class='ocr_carea' id='block_1_39' title="bbox 153 3594 1834 3669">
    <p class='ocr_par' dir='ltr' id='par_1_39' title="bbox 153 3594 1834 3669">
     <span class='ocr_line' id='line_1_39' title="bbox 153 3594 1834 3669; baseline 0.003 -21"><span class='ocrx_word' id='word_1_282' title='bbox 153 3594 298 3649; x_wconf 89' lang='lat' dir='ltr'>illius</span> <span class='ocrx_word' id='word_1_283' title='bbox 326 3597 772 3667; x_wconf 86' lang='lat' dir='ltr'>pulchritudinis</span> <span class='ocrx_word' id='word_1_284' title='bbox 819 3613 1000 3665; x_wconf 89' lang='lat' dir='ltr'>amor,</span> <span class='ocrx_word' id='word_1_285' title='bbox 1017 3597 1079 3652; x_wconf 91' lang='lat' dir='ltr'>in</span> <span class='ocrx_word' id='word_1_286' title='bbox 1108 3614 1222 3669; x_wconf 89' lang='lat' dir='ltr'>qua</span> <span class='ocrx_word' id='word_1_287' title='bbox 1241 3615 1358 3652; x_wconf 89' lang='lat' dir='ltr'>non</span> <span class='ocrx_word' id='word_1_288' title='bbox 1387 3599 1571 3653; x_wconf 89' lang='lat' dir='ltr'>solum</span> <span class='ocrx_word' id='word_1_289' title='bbox 1601 3615 1715 3654; x_wconf 91' lang='lat' dir='ltr'>non</span> <span class='ocrx_word' id='word_1_290' title='bbox 1739 3599 1834 3653; x_wconf 91' lang='lat' dir='ltr'>in-</span> 
     </span>
    </p>
   </div>
   <div class='ocr_carea' id='block_1_40' title="bbox 154 3685 1834 3759">
    <p class='ocr_par' dir='ltr' id='par_1_40' title="bbox 154 3685 1834 3759">
     <span class='ocr_line' id='line_1_40' title="bbox 154 3685 1834 3759; baseline 0.004 -24"><span class='ocrx_word' id='word_1_291' title='bbox 154 3685 307 3739; x_wconf 86' lang='lat' dir='ltr'>video</span> <span class='ocrx_word' id='word_1_292' title='bbox 328 3685 574 3750; x_wconf 69' lang='lat' dir='ltr'>czeteris,</span> <span class='ocrx_word' id='word_1_293' title='bbox 607 3686 704 3739; x_wconf 90' lang='lat' dir='ltr'>sed</span> <span class='ocrx_word' id='word_1_294' title='bbox 733 3686 906 3740; x_wconf 90' lang='lat' dir='ltr'>etiam</span> <span class='ocrx_word' id='word_1_295' title='bbox 936 3687 1215 3756; x_wconf 90' lang='lat' dir='ltr'>plurimos</span> <span class='ocrx_word' id='word_1_296' title='bbox 1247 3705 1444 3759; x_wconf 62' lang='lat' dir='ltr'>quaero</span> <span class='ocrx_word' id='word_1_297' title='bbox 1479 3688 1579 3759; x_wconf 88' lang='lat' dir='ltr'>qui</span> <span class='ocrx_word' id='word_1_298' title='bbox 1609 3704 1834 3742; x_wconf 90' lang='lat' dir='ltr'>mecum</span> 
     </span>
    </p>
   </div>
   <div class='ocr_carea' id='block_1_41' title="bbox 150 3775 1833 3844">
    <p class='ocr_par' dir='ltr' id='par_1_41' title="bbox 150 3775 1833 3844">
     <span class='ocr_line' id='line_1_41' title="bbox 150 3775 1833 3844; baseline 0.004 -19"><span class='ocrx_word' id='word_1_299' title='bbox 150 3779 425 3844; x_wconf 85' lang='lat' dir='ltr'>appetant,</span> <span class='ocrx_word' id='word_1_300' title='bbox 469 3790 694 3829; x_wconf 90' lang='lat' dir='ltr'>mecum</span> <span class='ocrx_word' id='word_1_301' title='bbox 741 3775 985 3841; x_wconf 89' lang='lat' dir='ltr'>inhient,</span> <span class='ocrx_word' id='word_1_302' title='bbox 1016 3791 1242 3830; x_wconf 89' lang='lat' dir='ltr'>mecum</span> <span class='ocrx_word' id='word_1_303' title='bbox 1281 3781 1530 3843; x_wconf 89' lang='lat' dir='ltr'>teneant,</span> <span class='ocrx_word' id='word_1_304' title='bbox 1579 3793 1833 3832; x_wconf 90' lang='lat' dir='ltr'>mecum-</span> 
     </span>
    </p>
   </div>
   <div class='ocr_carea' id='block_1_42' title="bbox 149 3863 1836 3936">
    <p class='ocr_par' dir='ltr' id='par_1_42' title="bbox 149 3863 1836 3936">
     <span class='ocr_line' id='line_1_42' title="bbox 149 3863 1836 3936; baseline 0.002 -20"><span class='ocrx_word' id='word_1_305' title='bbox 149 3878 250 3932; x_wconf 86' lang='lat' dir='ltr'>que</span> <span class='ocrx_word' id='word_1_306' title='bbox 278 3863 676 3933; x_wconf 85' lang='lat' dir='ltr'>perfruantur;</span> <span class='ocrx_word' id='word_1_307' title='bbox 712 3867 868 3916; x_wconf 90' lang='lat' dir='ltr'>tanto</span> <span class='ocrx_word' id='word_1_308' title='bbox 897 3863 1042 3917; x_wconf 88' lang='lat' dir='ltr'>mihi</span> <span class='ocrx_word' id='word_1_309' title='bbox 1071 3864 1371 3919; x_wconf 89' lang='lat' dir='ltr'>amiciores</span> <span class='ocrx_word' id='word_1_310' title='bbox 1400 3864 1597 3931; x_wconf 86' lang='lat' dir='ltr'>futuri,</span> <span class='ocrx_word' id='word_1_311' title='bbox 1625 3869 1836 3936; x_wconf 88' lang='lat' dir='ltr'>quanto</span> 
     </span>
    </p>
   </div>
   <div class='ocr_carea' id='block_1_43' title="bbox 149 3951 1057 4007">
    <p class='ocr_par' dir='ltr' id='par_1_43' title="bbox 149 3951 1057 4007">
     <span class='ocr_line' id='line_1_43' title="bbox 149 3951 1057 4007; baseline 0.003 -3"><span class='ocrx_word' id='word_1_312' title='bbox 149 3951 249 4004; x_wconf 89' lang='lat' dir='ltr'>erit</span> <span class='ocrx_word' id='word_1_313' title='bbox 265 3952 432 4006; x_wconf 91' lang='lat' dir='ltr'>nobis</span> <span class='ocrx_word' id='word_1_314' title='bbox 464 3956 653 4006; x_wconf 88' lang='lat' dir='ltr'>amata</span> <span class='ocrx_word' id='word_1_315' title='bbox 681 3952 1057 4007; x_wconf 89' lang='lat' dir='ltr'>communior.</span> 
     </span>
    </p>
   </div>
   <div class='ocr_carea' id='block_1_44' title="bbox 209 4041 1826 4113">
    <p class='ocr_par' dir='ltr' id='par_1_44' title="bbox 209 4041 1826 4113">
     <span class='ocr_line' id='line_1_44' title="bbox 209 4041 1826 4113; baseline 0.002 -21"><span class='ocrx_word' id='word_1_316' title='bbox 209 4043 294 4096; x_wconf 79' lang='lat'>23.</span> <span class='ocrx_word' id='word_1_317' title='bbox 337 4044 402 4096; x_wconf 79' lang='grc' dir='ltr'>Β.</span> <span class='ocrx_word' id='word_1_318' title='bbox 432 4043 673 4096; x_wconf 90' lang='lat' dir='ltr'>Prorsus</span> <span class='ocrx_word' id='word_1_319' title='bbox 697 4041 835 4095; x_wconf 84' lang='lat' dir='ltr'>tales</span> <span class='ocrx_word' id='word_1_320' title='bbox 864 4058 982 4095; x_wconf 91' lang='lat' dir='ltr'>esse</span> <span class='ocrx_word' id='word_1_321' title='bbox 1011 4045 1294 4096; x_wconf 91' lang='lat' dir='ltr'>amatores</span> <span class='ocrx_word' id='word_1_322' title='bbox 1320 4042 1614 4113; x_wconf 65' lang='lat' dir='ltr'>sapientiae</span> <span class='ocrx_word' id='word_1_323' title='bbox 1643 4041 1826 4096; x_wconf 90' lang='lat' dir='ltr'>decet.</span> 
     </span>
    </p>
   </div>
   <div class='ocr_carea' id='block_1_45' title="bbox 145 4127 1835 4200">
    <p class='ocr_par' dir='ltr' id='par_1_45' title="bbox 145 4127 1835 4200">
     <span class='ocr_line' id='line_1_45' title="bbox 145 4127 1835 4200; baseline 0.001 -20"><span class='ocrx_word' id='word_1_324' title='bbox 145 4127 290 4181; x_wconf 86' lang='lat' dir='ltr'>Tales</span> <span class='ocrx_word' id='word_1_325' title='bbox 329 4129 544 4200; x_wconf 65' lang='lat' dir='ltr'>quaerit</span> <span class='ocrx_word' id='word_1_326' title='bbox 587 4128 685 4182; x_wconf 91' lang='lat' dir='ltr'>illa</span> <span class='ocrx_word' id='word_1_327' title='bbox 729 4129 888 4198; x_wconf 87' lang='lat' dir='ltr'>cujus</span> <span class='ocrx_word' id='word_1_328' title='bbox 933 4146 1062 4184; x_wconf 87' lang='lat' dir='ltr'>vere</span> <span class='ocrx_word' id='word_1_329' title='bbox 1105 4135 1256 4185; x_wconf 90' lang='lat' dir='ltr'>casta</span> <span class='ocrx_word' id='word_1_330' title='bbox 1301 4136 1402 4195; x_wconf 87' lang='lat' dir='ltr'>est,</span> <span class='ocrx_word' id='word_1_331' title='bbox 1452 4135 1509 4184; x_wconf 91' lang='lat' dir='ltr'>et</span> <span class='ocrx_word' id='word_1_332' title='bbox 1554 4130 1676 4185; x_wconf 88' lang='lat' dir='ltr'>sine</span> <span class='ocrx_word' id='word_1_333' title='bbox 1720 4130 1835 4184; x_wconf 89' lang='lat' dir='ltr'>ulla</span> 
     </span>
    </p>
   </div>
   <div class='ocr_carea' id='block_1_46' title="bbox 148 4217 1836 4286">
    <p class='ocr_par' dir='ltr' id='par_1_46' title="bbox 148 4217 1836 4286">
     <span class='ocr_line' id='line_1_46' title="bbox 148 4217 1836 4286; baseline 0.002 -17"><span class='ocrx_word' id='word_1_334' title='bbox 148 4217 625 4272; x_wconf 88' lang='lat' dir='ltr'>contaminatione</span> <span class='ocrx_word' id='word_1_335' title='bbox 655 4218 1001 4284; x_wconf 87' lang='lat' dir='ltr'>conjunctio.</span> <span class='ocrx_word' id='word_1_336' title='bbox 1033 4219 1141 4273; x_wconf 89' lang='lat' dir='ltr'>Sed</span> <span class='ocrx_word' id='word_1_337' title='bbox 1179 4235 1296 4273; x_wconf 89' lang='lat' dir='ltr'>non</span> <span class='ocrx_word' id='word_1_338' title='bbox 1326 4220 1396 4274; x_wconf 93' lang='lat' dir='ltr'>ad</span> <span class='ocrx_word' id='word_1_339' title='bbox 1443 4235 1570 4286; x_wconf 81' lang='lat' dir='ltr'>eam</span> <span class='ocrx_word' id='word_1_340' title='bbox 1599 4235 1716 4273; x_wconf 90' lang='lat' dir='ltr'>una</span> <span class='ocrx_word' id='word_1_341' title='bbox 1745 4219 1836 4272; x_wconf 86' lang='lat' dir='ltr'>via</span> 
     </span>
    </p>
   </div>
   <div class='ocr_carea' id='block_1_47' title="bbox 150 4305 1837 4379">
    <p class='ocr_par' dir='ltr' id='par_1_47' title="bbox 150 4305 1837 4379">
     <span class='ocr_line' id='line_1_47' title="bbox 150 4305 1837 4379; baseline 0.002 -22"><span class='ocrx_word' id='word_1_342' title='bbox 150 4305 472 4373; x_wconf 86' lang='lat' dir='ltr'>pervenitur</span> <span class='ocrx_word' id='word_1_343' title='bbox 497 4306 607 4377; x_wconf 89' lang='lat' dir='ltr'>(a).</span> <span class='ocrx_word' id='word_1_344' title='bbox 640 4306 860 4377; x_wconf 88' lang='lat' dir='ltr'>Quippe</span> <span class='ocrx_word' id='word_1_345' title='bbox 882 4324 984 4378; x_wconf 91' lang='lat' dir='ltr'>pro</span> <span class='ocrx_word' id='word_1_346' title='bbox 1009 4324 1112 4362; x_wconf 88' lang='lat' dir='ltr'>sua</span> <span class='ocrx_word' id='word_1_347' title='bbox 1136 4308 1379 4379; x_wconf 86' lang='lat' dir='ltr'>quisque</span> <span class='ocrx_word' id='word_1_348' title='bbox 1401 4308 1639 4362; x_wconf 89' lang='lat' dir='ltr'>sanitate</span> <span class='ocrx_word' id='word_1_349' title='bbox 1659 4324 1720 4362; x_wconf 90' lang='lat' dir='ltr'>ac</span> <span class='ocrx_word' id='word_1_350' title='bbox 1746 4309 1837 4362; x_wconf 82' lang='lat' dir='ltr'>tir-</span> 
     </span>
    </p>
   </div>
   <div class='ocr_carea' id='block_1_48' title="bbox 151 4392 1836 4466">
    <p class='ocr_par' dir='ltr' id='par_1_48' title="bbox 151 4392 1836 4466">
     <span class='ocr_line' id='line_1_48' title="bbox 151 4392 1836 4466; baseline 0.002 -19"><span class='ocrx_word' id='word_1_351' title='bbox 151 4392 332 4448; x_wconf 88' lang='lat' dir='ltr'>mitate</span> <span class='ocrx_word' id='word_1_352' title='bbox 371 4395 807 4465; x_wconf 89' lang='lat' dir='ltr'>comprehendit</span> <span class='ocrx_word' id='word_1_353' title='bbox 845 4396 985 4450; x_wconf 91' lang='lat' dir='ltr'>illud</span> <span class='ocrx_word' id='word_1_354' title='bbox 1031 4397 1320 4466; x_wconf 83' lang='lat' dir='ltr'>singulare</span> <span class='ocrx_word' id='word_1_355' title='bbox 1365 4413 1430 4452; x_wconf 91' lang='lat' dir='ltr'>ac</span> <span class='ocrx_word' id='word_1_356' title='bbox 1475 4396 1836 4450; x_wconf 88' lang='lat' dir='ltr'>verissimum</span> 
     </span>
    </p>
   </div>
   <div class='ocr_carea' id='block_1_49' title="bbox 149 4481 1834 4556">
    <p class='ocr_par' dir='ltr' id='par_1_49' title="bbox 149 4481 1834 4556">
     <span class='ocr_line' id='line_1_49' title="bbox 149 4481 1834 4556; baseline 0.004 -23"><span class='ocrx_word' id='word_1_357' title='bbox 149 4481 372 4537; x_wconf 86' lang='lat' dir='ltr'>bonum.</span> <span class='ocrx_word' id='word_1_358' title='bbox 411 4485 530 4537; x_wconf 86' lang='lat' dir='ltr'>Lux</span> <span class='ocrx_word' id='word_1_359' title='bbox 561 4489 645 4538; x_wconf 90' lang='lat' dir='ltr'>est</span> <span class='ocrx_word' id='word_1_360' title='bbox 674 4484 937 4554; x_wconf 63' lang='lat' dir='ltr'>quaedam</span> <span class='ocrx_word' id='word_1_361' title='bbox 969 4483 1270 4539; x_wconf 82' lang='lat' dir='ltr'>ineffabilis</span> <span class='ocrx_word' id='word_1_362' title='bbox 1301 4489 1356 4539; x_wconf 90' lang='lat' dir='ltr'>et</span> <span class='ocrx_word' id='word_1_363' title='bbox 1392 4485 1834 4556; x_wconf 85' lang='lat' dir='ltr'>incomprehen-</span> 
     </span>
    </p>
   </div>
   <div class='ocr_carea' id='block_1_50' title="bbox 149 4569 1834 4644">
    <p class='ocr_par' dir='ltr' id='par_1_50' title="bbox 149 4569 1834 4644">
     <span class='ocr_line' id='line_1_50' title="bbox 149 4569 1834 4644; baseline 0.005 -24"><span class='ocrx_word' id='word_1_364' title='bbox 149 4569 316 4625; x_wconf 89' lang='lat' dir='ltr'>sibilis</span> <span class='ocrx_word' id='word_1_365' title='bbox 335 4571 640 4627; x_wconf 89' lang='lat' dir='ltr'>mentium.</span> <span class='ocrx_word' id='word_1_366' title='bbox 674 4575 790 4627; x_wconf 86' lang='lat' dir='ltr'>Lux</span> <span class='ocrx_word' id='word_1_367' title='bbox 811 4573 921 4627; x_wconf 89' lang='lat' dir='ltr'>ista</span> <span class='ocrx_word' id='word_1_368' title='bbox 938 4573 1188 4643; x_wconf 90' lang='lat' dir='ltr'>vulgaris</span> <span class='ocrx_word' id='word_1_369' title='bbox 1207 4591 1312 4628; x_wconf 92' lang='lat' dir='ltr'>nos</span> <span class='ocrx_word' id='word_1_370' title='bbox 1332 4574 1533 4629; x_wconf 91' lang='lat' dir='ltr'>doceat</span> <span class='ocrx_word' id='word_1_371' title='bbox 1557 4578 1834 4644; x_wconf 89' lang='lat' dir='ltr'>quantum</span> 
     </span>
    </p>
   </div>
   <div class='ocr_carea' id='block_1_51' title="bbox 148 4661 1836 4732">
    <p class='ocr_par' dir='ltr' id='par_1_51' title="bbox 148 4661 1836 4732">
     <span class='ocr_line' id='line_1_51' title="bbox 148 4661 1836 4732; baseline 0.002 -20"><span class='ocrx_word' id='word_1_372' title='bbox 148 4664 338 4727; x_wconf 89' lang='lat' dir='ltr'>potest,</span> <span class='ocrx_word' id='word_1_373' title='bbox 369 4661 664 4732; x_wconf 90' lang='lat' dir='ltr'>quomodo</span> <span class='ocrx_word' id='word_1_374' title='bbox 695 4678 752 4715; x_wconf 90' lang='lat' dir='ltr'>se</span> <span class='ocrx_word' id='word_1_375' title='bbox 800 4661 944 4716; x_wconf 90' lang='lat' dir='ltr'>illud</span> <span class='ocrx_word' id='word_1_376' title='bbox 971 4662 1196 4716; x_wconf 90' lang='lat' dir='ltr'>habeat.</span> <span class='ocrx_word' id='word_1_377' title='bbox 1232 4663 1374 4716; x_wconf 88' lang='lat' dir='ltr'>Nam</span> <span class='ocrx_word' id='word_1_378' title='bbox 1404 4666 1537 4716; x_wconf 88' lang='lat' dir='ltr'>sunt</span> <span class='ocrx_word' id='word_1_379' title='bbox 1577 4661 1836 4716; x_wconf 92' lang='lat' dir='ltr'>nonnulli</span> 
     </span>
    </p>
   </div>
   <div class='ocr_carea' id='block_1_52' title="bbox 147 4748 1831 4823">
    <p class='ocr_par' dir='ltr' id='par_1_52' title="bbox 147 4748 1831 4823">
     <span class='ocr_line' id='line_1_52' title="bbox 147 4748 1831 4823; baseline 0.003 -25"><span class='ocrx_word' id='word_1_380' title='bbox 147 4748 282 4802; x_wconf 91' lang='lat' dir='ltr'>oculi</span> <span class='ocrx_word' id='word_1_381' title='bbox 311 4754 427 4804; x_wconf 89' lang='lat' dir='ltr'>tam</span> <span class='ocrx_word' id='word_1_382' title='bbox 451 4749 578 4803; x_wconf 91' lang='lat' dir='ltr'>sani</span> <span class='ocrx_word' id='word_1_383' title='bbox 605 4753 661 4804; x_wconf 90' lang='lat' dir='ltr'>et</span> <span class='ocrx_word' id='word_1_384' title='bbox 685 4751 889 4822; x_wconf 90' lang='lat' dir='ltr'>vegeti,</span> <span class='ocrx_word' id='word_1_385' title='bbox 922 4751 1023 4823; x_wconf 90' lang='lat' dir='ltr'>qui</span> <span class='ocrx_word' id='word_1_386' title='bbox 1046 4768 1124 4814; x_wconf 91' lang='lat' dir='ltr'>se,</span> <span class='ocrx_word' id='word_1_387' title='bbox 1147 4767 1279 4804; x_wconf 89' lang='lat' dir='ltr'>mox</span> <span class='ocrx_word' id='word_1_388' title='bbox 1311 4755 1376 4804; x_wconf 91' lang='lat' dir='ltr'>ut</span> <span class='ocrx_word' id='word_1_389' title='bbox 1391 4749 1576 4821; x_wconf 85' lang='lat' dir='ltr'>aperti</span> <span class='ocrx_word' id='word_1_390' title='bbox 1597 4750 1831 4815; x_wconf 89' lang='lat' dir='ltr'>fuerint,</span> 
     </span>
    </p>
   </div>
   <div class='ocr_carea' id='block_1_53' title="bbox 147 4833 1836 4910">
    <p class='ocr_par' dir='ltr' id='par_1_53' title="bbox 147 4833 1836 4910">
     <span class='ocr_line' id='line_1_53' title="bbox 147 4833 1836 4910; baseline 0.004 -25"><span class='ocrx_word' id='word_1_391' title='bbox 147 4833 200 4887; x_wconf 89' lang='lat' dir='ltr'>in</span> <span class='ocrx_word' id='word_1_392' title='bbox 226 4836 411 4907; x_wconf 87' lang='lat' dir='ltr'>ipsum</span> <span class='ocrx_word' id='word_1_393' title='bbox 445 4837 624 4891; x_wconf 90' lang='lat' dir='ltr'>solem</span> <span class='ocrx_word' id='word_1_394' title='bbox 656 4836 779 4892; x_wconf 92' lang='lat' dir='ltr'>sine</span> <span class='ocrx_word' id='word_1_395' title='bbox 808 4839 928 4893; x_wconf 93' lang='lat' dir='ltr'>ulla</span> <span class='ocrx_word' id='word_1_396' title='bbox 951 4838 1328 4910; x_wconf 89' lang='lat' dir='ltr'>trepidatione</span> <span class='ocrx_word' id='word_1_397' title='bbox 1355 4842 1703 4892; x_wconf 88' lang='lat' dir='ltr'>convertant.</span> <span class='ocrx_word' id='word_1_398' title='bbox 1739 4837 1836 4892; x_wconf 84' lang='lat' dir='ltr'>His</span> 
     </span>
    </p>
   </div>
   <div class='ocr_carea' id='block_1_54' title="bbox 149 4925 1833 4998">
    <p class='ocr_par' dir='ltr' id='par_1_54' title="bbox 149 4925 1833 4998">
     <span class='ocr_line' id='line_1_54' title="bbox 149 4925 1833 4998; baseline 0.001 -20"><span class='ocrx_word' id='word_1_399' title='bbox 149 4925 565 4993; x_wconf 88' lang='lat' dir='ltr'>quodammodo</span> <span class='ocrx_word' id='word_1_400' title='bbox 596 4927 719 4998; x_wconf 90' lang='lat' dir='ltr'>ipsa</span> <span class='ocrx_word' id='word_1_401' title='bbox 750 4927 847 4981; x_wconf 89' lang='lat' dir='ltr'>lux</span> <span class='ocrx_word' id='word_1_402' title='bbox 886 4928 1096 4982; x_wconf 90' lang='lat' dir='ltr'>sanitas</span> <span class='ocrx_word' id='word_1_403' title='bbox 1144 4931 1244 4994; x_wconf 92' lang='lat' dir='ltr'>est,</span> <span class='ocrx_word' id='word_1_404' title='bbox 1278 4944 1383 4982; x_wconf 89' lang='lat' dir='ltr'>nec</span> <span class='ocrx_word' id='word_1_405' title='bbox 1413 4927 1644 4980; x_wconf 91' lang='lat' dir='ltr'>doctore</span> <span class='ocrx_word' id='word_1_406' title='bbox 1684 4925 1833 4980; x_wconf 91' lang='lat' dir='ltr'>indi-</span> 
     </span>
    </p>
   </div>
   <div class='ocr_carea' id='block_1_55' title="bbox 148 5012 1824 5081">
    <p class='ocr_par' dir='ltr' id='par_1_55' title="bbox 148 5012 1824 5081">
     <span class='ocr_line' id='line_1_55' title="bbox 148 5012 1824 5081; baseline 0.002 -15"><span class='ocrx_word' id='word_1_407' title='bbox 148 5018 274 5080; x_wconf 81' lang='lat' dir='ltr'>gent</span> <span class='ocrx_word' id='word_1_408' title='bbox 300 5012 343 5081; x_wconf 74' lang='grc' dir='ltr'>ί,</span> <span class='ocrx_word' id='word_1_409' title='bbox 388 5015 489 5070; x_wconf 90' lang='lat' dir='ltr'>sed</span> <span class='ocrx_word' id='word_1_410' title='bbox 537 5016 657 5070; x_wconf 91' lang='lat' dir='ltr'>sola</span> <span class='ocrx_word' id='word_1_411' title='bbox 697 5015 932 5071; x_wconf 86' lang='lat' dir='ltr'>fortasse</span> <span class='ocrx_word' id='word_1_412' title='bbox 979 5016 1390 5071; x_wconf 89' lang='lat' dir='ltr'>admonitione.</span> <span class='ocrx_word' id='word_1_413' title='bbox 1436 5014 1532 5070; x_wconf 85' lang='lat' dir='ltr'>His</span> <span class='ocrx_word' id='word_1_414' title='bbox 1582 5015 1824 5077; x_wconf 71' lang='lat' dir='ltr'>credere,</span> 
     </span>
    </p>
   </div>
   <div class='ocr_carea' id='block_1_56' title="bbox 149 5103 1834 5176">
    <p class='ocr_par' dir='ltr' id='par_1_56' title="bbox 149 5103 1834 5176">
     <span class='ocr_line' id='line_1_56' title="bbox 149 5103 1834 5176; baseline 0.004 -25"><span class='ocrx_word' id='word_1_415' title='bbox 149 5117 386 5171; x_wconf 89' lang='lat' dir='ltr'>sperare,</span> <span class='ocrx_word' id='word_1_416' title='bbox 417 5119 614 5158; x_wconf 88' lang='lat' dir='ltr'>amare</span> <span class='ocrx_word' id='word_1_417' title='bbox 643 5104 779 5158; x_wconf 90' lang='lat' dir='ltr'>satis</span> <span class='ocrx_word' id='word_1_418' title='bbox 823 5109 925 5158; x_wconf 89' lang='lat' dir='ltr'>est.</span> <span class='ocrx_word' id='word_1_419' title='bbox 956 5105 1069 5159; x_wconf 84' lang='lat' dir='ltr'>Alii</span> <span class='ocrx_word' id='word_1_420' title='bbox 1097 5121 1228 5159; x_wconf 92' lang='lat' dir='ltr'>vero</span> <span class='ocrx_word' id='word_1_421' title='bbox 1267 5105 1392 5176; x_wconf 92' lang='lat' dir='ltr'>ipso</span> <span class='ocrx_word' id='word_1_422' title='bbox 1430 5120 1603 5175; x_wconf 88' lang='lat' dir='ltr'>quem</span> <span class='ocrx_word' id='word_1_423' title='bbox 1644 5103 1834 5158; x_wconf 89' lang='lat' dir='ltr'>videre</span> 
     </span>
    </p>
   </div>
   <div class='ocr_carea' id='block_1_57' title="bbox 147 5189 1834 5263">
    <p class='ocr_par' dir='ltr' id='par_1_57' title="bbox 147 5189 1834 5263">
     <span class='ocr_line' id='line_1_57' title="bbox 147 5189 1834 5263; baseline 0.002 -20"><span class='ocrx_word' id='word_1_424' title='bbox 147 5189 509 5246; x_wconf 82' lang='lat' dir='ltr'>vehementer</span> <span class='ocrx_word' id='word_1_425' title='bbox 536 5191 881 5259; x_wconf 89' lang='lat' dir='ltr'>desiderant,</span> <span class='ocrx_word' id='word_1_426' title='bbox 925 5193 1151 5263; x_wconf 86' lang='lat' dir='ltr'>fulgore</span> <span class='ocrx_word' id='word_1_427' title='bbox 1197 5193 1500 5260; x_wconf 89' lang='lat' dir='ltr'>feriuntur,</span> <span class='ocrx_word' id='word_1_428' title='bbox 1533 5197 1588 5247; x_wconf 95' lang='lat' dir='ltr'>et</span> <span class='ocrx_word' id='word_1_429' title='bbox 1616 5209 1681 5246; x_wconf 92' lang='lat' dir='ltr'>eo</span> <span class='ocrx_word' id='word_1_430' title='bbox 1720 5209 1834 5246; x_wconf 89' lang='lat' dir='ltr'>non</span> 
     </span>
    </p>
   </div>
   <div class='ocr_carea' id='block_1_58' title="bbox 148 5276 1836 5351">
    <p class='ocr_par' dir='ltr' id='par_1_58' title="bbox 148 5276 1836 5351">
     <span class='ocr_line' id='line_1_58' title="bbox 148 5276 1836 5351; baseline 0.004 -21"><span class='ocrx_word' id='word_1_431' title='bbox 148 5276 256 5332; x_wconf 86' lang='lat' dir='ltr'>viso</span> <span class='ocrx_word' id='word_1_432' title='bbox 273 5295 422 5351; x_wconf 72' lang='lat' dir='ltr'>saepe</span> <span class='ocrx_word' id='word_1_433' title='bbox 436 5280 499 5334; x_wconf 92' lang='lat' dir='ltr'>in</span> <span class='ocrx_word' id='word_1_434' title='bbox 521 5281 784 5336; x_wconf 88' lang='lat' dir='ltr'>tenebras</span> <span class='ocrx_word' id='word_1_435' title='bbox 803 5298 933 5337; x_wconf 90' lang='lat' dir='ltr'>cum</span> <span class='ocrx_word' id='word_1_436' title='bbox 955 5281 1326 5336; x_wconf 85' lang='lat' dir='ltr'>delectatione</span> <span class='ocrx_word' id='word_1_437' title='bbox 1345 5281 1604 5336; x_wconf 90' lang='lat' dir='ltr'>redeunt.</span> <span class='ocrx_word' id='word_1_438' title='bbox 1619 5280 1836 5345; x_wconf 87' lang='lat' dir='ltr'>Quibus</span> 
     </span>
    </p>
   </div>
   <div class='ocr_carea' id='block_1_59' title="bbox 204 5430 1834 5494">
    <p class='ocr_par' dir='ltr' id='par_1_59' title="bbox 204 5430 1834 5494">
     <span class='ocr_line' id='line_1_59' title="bbox 204 5430 1834 5494; baseline 0.002 -16"><span class='ocrx_word' id='word_1_439' title='bbox 204 5432 216 5463; x_wconf 79' lang='grc' dir='ltr'><strong>ι</strong></span> <span class='ocrx_word' id='word_1_440' title='bbox 241 5431 392 5479; x_wconf 87' lang='lat' dir='ltr'>Edd.:</span> <span class='ocrx_word' id='word_1_441' title='bbox 431 5433 562 5494; x_wconf 84' lang='lat' dir='ltr'>Ipsa</span> <span class='ocrx_word' id='word_1_442' title='bbox 586 5433 788 5494; x_wconf 68' lang='lat' dir='ltr'>sanitas</span> <span class='ocrx_word' id='word_1_443' title='bbox 821 5432 935 5482; x_wconf 78' lang='lat' dir='ltr'>dux</span> <span class='ocrx_word' id='word_1_444' title='bbox 965 5433 1166 5491; x_wconf 82' lang='lat' dir='ltr'>est,nec</span> <span class='ocrx_word' id='word_1_445' title='bbox 1193 5431 1415 5483; x_wconf 83' lang='lat' dir='ltr'>ductore</span> <span class='ocrx_word' id='word_1_446' title='bbox 1434 5430 1682 5494; x_wconf 75' lang='lat' dir='ltr'>indigent.</span> <span class='ocrx_word' id='word_1_447' title='bbox 1710 5431 1834 5481; x_wconf 87' lang='lat' dir='ltr'>Tres</span> 
     </span>
    </p>
   </div>
   <div class='ocr_carea' id='block_1_60' title="bbox 150 5489 1242 5555">
    <p class='ocr_par' dir='ltr' id='par_1_60' title="bbox 150 5489 1242 5555">
     <span class='ocr_line' id='line_1_60' title="bbox 150 5489 1242 5555; baseline 0.005 -18"><span class='ocrx_word' id='word_1_448' title='bbox 150 5489 280 5547; x_wconf 78' lang='lat' dir='ltr'>Mss.,</span> <span class='ocrx_word' id='word_1_449' title='bbox 297 5497 425 5555; x_wconf 85' lang='lat' dir='ltr'>Ipsa</span> <span class='ocrx_word' id='word_1_450' title='bbox 447 5489 548 5543; x_wconf 71' lang='lat' dir='ltr'>lux</span> <span class='ocrx_word' id='word_1_451' title='bbox 566 5493 767 5542; x_wconf 78' lang='lat' dir='ltr'>sanitas</span> <span class='ocrx_word' id='word_1_452' title='bbox 787 5498 880 5550; x_wconf 78' lang='lat' dir='ltr'>est,</span> <span class='ocrx_word' id='word_1_453' title='bbox 901 5507 994 5544; x_wconf 82' lang='lat' dir='ltr'>nec</span> <span class='ocrx_word' id='word_1_454' title='bbox 1015 5489 1242 5544; x_wconf 82' lang='lat' dir='ltr'>doctore.</span> 
     </span>
    </p>
   </div>
   <div class='ocr_carea' id='block_1_61' title="bbox 204 5555 979 5618">
    <p class='ocr_par' dir='ltr' id='par_1_61' title="bbox 204 5555 979 5618">
     <span class='ocr_line' id='line_1_61' title="bbox 204 5555 979 5618; baseline 0.003 -17"><span class='ocrx_word' id='word_1_455' title='bbox 204 5555 315 5615; x_wconf 70' lang='lat' dir='ltr'>(a)!</span> <span class='ocrx_word' id='word_1_456' title='bbox 346 5556 601 5614; x_wconf 84' lang='lat' dir='ltr'>Retract.,</span> <span class='ocrx_word' id='word_1_457' title='bbox 631 5569 744 5618; x_wconf 87' lang='lat' dir='ltr'>cap.</span> <span class='ocrx_word' id='word_1_458' title='bbox 782 5557 828 5616; x_wconf 69' lang='grc'>4,</span> <span class='ocrx_word' id='word_1_459' title='bbox 854 5569 906 5604; x_wconf 93' lang='lat' dir='ltr'>n.</span> <span class='ocrx_word' id='word_1_460' title='bbox 933 5558 979 5605; x_wconf 90' lang='lat'>3.</span> 
     </span>
    </p>
   </div>
   <div class='ocr_carea' id='block_1_62' title="bbox 3555 308 3663 361">
    <p class='ocr_par' dir='ltr' id='par_1_62' title="bbox 3555 308 3663 361">
     <span class='ocr_line' id='line_1_62' title="bbox 3555 308 3663 361; baseline 0 -1"><span class='ocrx_word' id='word_1_461' title='bbox 3555 308 3663 361; x_wconf 86' lang='lat'>882</span> 
     </span>
    </p>
   </div>
   <div class='ocr_carea' id='block_1_63' title="bbox 1964 420 3662 493">
    <p class='ocr_par' dir='ltr' id='par_1_63' title="bbox 1964 420 3662 493">
     <span class='ocr_line' id='line_1_63' title="bbox 1964 420 3662 493; baseline 0.006 -20"><span class='ocrx_word' id='word_1_462' title='bbox 1964 420 2352 490; x_wconf 86' lang='lat' dir='ltr'>periculosum</span> <span class='ocrx_word' id='word_1_463' title='bbox 2389 427 2490 486; x_wconf 92' lang='lat' dir='ltr'>est,</span> <span class='ocrx_word' id='word_1_464' title='bbox 2534 423 2792 493; x_wconf 89' lang='lat' dir='ltr'>quamvis</span> <span class='ocrx_word' id='word_1_465' title='bbox 2827 423 2950 492; x_wconf 89' lang='lat' dir='ltr'>jam</span> <span class='ocrx_word' id='word_1_466' title='bbox 2994 423 3199 478; x_wconf 89' lang='lat' dir='ltr'>talibus</span> <span class='ocrx_word' id='word_1_467' title='bbox 3246 429 3310 479; x_wconf 89' lang='lat' dir='ltr'>ut</span> <span class='ocrx_word' id='word_1_468' title='bbox 3351 427 3471 481; x_wconf 88' lang='lat' dir='ltr'>sani</span> <span class='ocrx_word' id='word_1_469' title='bbox 3513 431 3662 482; x_wconf 89' lang='lat' dir='ltr'>recte</span> 
     </span>
    </p>
   </div>
   <div class='ocr_carea' id='block_1_64' title="bbox 1965 507 3663 582">
    <p class='ocr_par' dir='ltr' id='par_1_64' title="bbox 1965 507 3663 582">
     <span class='ocr_line' id='line_1_64' title="bbox 1965 507 3663 582; baseline 0.004 -20"><span class='ocrx_word' id='word_1_470' title='bbox 1965 507 2077 562; x_wconf 90' lang='lat' dir='ltr'>dici</span> <span class='ocrx_word' id='word_1_471' title='bbox 2113 509 2352 578; x_wconf 87' lang='lat' dir='ltr'>possint,</span> <span class='ocrx_word' id='word_1_472' title='bbox 2385 510 2527 564; x_wconf 86' lang='lat' dir='ltr'>velle</span> <span class='ocrx_word' id='word_1_473' title='bbox 2575 511 2874 565; x_wconf 89' lang='lat' dir='ltr'>ostendere</span> <span class='ocrx_word' id='word_1_474' title='bbox 2906 511 3060 582; x_wconf 89' lang='lat' dir='ltr'>quod</span> <span class='ocrx_word' id='word_1_475' title='bbox 3105 512 3288 566; x_wconf 90' lang='lat' dir='ltr'>adhuc</span> <span class='ocrx_word' id='word_1_476' title='bbox 3317 513 3510 569; x_wconf 92' lang='lat' dir='ltr'>videre</span> <span class='ocrx_word' id='word_1_477' title='bbox 3546 532 3663 570; x_wconf 91' lang='lat' dir='ltr'>non</span> 
     </span>
    </p>
   </div>
   <div class='ocr_carea' id='block_1_65' title="bbox 1961 597 3663 670">
    <p class='ocr_par' dir='ltr' id='par_1_65' title="bbox 1961 597 3663 670">
     <span class='ocr_line' id='line_1_65' title="bbox 1961 597 3663 670; baseline 0.005 -21"><span class='ocrx_word' id='word_1_478' title='bbox 1961 597 2172 652; x_wconf 91' lang='lat' dir='ltr'>valent.</span> <span class='ocrx_word' id='word_1_479' title='bbox 2207 599 2352 665; x_wconf 84' lang='lat' dir='ltr'>Ergo</span> <span class='ocrx_word' id='word_1_480' title='bbox 2384 597 2476 651; x_wconf 88' lang='lat' dir='ltr'>isti</span> <span class='ocrx_word' id='word_1_481' title='bbox 2499 599 2798 654; x_wconf 90' lang='lat' dir='ltr'>exercendi</span> <span class='ocrx_word' id='word_1_482' title='bbox 2827 604 2963 654; x_wconf 89' lang='lat' dir='ltr'>sunt</span> <span class='ocrx_word' id='word_1_483' title='bbox 2987 600 3166 670; x_wconf 91' lang='lat' dir='ltr'>prius,</span> <span class='ocrx_word' id='word_1_484' title='bbox 3193 605 3251 656; x_wconf 92' lang='lat' dir='ltr'>et</span> <span class='ocrx_word' id='word_1_485' title='bbox 3271 617 3472 656; x_wconf 90' lang='lat' dir='ltr'>eorum</span> <span class='ocrx_word' id='word_1_486' title='bbox 3503 620 3663 657; x_wconf 90' lang='lat' dir='ltr'>amor</span> 
     </span>
    </p>
   </div>
   <div class='ocr_carea' id='block_1_66' title="bbox 1961 685 3660 758">
    <p class='ocr_par' dir='ltr' id='par_1_66' title="bbox 1961 685 3660 758">
     <span class='ocr_line' id='line_1_66' title="bbox 1961 685 3660 758; baseline 0.004 -20"><span class='ocrx_word' id='word_1_487' title='bbox 1961 685 2182 739; x_wconf 89' lang='lat' dir='ltr'>utiliter</span> <span class='ocrx_word' id='word_1_488' title='bbox 2211 686 2558 740; x_wconf 75' lang='lat' dir='ltr'>ditferendus</span> <span class='ocrx_word' id='word_1_489' title='bbox 2579 692 2749 758; x_wconf 89' lang='lat' dir='ltr'>atque</span> <span class='ocrx_word' id='word_1_490' title='bbox 2779 688 3119 743; x_wconf 89' lang='lat' dir='ltr'>nutriendus</span> <span class='ocrx_word' id='word_1_491' title='bbox 3140 694 3250 745; x_wconf 90' lang='lat' dir='ltr'>est.</span> <span class='ocrx_word' id='word_1_492' title='bbox 3280 691 3473 744; x_wconf 90' lang='lat' dir='ltr'>Primo</span> <span class='ocrx_word' id='word_1_493' title='bbox 3505 691 3660 746; x_wconf 91' lang='lat' dir='ltr'>enim</span> 
     </span>
    </p>
   </div>
   <div class='ocr_carea' id='block_1_67' title="bbox 1963 775 3659 849">
    <p class='ocr_par' dir='ltr' id='par_1_67' title="bbox 1963 775 3659 849">
     <span class='ocr_line' id='line_1_67' title="bbox 1963 775 3659 849; baseline 0.003 -21"><span class='ocrx_word' id='word_1_494' title='bbox 1963 775 2228 844; x_wconf 79' lang='lat' dir='ltr'>quaedam</span> <span class='ocrx_word' id='word_1_495' title='bbox 2243 775 2355 828; x_wconf 90' lang='lat' dir='ltr'>illis</span> <span class='ocrx_word' id='word_1_496' title='bbox 2369 775 2812 830; x_wconf 82' lang='lat' dir='ltr'>demonstranda</span> <span class='ocrx_word' id='word_1_497' title='bbox 2824 783 2957 831; x_wconf 90' lang='lat' dir='ltr'>sunt</span> <span class='ocrx_word' id='word_1_498' title='bbox 2972 794 3101 848; x_wconf 64' lang='lat' dir='ltr'>quae</span> <span class='ocrx_word' id='word_1_499' title='bbox 3115 795 3232 832; x_wconf 90' lang='lat' dir='ltr'>non</span> <span class='ocrx_word' id='word_1_500' title='bbox 3247 795 3350 849; x_wconf 91' lang='lat' dir='ltr'>per</span> <span class='ocrx_word' id='word_1_501' title='bbox 3369 795 3428 834; x_wconf 90' lang='lat' dir='ltr'>se</span> <span class='ocrx_word' id='word_1_502' title='bbox 3448 780 3659 847; x_wconf 90' lang='lat' dir='ltr'>lucent,</span> 
     </span>
    </p>
   </div>
   <div class='ocr_carea' id='block_1_68' title="bbox 1961 863 3656 938">
    <p class='ocr_par' dir='ltr' id='par_1_68' title="bbox 1961 863 3656 938">
     <span class='ocr_line' id='line_1_68' title="bbox 1961 863 3656 938; baseline 0.004 -22"><span class='ocrx_word' id='word_1_503' title='bbox 1961 863 2061 917; x_wconf 90' lang='lat' dir='ltr'>sed</span> <span class='ocrx_word' id='word_1_504' title='bbox 2096 879 2201 933; x_wconf 93' lang='lat' dir='ltr'>per</span> <span class='ocrx_word' id='word_1_505' title='bbox 2242 863 2430 917; x_wconf 88' lang='lat' dir='ltr'>lucem</span> <span class='ocrx_word' id='word_1_506' title='bbox 2469 863 2647 918; x_wconf 90' lang='lat' dir='ltr'>videri</span> <span class='ocrx_word' id='word_1_507' title='bbox 2681 865 2919 934; x_wconf 87' lang='lat' dir='ltr'>possint,</span> <span class='ocrx_word' id='word_1_508' title='bbox 2952 872 3018 920; x_wconf 90' lang='lat' dir='ltr'>ut</span> <span class='ocrx_word' id='word_1_509' title='bbox 3062 867 3251 933; x_wconf 89' lang='lat' dir='ltr'>vestis,</span> <span class='ocrx_word' id='word_1_510' title='bbox 3304 872 3406 922; x_wconf 83' lang='lat' dir='ltr'>aut</span> <span class='ocrx_word' id='word_1_511' title='bbox 3450 869 3656 938; x_wconf 88' lang='lat' dir='ltr'>paries,</span> 
     </span>
    </p>
   </div>
   <div class='ocr_carea' id='block_1_69' title="bbox 1960 951 3657 1027">
    <p class='ocr_par' dir='ltr' id='par_1_69' title="bbox 1960 951 3657 1027">
     <span class='ocr_line' id='line_1_69' title="bbox 1960 951 3657 1027; baseline 0.004 -23"><span class='ocrx_word' id='word_1_512' title='bbox 1960 955 2060 1004; x_wconf 89' lang='lat' dir='ltr'>aut</span> <span class='ocrx_word' id='word_1_513' title='bbox 2096 951 2314 1022; x_wconf 90' lang='lat' dir='ltr'>aliquid</span> <span class='ocrx_word' id='word_1_514' title='bbox 2344 951 2572 1005; x_wconf 87' lang='lat' dir='ltr'>horum.</span> <span class='ocrx_word' id='word_1_515' title='bbox 2606 951 2821 1006; x_wconf 91' lang='lat' dir='ltr'>Deinde</span> <span class='ocrx_word' id='word_1_516' title='bbox 2853 953 3006 1022; x_wconf 90' lang='lat' dir='ltr'>quod</span> <span class='ocrx_word' id='word_1_517' title='bbox 3032 970 3147 1008; x_wconf 91' lang='lat' dir='ltr'>non</span> <span class='ocrx_word' id='word_1_518' title='bbox 3175 971 3279 1025; x_wconf 90' lang='lat' dir='ltr'>per</span> <span class='ocrx_word' id='word_1_519' title='bbox 3311 971 3369 1010; x_wconf 92' lang='lat' dir='ltr'>se</span> <span class='ocrx_word' id='word_1_520' title='bbox 3400 955 3657 1027; x_wconf 91' lang='lat' dir='ltr'>quidem,</span> 
     </span>
    </p>
   </div>
   <div class='ocr_carea' id='block_1_70' title="bbox 1960 1039 3659 1113">
    <p class='ocr_par' dir='ltr' id='par_1_70' title="bbox 1960 1039 3659 1113">
     <span class='ocr_line' id='line_1_70' title="bbox 1960 1039 3659 1113; baseline 0.002 -21"><span class='ocrx_word' id='word_1_521' title='bbox 1960 1039 2060 1093; x_wconf 88' lang='lat' dir='ltr'>sed</span> <span class='ocrx_word' id='word_1_522' title='bbox 2087 1043 2280 1094; x_wconf 88' lang='lat' dir='ltr'>tamen</span> <span class='ocrx_word' id='word_1_523' title='bbox 2324 1055 2428 1109; x_wconf 91' lang='lat' dir='ltr'>per</span> <span class='ocrx_word' id='word_1_524' title='bbox 2457 1040 2617 1093; x_wconf 82' lang='lat' dir='ltr'>illam</span> <span class='ocrx_word' id='word_1_525' title='bbox 2674 1041 2860 1093; x_wconf 89' lang='lat' dir='ltr'>lucem</span> <span class='ocrx_word' id='word_1_526' title='bbox 2915 1041 3211 1110; x_wconf 90' lang='lat' dir='ltr'>pulchrius</span> <span class='ocrx_word' id='word_1_527' title='bbox 3251 1044 3542 1113; x_wconf 81' lang='lat' dir='ltr'>eil‘ulgeat,</span> <span class='ocrx_word' id='word_1_528' title='bbox 3595 1051 3659 1098; x_wconf 91' lang='lat' dir='ltr'>ut</span> 
     </span>
    </p>
   </div>
   <div class='ocr_carea' id='block_1_71' title="bbox 1959 1127 3658 1197">
    <p class='ocr_par' dir='ltr' id='par_1_71' title="bbox 1959 1127 3658 1197">
     <span class='ocr_line' id='line_1_71' title="bbox 1959 1127 3658 1197; baseline 0.004 -17"><span class='ocrx_word' id='word_1_529' title='bbox 1959 1143 2186 1193; x_wconf 86' lang='lat' dir='ltr'>aurum,</span> <span class='ocrx_word' id='word_1_530' title='bbox 2221 1132 2522 1197; x_wconf 88' lang='lat' dir='ltr'>argentum</span> <span class='ocrx_word' id='word_1_531' title='bbox 2564 1131 2620 1182; x_wconf 92' lang='lat' dir='ltr'>et</span> <span class='ocrx_word' id='word_1_532' title='bbox 2651 1127 2883 1195; x_wconf 89' lang='lat' dir='ltr'>similia,</span> <span class='ocrx_word' id='word_1_533' title='bbox 2914 1144 3020 1182; x_wconf 90' lang='lat' dir='ltr'>nec</span> <span class='ocrx_word' id='word_1_534' title='bbox 3050 1132 3242 1184; x_wconf 90' lang='lat' dir='ltr'>tamen</span> <span class='ocrx_word' id='word_1_535' title='bbox 3267 1132 3346 1185; x_wconf 87' lang='lat' dir='ltr'>ita</span> <span class='ocrx_word' id='word_1_536' title='bbox 3374 1132 3658 1186; x_wconf 86' lang='lat' dir='ltr'>radiatum</span> 
     </span>
    </p>
   </div>
   <div class='ocr_carea' id='block_1_72' title="bbox 1959 1217 3648 1289">
    <p class='ocr_par' dir='ltr' id='par_1_72' title="bbox 1959 1217 3648 1289">
     <span class='ocr_line' id='line_1_72' title="bbox 1959 1217 3648 1289; baseline 0.004 -20"><span class='ocrx_word' id='word_1_537' title='bbox 1959 1221 2022 1269; x_wconf 91' lang='lat' dir='ltr'>ut</span> <span class='ocrx_word' id='word_1_538' title='bbox 2043 1217 2232 1270; x_wconf 90' lang='lat' dir='ltr'>oculos</span> <span class='ocrx_word' id='word_1_539' title='bbox 2254 1217 2444 1270; x_wconf 66' lang='lat' dir='ltr'>laedat.</span> <span class='ocrx_word' id='word_1_540' title='bbox 2484 1218 2641 1270; x_wconf 89' lang='lat' dir='ltr'>Tunc</span> <span class='ocrx_word' id='word_1_541' title='bbox 2664 1217 2901 1270; x_wconf 89' lang='lat' dir='ltr'>fortasse</span> <span class='ocrx_word' id='word_1_542' title='bbox 2931 1221 3191 1271; x_wconf 89' lang='lat' dir='ltr'>terrenus</span> <span class='ocrx_word' id='word_1_543' title='bbox 3220 1218 3324 1273; x_wconf 92' lang='lat' dir='ltr'>iste</span> <span class='ocrx_word' id='word_1_544' title='bbox 3344 1220 3495 1289; x_wconf 87' lang='lat' dir='ltr'>ignis</span> <span class='ocrx_word' id='word_1_545' title='bbox 3527 1237 3648 1275; x_wconf 86' lang='lat' dir='ltr'>mo-</span> 
     </span>
    </p>
   </div>
   <div class='ocr_carea' id='block_1_73' title="bbox 1959 1304 3655 1376">
    <p class='ocr_par' dir='ltr' id='par_1_73' title="bbox 1959 1304 3655 1376">
     <span class='ocr_line' id='line_1_73' title="bbox 1959 1304 3655 1376; baseline 0.002 -18"><span class='ocrx_word' id='word_1_546' title='bbox 1959 1304 2116 1358; x_wconf 89' lang='lat' dir='ltr'>deste</span> <span class='ocrx_word' id='word_1_547' title='bbox 2150 1305 2628 1359; x_wconf 89' lang='lat' dir='ltr'>demonstrandus</span> <span class='ocrx_word' id='word_1_548' title='bbox 2654 1309 2757 1371; x_wconf 92' lang='lat' dir='ltr'>est,</span> <span class='ocrx_word' id='word_1_549' title='bbox 2790 1305 2996 1359; x_wconf 88' lang='lat' dir='ltr'>deinde</span> <span class='ocrx_word' id='word_1_550' title='bbox 3027 1305 3233 1373; x_wconf 87' lang='lat' dir='ltr'>sidera,</span> <span class='ocrx_word' id='word_1_551' title='bbox 3265 1308 3467 1362; x_wconf 89' lang='lat' dir='ltr'>deinde</span> <span class='ocrx_word' id='word_1_552' title='bbox 3499 1311 3655 1376; x_wconf 88' lang='lat' dir='ltr'>luna,</span> 
     </span>
    </p>
   </div>
   <div class='ocr_carea' id='block_1_74' title="bbox 1960 1390 3656 1461">
    <p class='ocr_par' dir='ltr' id='par_1_74' title="bbox 1960 1390 3656 1461">
     <span class='ocr_line' id='line_1_74' title="bbox 1960 1390 3656 1461; baseline 0.004 -17"><span class='ocrx_word' id='word_1_553' title='bbox 1960 1390 2164 1445; x_wconf 88' lang='lat' dir='ltr'>deinde</span> <span class='ocrx_word' id='word_1_554' title='bbox 2205 1408 2425 1445; x_wconf 69' lang='lat' dir='ltr'>aurorae</span> <span class='ocrx_word' id='word_1_555' title='bbox 2472 1392 2681 1461; x_wconf 86' lang='lat' dir='ltr'>fulgor,</span> <span class='ocrx_word' id='word_1_556' title='bbox 2733 1397 2790 1446; x_wconf 91' lang='lat' dir='ltr'>et</span> <span class='ocrx_word' id='word_1_557' title='bbox 2835 1393 3172 1447; x_wconf 89' lang='lat' dir='ltr'>albescentis</span> <span class='ocrx_word' id='word_1_558' title='bbox 3202 1395 3328 1449; x_wconf 74' lang='lat' dir='ltr'>ccnli</span> <span class='ocrx_word' id='word_1_559' title='bbox 3381 1396 3554 1450; x_wconf 89' lang='lat' dir='ltr'>nitor.</span> <span class='ocrx_word' id='word_1_560' title='bbox 3595 1399 3656 1451; x_wconf 87' lang='lat' dir='ltr'>In</span> 
     </span>
    </p>
   </div>
   <div class='ocr_carea' id='block_1_75' title="bbox 1957 1479 3653 1552">
    <p class='ocr_par' dir='ltr' id='par_1_75' title="bbox 1957 1479 3653 1552">
     <span class='ocr_line' id='line_1_75' title="bbox 1957 1479 3653 1552; baseline 0.004 -20"><span class='ocrx_word' id='word_1_561' title='bbox 1957 1479 2167 1550; x_wconf 89' lang='lat' dir='ltr'>quibus</span> <span class='ocrx_word' id='word_1_562' title='bbox 2199 1497 2297 1534; x_wconf 91' lang='lat' dir='ltr'>seu</span> <span class='ocrx_word' id='word_1_563' title='bbox 2319 1480 2484 1533; x_wconf 92' lang='lat' dir='ltr'>citius</span> <span class='ocrx_word' id='word_1_564' title='bbox 2513 1496 2613 1534; x_wconf 90' lang='lat' dir='ltr'>seu</span> <span class='ocrx_word' id='word_1_565' title='bbox 2631 1481 2870 1550; x_wconf 91' lang='lat' dir='ltr'>tardius,</span> <span class='ocrx_word' id='word_1_566' title='bbox 2893 1481 3006 1536; x_wconf 90' lang='lat' dir='ltr'>sive</span> <span class='ocrx_word' id='word_1_567' title='bbox 3029 1498 3132 1552; x_wconf 90' lang='lat' dir='ltr'>per</span> <span class='ocrx_word' id='word_1_568' title='bbox 3152 1487 3335 1537; x_wconf 89' lang='lat' dir='ltr'>totum</span> <span class='ocrx_word' id='word_1_569' title='bbox 3370 1484 3653 1551; x_wconf 89' lang='lat' dir='ltr'>ordinem,</span> 
     </span>
    </p>
   </div>
   <div class='ocr_carea' id='block_1_76' title="bbox 1955 1569 3657 1643">
    <p class='ocr_par' dir='ltr' id='par_1_76' title="bbox 1955 1569 3657 1643">
     <span class='ocr_line' id='line_1_76' title="bbox 1955 1569 3657 1643; baseline 0.004 -22"><span class='ocrx_word' id='word_1_570' title='bbox 1955 1569 2073 1622; x_wconf 85' lang='lat' dir='ltr'>sive</span> <span class='ocrx_word' id='word_1_571' title='bbox 2112 1569 2454 1639; x_wconf 89' lang='lat' dir='ltr'>quibusdam</span> <span class='ocrx_word' id='word_1_572' title='bbox 2484 1569 2845 1640; x_wconf 91' lang='lat' dir='ltr'>contemptis,</span> <span class='ocrx_word' id='word_1_573' title='bbox 2878 1586 2983 1640; x_wconf 92' lang='lat' dir='ltr'>pro</span> <span class='ocrx_word' id='word_1_574' title='bbox 3029 1588 3129 1624; x_wconf 92' lang='lat' dir='ltr'>sua</span> <span class='ocrx_word' id='word_1_575' title='bbox 3161 1573 3403 1643; x_wconf 84' lang='lat' dir='ltr'>quisque</span> <span class='ocrx_word' id='word_1_576' title='bbox 3437 1575 3657 1628; x_wconf 86' lang='lat' dir='ltr'>valetu-</span> 
     </span>
    </p>
   </div>
   <div class='ocr_carea' id='block_1_77' title="bbox 1954 1656 3652 1732">
    <p class='ocr_par' dir='ltr' id='par_1_77' title="bbox 1954 1656 3652 1732">
     <span class='ocr_line' id='line_1_77' title="bbox 1954 1656 3652 1732; baseline 0.004 -22"><span class='ocrx_word' id='word_1_577' title='bbox 1954 1656 2086 1711; x_wconf 91' lang='lat' dir='ltr'>dine</span> <span class='ocrx_word' id='word_1_578' title='bbox 2127 1673 2474 1723; x_wconf 90' lang='lat' dir='ltr'>assuescens,</span> <span class='ocrx_word' id='word_1_579' title='bbox 2507 1657 2628 1712; x_wconf 90' lang='lat' dir='ltr'>sine</span> <span class='ocrx_word' id='word_1_580' title='bbox 2658 1658 3036 1727; x_wconf 90' lang='lat' dir='ltr'>trepidatione</span> <span class='ocrx_word' id='word_1_581' title='bbox 3069 1664 3126 1713; x_wconf 92' lang='lat' dir='ltr'>et</span> <span class='ocrx_word' id='word_1_582' title='bbox 3155 1676 3284 1714; x_wconf 89' lang='lat' dir='ltr'>cum</span> <span class='ocrx_word' id='word_1_583' title='bbox 3317 1677 3527 1732; x_wconf 88' lang='lat' dir='ltr'>magna</span> <span class='ocrx_word' id='word_1_584' title='bbox 3555 1679 3652 1718; x_wconf 87' lang='lat' dir='ltr'>vo-</span> 
     </span>
    </p>
   </div>
   <div class='ocr_carea' id='block_1_78' title="bbox 1953 1744 3651 1818">
    <p class='ocr_par' dir='ltr' id='par_1_78' title="bbox 1953 1744 3651 1818">
     <span class='ocr_line' id='line_1_78' title="bbox 1953 1744 3651 1818; baseline 0.004 -20"><span class='ocrx_word' id='word_1_585' title='bbox 1953 1744 2172 1815; x_wconf 88' lang='lat' dir='ltr'>luptate</span> <span class='ocrx_word' id='word_1_586' title='bbox 2212 1747 2389 1800; x_wconf 89' lang='lat' dir='ltr'>solem</span> <span class='ocrx_word' id='word_1_587' title='bbox 2418 1745 2646 1799; x_wconf 89' lang='lat' dir='ltr'>videbit.</span> <span class='ocrx_word' id='word_1_588' title='bbox 2683 1747 2814 1800; x_wconf 85' lang='lat' dir='ltr'>Tale</span> <span class='ocrx_word' id='word_1_589' title='bbox 2845 1747 3064 1817; x_wconf 91' lang='lat' dir='ltr'>aliquid</span> <span class='ocrx_word' id='word_1_590' title='bbox 3095 1749 3395 1818; x_wconf 68' lang='lat' dir='ltr'>sapientia:</span> <span class='ocrx_word' id='word_1_591' title='bbox 3425 1751 3651 1805; x_wconf 87' lang='lat' dir='ltr'>studio-</span> 
     </span>
    </p>
   </div>
   <div class='ocr_carea' id='block_1_79' title="bbox 1954 1833 3652 1908">
    <p class='ocr_par' dir='ltr' id='par_1_79' title="bbox 1954 1833 3652 1908">
     <span class='ocr_line' id='line_1_79' title="bbox 1954 1833 3652 1908; baseline 0.004 -22"><span class='ocrx_word' id='word_1_592' title='bbox 1954 1833 2214 1901; x_wconf 87' lang='lat' dir='ltr'>sissimis,</span> <span class='ocrx_word' id='word_1_593' title='bbox 2256 1850 2360 1887; x_wconf 91' lang='lat' dir='ltr'>nec</span> <span class='ocrx_word' id='word_1_594' title='bbox 2407 1837 2589 1900; x_wconf 89' lang='lat' dir='ltr'>acute,</span> <span class='ocrx_word' id='word_1_595' title='bbox 2619 1834 2738 1904; x_wconf 90' lang='lat' dir='ltr'>jam</span> <span class='ocrx_word' id='word_1_596' title='bbox 2774 1838 2964 1888; x_wconf 88' lang='lat' dir='ltr'>tamen</span> <span class='ocrx_word' id='word_1_597' title='bbox 3006 1835 3352 1900; x_wconf 89' lang='lat' dir='ltr'>videntibus,</span> <span class='ocrx_word' id='word_1_598' title='bbox 3394 1837 3652 1908; x_wconf 87' lang='lat' dir='ltr'>magistri</span> 
     </span>
    </p>
   </div>
   <div class='ocr_carea' id='block_1_80' title="bbox 1953 1921 3653 1993">
    <p class='ocr_par' dir='ltr' id='par_1_80' title="bbox 1953 1921 3653 1993">
     <span class='ocr_line' id='line_1_80' title="bbox 1953 1921 3653 1993; baseline 0.003 -19"><span class='ocrx_word' id='word_1_599' title='bbox 1953 1921 2158 1991; x_wconf 89' lang='lat' dir='ltr'>optimi</span> <span class='ocrx_word' id='word_1_600' title='bbox 2185 1922 2416 1976; x_wconf 89' lang='lat' dir='ltr'>faciunt.</span> <span class='ocrx_word' id='word_1_601' title='bbox 2450 1922 2594 1975; x_wconf 88' lang='lat' dir='ltr'>Nam</span> <span class='ocrx_word' id='word_1_602' title='bbox 2615 1921 2814 1975; x_wconf 92' lang='lat' dir='ltr'>ordine</span> <span class='ocrx_word' id='word_1_603' title='bbox 2835 1922 3088 1992; x_wconf 90' lang='lat' dir='ltr'>quodam</span> <span class='ocrx_word' id='word_1_604' title='bbox 3108 1923 3178 1977; x_wconf 90' lang='lat' dir='ltr'>ad</span> <span class='ocrx_word' id='word_1_605' title='bbox 3201 1939 3330 1976; x_wconf 90' lang='lat' dir='ltr'>eam</span> <span class='ocrx_word' id='word_1_606' title='bbox 3352 1925 3653 1993; x_wconf 83' lang='lat' dir='ltr'>pervenire</span> 
     </span>
    </p>
   </div>
   <div class='ocr_carea' id='block_1_81' title="bbox 1951 2008 3650 2078">
    <p class='ocr_par' dir='ltr' id='par_1_81' title="bbox 1951 2008 3650 2078">
     <span class='ocr_line' id='line_1_81' title="bbox 1951 2008 3650 2078; baseline 0.003 -15"><span class='ocrx_word' id='word_1_607' title='bbox 1951 2008 2116 2063; x_wconf 62' lang='lat' dir='ltr'>bona:</span> <span class='ocrx_word' id='word_1_608' title='bbox 2147 2008 2462 2078; x_wconf 69' lang='lat' dir='ltr'>disciplinae</span> <span class='ocrx_word' id='word_1_609' title='bbox 2507 2009 2757 2063; x_wconf 87' lang='lat' dir='ltr'>ofticium</span> <span class='ocrx_word' id='word_1_610' title='bbox 2790 2013 2891 2075; x_wconf 90' lang='lat' dir='ltr'>est,</span> <span class='ocrx_word' id='word_1_611' title='bbox 2942 2009 3064 2064; x_wconf 91' lang='lat' dir='ltr'>sine</span> <span class='ocrx_word' id='word_1_612' title='bbox 3096 2010 3297 2065; x_wconf 88' lang='lat' dir='ltr'>ordine</span> <span class='ocrx_word' id='word_1_613' title='bbox 3328 2023 3521 2067; x_wconf 85' lang='lat' dir='ltr'>autem</span> <span class='ocrx_word' id='word_1_614' title='bbox 3558 2014 3650 2068; x_wconf 82' lang='lat' dir='ltr'>vix</span> 
     </span>
    </p>
   </div>
   <div class='ocr_carea' id='block_1_82' title="bbox 1951 2097 3648 2170">
    <p class='ocr_par' dir='ltr' id='par_1_82' title="bbox 1951 2097 3648 2170">
     <span class='ocr_line' id='line_1_82' title="bbox 1951 2097 3648 2170; baseline 0.003 -19"><span class='ocrx_word' id='word_1_615' title='bbox 1951 2097 2238 2152; x_wconf 87' lang='lat' dir='ltr'>credibilis</span> <span class='ocrx_word' id='word_1_616' title='bbox 2267 2097 2570 2152; x_wconf 88' lang='lat' dir='ltr'>felicitatis.</span> <span class='ocrx_word' id='word_1_617' title='bbox 2623 2098 2730 2152; x_wconf 88' lang='lat' dir='ltr'>Sed</span> <span class='ocrx_word' id='word_1_618' title='bbox 2776 2097 2948 2152; x_wconf 92' lang='lat' dir='ltr'>hodie</span> <span class='ocrx_word' id='word_1_619' title='bbox 2992 2097 3146 2165; x_wconf 89' lang='lat' dir='ltr'>satis,</span> <span class='ocrx_word' id='word_1_620' title='bbox 3193 2103 3259 2152; x_wconf 89' lang='lat' dir='ltr'>ut</span> <span class='ocrx_word' id='word_1_621' title='bbox 3303 2105 3466 2170; x_wconf 91' lang='lat' dir='ltr'>puto,</span> <span class='ocrx_word' id='word_1_622' title='bbox 3513 2101 3648 2156; x_wconf 85' lang='lat' dir='ltr'>scri-</span> 
     </span>
    </p>
   </div>
   <div class='ocr_carea' id='block_1_83' title="bbox 1950 2185 3057 2256">
    <p class='ocr_par' dir='ltr' id='par_1_83' title="bbox 1950 2185 3057 2256">
     <span class='ocr_line' id='line_1_83' title="bbox 1950 2185 3057 2256; baseline 0.002 -18"><span class='ocrx_word' id='word_1_623' title='bbox 1950 2185 2207 2255; x_wconf 90' lang='lat' dir='ltr'>psimus;</span> <span class='ocrx_word' id='word_1_624' title='bbox 2236 2185 2582 2256; x_wconf 87' lang='lat' dir='ltr'>parcendum</span> <span class='ocrx_word' id='word_1_625' title='bbox 2614 2189 2695 2240; x_wconf 89' lang='lat' dir='ltr'>est</span> <span class='ocrx_word' id='word_1_626' title='bbox 2724 2185 3057 2240; x_wconf 88' lang='lat' dir='ltr'>valetudini.</span> 
     </span>
    </p>
   </div>
   <div class='ocr_carea' id='block_1_84' title="bbox 1953 2274 3650 2344">
    <p class='ocr_par' dir='ltr' id='par_1_84' title="bbox 1953 2274 3650 2344">
     <span class='ocr_line' id='line_1_84' title="bbox 1953 2274 3650 2344; baseline 0.002 -16"><span class='ocrx_word' id='word_1_627' title='bbox 1953 2274 2178 2329; x_wconf 84' lang='lat' dir='ltr'>CAPUT</span> <span class='ocrx_word' id='word_1_628' title='bbox 2210 2275 2343 2329; x_wconf 84' lang='lat' dir='ltr'>XIV.</span> <span class='ocrx_word' id='word_1_629' title='bbox 2375 2304 2444 2315; x_wconf 94' lang='lat'><strong><em>—</em></strong></span> <span class='ocrx_word' id='word_1_630' title='bbox 2473 2276 2610 2344; x_wconf 87' lang='lat' dir='ltr'>Ipsa</span> <span class='ocrx_word' id='word_1_631' title='bbox 2637 2276 2911 2344; x_wconf 79' lang='lat' dir='ltr'>sapientia</span> <span class='ocrx_word' id='word_1_632' title='bbox 2937 2274 3180 2329; x_wconf 81' lang='lat' dir='ltr'>medetur</span> <span class='ocrx_word' id='word_1_633' title='bbox 3197 2276 3364 2330; x_wconf 84' lang='lat' dir='ltr'>oculis</span> <span class='ocrx_word' id='word_1_634' title='bbox 3384 2281 3443 2331; x_wconf 88' lang='lat' dir='ltr'>ut</span> <span class='ocrx_word' id='word_1_635' title='bbox 3473 2278 3650 2331; x_wconf 76' lang='lat' dir='ltr'>videri</span> 
     </span>
    </p>
   </div>
   <div class='ocr_carea' id='block_1_85' title="bbox 2705 2366 2901 2433">
    <p class='ocr_par' dir='ltr' id='par_1_85' title="bbox 2705 2366 2901 2433">
     <span class='ocr_line' id='line_1_85' title="bbox 2705 2366 2901 2433; baseline -0.005 -15"><span class='ocrx_word' id='word_1_636' title='bbox 2705 2366 2901 2433; x_wconf 82' lang='lat' dir='ltr'>possit.</span> 
     </span>
    </p>
   </div>
   <div class='ocr_carea' id='block_1_86' title="bbox 2021 2452 3649 2524">
    <p class='ocr_par' dir='ltr' id='par_1_86' title="bbox 2021 2452 3649 2524">
     <span class='ocr_line' id='line_1_86' title="bbox 2021 2452 3649 2524; baseline 0.001 -20"><span class='ocrx_word' id='word_1_637' title='bbox 2021 2453 2111 2504; x_wconf 56' lang='lat'>25.</span> <span class='ocrx_word' id='word_1_638' title='bbox 2143 2452 2218 2506; x_wconf 87' lang='lat' dir='ltr'>A.</span> <span class='ocrx_word' id='word_1_639' title='bbox 2275 2453 2341 2506; x_wconf 90' lang='lat' dir='ltr'>Et</span> <span class='ocrx_word' id='word_1_640' title='bbox 2381 2452 2492 2506; x_wconf 89' lang='lat' dir='ltr'>alio</span> <span class='ocrx_word' id='word_1_641' title='bbox 2523 2452 2644 2507; x_wconf 89' lang='lat' dir='ltr'>die:</span> <span class='ocrx_word' id='word_1_642' title='bbox 2692 2455 2792 2521; x_wconf 91' lang='lat' dir='ltr'>Da,</span> <span class='ocrx_word' id='word_1_643' title='bbox 2849 2468 3067 2524; x_wconf 72' lang='lat' dir='ltr'>quaeso,</span> <span class='ocrx_word' id='word_1_644' title='bbox 3124 2452 3384 2523; x_wconf 89' lang='lat' dir='ltr'>inquam,</span> <span class='ocrx_word' id='word_1_645' title='bbox 3425 2453 3548 2522; x_wconf 89' lang='lat' dir='ltr'>jam</span> <span class='ocrx_word' id='word_1_646' title='bbox 3603 2453 3649 2506; x_wconf 92' lang='lat' dir='ltr'>si</span> 
     </span>
    </p>
   </div>
   <div class='ocr_carea' id='block_1_87' title="bbox 1953 2539 3646 2612">
    <p class='ocr_par' dir='ltr' id='par_1_87' title="bbox 1953 2539 3646 2612">
     <span class='ocr_line' id='line_1_87' title="bbox 1953 2539 3646 2612; baseline 0.002 -21"><span class='ocrx_word' id='word_1_647' title='bbox 1953 2543 2132 2609; x_wconf 86' lang='lat' dir='ltr'>potes,</span> <span class='ocrx_word' id='word_1_648' title='bbox 2167 2539 2331 2594; x_wconf 89' lang='lat' dir='ltr'>illum</span> <span class='ocrx_word' id='word_1_649' title='bbox 2362 2541 2645 2596; x_wconf 89' lang='lat' dir='ltr'>ordinem.</span> <span class='ocrx_word' id='word_1_650' title='bbox 2677 2543 2814 2607; x_wconf 90' lang='lat' dir='ltr'>Duc,</span> <span class='ocrx_word' id='word_1_651' title='bbox 2845 2557 2950 2611; x_wconf 87' lang='lat' dir='ltr'>age</span> <span class='ocrx_word' id='word_1_652' title='bbox 2972 2557 3086 2612; x_wconf 91' lang='lat' dir='ltr'>qua</span> <span class='ocrx_word' id='word_1_653' title='bbox 3112 2541 3215 2606; x_wconf 90' lang='lat' dir='ltr'>vis,</span> <span class='ocrx_word' id='word_1_654' title='bbox 3248 2558 3350 2612; x_wconf 90' lang='lat' dir='ltr'>per</span> <span class='ocrx_word' id='word_1_655' title='bbox 3383 2557 3511 2611; x_wconf 67' lang='lat' dir='ltr'>qua:</span> <span class='ocrx_word' id='word_1_656' title='bbox 3540 2541 3646 2609; x_wconf 90' lang='lat' dir='ltr'>vis,</span> 
     </span>
    </p>
   </div>
   <div class='ocr_carea' id='block_1_88' title="bbox 1952 2627 3646 2700">
    <p class='ocr_par' dir='ltr' id='par_1_88' title="bbox 1952 2627 3646 2700">
     <span class='ocr_line' id='line_1_88' title="bbox 1952 2627 3646 2700; baseline 0.002 -21"><span class='ocrx_word' id='word_1_657' title='bbox 1952 2627 2240 2697; x_wconf 90' lang='lat' dir='ltr'>quomodo</span> <span class='ocrx_word' id='word_1_658' title='bbox 2270 2629 2370 2684; x_wconf 89' lang='lat' dir='ltr'>vis.</span> <span class='ocrx_word' id='word_1_659' title='bbox 2421 2631 2648 2700; x_wconf 90' lang='lat' dir='ltr'>Impera</span> <span class='ocrx_word' id='word_1_660' title='bbox 2675 2629 2891 2700; x_wconf 77' lang='lat' dir='ltr'>quaevis</span> <span class='ocrx_word' id='word_1_661' title='bbox 2937 2630 3098 2694; x_wconf 86' lang='lat' dir='ltr'>dura,</span> <span class='ocrx_word' id='word_1_662' title='bbox 3150 2630 3420 2700; x_wconf 67' lang='lat' dir='ltr'>quaelibet</span> <span class='ocrx_word' id='word_1_663' title='bbox 3451 2630 3646 2691; x_wconf 87' lang='lat' dir='ltr'>ardua,</span> 
     </span>
    </p>
   </div>
   <div class='ocr_carea' id='block_1_89' title="bbox 1951 2717 3649 2789">
    <p class='ocr_par' dir='ltr' id='par_1_89' title="bbox 1951 2717 3649 2789">
     <span class='ocr_line' id='line_1_89' title="bbox 1951 2717 3649 2789; baseline 0.002 -21"><span class='ocrx_word' id='word_1_664' title='bbox 1951 2732 2080 2786; x_wconf 67' lang='lat' dir='ltr'>qua:</span> <span class='ocrx_word' id='word_1_665' title='bbox 2113 2717 2388 2772; x_wconf 85' lang='lat' dir='ltr'>tamenin</span> <span class='ocrx_word' id='word_1_666' title='bbox 2418 2735 2547 2772; x_wconf 91' lang='lat' dir='ltr'>mea</span> <span class='ocrx_word' id='word_1_667' title='bbox 2597 2722 2880 2788; x_wconf 91' lang='lat' dir='ltr'>potestate</span> <span class='ocrx_word' id='word_1_668' title='bbox 2929 2718 3062 2785; x_wconf 89' lang='lat' dir='ltr'>sint,</span> <span class='ocrx_word' id='word_1_669' title='bbox 3096 2735 3198 2789; x_wconf 90' lang='lat' dir='ltr'>per</span> <span class='ocrx_word' id='word_1_670' title='bbox 3229 2735 3358 2788; x_wconf 68' lang='lat' dir='ltr'>qua:</span> <span class='ocrx_word' id='word_1_671' title='bbox 3405 2734 3496 2772; x_wconf 90' lang='lat' dir='ltr'>me</span> <span class='ocrx_word' id='word_1_672' title='bbox 3535 2734 3649 2788; x_wconf 91' lang='lat' dir='ltr'>quo</span> 
     </span>
    </p>
   </div>
   <div class='ocr_carea' id='block_1_90' title="bbox 1949 2803 3646 2874">
    <p class='ocr_par' dir='ltr' id='par_1_90' title="bbox 1949 2803 3646 2874">
     <span class='ocr_line' id='line_1_90' title="bbox 1949 2803 3646 2874; baseline 0 -17"><span class='ocrx_word' id='word_1_673' title='bbox 1949 2803 2232 2872; x_wconf 86' lang='lat' dir='ltr'>desidero,</span> <span class='ocrx_word' id='word_1_674' title='bbox 2285 2811 2696 2874; x_wconf 89' lang='lat' dir='ltr'>perventurum</span> <span class='ocrx_word' id='word_1_675' title='bbox 2727 2823 2847 2860; x_wconf 91' lang='lat' dir='ltr'>esse</span> <span class='ocrx_word' id='word_1_676' title='bbox 2892 2822 3009 2859; x_wconf 93' lang='lat' dir='ltr'>non</span> <span class='ocrx_word' id='word_1_677' title='bbox 3040 2806 3314 2860; x_wconf 90' lang='lat' dir='ltr'>dubitem.</span> <span class='ocrx_word' id='word_1_678' title='bbox 3340 2809 3403 2861; x_wconf 79' lang='lat' dir='ltr'>Il.</span> <span class='ocrx_word' id='word_1_679' title='bbox 3461 2807 3646 2859; x_wconf 90' lang='lat' dir='ltr'>Unum</span> 
     </span>
    </p>
   </div>
   <div class='ocr_carea' id='block_1_91' title="bbox 1949 2893 3641 2964">
    <p class='ocr_par' dir='ltr' id='par_1_91' title="bbox 1949 2893 3641 2964">
     <span class='ocr_line' id='line_1_91' title="bbox 1949 2893 3641 2964; baseline 0 -18"><span class='ocrx_word' id='word_1_680' title='bbox 1949 2896 2034 2946; x_wconf 91' lang='lat' dir='ltr'>est</span> <span class='ocrx_word' id='word_1_681' title='bbox 2056 2893 2209 2963; x_wconf 89' lang='lat' dir='ltr'>quod</span> <span class='ocrx_word' id='word_1_682' title='bbox 2245 2894 2349 2948; x_wconf 91' lang='lat' dir='ltr'>tibi</span> <span class='ocrx_word' id='word_1_683' title='bbox 2395 2910 2628 2964; x_wconf 89' lang='lat' dir='ltr'>possum</span> <span class='ocrx_word' id='word_1_684' title='bbox 2677 2895 2988 2964; x_wconf 69' lang='lat' dir='ltr'>praecipere</span> <span class='ocrx_word' id='word_1_685' title='bbox 3019 2894 3162 2948; x_wconf 88' lang='lat' dir='ltr'>nihil</span> <span class='ocrx_word' id='word_1_686' title='bbox 3193 2895 3324 2964; x_wconf 93' lang='lat' dir='ltr'>plus</span> <span class='ocrx_word' id='word_1_687' title='bbox 3353 2894 3503 2948; x_wconf 91' lang='lat' dir='ltr'>novi.</span> <span class='ocrx_word' id='word_1_688' title='bbox 3539 2896 3641 2947; x_wconf 80' lang='lat' dir='ltr'>Pe—</span> 
     </span>
    </p>
   </div>
   <div class='ocr_carea' id='block_1_92' title="bbox 1947 2981 3645 3054">
    <p class='ocr_par' dir='ltr' id='par_1_92' title="bbox 1947 2981 3645 3054">
     <span class='ocr_line' id='line_1_92' title="bbox 1947 2981 3645 3054; baseline 0.001 -20"><span class='ocrx_word' id='word_1_689' title='bbox 1947 2981 2101 3034; x_wconf 90' lang='lat' dir='ltr'>nitus</span> <span class='ocrx_word' id='word_1_690' title='bbox 2122 2997 2241 3035; x_wconf 91' lang='lat' dir='ltr'>esse</span> <span class='ocrx_word' id='word_1_691' title='bbox 2259 2981 2368 3037; x_wconf 89' lang='lat' dir='ltr'>ista</span> <span class='ocrx_word' id='word_1_692' title='bbox 2381 2983 2669 3036; x_wconf 89' lang='lat' dir='ltr'>sensibilia</span> <span class='ocrx_word' id='word_1_693' title='bbox 2682 2983 2953 3052; x_wconf 91' lang='lat' dir='ltr'>fugienda</span> <span class='ocrx_word' id='word_1_694' title='bbox 2966 2983 3043 3054; x_wconf 90' lang='lat' dir='ltr'>(a)</span> <span class='ocrx_word' id='word_1_695' title='bbox 3054 3024 3067 3050; x_wconf 96' lang='lat'>,</span> <span class='ocrx_word' id='word_1_696' title='bbox 3082 2983 3514 3052; x_wconf 86' lang='lat' dir='ltr'>cavendumque</span> <span class='ocrx_word' id='word_1_697' title='bbox 3529 2998 3645 3036; x_wconf 89' lang='lat' dir='ltr'>ma-</span> 
     </span>
    </p>
   </div>
   <div class='ocr_carea' id='block_1_93' title="bbox 1946 3070 3644 3142">
    <p class='ocr_par' dir='ltr' id='par_1_93' title="bbox 1946 3070 3644 3142">
     <span class='ocr_line' id='line_1_93' title="bbox 1946 3070 3644 3142; baseline 0.001 -19"><span class='ocrx_word' id='word_1_698' title='bbox 1946 3086 2221 3140; x_wconf 87' lang='lat' dir='ltr'>gnopere,</span> <span class='ocrx_word' id='word_1_699' title='bbox 2246 3071 2383 3124; x_wconf 92' lang='lat' dir='ltr'>dum</span> <span class='ocrx_word' id='word_1_700' title='bbox 2412 3070 2516 3125; x_wconf 91' lang='lat' dir='ltr'>hoc</span> <span class='ocrx_word' id='word_1_701' title='bbox 2540 3087 2742 3142; x_wconf 91' lang='lat' dir='ltr'>corpus</span> <span class='ocrx_word' id='word_1_702' title='bbox 2767 3070 3014 3141; x_wconf 89' lang='lat' dir='ltr'>agimus,</span> <span class='ocrx_word' id='word_1_703' title='bbox 3037 3087 3112 3125; x_wconf 93' lang='lat' dir='ltr'>ne</span> <span class='ocrx_word' id='word_1_704' title='bbox 3139 3087 3253 3141; x_wconf 92' lang='lat' dir='ltr'>quo</span> <span class='ocrx_word' id='word_1_705' title='bbox 3273 3087 3473 3125; x_wconf 88' lang='lat' dir='ltr'>eorum</span> <span class='ocrx_word' id='word_1_706' title='bbox 3495 3071 3644 3125; x_wconf 92' lang='lat' dir='ltr'>visco</span> 
     </span>
    </p>
   </div>
   <div class='ocr_carea' id='block_1_94' title="bbox 1946 3158 3642 3230">
    <p class='ocr_par' dir='ltr' id='par_1_94' title="bbox 1946 3158 3642 3230">
     <span class='ocr_line' id='line_1_94' title="bbox 1946 3158 3642 3230; baseline 0.002 -19"><span class='ocrx_word' id='word_1_707' title='bbox 1946 3174 2152 3229; x_wconf 83' lang='lat' dir='ltr'>pennae</span> <span class='ocrx_word' id='word_1_708' title='bbox 2175 3163 2390 3213; x_wconf 63' lang='lat' dir='ltr'>nostra:</span> <span class='ocrx_word' id='word_1_709' title='bbox 2417 3158 2826 3230; x_wconf 87' lang='lat' dir='ltr'>impediantur,</span> <span class='ocrx_word' id='word_1_710' title='bbox 2860 3159 3068 3230; x_wconf 90' lang='lat' dir='ltr'>quibus</span> <span class='ocrx_word' id='word_1_711' title='bbox 3097 3159 3334 3229; x_wconf 84' lang='lat' dir='ltr'>integris</span> <span class='ocrx_word' id='word_1_712' title='bbox 3357 3159 3642 3229; x_wconf 81' lang='lat' dir='ltr'>perfectis-</span> 
     </span>
    </p>
   </div>
   <div class='ocr_carea' id='block_1_95' title="bbox 1947 3247 3643 3317">
    <p class='ocr_par' dir='ltr' id='par_1_95' title="bbox 1947 3247 3643 3317">
     <span class='ocr_line' id='line_1_95' title="bbox 1947 3247 3643 3317; baseline 0.002 -18"><span class='ocrx_word' id='word_1_713' title='bbox 1947 3262 2058 3317; x_wconf 91' lang='lat' dir='ltr'>que</span> <span class='ocrx_word' id='word_1_714' title='bbox 2088 3263 2233 3316; x_wconf 89' lang='lat' dir='ltr'>opus</span> <span class='ocrx_word' id='word_1_715' title='bbox 2265 3251 2368 3312; x_wconf 91' lang='lat' dir='ltr'>est,</span> <span class='ocrx_word' id='word_1_716' title='bbox 2396 3251 2461 3300; x_wconf 92' lang='lat' dir='ltr'>ut</span> <span class='ocrx_word' id='word_1_717' title='bbox 2489 3247 2560 3301; x_wconf 90' lang='lat' dir='ltr'>ad</span> <span class='ocrx_word' id='word_1_718' title='bbox 2604 3247 2762 3301; x_wconf 88' lang='lat' dir='ltr'>illam</span> <span class='ocrx_word' id='word_1_719' title='bbox 2791 3248 2979 3302; x_wconf 90' lang='lat' dir='ltr'>lucem</span> <span class='ocrx_word' id='word_1_720' title='bbox 3019 3248 3089 3302; x_wconf 85' lang='lat' dir='ltr'>ab</span> <span class='ocrx_word' id='word_1_721' title='bbox 3119 3248 3207 3301; x_wconf 90' lang='lat' dir='ltr'>his</span> <span class='ocrx_word' id='word_1_722' title='bbox 3235 3247 3481 3301; x_wconf 88' lang='lat' dir='ltr'>tenebris</span> <span class='ocrx_word' id='word_1_723' title='bbox 3510 3265 3643 3302; x_wconf 88' lang='lat' dir='ltr'>evo-</span> 
     </span>
    </p>
   </div>
   <div class='ocr_carea' id='block_1_96' title="bbox 1943 3334 3645 3406">
    <p class='ocr_par' dir='ltr' id='par_1_96' title="bbox 1943 3334 3645 3406">
     <span class='ocr_line' id='line_1_96' title="bbox 1943 3334 3645 3406; baseline 0.001 -18"><span class='ocrx_word' id='word_1_724' title='bbox 1943 3334 2161 3388; x_wconf 88' lang='lat' dir='ltr'>lemus:</span> <span class='ocrx_word' id='word_1_725' title='bbox 2196 3351 2324 3406; x_wconf 65' lang='lat' dir='ltr'>qua:</span> <span class='ocrx_word' id='word_1_726' title='bbox 2354 3351 2412 3388; x_wconf 91' lang='lat' dir='ltr'>se</span> <span class='ocrx_word' id='word_1_727' title='bbox 2439 3351 2512 3388; x_wconf 90' lang='lat' dir='ltr'>ne</span> <span class='ocrx_word' id='word_1_728' title='bbox 2545 3335 2844 3389; x_wconf 90' lang='lat' dir='ltr'>ostendere</span> <span class='ocrx_word' id='word_1_729' title='bbox 2887 3335 3121 3406; x_wconf 91' lang='lat' dir='ltr'>quidem</span> <span class='ocrx_word' id='word_1_730' title='bbox 3151 3334 3422 3404; x_wconf 89' lang='lat' dir='ltr'>dignatur</span> <span class='ocrx_word' id='word_1_731' title='bbox 3450 3335 3509 3388; x_wconf 90' lang='lat' dir='ltr'>in</span> <span class='ocrx_word' id='word_1_732' title='bbox 3536 3336 3645 3390; x_wconf 89' lang='lat' dir='ltr'>hac</span> 
     </span>
    </p>
   </div>
   <div class='ocr_carea' id='block_1_97' title="bbox 1944 3423 3644 3489">
    <p class='ocr_par' dir='ltr' id='par_1_97' title="bbox 1944 3423 3644 3489">
     <span class='ocr_line' id='line_1_97' title="bbox 1944 3423 3644 3489; baseline -0.001 -12"><span class='ocrx_word' id='word_1_733' title='bbox 1944 3439 2114 3477; x_wconf 91' lang='lat' dir='ltr'>cavea</span> <span class='ocrx_word' id='word_1_734' title='bbox 2155 3423 2409 3489; x_wconf 91' lang='lat' dir='ltr'>inclusis,</span> <span class='ocrx_word' id='word_1_735' title='bbox 2460 3423 2569 3477; x_wconf 91' lang='lat' dir='ltr'>nisi</span> <span class='ocrx_word' id='word_1_736' title='bbox 2611 3425 2752 3477; x_wconf 88' lang='lat' dir='ltr'>tales</span> <span class='ocrx_word' id='word_1_737' title='bbox 2789 3423 3004 3478; x_wconf 90' lang='lat' dir='ltr'>fuerint</span> <span class='ocrx_word' id='word_1_738' title='bbox 3047 3428 3112 3478; x_wconf 91' lang='lat' dir='ltr'>ut</span> <span class='ocrx_word' id='word_1_739' title='bbox 3145 3423 3250 3476; x_wconf 86' lang='lat' dir='ltr'>ista</span> <span class='ocrx_word' id='word_1_740' title='bbox 3283 3424 3369 3476; x_wconf 86' lang='lat' dir='ltr'>vel</span> <span class='ocrx_word' id='word_1_741' title='bbox 3414 3425 3644 3477; x_wconf 83' lang='lat' dir='ltr'>etlracta</span> 
     </span>
    </p>
   </div>
   <div class='ocr_carea' id='block_1_98' title="bbox 1943 3509 3638 3581">
    <p class='ocr_par' dir='ltr' id='par_1_98' title="bbox 1943 3509 3638 3581">
     <span class='ocr_line' id='line_1_98' title="bbox 1943 3509 3638 3581; baseline 0.001 -19"><span class='ocrx_word' id='word_1_742' title='bbox 1943 3510 2031 3563; x_wconf 92' lang='lat' dir='ltr'>vel</span> <span class='ocrx_word' id='word_1_743' title='bbox 2059 3509 2334 3564; x_wconf 92' lang='lat' dir='ltr'>dissoluta</span> <span class='ocrx_word' id='word_1_744' title='bbox 2371 3511 2594 3581; x_wconf 91' lang='lat' dir='ltr'>possint</span> <span class='ocrx_word' id='word_1_745' title='bbox 2623 3510 2681 3564; x_wconf 92' lang='lat' dir='ltr'>in</span> <span class='ocrx_word' id='word_1_746' title='bbox 2729 3527 2896 3565; x_wconf 88' lang='lat' dir='ltr'>auras</span> <span class='ocrx_word' id='word_1_747' title='bbox 2926 3528 3056 3565; x_wconf 90' lang='lat' dir='ltr'>suas</span> <span class='ocrx_word' id='word_1_748' title='bbox 3107 3511 3363 3565; x_wconf 86' lang='lat' dir='ltr'>evadere.</span> <span class='ocrx_word' id='word_1_749' title='bbox 3421 3512 3638 3581; x_wconf 88' lang='lat' dir='ltr'>Itaque,</span> 
     </span>
    </p>
   </div>
   <div class='ocr_carea' id='block_1_99' title="bbox 1945 3599 3640 3670">
    <p class='ocr_par' dir='ltr' id='par_1_99' title="bbox 1945 3599 3640 3670">
     <span class='ocr_line' id='line_1_99' title="bbox 1945 3599 3640 3670; baseline 0.001 -20"><span class='ocrx_word' id='word_1_750' title='bbox 1945 3599 2176 3669; x_wconf 91' lang='lat' dir='ltr'>quando</span> <span class='ocrx_word' id='word_1_751' title='bbox 2207 3599 2381 3653; x_wconf 88' lang='lat' dir='ltr'>fueris</span> <span class='ocrx_word' id='word_1_752' title='bbox 2426 3599 2554 3653; x_wconf 92' lang='lat' dir='ltr'>talis</span> <span class='ocrx_word' id='word_1_753' title='bbox 2602 3604 2667 3653; x_wconf 90' lang='lat' dir='ltr'>ut</span> <span class='ocrx_word' id='word_1_754' title='bbox 2708 3599 2853 3654; x_wconf 86' lang='lat' dir='ltr'>nihil</span> <span class='ocrx_word' id='word_1_755' title='bbox 2895 3605 2951 3654; x_wconf 93' lang='lat' dir='ltr'>te</span> <span class='ocrx_word' id='word_1_756' title='bbox 2994 3615 3231 3670; x_wconf 90' lang='lat' dir='ltr'>prorsus</span> <span class='ocrx_word' id='word_1_757' title='bbox 3280 3603 3640 3652; x_wconf 89' lang='lat' dir='ltr'>terrenorum</span> 
     </span>
    </p>
   </div>
   <div class='ocr_carea' id='block_1_100' title="bbox 1945 3686 3638 3756">
    <p class='ocr_par' dir='ltr' id='par_1_100' title="bbox 1945 3686 3638 3756">
     <span class='ocr_line' id='line_1_100' title="bbox 1945 3686 3638 3756; baseline 0.001 -17"><span class='ocrx_word' id='word_1_758' title='bbox 1945 3687 2206 3753; x_wconf 88' lang='lat' dir='ltr'>delectet,</span> <span class='ocrx_word' id='word_1_759' title='bbox 2239 3687 2383 3740; x_wconf 85' lang='lat' dir='ltr'>mihi</span> <span class='ocrx_word' id='word_1_760' title='bbox 2413 3689 2598 3752; x_wconf 90' lang='lat' dir='ltr'>crede,</span> <span class='ocrx_word' id='word_1_761' title='bbox 2630 3689 2833 3742; x_wconf 91' lang='lat' dir='ltr'>eodem</span> <span class='ocrx_word' id='word_1_762' title='bbox 2855 3693 3170 3752; x_wconf 88' lang='lat' dir='ltr'>momento,</span> <span class='ocrx_word' id='word_1_763' title='bbox 3203 3686 3404 3741; x_wconf 91' lang='lat' dir='ltr'>eodem</span> <span class='ocrx_word' id='word_1_764' title='bbox 3427 3692 3638 3756; x_wconf 90' lang='lat' dir='ltr'>puncto</span> 
     </span>
    </p>
   </div>
   <div class='ocr_carea' id='block_1_101' title="bbox 1943 3774 3638 3846">
    <p class='ocr_par' dir='ltr' id='par_1_101' title="bbox 1943 3774 3638 3846">
     <span class='ocr_line' id='line_1_101' title="bbox 1943 3774 3638 3846; baseline 0 -18"><span class='ocrx_word' id='word_1_765' title='bbox 1943 3775 2218 3844; x_wconf 89' lang='lat' dir='ltr'>temporis</span> <span class='ocrx_word' id='word_1_766' title='bbox 2265 3775 2483 3829; x_wconf 88' lang='lat' dir='ltr'>videbis</span> <span class='ocrx_word' id='word_1_767' title='bbox 2512 3775 2663 3845; x_wconf 91' lang='lat' dir='ltr'>quod</span> <span class='ocrx_word' id='word_1_768' title='bbox 2721 3775 2899 3846; x_wconf 90' lang='lat' dir='ltr'>cupis.</span> <span class='ocrx_word' id='word_1_769' title='bbox 2953 3777 3022 3829; x_wconf 89' lang='lat' dir='ltr'>A.</span> <span class='ocrx_word' id='word_1_770' title='bbox 3059 3775 3292 3838; x_wconf 91' lang='lat' dir='ltr'>Quando</span> <span class='ocrx_word' id='word_1_771' title='bbox 3323 3774 3473 3828; x_wconf 89' lang='lat' dir='ltr'>istud</span> <span class='ocrx_word' id='word_1_772' title='bbox 3508 3775 3638 3844; x_wconf 91' lang='lat' dir='ltr'>erit,</span> 
     </span>
    </p>
   </div>
   <div class='ocr_carea' id='block_1_102' title="bbox 1943 3862 3632 3934">
    <p class='ocr_par' dir='ltr' id='par_1_102' title="bbox 1943 3862 3632 3934">
     <span class='ocr_line' id='line_1_102' title="bbox 1943 3862 3632 3934; baseline -0.001 -17"><span class='ocrx_word' id='word_1_773' title='bbox 1943 3880 2044 3917; x_wconf 91' lang='lat' dir='ltr'>oro</span> <span class='ocrx_word' id='word_1_774' title='bbox 2076 3865 2172 3917; x_wconf 89' lang='lat' dir='ltr'>te?</span> <span class='ocrx_word' id='word_1_775' title='bbox 2207 3865 2332 3917; x_wconf 92' lang='lat' dir='ltr'>Non</span> <span class='ocrx_word' id='word_1_776' title='bbox 2377 3862 2531 3917; x_wconf 92' lang='lat' dir='ltr'>enim</span> <span class='ocrx_word' id='word_1_777' title='bbox 2555 3869 2694 3933; x_wconf 92' lang='lat' dir='ltr'>puto</span> <span class='ocrx_word' id='word_1_778' title='bbox 2724 3881 2888 3934; x_wconf 87' lang='lat' dir='ltr'>posse</span> <span class='ocrx_word' id='word_1_779' title='bbox 2918 3863 3063 3917; x_wconf 91' lang='lat' dir='ltr'>mihi</span> <span class='ocrx_word' id='word_1_780' title='bbox 3092 3864 3213 3916; x_wconf 77' lang='lat' dir='ltr'>haec</span> <span class='ocrx_word' id='word_1_781' title='bbox 3241 3862 3303 3915; x_wconf 89' lang='lat' dir='ltr'>in</span> <span class='ocrx_word' id='word_1_782' title='bbox 3343 3879 3632 3916; x_wconf 91' lang='lat' dir='ltr'>summum</span> 
     </span>
    </p>
   </div>
   <div class='ocr_carea' id='block_1_103' title="bbox 1944 3949 3637 4021">
    <p class='ocr_par' dir='ltr' id='par_1_103' title="bbox 1944 3949 3637 4021">
     <span class='ocr_line' id='line_1_103' title="bbox 1944 3949 3637 4021; baseline 0.001 -17"><span class='ocrx_word' id='word_1_783' title='bbox 1944 3951 2137 4005; x_wconf 90' lang='lat' dir='ltr'>venire</span> <span class='ocrx_word' id='word_1_784' title='bbox 2185 3955 2600 4021; x_wconf 90' lang='lat' dir='ltr'>contemptum,</span> <span class='ocrx_word' id='word_1_785' title='bbox 2656 3951 2766 4005; x_wconf 91' lang='lat' dir='ltr'>nisi</span> <span class='ocrx_word' id='word_1_786' title='bbox 2796 3951 2988 4006; x_wconf 91' lang='lat' dir='ltr'>videro</span> <span class='ocrx_word' id='word_1_787' title='bbox 3018 3951 3160 4005; x_wconf 90' lang='lat' dir='ltr'>illud</span> <span class='ocrx_word' id='word_1_788' title='bbox 3190 3949 3251 4004; x_wconf 91' lang='lat' dir='ltr'>in</span> <span class='ocrx_word' id='word_1_789' title='bbox 3291 3949 3452 4019; x_wconf 90' lang='lat' dir='ltr'>cujus</span> <span class='ocrx_word' id='word_1_790' title='bbox 3481 3967 3637 4005; x_wconf 86' lang='lat' dir='ltr'>com-</span> 
     </span>
    </p>
   </div>
   <div class='ocr_carea' id='block_1_104' title="bbox 1942 4039 2760 4111">
    <p class='ocr_par' dir='ltr' id='par_1_104' title="bbox 1942 4039 2760 4111">
     <span class='ocr_line' id='line_1_104' title="bbox 1942 4039 2760 4111; baseline 0.001 -18"><span class='ocrx_word' id='word_1_791' title='bbox 1942 4039 2243 4111; x_wconf 88' lang='lat' dir='ltr'>paratione</span> <span class='ocrx_word' id='word_1_792' title='bbox 2282 4040 2388 4094; x_wconf 91' lang='lat' dir='ltr'>ista</span> <span class='ocrx_word' id='word_1_793' title='bbox 2418 4040 2760 4094; x_wconf 88' lang='lat' dir='ltr'>sordescant.</span> 
     </span>
    </p>
   </div>
   <div class='ocr_carea' id='block_1_105' title="bbox 2012 4127 3636 4200">
    <p class='ocr_par' dir='ltr' id='par_1_105' title="bbox 2012 4127 3636 4200">
     <span class='ocr_line' id='line_1_105' title="bbox 2012 4127 3636 4200; baseline 0 -18"><span class='ocrx_word' id='word_1_794' title='bbox 2012 4133 2101 4184; x_wconf 81' lang='lat'>25.</span> <span class='ocrx_word' id='word_1_795' title='bbox 2133 4132 2196 4184; x_wconf 82' lang='grc' dir='ltr'>Β.</span> <span class='ocrx_word' id='word_1_796' title='bbox 2237 4131 2351 4183; x_wconf 88' lang='lat' dir='ltr'>Hoc</span> <span class='ocrx_word' id='word_1_797' title='bbox 2381 4129 2552 4183; x_wconf 91' lang='lat' dir='ltr'>modo</span> <span class='ocrx_word' id='word_1_798' title='bbox 2581 4136 2772 4200; x_wconf 91' lang='lat' dir='ltr'>posset</span> <span class='ocrx_word' id='word_1_799' title='bbox 2814 4133 2872 4183; x_wconf 90' lang='lat' dir='ltr'>et</span> <span class='ocrx_word' id='word_1_800' title='bbox 2904 4128 3006 4182; x_wconf 91' lang='lat' dir='ltr'>iste</span> <span class='ocrx_word' id='word_1_801' title='bbox 3037 4127 3233 4182; x_wconf 89' lang='lat' dir='ltr'>oculus</span> <span class='ocrx_word' id='word_1_802' title='bbox 3265 4127 3520 4198; x_wconf 90' lang='lat' dir='ltr'>corporis</span> <span class='ocrx_word' id='word_1_803' title='bbox 3551 4128 3636 4182; x_wconf 89' lang='lat' dir='ltr'>di-</span> 
     </span>
    </p>
   </div>
   <div class='ocr_carea' id='block_1_106' title="bbox 1943 4215 3628 4285">
    <p class='ocr_par' dir='ltr' id='par_1_106' title="bbox 1943 4215 3628 4285">
     <span class='ocr_line' id='line_1_106' title="bbox 1943 4215 3628 4285; baseline -0.001 -12"><span class='ocrx_word' id='word_1_804' title='bbox 1943 4234 2098 4273; x_wconf 90' lang='lat' dir='ltr'>cere:</span> <span class='ocrx_word' id='word_1_805' title='bbox 2133 4219 2279 4272; x_wconf 86' lang='lat' dir='ltr'>Tum</span> <span class='ocrx_word' id='word_1_806' title='bbox 2321 4217 2586 4272; x_wconf 89' lang='lat' dir='ltr'>tenebras</span> <span class='ocrx_word' id='word_1_807' title='bbox 2616 4234 2730 4272; x_wconf 91' lang='lat' dir='ltr'>non</span> <span class='ocrx_word' id='word_1_808' title='bbox 2773 4217 3001 4285; x_wconf 90' lang='lat' dir='ltr'>amabo,</span> <span class='ocrx_word' id='word_1_809' title='bbox 3037 4232 3169 4270; x_wconf 91' lang='lat' dir='ltr'>eum</span> <span class='ocrx_word' id='word_1_810' title='bbox 3200 4217 3380 4270; x_wconf 91' lang='lat' dir='ltr'>solem</span> <span class='ocrx_word' id='word_1_811' title='bbox 3408 4215 3628 4271; x_wconf 92' lang='lat' dir='ltr'>videro.</span> 
     </span>
    </p>
   </div>
   <div class='ocr_carea' id='block_1_107' title="bbox 1943 4304 3638 4377">
    <p class='ocr_par' dir='ltr' id='par_1_107' title="bbox 1943 4304 3638 4377">
     <span class='ocr_line' id='line_1_107' title="bbox 1943 4304 3638 4377; baseline 0 -17"><span class='ocrx_word' id='word_1_812' title='bbox 1943 4307 2179 4365; x_wconf 86' lang='lat' dir='ltr'>Videtur</span> <span class='ocrx_word' id='word_1_813' title='bbox 2200 4308 2354 4361; x_wconf 92' lang='lat' dir='ltr'>enim</span> <span class='ocrx_word' id='word_1_814' title='bbox 2371 4307 2534 4377; x_wconf 91' lang='lat' dir='ltr'>quasi</span> <span class='ocrx_word' id='word_1_815' title='bbox 2557 4307 2740 4361; x_wconf 87' lang='lat' dir='ltr'>ethoc</span> <span class='ocrx_word' id='word_1_816' title='bbox 2757 4307 2827 4360; x_wconf 90' lang='lat' dir='ltr'>ad</span> <span class='ocrx_word' id='word_1_817' title='bbox 2856 4305 3117 4360; x_wconf 88' lang='lat' dir='ltr'>ordinem</span> <span class='ocrx_word' id='word_1_818' title='bbox 3143 4304 3448 4376; x_wconf 85' lang='lat' dir='ltr'>pertinere,</span> <span class='ocrx_word' id='word_1_819' title='bbox 3481 4306 3638 4376; x_wconf 87' lang='lat' dir='ltr'>quod</span> 
     </span>
    </p>
   </div>
   <div class='ocr_carea' id='block_1_108' title="bbox 1941 4394 3638 4465">
    <p class='ocr_par' dir='ltr' id='par_1_108' title="bbox 1941 4394 3638 4465">
     <span class='ocr_line' id='line_1_108' title="bbox 1941 4394 3638 4465; baseline -0.001 -16"><span class='ocrx_word' id='word_1_820' title='bbox 1941 4395 2114 4465; x_wconf 91' lang='lat' dir='ltr'>longe</span> <span class='ocrx_word' id='word_1_821' title='bbox 2139 4399 2224 4449; x_wconf 92' lang='lat' dir='ltr'>est</span> <span class='ocrx_word' id='word_1_822' title='bbox 2253 4411 2432 4448; x_wconf 91' lang='lat' dir='ltr'>secus.</span> <span class='ocrx_word' id='word_1_823' title='bbox 2466 4399 2637 4448; x_wconf 83' lang='lat' dir='ltr'>Amat</span> <span class='ocrx_word' id='word_1_824' title='bbox 2666 4394 2823 4448; x_wconf 89' lang='lat' dir='ltr'>enim</span> <span class='ocrx_word' id='word_1_825' title='bbox 2852 4394 3136 4460; x_wconf 91' lang='lat' dir='ltr'>tenebras,</span> <span class='ocrx_word' id='word_1_826' title='bbox 3168 4410 3237 4447; x_wconf 93' lang='lat' dir='ltr'>eo</span> <span class='ocrx_word' id='word_1_827' title='bbox 3269 4394 3423 4463; x_wconf 91' lang='lat' dir='ltr'>quod</span> <span class='ocrx_word' id='word_1_828' title='bbox 3465 4410 3638 4448; x_wconf 90' lang='lat' dir='ltr'>sanus</span> 
     </span>
    </p>
   </div>
   <div class='ocr_carea' id='block_1_109' title="bbox 1943 4483 3629 4552">
    <p class='ocr_par' dir='ltr' id='par_1_109' title="bbox 1943 4483 3629 4552">
     <span class='ocr_line' id='line_1_109' title="bbox 1943 4483 3629 4552; baseline -0.001 -14"><span class='ocrx_word' id='word_1_829' title='bbox 1943 4500 2060 4538; x_wconf 91' lang='lat' dir='ltr'>non</span> <span class='ocrx_word' id='word_1_830' title='bbox 2087 4489 2202 4550; x_wconf 88' lang='lat' dir='ltr'>est;</span> <span class='ocrx_word' id='word_1_831' title='bbox 2243 4484 2423 4537; x_wconf 91' lang='lat' dir='ltr'>solem</span> <span class='ocrx_word' id='word_1_832' title='bbox 2453 4488 2644 4538; x_wconf 89' lang='lat' dir='ltr'>autem</span> <span class='ocrx_word' id='word_1_833' title='bbox 2678 4483 2789 4537; x_wconf 90' lang='lat' dir='ltr'>nisi</span> <span class='ocrx_word' id='word_1_834' title='bbox 2832 4499 3004 4537; x_wconf 89' lang='lat' dir='ltr'>sanus</span> <span class='ocrx_word' id='word_1_835' title='bbox 3029 4483 3222 4536; x_wconf 90' lang='lat' dir='ltr'>videre</span> <span class='ocrx_word' id='word_1_836' title='bbox 3254 4498 3370 4536; x_wconf 90' lang='lat' dir='ltr'>non</span> <span class='ocrx_word' id='word_1_837' title='bbox 3412 4488 3629 4552; x_wconf 90' lang='lat' dir='ltr'>potest.</span> 
     </span>
    </p>
   </div>
   <div class='ocr_carea' id='block_1_110' title="bbox 1945 4572 3638 4642">
    <p class='ocr_par' dir='ltr' id='par_1_110' title="bbox 1945 4572 3638 4642">
     <span class='ocr_line' id='line_1_110' title="bbox 1945 4572 3638 4642; baseline 0 -16"><span class='ocrx_word' id='word_1_838' title='bbox 1945 4573 2012 4626; x_wconf 88' lang='lat' dir='ltr'>Et</span> <span class='ocrx_word' id='word_1_839' title='bbox 2034 4572 2093 4626; x_wconf 93' lang='lat' dir='ltr'>in</span> <span class='ocrx_word' id='word_1_840' title='bbox 2115 4589 2181 4626; x_wconf 92' lang='lat' dir='ltr'>eo</span> <span class='ocrx_word' id='word_1_841' title='bbox 2201 4589 2350 4642; x_wconf 63' lang='lat' dir='ltr'>saepe</span> <span class='ocrx_word' id='word_1_842' title='bbox 2369 4572 2585 4626; x_wconf 88' lang='lat' dir='ltr'>fallitur</span> <span class='ocrx_word' id='word_1_843' title='bbox 2602 4572 2847 4637; x_wconf 88' lang='lat' dir='ltr'>animus,</span> <span class='ocrx_word' id='word_1_844' title='bbox 2874 4575 2938 4625; x_wconf 90' lang='lat' dir='ltr'>ut</span> <span class='ocrx_word' id='word_1_845' title='bbox 2957 4587 3162 4624; x_wconf 89' lang='lat' dir='ltr'>sanum</span> <span class='ocrx_word' id='word_1_846' title='bbox 3187 4587 3245 4624; x_wconf 90' lang='lat' dir='ltr'>se</span> <span class='ocrx_word' id='word_1_847' title='bbox 3269 4575 3430 4640; x_wconf 90' lang='lat' dir='ltr'>putet</span> <span class='ocrx_word' id='word_1_848' title='bbox 3445 4576 3501 4626; x_wconf 92' lang='lat' dir='ltr'>et</span> <span class='ocrx_word' id='word_1_849' title='bbox 3517 4589 3638 4626; x_wconf 90' lang='lat' dir='ltr'>sese</span> 
     </span>
    </p>
   </div>
   <div class='ocr_carea' id='block_1_111' title="bbox 1935 4659 3634 4731">
    <p class='ocr_par' dir='ltr' id='par_1_111' title="bbox 1935 4659 3634 4731">
     <span class='ocr_line' id='line_1_111' title="bbox 1935 4659 3634 4731; baseline 0.001 -17"><span class='ocrx_word' id='word_1_850' title='bbox 1935 4660 2141 4730; x_wconf 85' lang='lat' dir='ltr'>jactet;</span> <span class='ocrx_word' id='word_1_851' title='bbox 2162 4664 2219 4714; x_wconf 91' lang='lat' dir='ltr'>et</span> <span class='ocrx_word' id='word_1_852' title='bbox 2237 4660 2370 4731; x_wconf 90' lang='lat' dir='ltr'>quia</span> <span class='ocrx_word' id='word_1_853' title='bbox 2400 4661 2655 4714; x_wconf 90' lang='lat' dir='ltr'>nondum</span> <span class='ocrx_word' id='word_1_854' title='bbox 2679 4660 2851 4724; x_wconf 85' lang='lat' dir='ltr'>videt,</span> <span class='ocrx_word' id='word_1_855' title='bbox 2881 4659 3058 4713; x_wconf 86' lang='lat' dir='ltr'>veluti</span> <span class='ocrx_word' id='word_1_856' title='bbox 3083 4660 3212 4729; x_wconf 90' lang='lat' dir='ltr'>jure</span> <span class='ocrx_word' id='word_1_857' title='bbox 3241 4661 3634 4730; x_wconf 83' lang='lat' dir='ltr'>conqueritur.</span> 
     </span>
    </p>
   </div>
   <div class='ocr_carea' id='block_1_112' title="bbox 1941 4747 3639 4819">
    <p class='ocr_par' dir='ltr' id='par_1_112' title="bbox 1941 4747 3639 4819">
     <span class='ocr_line' id='line_1_112' title="bbox 1941 4747 3639 4819; baseline 0 -16"><span class='ocrx_word' id='word_1_858' title='bbox 1941 4749 2105 4803; x_wconf 86' lang='lat' dir='ltr'>Novit</span> <span class='ocrx_word' id='word_1_859' title='bbox 2126 4753 2318 4803; x_wconf 90' lang='lat' dir='ltr'>autem</span> <span class='ocrx_word' id='word_1_860' title='bbox 2340 4748 2440 4802; x_wconf 85' lang='lat' dir='ltr'>illa</span> <span class='ocrx_word' id='word_1_861' title='bbox 2465 4747 2836 4818; x_wconf 89' lang='lat' dir='ltr'>pulchritudo</span> <span class='ocrx_word' id='word_1_862' title='bbox 2859 4748 3088 4818; x_wconf 88' lang='lat' dir='ltr'>quando</span> <span class='ocrx_word' id='word_1_863' title='bbox 3116 4764 3174 4802; x_wconf 91' lang='lat' dir='ltr'>se</span> <span class='ocrx_word' id='word_1_864' title='bbox 3204 4749 3487 4804; x_wconf 85' lang='lat' dir='ltr'>ostendat.</span> <span class='ocrx_word' id='word_1_865' title='bbox 3510 4750 3639 4819; x_wconf 88' lang='lat' dir='ltr'>Ipsa</span> 
     </span>
    </p>
   </div>
   <div class='ocr_carea' id='block_1_113' title="bbox 1943 4836 3636 4908">
    <p class='ocr_par' dir='ltr' id='par_1_113' title="bbox 1943 4836 3636 4908">
     <span class='ocr_line' id='line_1_113' title="bbox 1943 4836 3636 4908; baseline -0.001 -16"><span class='ocrx_word' id='word_1_866' title='bbox 1943 4838 2096 4892; x_wconf 91' lang='lat' dir='ltr'>enim</span> <span class='ocrx_word' id='word_1_867' title='bbox 2124 4837 2330 4892; x_wconf 77' lang='lat' dir='ltr'>medici</span> <span class='ocrx_word' id='word_1_868' title='bbox 2358 4837 2618 4906; x_wconf 88' lang='lat' dir='ltr'>fungitur</span> <span class='ocrx_word' id='word_1_869' title='bbox 2637 4852 2894 4901; x_wconf 90' lang='lat' dir='ltr'>munere,</span> <span class='ocrx_word' id='word_1_870' title='bbox 2917 4836 3234 4908; x_wconf 90' lang='lat' dir='ltr'>meliusque</span> <span class='ocrx_word' id='word_1_871' title='bbox 3249 4837 3519 4908; x_wconf 87' lang='lat' dir='ltr'>intelligit</span> <span class='ocrx_word' id='word_1_872' title='bbox 3536 4838 3636 4908; x_wconf 93' lang='lat' dir='ltr'>qui</span> 
     </span>
    </p>
   </div>
   <div class='ocr_carea' id='block_1_114' title="bbox 1942 4922 3638 4994">
    <p class='ocr_par' dir='ltr' id='par_1_114' title="bbox 1942 4922 3638 4994">
     <span class='ocr_line' id='line_1_114' title="bbox 1942 4922 3638 4994; baseline -0.002 -14"><span class='ocrx_word' id='word_1_873' title='bbox 1942 4926 2056 4980; x_wconf 88' lang='lat' dir='ltr'>sint</span> <span class='ocrx_word' id='word_1_874' title='bbox 2066 4925 2186 4979; x_wconf 91' lang='lat' dir='ltr'>sani</span> <span class='ocrx_word' id='word_1_875' title='bbox 2197 4939 2391 4994; x_wconf 89' lang='lat' dir='ltr'>,quam</span> <span class='ocrx_word' id='word_1_876' title='bbox 2405 4922 2579 4978; x_wconf 89' lang='lat' dir='ltr'>iidem</span> <span class='ocrx_word' id='word_1_877' title='bbox 2591 4922 2700 4994; x_wconf 91' lang='lat' dir='ltr'>ipsi</span> <span class='ocrx_word' id='word_1_878' title='bbox 2713 4923 2812 4994; x_wconf 92' lang='lat' dir='ltr'>qui</span> <span class='ocrx_word' id='word_1_879' title='bbox 2825 4927 3117 4978; x_wconf 87' lang='lat' dir='ltr'>sanantur.</span> <span class='ocrx_word' id='word_1_880' title='bbox 3134 4925 3247 4978; x_wconf 85' lang='lat' dir='ltr'>Nos</span> <span class='ocrx_word' id='word_1_881' title='bbox 3259 4929 3452 4980; x_wconf 84' lang='lat' dir='ltr'>autem</span> <span class='ocrx_word' id='word_1_882' title='bbox 3466 4939 3638 4994; x_wconf 87' lang='lat' dir='ltr'>quan-</span> 
     </span>
    </p>
   </div>
   <div class='ocr_carea' id='block_1_115' title="bbox 1941 5011 3634 5083">
    <p class='ocr_par' dir='ltr' id='par_1_115' title="bbox 1941 5011 3634 5083">
     <span class='ocr_line' id='line_1_115' title="bbox 1941 5011 3634 5083; baseline -0.002 -15"><span class='ocrx_word' id='word_1_883' title='bbox 1941 5018 2064 5068; x_wconf 88' lang='lat' dir='ltr'>tum</span> <span class='ocrx_word' id='word_1_884' title='bbox 2103 5011 2521 5077; x_wconf 90' lang='lat' dir='ltr'>emerserimus,</span> <span class='ocrx_word' id='word_1_885' title='bbox 2571 5011 2834 5066; x_wconf 90' lang='lat' dir='ltr'>videmur</span> <span class='ocrx_word' id='word_1_886' title='bbox 2879 5012 3043 5067; x_wconf 91' lang='lat' dir='ltr'>nobis</span> <span class='ocrx_word' id='word_1_887' title='bbox 3082 5013 3310 5068; x_wconf 88' lang='lat' dir='ltr'>videre:</span> <span class='ocrx_word' id='word_1_888' title='bbox 3355 5017 3634 5083; x_wconf 89' lang='lat' dir='ltr'>quantum</span> 
     </span>
    </p>
   </div>
   <div class='ocr_carea' id='block_1_116' title="bbox 1943 5101 3633 5172">
    <p class='ocr_par' dir='ltr' id='par_1_116' title="bbox 1943 5101 3633 5172">
     <span class='ocr_line' id='line_1_116' title="bbox 1943 5101 3633 5172; baseline -0.002 -16"><span class='ocrx_word' id='word_1_889' title='bbox 1943 5107 2134 5156; x_wconf 89' lang='lat' dir='ltr'>autem</span> <span class='ocrx_word' id='word_1_890' title='bbox 2163 5101 2333 5156; x_wconf 89' lang='lat' dir='ltr'>mersi</span> <span class='ocrx_word' id='word_1_891' title='bbox 2364 5117 2609 5166; x_wconf 90' lang='lat' dir='ltr'>eramus,</span> <span class='ocrx_word' id='word_1_892' title='bbox 2643 5104 2699 5155; x_wconf 90' lang='lat' dir='ltr'>et</span> <span class='ocrx_word' id='word_1_893' title='bbox 2728 5116 2842 5172; x_wconf 93' lang='lat' dir='ltr'>quo</span> <span class='ocrx_word' id='word_1_894' title='bbox 2869 5101 3159 5172; x_wconf 90' lang='lat' dir='ltr'>progressi</span> <span class='ocrx_word' id='word_1_895' title='bbox 3187 5102 3496 5165; x_wconf 88' lang='lat' dir='ltr'>fueramus,</span> <span class='ocrx_word' id='word_1_896' title='bbox 3529 5113 3633 5152; x_wconf 91' lang='lat' dir='ltr'>nec</span> 
     </span>
    </p>
   </div>
   <div class='ocr_carea' id='block_1_117' title="bbox 1942 5187 3631 5261">
    <p class='ocr_par' dir='ltr' id='par_1_117' title="bbox 1942 5187 3631 5261">
     <span class='ocr_line' id='line_1_117' title="bbox 1942 5187 3631 5261; baseline -0.003 -17"><span class='ocrx_word' id='word_1_897' title='bbox 1942 5190 2214 5261; x_wconf 88' lang='lat' dir='ltr'>cogitare,</span> <span class='ocrx_word' id='word_1_898' title='bbox 2246 5206 2350 5244; x_wconf 92' lang='lat' dir='ltr'>nec</span> <span class='ocrx_word' id='word_1_899' title='bbox 2378 5189 2588 5244; x_wconf 87' lang='lat' dir='ltr'>sentire</span> <span class='ocrx_word' id='word_1_900' title='bbox 2613 5190 3021 5260; x_wconf 91' lang='lat' dir='ltr'>permittimur,</span> <span class='ocrx_word' id='word_1_901' title='bbox 3049 5189 3181 5244; x_wconf 91' lang='lat' dir='ltr'>etin</span> <span class='ocrx_word' id='word_1_902' title='bbox 3211 5187 3631 5257; x_wconf 87' lang='lat' dir='ltr'>comparatione</span> 
     </span>
    </p>
   </div>
   <div class='ocr_carea' id='block_1_118' title="bbox 1943 5273 3632 5350">
    <p class='ocr_par' dir='ltr' id='par_1_118' title="bbox 1943 5273 3632 5350">
     <span class='ocr_line' id='line_1_118' title="bbox 1943 5273 3632 5350; baseline -0.003 -17"><span class='ocrx_word' id='word_1_903' title='bbox 1943 5279 2216 5350; x_wconf 90' lang='lat' dir='ltr'>gravioris</span> <span class='ocrx_word' id='word_1_904' title='bbox 2231 5279 2421 5334; x_wconf 91' lang='lat' dir='ltr'>morbi</span> <span class='ocrx_word' id='word_1_905' title='bbox 2441 5295 2608 5334; x_wconf 89' lang='lat' dir='ltr'>sanos</span> <span class='ocrx_word' id='word_1_906' title='bbox 2639 5294 2760 5333; x_wconf 91' lang='lat' dir='ltr'>esse</span> <span class='ocrx_word' id='word_1_907' title='bbox 2786 5295 2892 5333; x_wconf 91' lang='lat' dir='ltr'>nos</span> <span class='ocrx_word' id='word_1_908' title='bbox 2919 5277 3218 5333; x_wconf 89' lang='lat' dir='ltr'>credimus.</span> <span class='ocrx_word' id='word_1_909' title='bbox 3253 5277 3452 5330; x_wconf 87' lang='lat' dir='ltr'>Nonne</span> <span class='ocrx_word' id='word_1_910' title='bbox 3476 5273 3632 5328; x_wconf 90' lang='lat' dir='ltr'>vides</span> 
     </span>
    </p>
   </div>
   <div class='ocr_carea' id='block_1_119' title="bbox 1943 5365 3626 5440">
    <p class='ocr_par' dir='ltr' id='par_1_119' title="bbox 1943 5365 3626 5440">
     <span class='ocr_line' id='line_1_119' title="bbox 1943 5365 3626 5440; baseline -0.004 -17"><span class='ocrx_word' id='word_1_911' title='bbox 1943 5385 2117 5440; x_wconf 89' lang='lat' dir='ltr'>quam</span> <span class='ocrx_word' id='word_1_912' title='bbox 2145 5369 2322 5424; x_wconf 87' lang='lat' dir='ltr'>veluti</span> <span class='ocrx_word' id='word_1_913' title='bbox 2352 5368 2535 5424; x_wconf 90' lang='lat' dir='ltr'>securi</span> <span class='ocrx_word' id='word_1_914' title='bbox 2577 5369 2844 5424; x_wconf 91' lang='lat' dir='ltr'>hesterno</span> <span class='ocrx_word' id='word_1_915' title='bbox 2893 5367 2983 5422; x_wconf 90' lang='lat' dir='ltr'>die</span> <span class='ocrx_word' id='word_1_916' title='bbox 3030 5365 3626 5436; x_wconf 87' lang='lat' dir='ltr'>pronuntiaveramus,</span> 
     </span>
    </p>
   </div>
   <div class='ocr_carea' id='block_1_120' title="bbox 1943 5449 3630 5527">
    <p class='ocr_par' dir='ltr' id='par_1_120' title="bbox 1943 5449 3630 5527">
     <span class='ocr_line' id='line_1_120' title="bbox 1943 5449 3630 5527; baseline -0.005 -15"><span class='ocrx_word' id='word_1_917' title='bbox 1943 5458 2101 5512; x_wconf 92' lang='lat' dir='ltr'>nulla</span> <span class='ocrx_word' id='word_1_918' title='bbox 2124 5456 2246 5526; x_wconf 87' lang='lat' dir='ltr'>jam</span> <span class='ocrx_word' id='word_1_919' title='bbox 2276 5473 2380 5512; x_wconf 91' lang='lat' dir='ltr'>nos</span> <span class='ocrx_word' id='word_1_920' title='bbox 2400 5461 2559 5527; x_wconf 91' lang='lat' dir='ltr'>peste</span> <span class='ocrx_word' id='word_1_921' title='bbox 2591 5456 2856 5522; x_wconf 89' lang='lat' dir='ltr'>detineri,</span> <span class='ocrx_word' id='word_1_922' title='bbox 2893 5454 3151 5524; x_wconf 87' lang='lat' dir='ltr'>nihilque</span> <span class='ocrx_word' id='word_1_923' title='bbox 3180 5466 3371 5505; x_wconf 85' lang='lat' dir='ltr'>amare</span> <span class='ocrx_word' id='word_1_924' title='bbox 3400 5449 3509 5505; x_wconf 90' lang='lat' dir='ltr'>nisi</span> <span class='ocrx_word' id='word_1_925' title='bbox 3541 5469 3630 5505; x_wconf 89' lang='lat' dir='ltr'>sa-</span> 
     </span>
    </p>
   </div>
   <div class='ocr_carea' id='block_1_121' title="bbox 2005 5553 2247 5614">
    <p class='ocr_par' dir='ltr' id='par_1_121' title="bbox 2005 5553 2247 5614">
     <span class='ocr_line' id='line_1_121' title="bbox 2005 5553 2247 5614; baseline 0 -12"><span class='ocrx_word' id='word_1_926' title='bbox 2005 5554 2080 5614; x_wconf 88' lang='lat' dir='ltr'>(a)</span> <span class='ocrx_word' id='word_1_927' title='bbox 2114 5553 2247 5603; x_wconf 85' lang='lat' dir='ltr'>Ibid.</span> 
     </span>
    </p>
   </div>
  </div>
