4058 6364
358 325 462 377 883

354 444 663 514 pientiam;
689 447 892 496 caetera
913 459 1044 497 vero
1070 460 1185 498 non
1204 445 1310 498 nisi
1332 449 1570 515 propter
1597 444 1764 499 istam
1793 462 2051 516 quaerere

361 538 461 587 aut
487 533 670 587 velle?
713 532 893 596 Quam
922 533 1025 586 tibi
1073 533 1352 599 sordidus,
1408 551 1581 604 quam
1630 535 1831 604 fmdus,
1879 553 2051 607 quam

361 619 718 676 exsecrabilis
769 636 940 691 quam
973 621 1262 674 horribilis
1295 625 1623 693 complexus
1652 623 1932 678 femineus
1969 625 2053 678 vi-

365 709 622 773 debatur,
655 708 883 778 quando
918 709 1065 761 inter
1094 725 1199 762 nos
1230 709 1299 762 de
1330 710 1525 763 uxoris
1557 711 1864 780 cupiditate
1894 728 2053 783 quae-

365 796 537 850 situm
567 795 679 850 est!
713 796 874 850 Certe
905 796 1012 849 ista
1042 802 1203 850 nocte
1235 797 1558 867 vigilantes,
1589 815 1717 852 cum
1749 815 1944 852 rursus
1969 815 2056 852 ea-

365 885 494 938 dem
517 883 810 938 nobiscum
830 899 1149 954 ageremus,
1176 886 1398 938 sensisti
1421 903 1589 956 quam
1615 891 1669 940 te
1695 887 1862 941 aliter
1883 903 2056 958 quam

333 997 340 1002 -
366 987 828 1042 prassumpseras,
862 972 1186 1041 imaginata:
1204 974 1316 1027 illia
1332 975 1622 1028 blanditia:
1643 981 1700 1028 et
1718 991 1911 1028 amara
1930 992 2056 1028 sua-

366 1059 508 1112 vitas
537 1059 875 1126 titillaverit;
921 1060 1090 1129 longe
1148 1062 1379 1131 quidem
1423 1064 1588 1132 longe
1638 1063 1829 1116 minus
1883 1079 2057 1134 quam

369 1151 530 1218 solet,
578 1149 672 1202 sed
719 1149 856 1203 item
888 1150 1060 1218 longe
1091 1150 1258 1204 aliter
1303 1167 1475 1221 quam
1505 1155 1842 1220 putaveras;
1884 1156 1945 1204 ut
1983 1151 2061 1204 sic

369 1237 472 1291 tibi
499 1237 907 1291 secretissimus
935 1238 1030 1290 ille
1078 1239 1332 1292 medicus
1363 1243 1670 1309 utrumque
1701 1239 2058 1294 demonstra-

369 1329 476 1392 ret,
499 1330 556 1378 et
593 1325 746 1379 unde
777 1341 912 1378 cura
941 1325 1062 1395 ejus
1091 1325 1358 1394 evaseris,
1388 1331 1443 1379 et
1469 1326 1604 1396 quid
1634 1327 1950 1382 curandum
1980 1343 2064 1380 re-

373 1418 618 1468 maneat.

443 1505 531 1556 26.
591 1503 663 1555 Α.
719 1503 880 1566 Tace,
922 1502 1174 1566 obsecro,
1236 1505 1378 1556 tace.
1433 1501 1577 1566 Quid
1615 1502 1868 1556 crucias?
1925 1502 2062 1574 quid

373 1595 596 1644 tantum
625 1589 767 1643 fodis
796 1590 1021 1660 alteque
1057 1589 1390 1644 descendis?
1417 1592 1441 1642 .l
1451 1607 1540 1643 am
1570 1591 1704 1644 flere
1743 1607 1859 1644 non
1898 1592 2063 1661 duro,

369 1679 608 1750 jamjam
635 1677 775 1731 nihil
808 1678 1098 1748 promitto,
1131 1678 1273 1730 nihil
1304 1693 1611 1746 praesumo,
1639 1695 1710 1732 ne
1738 1695 1828 1732 me
1853 1680 1921 1732 de
1943 1680 2066 1732 istis

375 1768 546 1822 rebus
577 1766 914 1836 interroges.
951 1767 1112 1820 Certe
1143 1765 1281 1819 dicis
1309 1765 1466 1836 quod
1493 1765 1588 1820 ille
1627 1766 1747 1837 ipse
1781 1783 1952 1838 quem
1980 1768 2063 1821 vi-

377 1856 510 1910 dere
541 1854 733 1922 ardeo,
783 1855 1006 1908 noverit
1044 1855 1272 1924 quando
1307 1854 1415 1907 sim
1465 1871 1664 1921 sanus;
1711 1855 1879 1909 faciat
1917 1856 2068 1927 quod

379 1945 588 2016 placet:
639 1943 868 2014 quando
911 1943 1095 2013 placet
1122 1959 1240 1996 sese
1273 1942 1563 2009 ostendat;
1589 1945 1709 2012 jam
1749 1959 1841 1996 me
1884 1947 2068 1997 totum

380 2033 502 2103 ejus
521 2032 836 2086 clementiae
864 2047 1128 2102 curaeque
1154 2031 1471 2085 committo.
1506 2032 1692 2086 Semel
1723 2032 1790 2085 de
1821 2032 1916 2085 illo
1943 2048 2068 2086 cre-

381 2121 498 2174 didi
543 2121 698 2191 quod
745 2120 824 2174 sic
853 2136 988 2190 erga
1027 2136 1084 2173 se
1123 2120 1350 2174 affectos
1381 2120 1674 2174 sublevare
1708 2137 1824 2174 non
1854 2126 2060 2175 cesset.

381 2211 492 2280 Ego
519 2209 660 2262 nihil
699 2209 769 2262 de
801 2224 928 2261 mea
960 2207 1220 2274 sanitate,
1255 2208 1345 2261 nis
1374 2224 1505 2261 cum
1549 2208 1707 2262 illam
1748 2209 2070 2280 pulchritu-

379 2296 570 2350 dinem
603 2296 816 2361 videro,
865 2294 1272 2364 pronuntiabo.
1326 2297 1390 2350 Β.
1431 2297 1666 2348 Prorsus
1724 2296 1863 2350 nihil
1920 2297 2072 2350 aliud

377 2384 570 2438 facias.
603 2384 710 2438 Sed
743 2383 862 2454 jam
895 2382 1093 2436 cohibe
1122 2387 1176 2435 te
1215 2399 1249 2435 a
1279 2382 1560 2452 lacrymis,
1601 2389 1659 2436 et
1701 2384 1916 2454 stringe
1948 2385 2072 2438 ani-

382 2487 564 2526 mum.
595 2472 832 2526 Multum
854 2470 1090 2524 omnino
1122 2469 1347 2537 tlevisti,
1379 2471 1558 2524 ethoc
1575 2471 1806 2524 omnino
1838 2473 2073 2526 morbus

386 2559 492 2614 iste
547 2558 793 2630 pectoris
851 2557 938 2611 tui
993 2559 1241 2628 graviter
1289 2557 1511 2628 accipit.
1576 2561 1647 2612 A.
1711 2559 1936 2614 Modum
1992 2561 2075 2614 vis

385 2647 594 2702 habere
639 2647 916 2714 lacrymas
952 2663 1130 2716 meas,
1176 2662 1306 2700 cum
1343 2646 1592 2700 miseriae
1657 2663 1800 2701 meae
1842 2649 2074 2704 modum

384 2751 502 2790 non
542 2733 801 2788 videam?
845 2739 944 2788 aut
981 2735 1368 2789 valetudinem
1416 2735 1667 2806 corporis
1716 2737 2075 2793 considerare

386 2840 475 2877 me
509 2823 696 2894 jubes,
751 2839 880 2876 cum
930 2838 1034 2893 ego
1076 2823 1197 2893 ipse
1243 2823 1371 2878 tabe
1416 2823 1707 2878 confectus
1749 2825 1897 2880 sim?
1944 2827 2074 2895 Sed,

383 2927 576 2983 quaeso
604 2916 680 2978 te,
714 2911 758 2965 si
781 2911 919 2982 quid
948 2911 1009 2964 in
1032 2927 1124 2964 me
1152 2912 1325 2980 vales,
1344 2916 1408 2965 ut
1437 2928 1526 2965 me
1548 2917 1731 2966 tentes
1760 2930 1866 2984 per
1886 2915 2077 2986 aliqua

383 2999 722 3070 compendia
768 2999 994 3062 ducere,
1047 3003 1111 3051 ut
1149 2999 1237 3052 vel
1285 2998 1572 3052 vicinitate
1613 3001 1892 3054 nonnulla
1936 3001 2076 3054 lucis

383 3089 556 3155 illius,
589 3103 784 3159 quam,
832 3086 879 3140 si
923 3086 1057 3156 quid
1105 3087 1340 3156 profeci,
1373 3088 1616 3141 tolerare
1645 3089 1766 3158 jam
1822 3105 2074 3160 possum,

385 3177 573 3247 pigeat
603 3177 795 3230 oculos
823 3174 1035 3229 referre
1067 3175 1139 3229 ad
1164 3175 1288 3229 illas
1317 3176 1600 3243 tenebras,
1645 3193 1786 3247 quas
1834 3178 2073 3248 reliqui;

385 3265 432 3318 si
485 3271 676 3318 tamen
721 3263 934 3318 relictas
967 3263 1219 3318 dicendas
1259 3269 1407 3330 sunt,
1463 3281 1593 3336 quas
1653 3267 1891 3321 cascitati
1935 3285 2077 3321 mea:

386 3351 573 3405 adhuc
594 3350 840 3405 blandiri
860 3351 1088 3404 audent.

389 3440 611 3494 CAPUT
641 3439 747 3495 XV.
781 3469 849 3479 —
884 3440 1088 3493 Am’ma
1139 3439 1399 3506 quomodo
1443 3444 1798 3508 cognoscitur.
1851 3443 2079 3497 Fiducia

1057 3543 1188 3595 erga
1215 3531 1399 3584 Deum.

454 3619 545 3670 27.
579 3619 644 3672 Β.
679 3617 1113 3683 Concludamus,
1173 3617 1219 3670 si
1250 3618 1454 3688 placet,
1508 3618 1614 3672 hoc
1667 3618 1920 3688 primum
1977 3635 2078 3674 vo-

387 3704 602 3770 lumen,
650 3709 716 3758 ut
737 3702 865 3773 jam"
905 3704 963 3757 in
997 3705 1244 3759 secundo
1290 3705 1565 3776 aliquam,
1611 3722 1740 3776 qum
1779 3709 2082 3762 commoda

387 3793 712 3859 occurrerit,
745 3793 1146 3864 aggrediamur
1187 3793 1356 3847 viam.
1397 3795 1520 3848 Non
1553 3795 1710 3849 enim
1760 3795 1895 3850 huic
1942 3797 2081 3851 affe-

385 3882 562 3936 ctioni
589 3887 702 3937 tuae
749 3899 782 3936 a
827 3883 1122 3936 moderata
1161 3883 1564 3937 exercitatione
1594 3885 1931 3938 cessandum
1962 3890 2072 3940 est.

385 3973 455 4026 Α.
491 3973 617 4025 Non
653 3971 836 4024 sinam
885 3971 1120 4024 omnino
1167 3971 1430 4025 concludi
1459 3971 1612 4026 hunc
1645 3972 1922 4040 libellum,
1968 3973 2081 4026 nisi

385 4059 527 4113 mihi
556 4059 845 4113 modicum
873 4075 986 4129 quo
1016 4059 1266 4112 intentus
1297 4057 1404 4112 sim
1443 4059 1512 4112 de
1540 4059 1746 4114 vicinia
1775 4061 1913 4115 lucis
1945 4077 2078 4130 ape-

383 4147 584 4202 rueris.
617 4151 686 4202 Β.
726 4147 882 4201 Gerit
909 4146 1011 4200 tibi
1035 4145 1130 4199 ille
1160 4147 1414 4200 medicus
1436 4163 1676 4202 morem.
1713 4150 1855 4204 Nam
1886 4150 2078 4203 nescio

388 4235 516 4306 quis
537 4251 627 4288 me
657 4251 772 4304 quo
803 4239 858 4287 te
882 4235 1084 4288 ducam
1114 4234 1304 4304 fulgor
1341 4235 1546 4289 invitat
1575 4241 1630 4289 et
1657 4237 1858 4307 tangit.
1886 4239 2079 4308 Itaque

390 4323 578 4392 accipe
603 4322 874 4376 intentus.
923 4323 995 4376 Α.
1024 4323 1160 4388 Duc,
1192 4338 1293 4376 oro
1324 4327 1401 4387 te,
1435 4339 1498 4377 ac
1528 4339 1665 4394 rape
1725 4341 1840 4394 quo
1871 4325 1977 4380 vis.
2016 4330 2078 4382 Η.

389 4411 653 4465 Animam
694 4416 751 4464 te
795 4414 944 4464 certe
989 4409 1145 4477 dicis,
1182 4415 1238 4464 et
1279 4411 1458 4464 Deum
1512 4413 1655 4466 velle
1695 4417 2082 4483 cognoscere?

388 4501 437 4554 A
453 4539 466 4552 .
498 4501 612 4552 Hoc
625 4503 903 4553 esttotum
922 4499 1218 4570 negotium
1240 4514 1452 4553 meum.
1471 4502 1540 4555 Β.
1567 4501 1792 4555 Nihilne
1805 4502 2080 4573 amplius?

388 4590 460 4643 Α.
498 4588 648 4641 Nihil
699 4604 951 4659 prorsus.
995 4591 1054 4644 Β.
1093 4589 1274 4652 Quid?
1325 4589 1619 4643 veritatem
1649 4606 1764 4644 non
1816 4590 1898 4643 vis
1928 4607 2079 4645 com-

387 4676 781 4746 prehendere?
805 4679 876 4731 A.
908 4676 1078 4740 Quasi
1107 4693 1238 4731 vero
1267 4677 1481 4747 possim
1511 4678 1633 4732 haec
1661 4678 1770 4732 nisi
1790 4695 1894 4750 per
1922 4679 2081 4734 illam

387 4779 746 4834 cognoscere.
782 4767 846 4819 Β.
881 4765 1024 4835 Ergo
1065 4765 1223 4835 prius
1255 4765 1379 4836 ipsa
1409 4767 1802 4836 cognoscenda
1831 4773 1936 4828 est,
1978 4785 2081 4840 per

389 4869 562 4924 quam
591 4857 832 4923 possunt
855 4853 953 4907 illa
971 4854 1254 4925 cognosci.
1279 4857 1348 4909 A.
1376 4855 1528 4909 Nihil
1555 4857 1764 4910 abnuo.
1790 4859 1855 4912 Β.
1887 4857 2078 4912 Primo

388 4943 580 5012 itaque
623 4941 765 4994 illud
794 4941 1104 5009 videamus,
1163 4959 1294 4998 cum
1323 4944 1436 4998 duo
1466 4945 1636 5000 verba
1663 4945 1777 4999 sint
1796 4946 2002 5000 veritas
2024 4951 2082 5001 et

390 5046 610 5096 verum,
644 5033 843 5084 utrum
865 5030 971 5085 tibi
1009 5031 1178 5085 etiam
1213 5048 1303 5085 res
1335 5033 1462 5086 dua:
1493 5033 1618 5087 istis
1677 5034 1859 5088 verbis
1903 5034 2079 5105 signi-

391 5117 566 5179 ﬁcari,
609 5132 681 5170 an
729 5131 847 5170 una
873 5116 1150 5171 videatur.
1183 5119 1254 5172 A.
1285 5119 1420 5172 Duae
1466 5134 1555 5172 res
1586 5120 1876 5177 videntur.
1914 5123 2074 5187 Nam,

391 5211 456 5261 ut
483 5205 631 5260 aliud
663 5210 746 5260 est
772 5205 998 5259 castitas
1047 5205 1200 5260 aliud
1230 5211 1467 5267 castum,
1498 5211 1554 5263 et
1600 5210 1782 5263 multa
1828 5209 1888 5263 in
1928 5210 2080 5265 hunc

391 5295 658 5360 modum;
686 5293 766 5348 ita
793 5294 962 5349 credo
991 5293 1147 5348 aliud
1177 5310 1297 5348 esse
1323 5295 1637 5362 veritatem,
1670 5301 1724 5350 et
1741 5298 1894 5352 aliud
1923 5300 2079 5370 quod

388 5399 584 5439 verum
617 5382 842 5438 dicitur.
891 5386 956 5439 Β.
1007 5382 1168 5447 Quod
1199 5383 1406 5437 horum
1457 5384 1701 5438 duorum
1733 5391 1900 5456 putas
1957 5403 2079 5442 esse

390 5472 781 5543 praestantius!
835 5474 909 5528 A.
963 5473 1273 5527 Veritatem
1324 5472 1552 5543 opinor.
1585 5474 1711 5528 Non
1739 5474 1894 5529 enim
1925 5481 2076 5531 casto

389 5561 638 5628 castitas,
671 5561 770 5617 sed
799 5562 1050 5617 castitate
1088 5562 1154 5618 tit
1191 5564 1443 5628 castum;
1494 5563 1573 5616 ita
1615 5562 1808 5631 etiam,
1861 5563 1908 5618 si
1937 5565 2077 5637 quid

1545 324 1694 378 SOLl
1707 324 2118 389 LOQUlOllUM
2162 324 2212 377 S.
2260 321 2643 380 AUGUSTINI

3757 319 3867 373 884

2161 462 2358 500 verum
2390 450 2493 511 est,
2521 443 2755 498 veritate
2786 442 2983 514 utique
3012 458 3213 496 verum
3244 445 3346 496 est.

2233 536 2320 587 28.
2364 537 2429 588 Β.
2481 532 2665 597 Quid?
2707 547 2836 585 cum
2880 536 3067 585 castus
3107 529 3314 601 aliquis
3352 527 3620 595 moritur,
3661 545 3864 583 censes

2165 623 2310 676 mori
2343 622 2514 675 etiam
2558 619 2914 674 castitatem?
2956 621 3028 674 Α.
3091 619 3254 672 Nullo
3312 618 3502 673 modo.
3553 621 3617 673 Β.
3687 619 3858 687 Ergo,

2165 726 2295 764 cum
2322 709 2520 764 interit
2566 708 2784 780 aliquid
2816 708 2971 779 quod
3001 723 3200 761 verum
3246 712 3350 772 est,
3385 722 3499 759 non
3529 705 3728 760 interit
3767 723 3860 760 vc-

2166 799 2321 853 ritas.
2362 799 2432 852 Α.
2458 797 2755 862 Quomodo
2791 801 2978 850 autem
3001 795 3198 850 interit
3225 795 3443 866 aliquid
3466 795 3709 849 verum?
3744 794 3866 849 Nisi

2167 886 2323 940 enim
2353 885 2532 938 video.
2587 887 2650 939 B.
2694 884 2862 939 Miror
2890 891 2942 937 te
2973 883 3122 938 istud
3159 899 3444 955 quaerere:
3498 899 3690 937 nonne
3730 887 3868 936 ante

2169 975 2362 1028 oculos
2399 978 2624 1028 nostros
2655 971 2839 1027 millia
2878 988 3072 1026 rerum
3121 972 3378 1026 videmus
3418 971 3694 1026 interire?
3748 971 3869 1024 Nisi

2167 1063 2310 1116 forte
2327 1067 2492 1132 putas
2513 1061 2660 1114 hanc
2681 1061 2962 1126 arborem,
2985 1065 3082 1113 aut
3102 1075 3221 1113 esse
3249 1060 3533 1122 arborem,
3553 1059 3650 1113 sed
3669 1074 3868 1113 veram

2169 1165 2286 1204 non
2314 1166 2454 1216 esse,
2487 1155 2585 1203 aut
2611 1155 2761 1203 certe
2787 1149 3020 1202 interire
3045 1164 3159 1202 non
3193 1164 3380 1219 posse.
3409 1147 3678 1212 Quamvis
3706 1148 3869 1202 enim

2172 1255 2289 1292 non
2321 1239 2516 1292 credas
2561 1237 2837 1304 sensibus,
2871 1237 3165 1308 possisque
3197 1237 3564 1307 respondere,
3597 1235 3870 1306 ignorare

2173 1332 2227 1380 te
2257 1343 2488 1398 prorsus
2509 1331 2703 1380 utrum
2733 1326 2902 1380 arbor
2929 1325 3033 1392 sit;
3062 1330 3256 1379 tamen
3284 1325 3425 1378 illud
3456 1341 3572 1378 non
3594 1324 3860 1394 negabis,

2174 1421 2238 1469 ut
2279 1415 2506 1485 opinor,
2553 1430 2748 1469 veram
2797 1431 2916 1467 esse
2967 1415 3248 1480 arborem,
3283 1413 3329 1466 si
3385 1413 3553 1466 arbor
3603 1417 3716 1466 est:
3754 1429 3874 1465 non

2175 1503 2328 1556 enim
2359 1504 2467 1556 hoc
2500 1519 2691 1568 sensu,
2733 1503 2830 1556 sed
2860 1501 3236 1572 intelligentia
3271 1501 3577 1570 judicatur.
3611 1500 3668 1555 Si
3713 1501 3874 1554 enim

2175 1591 2312 1645 falsa
2360 1591 2529 1644 arbor
2557 1596 2662 1658 est,
2713 1606 2829 1644 non
2862 1595 2947 1644 est
2987 1590 3182 1655 arbor;
3223 1590 3269 1643 si
3298 1595 3492 1643 autem
3543 1589 3716 1642 arbor
3763 1594 3873 1654 est,

2176 1696 2306 1732 vera
2333 1679 2404 1732 sit
2423 1695 2646 1731 necesse
2689 1681 2791 1731 est.
2825 1679 2896 1731 Α.
2931 1677 3190 1732 Concedo
3221 1677 3394 1731 istud.
3441 1679 3504 1733 Η.
3539 1677 3684 1741 Quid
3729 1677 3876 1731 illud

2177 1768 2460 1820 alterum?
2489 1782 2679 1820 nonne
2709 1766 2970 1820 concedis
3009 1765 3120 1820 hoc
3168 1781 3349 1835 genus
3379 1781 3572 1819 rerum
3603 1781 3726 1820 esse
3782 1781 3880 1818 ar-

2177 1856 2394 1922 borem,
2425 1855 2582 1926 quod
2636 1859 2903 1908 nascatur
2945 1858 3002 1907 et
3038 1853 3316 1908 intereat?
3354 1855 3426 1908 Α.
3480 1855 3698 1923 Negare
3750 1869 3877 1907 non

2178 1959 2430 2015 possum.
2463 1946 2527 1999 Β.
2563 1941 2930 1998 Concluditur
2955 1957 3089 2012 ergo
3119 1941 3335 2011 aliquid
3359 1942 3509 2012 quod
3548 1957 3746 1994 verum
3780 1942 3877 2008 sit,

2180 2031 2431 2086 interire.
2468 2033 2541 2085 A.
2574 2031 2700 2084 Non
2753 2029 3137 2084 contravenio.
3173 2032 3233 2085 Β.
3263 2029 3409 2093 Quid
3455 2029 3634 2083 illud?
3673 2043 3876 2084 nonne

2181 2118 2284 2172 tibi
2315 2117 2536 2171 videtur
2575 2117 2993 2171 intereuntibus
3025 2116 3195 2170 rebus
3240 2116 3388 2169 veris
3433 2116 3726 2170 veritatem
3760 2132 3882 2169 non

2181 2206 2436 2271 interire,
2487 2209 2550 2258 ut
2579 2221 2695 2258 non
2750 2204 2895 2258 mori
2942 2208 3094 2257 casto
3137 2208 3364 2258 mortuo
3393 2203 3752 2257 castitatem?
3801 2205 3877 2258 Α.

2181 2295 2304 2348 Jam
2339 2298 2395 2347 et
2439 2293 2545 2347 hoc
2591 2292 2855 2358 concedo,
2905 2297 2962 2346 et
3009 2307 3357 2363 magnopere
3405 2291 3546 2362 quid
3596 2291 3878 2359 moliaris,

2185 2386 2468 2452 exspecto.
2502 2384 2564 2436 lt.
2600 2382 2743 2451 Ergo
2768 2381 3016 2437 attende.
3041 2382 3112 2435 Α.
3156 2380 3327 2434 lsthic
3354 2395 3502 2434 sum.

2255 2473 2342 2524 29.
2398 2472 2461 2524 R.
2515 2471 2729 2523 Verane
2779 2469 2882 2523 tibi
2923 2468 3149 2522 videtur
3191 2468 3300 2522 ista
3346 2467 3656 2523 sententia:
3705 2467 3882 2534 Quid-

2186 2557 2323 2628 quid
2353 2562 2455 2624 est,
2509 2557 2714 2611 alicubi
2745 2573 2862 2611 esse
2890 2557 3150 2627 cogitur?
3202 2558 3274 2611 A.
3311 2555 3461 2610 Nihil
3492 2572 3584 2611 me
3615 2557 3693 2611 sic
3721 2557 3885 2612 ducit

2185 2645 2254 2699 ad
2277 2645 2772 2699 consentiendum.
2803 2647 2869 2701 It.
2913 2645 3124 2700 Fateris
3154 2649 3343 2699 autem
3375 2661 3498 2700 esse
3546 2645 3893 2702 veritatem?

2186 2736 2255 2788 A.
2293 2735 2511 2788 Fateor.
2563 2736 2629 2789 Β.
2681 2735 2824 2804 Ergo
2875 2734 2971 2788 ubi
3002 2733 3093 2800 sit,
3142 2750 3369 2788 necesse
3409 2740 3494 2788 est
3520 2751 3888 2805 quaeramus;

2187 2839 2300 2876 non
2332 2827 2416 2876 est
2439 2822 2594 2876 enim
2646 2821 2707 2876 in
2737 2823 2877 2887 loco,
2913 2821 3020 2876 nisi
3049 2822 3195 2877 forte
3223 2827 3325 2877 aut
3352 2839 3471 2877 esse
3525 2823 3586 2877 in
3617 2825 3740 2878 loco
3786 2825 3891 2879 ali-

2187 2911 2324 2981 quid
2357 2910 2510 2964 aliud
2532 2915 2740 2982 przater
2780 2927 3005 2981 corpus,
3059 2916 3157 2965 aut
3201 2912 3498 2966 veritatem
3528 2928 3734 2983 corpus
3764 2929 3889 2968 esse

2187 2999 2498 3053 arbitraris.
2531 3001 2601 3054 Α.
2648 3000 2797 3053 Nihil
2839 3000 3048 3054 borum
3092 3005 3251 3072 puto.
3314 3003 3380 3056 Β.
3417 3001 3655 3054 Ubinam
3704 3001 3891 3072 igitur

2187 3088 2342 3142 illam
2373 3104 2492 3141 esse
2523 3088 2744 3141 credis?
2778 3089 2903 3142 Non
2933 3088 3087 3142 enim
3119 3105 3403 3159 nusquam
3435 3095 3519 3143 est
3547 3106 3722 3160 quam
3761 3108 3889 3146 esse

2188 3175 2570 3230 concedimus.
2621 3177 2692 3230 Α.
2746 3175 2804 3229 Si
2861 3176 3064 3230 scirem
3105 3176 3208 3230 ubi
3238 3182 3403 3243 esset,
3464 3179 3612 3233 nihil
3642 3179 3888 3234 fortasse

2189 3264 2434 3333 amplius
2482 3278 2820 3332 quaererem.
2871 3266 2933 3318 Β.
2985 3265 3197 3318 Saltem
3254 3264 3354 3319 ubi
3407 3281 3522 3319 non
3572 3265 3662 3332 sit,
3721 3272 3890 3338 potes

2188 3353 2561 3422 cognoscere?
2614 3353 2685 3405 A.
2747 3351 2804 3406 Si
2852 3367 3287 3422 commemores,
3354 3354 3592 3408 fortasse
3656 3361 3887 3426 potero.

2190 3441 2259 3494 R.
2296 3441 2418 3494 Non
2449 3444 2532 3494 est
2557 3445 2706 3494 certe
2736 3439 2795 3494 in
2825 3441 2993 3495 rebus
3027 3441 3378 3496 mortalibus.
3417 3442 3704 3514 Quidquid
3726 3444 3888 3498 enim

2190 3534 2294 3596 est,
2326 3529 2388 3582 in
2417 3529 2608 3600 aliquo
2639 3543 2753 3582 non
2783 3535 2971 3600 potest
2992 3546 3243 3599 manere,
3275 3531 3321 3584 si
3352 3548 3466 3586 non
3495 3537 3723 3586 maneat
3742 3533 3890 3588 illud

2190 3617 2250 3671 in
2290 3633 2402 3688 quo
2431 3623 2540 3672 est:
2575 3633 2805 3671 manere
2859 3624 3073 3684 autem,
3115 3619 3287 3674 etiam
3331 3619 3501 3674 rebus
3525 3620 3674 3674 veris
3700 3620 3884 3675 inter-

2192 3707 2475 3774 euntibus,
2507 3707 2804 3761 veritatem
2847 3708 3018 3777 paulo
3048 3714 3180 3762 ante
3227 3724 3556 3763 concessum
3596 3714 3705 3763 est.
3756 3711 3887 3765 Non

2189 3794 2367 3865 igitur
2395 3800 2480 3849 est
2533 3795 2739 3849 veritas
2768 3795 2829 3850 in
2854 3796 3023 3850 rebus
3053 3797 3406 3851 mortalibus.
3440 3799 3534 3852 Est
3563 3803 3756 3852 autem
3785 3815 3886 3853 ve-

2191 3883 2348 3950 ritas,
2380 3888 2436 3937 et
2465 3899 2581 3938 non
2627 3888 2710 3938 est
2737 3901 3042 3956 nusquam.
3075 3887 3218 3940 Sunt
3243 3886 3419 3957 igitur
3448 3903 3537 3941 res
3581 3886 3892 3941 immorta-

2191 3971 2291 4025 les.
2327 3971 2476 4025 Nihil
2505 3975 2699 4026 autem
2736 3989 2934 4027 verum
2964 3972 3022 4027 in
3053 3989 3166 4044 quo
3195 3973 3399 4028 veritas
3425 3989 3540 4028 non
3564 3979 3665 4028 est.
3703 3975 3891 4030 Conﬁ-

2191 4059 2336 4114 citur
2378 4059 2572 4130 itaque
2600 4076 2719 4114 non
2748 4076 2868 4115 esse
2911 4077 3061 4127 vera,
3097 4061 3206 4116 nisi
3231 4078 3359 4134 qua
3408 4067 3541 4116 sunt
3586 4063 3889 4117 immorta-

2191 4148 2284 4202 lia.
2329 4149 2394 4202 Et
2446 4149 2632 4202 omnis
2663 4149 2802 4202 falsa
2843 4149 3029 4216 arbor,
3070 4166 3184 4204 non
3215 4155 3300 4204 est
3350 4150 3540 4218 arbor,
3574 4155 3631 4204 et
3675 4150 3890 4206 falsum

2191 4237 2413 4308 lignum
2441 4253 2556 4292 non
2587 4242 2672 4292 est
2696 4237 2942 4308 lignum,
2969 4243 3024 4292 et
3052 4239 3258 4292 falsum
3305 4244 3607 4309 argentum
3637 4254 3754 4292 non
3803 4245 3892 4294 est

2192 4330 2514 4396 argentum,
2549 4330 2606 4380 et
2635 4327 2892 4380 omnimo
2929 4327 3209 4399 quidquid
3240 4328 3446 4381 falsum
3477 4333 3582 4393 est,
3615 4344 3732 4382 non
3765 4333 3880 4384 est.

2193 4414 2372 4469 Omne
2398 4419 2590 4469 autem
2621 4417 2774 4487 quod
2805 4431 3002 4470 verum
3048 4432 3164 4470 nou
3197 4421 3299 4484 est,
3331 4417 3536 4470 falsum
3563 4421 3665 4471 est.
3722 4419 3891 4472 Nulla

2193 4503 2370 4575 igitur
2407 4508 2558 4559 recte
2585 4504 2852 4560 dicuntur
2899 4521 3040 4572 esse,
3095 4504 3206 4558 nisi
3238 4505 3602 4558 immortalia.
3638 4507 3793 4560 Hanc
3822 4512 3884 4560 tu

2193 4599 2379 4648 tecum
2410 4593 2787 4648 ratiunculam
2816 4593 3118 4666 diligenter
3152 4593 3458 4657 considera,
3502 4610 3572 4647 ne
3603 4596 3742 4667 quid
3780 4596 3888 4650 tibi

2191 4682 2615 4736 concedendum
2660 4698 2774 4737 non
2823 4699 2943 4737 esse
2989 4682 3267 4737 videatur.
3327 4681 3383 4736 Si
3438 4682 3589 4737 enim
3623 4690 3746 4738 rata
3777 4691 3882 4751 est,

2193 4774 2375 4824 totum
2415 4771 2708 4840 negotium
2737 4787 2882 4841 pene
2910 4769 3278 4833 confecimus,
3321 4771 3470 4842 quod
3514 4771 3574 4826 in
3606 4772 3720 4826 alio
3766 4774 3881 4827 for-

2192 4861 2339 4912 tasse
2370 4859 2516 4913 libro
2540 4860 2746 4914 melius
2771 4859 3086 4930 apparebit.

2264 4948 2349 5002 30.
2385 4949 2456 5002 A.
2494 4949 2681 5002 Habeo
2715 4949 2980 5018 gratiam,
3021 4952 3077 5002 et
3117 4947 3222 5002 ista
3261 4964 3486 5004 mecum
3535 4961 3708 5020 atque
3740 4950 3885 5006 adeo

2192 5039 2399 5103 tecum,
2425 5036 2653 5106 quando
2683 5035 2743 5089 in
2765 5035 2989 5090 silentio
3020 5052 3235 5104 sumus,
3269 5038 3577 5109 diligenter
3604 5044 3887 5111 cauteque

2191 5125 2442 5178 tractabo
2492 5125 2532 5191 ί,
2593 5124 2638 5177 si
2693 5125 2862 5178 nullm.
2927 5126 3180 5180 tenebras
3262 5126 3604 5191 immittant,
3681 5128 3888 5200 suique

2192 5212 2383 5280 etiam,
2417 5213 2569 5284 quod
2598 5213 2968 5268 vehementer
2994 5213 3264 5283 formido,
3317 5216 3458 5270 mihi
3487 5215 3700 5270 faciant
3730 5217 3886 5273 dele-

2191 5300 2520 5355 ctationem.
2554 5304 2616 5357 R.
2659 5302 2997 5358 Constanter
3026 5305 3142 5359 Deo
3187 5305 3374 5372 crede,
3405 5306 3570 5376 eique
3615 5311 3670 5360 te
3698 5311 3886 5362 totum

2189 5389 2477 5444 committe
2507 5395 2784 5461 quantum
2815 5397 2995 5464 potes.
3043 5393 3165 5447 Noli
3196 5410 3320 5448 esse
3366 5395 3506 5448 velle
3558 5394 3722 5464 quasi
3751 5412 3887 5466 pro-

2190 5477 2348 5549 prius
2377 5483 2432 5533 et
2478 5479 2538 5534 in
2583 5483 2681 5534 tua
2723 5485 3038 5552 potestate;
3067 5481 3164 5537 sed
3209 5482 3332 5552 ejus
3361 5482 3795 5540 clementissimi
3829 5490 3890 5540 et

2253 5576 2270 5610 ι
2297 5573 2379 5624 Sic
2409 5575 2643 5640 plerique
2674 5577 2796 5626 Mss.
2822 5577 2888 5627 At
2915 5578 3068 5638 Edd.,
3090 5579 3413 5630 retractaba.
