4058 6364
154 310 254 359 88Ξὶ
1579 316 1789 373 LIBER

155 605 466 675 permittet,
517 606 628 660 nisi
675 609 831 678 quod
878 609 981 663 tibi
1028 611 1233 680 prosit,
1283 614 1456 668 etiam
1515 614 1560 668 si
1611 616 1848 670 nescias.

155 696 221 747 Α.
256 693 463 756 Audio.
511 695 701 764 credo,
747 700 804 750 et
851 704 1133 768 quantum
1184 716 1419 770 possum
1475 704 1848 773 obtempero;

157 781 589 854 plurimumque
620 783 808 854 ipsum
838 785 1130 856 deprecor,
1185 793 1246 842 ut
1273 789 1586 859 plurimum
1618 794 1848 862 possim,

1850 318 2234 374 SECUNDUS.

153 427 440 482 utilissimi
478 427 706 482 Domini
740 434 798 484 te
839 446 1065 486 servum
1095 449 1216 488 esse
1270 435 1554 506 proﬁtere.
1591 439 1669 492 Ita
1700 439 1853 494 enim

153 524 203 572 te
235 518 305 571 ad
331 534 388 570 se
422 518 718 572 sublevare
749 536 862 574 non
895 521 1134 589 desinet,
1168 524 1428 595 nihilque
1479 526 1584 581 tibi
1626 527 1852 582 evenire

1931 938 2206 946 Ἢ

3552 328 3656 380 886

1964 439 2076 494 nisi
2101 440 2236 510 quid
2268 441 2409 495 forte
2442 441 2685 513 amplius
2716 459 2748 495 a
2778 458 2868 495 me
2901 441 3208 496 desideras.
3257 447 3320 498 R.
3375 445 3520 499 Bene
3549 445 3658 498 ha-

1967 530 2063 583 bet
2100 529 2350 595 interim,
2401 531 2570 584 facies
2618 536 2814 603 postea
2863 532 3140 602 quidquid
3179 532 3298 603 jam
3347 533 3496 586 visus
3537 533 3655 604 ipse

1963 617 2298 689 prazceperit
2330 619 2374 673 ¹.

2025 807 2037 839 ί
2073 805 2231 866 Angl.
2265 806 2406 865 Mss.,
2438 805 2691 869 quidquid
2704 808 2823 868 jam
2852 821 2974 856 usus
2999 808 3109 871 ipse
3135 809 3467 872 pra'ceperil.

2209 939 2560 946 Ψ.

2563 940 2690 946 _....._.
2699 941 2854 946 ...υ
2861 941 2988 948 ..ς-ν-
2995 942 3204 948 ,ρκ’-...-
3211 944 3216 947 -

3223 943 3444 950 ——_.——__.—

3447 943 3654 952 H—_———.

1141 1071 1654 1196 LIBER
1767 1073 2676 1202 SECUNDUS.
2797 1019 2804 1026 ’

159 1255 214 1303 lu
243 1269 304 1302 eo
336 1268 515 1303 secum
553 1253 880 1318 Augustinus
917 1256 979 1304 de
1013 1270 1133 1306 vero
1163 1260 1214 1305 et
1259 1258 1388 1307 falso
1418 1260 1625 1323 c0piose
1673 1261 1922 1324 disputat,
1953 1266 2013 1310 ut
2041 1263 2251 1311 demum
2283 1265 2516 1313 veritatis
2551 1266 2895 1328 perpetuitate
2941 1267 3072 1315 bene
3108 1271 3392 1329 perspecta,
3423 1269 3651 1318 animam

893 1335 1057 1397 ipsam
1088 1336 1334 1394 hominis,
1370 1351 1486 1400 quae
1522 1339 1754 1388 veritatis
1780 1340 1926 1389 sedes
1949 1345 2044 1400 est,
2078 1343 2426 1392 immortalem
2453 1358 2566 1392 esse
2593 1344 2894 1393 concludat.

308 1563 536 1616 CAPUT
567 1562 857 1616 PRIMUM.
892 1565 960 1615 De
993 1564 1397 1617 immortalitate
1427 1565 1676 1619 hominis.

221 1655 264 1704 l.
297 1653 368 1704 Α.
405 1651 553 1704 Satis
602 1649 989 1704 intermissum
1020 1656 1104 1704 est
1132 1667 1275 1721 opus
1320 1658 1603 1719 nostrum,
1645 1657 1704 1707 et
1731 1653 1838 1707 im-

150 1738 364 1809 patiens
394 1743 481 1792 est
511 1754 690 1805 amor,
722 1754 827 1792 nec
865 1739 1128 1808 lacrymis
1155 1740 1361 1794 modus
1400 1742 1482 1807 tit,
1516 1741 1623 1794 nisi
1659 1741 1841 1795 amori

147 1829 304 1880 detur
333 1827 488 1897 quod
518 1831 744 1880 amatur
777 1843 788 1880 :
823 1843 1019 1898 quare,
1053 1827 1460 1898 aggrediamur
1501 1829 1713 1883 librum
1751 1845 1838 1882 se-

149 1915 417 1969 cundum.
451 1919 515 1970 Β.
547 1915 991 1984 Aggrediamur.
1029 1918 1094 1970 Α.
1129 1918 1435 1971 Credamus
1467 1919 1645 1972 Deum
1692 1919 1840 1972 atl‘u-

151 2010 358 2058 turum.
395 2007 458 2058 It.
515 2004 818 2057 Credamus
865 2020 1022 2068 sane,
1084 2004 1131 2057 si
1176 2005 1263 2058 vel
1312 2006 1505 2059 hocin
1564 2011 1841 2076 potestate

149 2097 332 2146 nostra
363 2097 466 2145 est.
501 2093 572 2145 Λ.
599 2093 851 2145 Potestas
881 2096 1070 2146 nostra
1101 2092 1220 2163 ipse
1250 2097 1354 2150 est.
1411 2097 1470 2149 Η.
1505 2095 1703 2164 Itaque
1736 2110 1838 2148 ora

153 2180 480 2234 brevissime
512 2195 576 2233 ac
603 2180 1032 2250 perfectissime,
1066 2187 1345 2250 quantum
1374 2187 1556 2252 potes.
1592 2186 1664 2238 A.
1697 2184 1844 2237 Deus

151 2285 372 2338 semper
406 2269 578 2330 idem,
610 2268 864 2322 noverim
894 2285 1005 2334 me,
1049 2269 1305 2323 noverim
1335 2275 1412 2324 te.
1469 2271 1703 2325 Oratum
1735 2277 1838 2324 est.

151 2361 209 2412 It.
243 2359 323 2410 Tu
353 2357 456 2427 qui
486 2357 568 2410 vis
597 2362 653 2410 te
680 2373 865 2426 nosse,
899 2357 1005 2410 scis
1033 2373 1152 2411 esse
1183 2359 1285 2411 te?
1314 2359 1385 2413 Α.
1409 2359 1553 2414 Scio.
1585 2362 1649 2414 Β.
1683 2360 1841 2414 Unde

153 2445 251 2498 scis
271 2448 300 2498 ?
327 2447 400 2499 Α.
436 2444 653 2499 Nescio.
687 2447 759 2500 R.
795 2444 1122 2516 Simplicem
1149 2450 1204 2500 te
1242 2447 1438 2512 sentis,
1469 2463 1616 2501 anne
1647 2448 1843 2502 mulli~

153 2534 402 2604 plicem?
445 2537 517 2588 A.
572 2533 786 2586 Nescio.
835 2536 902 2588 R.
961 2533 1170 2587 Moveri
1218 2538 1272 2588 te
1320 2533 1472 2590 scis?
1501 2537 1574 2590 Α.
1617 2536 1836 2590 Nescio.

152 2625 211 2676 It.
243 2622 508 2691 Cogitare
539 2626 592 2674 te
624 2623 728 2674 scis
752 2623 781 2675 ?
817 2623 889 2675 A.
921 2621 1069 2676 Scio.
1109 2625 1173 2676 It.
1206 2624 1350 2692 Ergo
1400 2639 1600 2678 verum
1633 2630 1717 2679 est
1745 2641 1838 2678 co-

153 2710 320 2780 gitare
349 2715 430 2763 te.
483 2712 552 2763 A.
583 2711 818 2764 Verum.
881 2713 947 2765 Β.
981 2712 1370 2765 Immortalem
1405 2719 1458 2766 te
1511 2729 1632 2768 esse
1685 2713 1841 2767 scis?

149 2800 212 2852 A.
247 2797 467 2852 Nescio.
504 2801 561 2852 Η.
597 2799 812 2852 Horum
841 2799 1098 2852 omnium
1131 2815 1262 2869 qua:
1307 2804 1360 2854 te
1377 2801 1594 2856 nescire
1625 2801 1837 2869 dixisti,

151 2886 277 2957 quid
309 2886 456 2939 scire
505 2885 662 2956 prius
709 2887 931 2940 mavis?
978 2888 1049 2942 Α.
1078 2889 1276 2942 Utrum
1321 2889 1661 2944 immortalis
1708 2891 1834 2946 sim.

151 2977 213 3029 Η.
246 2975 443 3028 Vivere
475 2974 652 3045 igitur
681 2991 837 3028 amas
858 2975 885 3030 ?
915 2977 995 3032 A.
1035 2977 1252 3031 Fateor.
1311 2981 1376 3033 Η.
1424 2978 1590 3044 Quid,
1622 2995 1751 3036 cum
1783 2985 1836 3033 te

150 3062 527 3118 immortalem
583 3079 702 3116 esse
733 3063 997 3118 didiceris
1018 3066 1046 3118 ?
1074 3065 1281 3118 satisne
1329 3067 1479 3120 erit?
1506 3069 1584 3122 Α.
1635 3068 1750 3120 Erit
1779 3068 1836 3121 id

150 3151 374 3221 quidem
409 3167 708 3221 maguum,
740 3153 835 3206 sed
867 3153 922 3207 id
948 3153 1092 3207 mihi
1128 3170 1352 3223 parum,
1410 3159 1469 3209 Β.
1506 3157 1617 3209 Hoc
1644 3160 1837 3210 tamen

150 3241 296 3309 quod
328 3255 536 3309 parum
569 3245 655 3294 est
711 3246 990 3311 quantum
1043 3242 1361 3312 gaudebis?
1387 3246 1455 3298 Α.
1497 3244 1835 3298 Plurimum.

152 3330 208 3382 Β.
238 3328 385 3382 Nihil
421 3330 545 3399 jam
597 3329 803 3383 ﬂebis?
842 3331 912 3384 Α.
975 3330 1126 3384 Nihil
1173 3331 1426 3386 omnino.
1477 3335 1542 3386 It.
1591 3333 1755 3396 Quid,
1791 3333 1838 3386 si

153 3415 266 3486 ipsa
295 3416 413 3470 vita
440 3417 570 3470 talis
598 3433 720 3470 esse
752 3417 1095 3481 inveniatur,
1129 3424 1193 3472 ut
1221 3419 1281 3472 in
1311 3436 1376 3473 ea
1413 3419 1518 3473 tibi
1545 3420 1685 3474 nihil
1717 3437 1835 3474 am-

149 3504 289 3574 plius
316 3521 494 3576 quam
509 3505 679 3571 nosti,
703 3505 1046 3560 nosseliceat
1067 3507 1094 3562 ?
1123 3508 1511 3578 temperabisa
1540 3509 1835 3579 lacrymis?

149 3593 211 3646 Α.
249 3594 366 3646 lmo
399 3598 626 3648 tantum
655 3594 802 3647 ﬂebo
836 3599 896 3648 ut
941 3595 1058 3648 vita
1085 3595 1243 3649 nulla
1283 3595 1374 3649 sit.
1410 3599 1471 3650 Β.
1509 3597 1631 3650 Non
1660 3597 1838 3667 igitur

150 3679 325 3734 vivere
356 3687 598 3751 propter
627 3681 816 3752 ipsum
843 3681 1029 3736 vivere
1056 3699 1233 3748 amas,
1266 3683 1363 3737 sed
1410 3688 1643 3754 propter
1670 3685 1832 3738 scire.

146 3770 214 3823 A.
255 3769 403 3823 Cedo
433 3769 804 3824 conclusioni.
855 3773 918 3825 Η.
969 3771 1136 3834 Quid,
1167 3770 1214 3824 si
1266 3772 1462 3826 eadem
1494 3772 1617 3842 ipsa
1644 3788 1837 3826 rerum

149 3857 376 3912 scientia
406 3858 685 3912 miserum
722 3858 940 3912 faciat?
984 3861 1034 3913 A
1087 3860 1254 3913 Nullo
1294 3860 1352 3914 id
1401 3860 1634 3931 quidem
1675 3865 1836 3930 pacto

150 3943 267 3998 ﬁeri
303 3962 475 4016 posse
507 3946 698 4000 credo.
730 3947 837 4001 Sed
887 3945 934 4000 si
980 3946 1060 4000 ita
1101 3952 1203 4013 est,
1253 3963 1421 4001 nemo
1465 3965 1585 4002 esse
1639 3950 1836 4002 beatus

147 4039 356 4102 potest;
395 4050 512 4088 non
529 4035 685 4088 enim
705 4050 858 4088 nunc
885 4034 1111 4090 aliunde
1138 4051 1264 4090 sum
1286 4036 1476 4098 miser,
1503 4036 1614 4090 nisi
1645 4052 1836 4091 rerum

145 4121 485 4191 ignorantia.
519 4123 679 4187 Quod
709 4123 757 4176 si
787 4129 845 4178 et
873 4139 1067 4178 rerum
1097 4123 1335 4177 scientia
1381 4124 1650 4178 miserum
1682 4125 1833 4192 facit,

145 4211 488 4282 sempiterna
514 4210 745 4265 miseria
776 4215 877 4266 est.
911 4214 974 4266 Η.
1008 4213 1132 4266 Jam
1163 4212 1328 4266 video
1349 4217 1536 4266 totum
1559 4213 1711 4283 quod
1742 4229 1836 4267 cu-

143 4297 240 4367 pis.
275 4300 440 4365 Nam,
477 4298 750 4370 quoniam
783 4299 1075 4354 neminem
1131 4299 1364 4354 scientia
1393 4301 1669 4355 miserum
1715 4318 1836 4356 esse

146 4387 338 4453 credis,
373 4404 440 4442 ex
490 4404 605 4459 quo
636 4388 928 4459 probabile
984 4394 1067 4442 est
1111 4395 1177 4444 ut
1225 4389 1600 4460 intelligentia
1629 4390 1838 4445 efficiat

145 4475 368 4530 beatum
399 4493 414 4543 ;
449 4477 650 4530 beatus
697 4482 888 4530 autem
936 4493 1107 4531 nemo
1156 4477 1268 4530 nisi
1312 4479 1526 4546 vivens,
1576 4484 1634 4532 et
1663 4495 1834 4534 nemo

145 4563 383 4636 vivitqui
412 4581 533 4619 non
565 4571 650 4620 est
679 4581 692 4620 :
725 4565 1700 4636 essevis,vivereetintelligere;sed
1713 4584 1834 4622 esse

146 4656 199 4704 ut
224 4652 399 4720 vivas,
435 4654 620 4708 vivere
649 4658 712 4708 ut
741 4654 1043 4724 intelligas.
1075 4655 1218 4724 Ergo
1251 4671 1371 4710 esse
1400 4659 1454 4709 te
1498 4655 1622 4722 scis,
1645 4655 1832 4710 vivere

148 4745 194 4792 te
221 4743 344 4806 scis,
361 4743 686 4814 intelligere
701 4748 755 4796 te
779 4742 904 4797 scis.
932 4743 1037 4797 Sed
1060 4748 1252 4796 utrum
1271 4743 1378 4796 ista
1390 4760 1615 4813 semper
1640 4744 1832 4798 futura

145 4829 262 4895 sint,
279 4847 351 4884 an
366 4830 515 4884 nihil
532 4832 735 4885 horum
749 4832 1007 4885 futurum
1021 4831 1111 4897 sit,
1129 4848 1198 4884 an
1215 4836 1441 4884 maneat
1454 4831 1671 4901 aliquid
1689 4848 1833 4886 sem-

141 4932 252 4984 per,
286 4924 342 4972 et
369 4919 594 4990 aliquid
622 4920 941 4986 intercidat,
965 4936 1038 4974 an
1068 4919 1250 4973 minui
1281 4925 1338 4974 et
1353 4919 1550 4990 augeri
1567 4920 1687 4973 haec
1702 4936 1830 4989 pos-

138 5006 260 5073 sint,
276 5023 407 5061 cum
436 5008 1057 5075 omniamansurasint,
1075 5025 1238 5063 nosse
1251 5009 1438 5063 vis.A.
1469 5009 1550 5062 Ita
1570 5013 1670 5062 est.
1692 5009 1830 5063 Β.δὶ

140 5092 306 5162 igitur
335 5096 774 5164 probaverimus
804 5112 1031 5166 semper
1059 5113 1160 5150 nos
1188 5112 1309 5150 esse
1330 5096 1596 5161 victuros,
1629 5113 1829 5167 seque-

141 5185 226 5234 tur
255 5182 431 5237 etiam
463 5199 692 5254 semper
736 5185 980 5239 futuros.
1030 5185 1099 5238 Α.
1149 5185 1449 5256 Sequetur.
1486 5187 1550 5240 Il.
1578 5185 1832 5240 Restabit

141 5285 389 5340 quaerere
423 5272 496 5326 de
520 5272 917 5342 intelligendo.

493 5361 715 5415 CAPUT
747 5361 816 5414 II.
852 5390 920 5399 —-
956 5362 1170 5416 Veritas
1192 5365 1472 5431 per-petua.

203 5449 248 5499 2.
281 5452 353 5502 Α.
391 5447 912 5502 Manifestissimum
963 5449 1227 5503 ordinem
1269 5449 1433 5504 video
1483 5454 1655 5522 atque
1699 5451 1826 5505 bre-

143 5531 451 5591 vissimum.
495 5539 560 5591 Β.
623 5535 720 5590 Hic
773 5552 908 5605 ergo
961 5541 1080 5591 esto
1126 5553 1298 5604 nunc,
1343 5541 1404 5592 ut
1455 5538 1829 5608 interroganti

1953 1573 2113 1620 caute
2141 1569 2416 1638 lirmeque
2447 1569 2809 1638 respondeas.
2843 1569 2911 1620 Λ.
2951 1568 3114 1621 lsthic
3146 1583 3291 1620 sum.
3329 1569 3398 1620 R.
3434 1567 3489 1621 Si
3529 1583 3653 1619 ina-

1955 1656 2111 1710 nebit
2139 1673 2364 1727 semper
2389 1657 2636 1710 mundus
2664 1656 2790 1722 iste,
2818 1671 3016 1709 verum
3060 1660 3146 1708 est
3175 1656 3460 1708 mundum
3501 1672 3652 1708 sem-

1952 1759 2054 1815 per
2084 1761 2417 1799 mansurum
2449 1761 2565 1797 esse
2595 1747 2624 1797 ?
2648 1746 2718 1798 Λ.
2755 1743 2888 1807 Quis
2926 1743 3032 1796 hoc
3079 1742 3346 1796 dubitet?
3378 1744 3449 1795 R.
3484 1743 3649 1807 Quid,

1953 1832 2000 1885 si
2030 1849 2146 1887 non
2174 1831 2476 1888 manebit?
2506 1848 2696 1885 nonne
2727 1831 2804 1885 ita
2831 1846 3029 1884 verum
3070 1837 3155 1884 est
3202 1831 3482 1884 mundum
3533 1847 3651 1884 nou

1953 1936 2071 1974 esse
2103 1922 2481 1974 mansurum?
2512 1923 2581 1974 Λ.
2620 1919 2767 1973 Nihil
2798 1919 3016 1972 resisto.
3051 1920 3121 1972 R.
3173 1919 3340 1983 Quid,
3385 1934 3515 1972 cum
3563 1919 3649 1972 in-

1951 2008 2189 2073 terierit,
2214 2009 2260 2061 si
2289 2007 2625 2061 interiturus
2657 2013 2741 2061 est
2764 2011 2793 2060 ?
2823 2024 3012 2061 nonne
3043 2013 3175 2060 tunc
3207 2007 3262 2059 id
3291 2006 3398 2060 erit
3429 2023 3648 2073 verum,

1953 2098 2234 2150 mundum
2267 2096 2572 2150 interisse?
2632 2097 2772 2149 Nam
2819 2095 3094 2166 quamdiu
3144 2110 3343 2148 verum
3398 2110 3516 2148 non
3567 2099 3652 2148 cst

1953 2185 2232 2240 mundum
2265 2184 2551 2246 occidisse,
2596 2199 2712 2237 non
2755 2184 3006 2249 occidit;
3062 2187 3342 2253 repugnat
3371 2183 3546 2252 igitur
3590 2187 3650 2236 ut

1953 2275 2202 2328 mundus
2233 2273 2522 2341 occiderit,
2554 2278 2610 2326 et
2642 2289 2841 2326 verum
2871 2289 2984 2324 non
3043 2271 3115 2325 sit
3165 2271 3446 2325 mundum
3497 2271 3648 2324 occi-

1950 2363 2117 2417 disse.
2151 2364 2226 2416 A.
2269 2363 2331 2416 Et
2375 2363 2483 2415 hoc
2521 2360 2786 2414 concedo.
2837 2361 2908 2414 R.
2943 2359 3090 2424 Quid
3119 2358 3260 2412 illud
3282 2359 3309 2412 ?
3342 2357 3647 2412 Videturne

1951 2451 2056 2505 tibi
2084 2467 2282 2504 verum
2315 2449 2532 2520 aliquid
2563 2466 2683 2502 esse
2740 2464 2924 2519 posse,
2984 2453 3045 2500 ut
3096 2447 3302 2501 veritas
3355 2463 3470 2499 non
3523 2447 3644 2500 sit?

1952 2542 1998 2594 Α
2015 2582 2026 2594 .
2072 2541 2236 2594 Nullo
2254 2539 2440 2594 modo.
2464 2541 2536 2593 R.
2570 2540 2682 2594 Erit
2702 2539 2877 2608 igitur
2901 2537 3125 2600 veritas,
3149 2535 3368 2590 etiamsi
3392 2535 3640 2588 mundus

1950 2626 2213 2682 intereat.
2241 2628 2312 2682 A.
2365 2629 2580 2698 Negare
2637 2643 2752 2680 non
2782 2641 3036 2696 possum.
3073 2626 3142 2678 R.
3203 2625 3370 2691 Quid,
3431 2623 3476 2675 si
3528 2623 3652 2692 ipsa

1951 2716 2156 2770 veritas
2188 2715 2458 2770 occidat?
2495 2731 2686 2768 nonne
2731 2730 2930 2768 verum
2985 2713 3090 2767 erit
3144 2711 3443 2765 veritatem
3499 2711 3646 2764 occi-

1952 2805 2101 2858 disse
2121 2805 2148 2858 ?
2175 2806 2244 2859 Α.
2281 2806 2347 2858 Et
2370 2803 2520 2858 istud
2554 2803 2680 2874 quis
2711 2801 2930 2871 negat?
2959 2803 3032 2855 R.
3065 2802 3271 2854 Verum
3314 2804 3504 2854 autem
3533 2815 3649 2852 non

1951 2897 2139 2962 potest
2169 2908 2312 2958 esse,
2345 2890 2393 2944 si
2421 2891 2622 2944 veritas
2650 2907 2763 2944 non
2788 2890 2877 2942 sit.
2911 2891 2987 2943 Α.
3027 2890 3150 2942 1am
3181 2889 3286 2940 hoc
3316 2888 3488 2956 paulo
3519 2892 3649 2939 ante

1951 2980 2216 3034 concessi.
2298 2981 2371 3033 R.
2447 2979 2612 3032 Nullo
2686 2977 2853 3030 modo
2922 2976 3096 3046 igitur
3148 2976 3363 3028 occidet
3418 2973 3640 3026 veritas.

1949 3072 2025 3124 A.
2078 3071 2256 3139 Perge
2283 3074 2349 3122 ut
2397 3066 2633 3137 coepisti,
2679 3080 2811 3119 nam
2857 3065 2965 3118 ista
3011 3063 3337 3118 collectione
3392 3063 3534 3116 nihil
3565 3068 3649 3115 est

1949 3158 2158 3212 verius.

1951 3247 2174 3300 CAPUT
2207 3246 2298 3299 Ill.
2323 3275 2390 3286 —
2411 3247 2472 3300 Si
2499 3246 2721 3310 falsitas
2743 3258 2947 3311 semper
2975 3243 3096 3305 erit,
3131 3245 3179 3294 et
3208 3243 3324 3294 sine
3353 3255 3509 3293 sensu
3541 3255 3650 3293 esse

2019 3351 2125 3388 non
2149 3336 2370 3402 poterit,
2400 3336 2646 3400 sequitur
2687 3333 2925 3385 animam
2969 3333 3212 3398 aliquam
3244 3345 3449 3397 semper
3476 3331 3638 3382 exsti-

2023 3427 2218 3477 turam.

2021 3514 2072 3566 3.
2121 3512 2195 3566 R.
2241 3511 2401 3564 Nunc
2452 3507 2801 3578 respondeas
2855 3505 2997 3560 mihi
3047 3504 3239 3569 velim,
3299 3509 3490 3557 utrum
3547 3504 3647 3557 tibi

1949 3597 2156 3651 sentire
2189 3596 2381 3650 anima
2400 3596 2680 3663 videatur,
2707 3611 2780 3647 an
2801 3609 3006 3664 corpus
3022 3593 3048 3644 ?
3068 3595 3139 3645 Λ.
3172 3590 3379 3644 Anima
3401 3590 3646 3644 videtur.

1949 3686 2024 3740 R.
2055 3685 2248 3750 Quid?
2301 3685 2624 3738 intellectus
2655 3683 2878 3736 videtur
2921 3681 3025 3734 tibi
3065 3680 3134 3732 ad
3168 3679 3420 3732 animam
3469 3679 3644 3748 perti-

1950 3775 2133 3827 nere?
2161 3775 2233 3828 A.
2269 3774 2503 3826 Prorsus
2536 3771 2776 3824 videtur.
2819 3771 2890 3824 R.
2925 3768 3007 3822 Ad
3043 3769 3222 3820 solam
3267 3767 3539 3831 animam,
3573 3783 3644 3819 an

1949 3863 2017 3916 ad
2047 3861 2259 3931 aliquid
2291 3860 2442 3913 aliud
2467 3862 2494 3912 ?
2514 3861 2584 3912 Λ.
2607 3858 2756 3912 Nihil
2781 3856 2934 3911 aliud
2957 3855 3121 3910 video
3143 3859 3350 3925 praeter
3371 3855 3644 3919 animam,

1949 3950 2060 4004 nisi
2090 3951 2290 4013 Deum,
2323 3947 2419 4002 ubi
2449 3947 2800 4000 intellectum
2832 3961 2951 3999 esse
2977 3944 3224 3998 credam.
3247 3944 3320 3996 R.
3353 3944 3477 3996 Jam
3501 3943 3645 3997 illud

1948 4039 2259 4092 videamus.
2295 4037 2350 4091 Si
2381 4036 2484 4090 tibi
2515 4034 2801 4106 quispiam
2831 4034 3002 4087 istum
3050 4031 3325 4103 parietem
3360 4047 3477 4084 non
3522 4047 3643 4086 esse

1948 4124 2243 4195 parietem,
2277 4123 2374 4177 sed
2405 4124 2664 4177 arborem
2692 4122 2925 4190 diceret,
2959 4121 3096 4192 quid
3123 4121 3397 4190 putares?
3425 4121 3496 4174 Λ.
3531 4122 3645 4173 Aut

1949 4212 2070 4282 ejus
2098 4227 2350 4276 sensum,
2386 4215 2482 4265 aut
2512 4226 2706 4264 meum
2743 4209 2882 4276 falli,
2933 4213 3032 4263 aut
3078 4208 3183 4261 hoc
3212 4206 3443 4261 nomine
3475 4208 3544 4261 ab
3578 4224 3645 4262 eo

1946 4299 2226 4370 parietem
2257 4298 2464 4353 vocari.
2498 4300 2573 4352 R.
2604 4297 2770 4364 Quid,
2805 4297 2852 4351 si
2882 4301 2938 4351 et
2962 4296 3047 4350 illi
3077 4296 3288 4366 species
3335 4295 3554 4348 arboris
3585 4295 3642 4348 in

1945 4404 2012 4441 eo
2040 4391 2330 4458 appareat,
2365 4392 2420 4440 et
2448 4386 2551 4440 tibi
2577 4386 2852 4456 parietis?
2881 4401 3072 4439 nonne
3101 4384 3313 4454 poterit
3333 4387 3642 4454 utrumque

1946 4493 2144 4531 verum
2171 4493 2291 4531 esse
2310 4478 2339 4529 ?
2366 4477 2434 4530 Α.
2472 4476 2638 4529 Nullo
2659 4475 2855 4541 modo;
2877 4474 3014 4544 quia
3039 4489 3154 4527 una
3184 4473 3499 4542 eademque
3530 4488 3637 4538 res,

1946 4570 2002 4619 et
2031 4565 2202 4619 arbor
2232 4569 2287 4619 et
2318 4564 2504 4635 paries
2532 4580 2650 4618 esse
2679 4580 2796 4617 non
2826 4567 3030 4632 potest.
3064 4561 3330 4625 Quamvis
3357 4561 3513 4615 enim
3535 4561 3648 4615 sin-

1945 4653 2095 4724 gulis
2117 4653 2279 4706 nobis
2307 4652 2530 4722 singula
2577 4667 2695 4705 esse
2725 4651 3040 4716 videantur,
3071 4665 3298 4703 necesse
3350 4654 3434 4702 est
3463 4665 3644 4703 unum

1944 4747 2200 4795 nostrum
2234 4741 2704 4810 imaginationem
2737 4739 2933 4793 falsam
2966 4737 3100 4809 pati.
3132 4737 3205 4790 R.
3248 4737 3416 4804 Quid,
3457 4738 3511 4813 _si
3543 4755 3646 4791 nec

1943 4831 2130 4900 paries
2159 4845 2262 4883 nec
2292 4830 2464 4882 arbor
2501 4833 2606 4892 est,
2641 4832 2696 4881 et
2727 4827 2894 4880 ambo
2926 4824 3194 4882 fallimini
3214 4827 3242 4878 ?
3268 4828 3341 4880 A.
3377 4827 3568 4880 Potest
3589 4826 3644 4880 id

1941 4918 2194 4989 quidem.
2230 4919 2302 4972 R.
2341 4919 2454 4971 Hoc
2483 4932 2620 4987 ergo
2650 4931 2832 4970 unum
2873 4914 3137 4985 superius
3169 4915 3640 4984 prmtermiseras.

1942 5011 2013 5062 A.
2051 5009 2268 5061 Fateor.
2303 5007 2375 5060 R.
2405 5005 2570 5071 Quid,
2604 5004 2652 5057 si
2691 5004 3006 5073 agnoscatis
3055 5003 3210 5057 aliud
3263 5003 3421 5056 vobis
3467 5001 3641 5056 videri

1941 5112 2112 5166 quam
2148 5095 2268 5148 est?
2294 5093 2710 5164 numquidnam
2732 5093 2998 5147 fallimini
3018 5096 3047 5146 ?
3076 5094 3147 5146 Α.
3175 5093 3316 5146 Νοη.
3350 5093 3424 5145 R.
3448 5092 3640 5143 Potest

1941 5185 2118 5254 igitur
2147 5190 2201 5238 et
2225 5185 2429 5237 falsum
2462 5199 2581 5237 esse
2613 5183 2762 5254 quod
2815 5183 3058 5247 videtur,
3103 5186 3162 5236 et
3213 5196 3326 5234 non
3375 5178 3494 5232 falli
3548 5177 3639 5231 cui

1938 5274 2179 5327 videtur.
2215 5274 2282 5329 Α.
2314 5274 2520 5327 Potest.
2543 5272 2616 5325 R.
2643 5271 3042 5325 Conﬁtendum
3066 5273 3150 5322 est
3177 5267 3354 5338 igitur
3370 5281 3481 5318 non
3502 5280 3635 5318 eum

1937 5361 2056 5416 falli
2087 5361 2185 5431 qui
2235 5360 2379 5414 falsa
2422 5359 2596 5425 videt,
2651 5359 2750 5413 sed
2799 5375 2930 5412 eum
2976 5355 3075 5428 qui
3117 5352 3421 5408 assentitur
3459 5350 3634 5406 falsis.

1935 5451 2004 5504 Α..
2040 5450 2211 5502 Plane
2241 5449 2648 5503 conﬁtendum.
2678 5448 2752 5501 R.
2777 5447 2921 5511 Quid
2949 5445 3138 5514 ipsum
3166 5441 3373 5495 falsum
3393 5441 3422 5494 ?
3452 5455 3632 5511 quare

1938 5537 2144 5592 falsum
2171 5539 2303 5592 est?
2335 5538 2402 5592 Α.
2439 5536 2597 5602 Quod
2628 5535 2794 5589 aliter
2823 5549 2942 5586 sese
2972 5531 3144 5585 habet
3168 5544 3342 5598 quam
3371 5528 3626 5584 videtur.
