4058 6388
371 291 469 342 887

372 409 448 462 R.
474 407 678 476 Sicrgo
693 421 808 459 non
835 405 1056 476 possint
1066 404 1272 475 quibus
1290 404 1566 469 videatur,
1582 403 1728 458 nihil
1742 407 1828 457 est
1838 403 2062 460 falsum.

375 498 444 550 A.
479 495 763 565 Sequitur.
795 495 869 547 R.
905 495 1032 547 Non
1061 492 1238 563 igitur
1268 496 1351 546 est
1379 491 1437 545 in
1478 492 1647 546 rebus
1690 492 1926 558 falsitas,
1971 491 2068 546 sed

376 584 436 636 in
462 598 632 635 sensu
655 599 666 635 :
692 598 808 634 non
837 585 1029 634 autem
1045 579 1260 633 fallitur
1288 579 1389 649 qui
1409 579 1563 633 falsis
1594 596 1710 634 non
1741 580 2065 634 assentitur.

377 668 688 723 Conﬁcitur
716 672 780 721 ut
810 667 965 721 aliud
986 667 1161 720 simus
1179 683 1302 731 nos,
1327 666 1482 721 aliud
1499 683 1730 733 sensus;
1763 667 2066 738 siquidem,

377 774 506 812 cum
536 757 655 827 ipse
687 755 918 822 fallitur,
976 769 1277 825 possumus
1320 771 1424 809 nos
1453 771 1572 827 non
1600 755 1740 808 falli.
1804 757 1875 810 Α.
1917 755 2069 809 Nihil

377 826 726 914 habeoquod
743 843 1233 898 contradicam.R.
1259 843 1367 897 Sed
1389 826 1692 914 numquid,
1716 859 1846 896 cum
1880 843 2070 897 animo

378 933 609 999 fallitur,
643 932 817 985 audes
867 935 922 984 te
952 931 1139 985 dicere
1188 947 1305 984 non
1357 947 1478 985 esse
1535 931 1796 985 falsum?
1840 933 1912 986 A.
1947 932 2069 996 Quo

378 1026 541 1091 pacto
571 1019 720 1073 istud
745 1019 986 1072 audeam
1005 1021 1034 1072 ?
1063 1021 1136 1073 R.
1162 1021 1234 1073 At
1262 1020 1451 1072 nullus
1480 1035 1676 1073 sensus
1707 1019 1828 1074 sine
1859 1020 2069 1086 anima,

378 1109 535 1162 nulla
562 1107 771 1161 falsitas
800 1107 921 1160 sine
944 1123 1134 1161 sensu.
1179 1110 1289 1160 Aut
1326 1112 1592 1178 Operatur
1629 1107 1807 1178 igitur
1856 1108 2070 1174 anima,

378 1201 475 1250 aut
504 1199 838 1266 cooperatur
868 1194 1099 1249 falsitati
1129 1196 1253 1249 LA.
1279 1195 1926 1266 Trahuntprzecedentia
1945 1212 2072 1250 con-

378 1283 720 1339 sensionem.

446 1374 501 1426 4.
532 1374 613 1425 R.
668 1369 812 1424 Illud
866 1386 1018 1424 nunc
1065 1370 1368 1442 responde,
1427 1374 1619 1424 utrum
1658 1371 1762 1425 tibi
1818 1371 2077 1426 videatur

379 1477 540 1531 posse
570 1459 695 1513 fieri
721 1463 782 1512 ut
811 1459 1118 1529 aliquando
1149 1459 1364 1513 falsitas
1390 1475 1510 1513 non
1552 1460 1641 1513 sit.
1670 1461 1741 1514 Α.
1775 1461 2074 1524 Quomodo

383 1547 523 1602 mihi
554 1547 661 1600 hoc
689 1546 868 1600 videri
891 1551 1096 1617 potest,
1145 1563 1278 1601 cum
1308 1551 1466 1601 tanta
1494 1547 1567 1601 sit
1596 1547 1896 1602 difﬁcultas
1918 1549 2076 1604 inve-

381 1635 605 1689 niendae
621 1633 892 1701 veritatis,
927 1639 989 1688 ut
1001 1635 1299 1689 absurdius
1327 1635 1548 1688 dicatur
1576 1635 1880 1690 falsitatem
1902 1653 2076 1707 quam

382 1724 678 1777 veritatem
705 1739 824 1776 esse
845 1739 963 1776 non
990 1723 1192 1794 posse?
1221 1724 1296 1777 R.
1328 1724 1752 1794 Numquidnam
1785 1725 2078 1780 arbitraris

382 1830 514 1868 eum
546 1812 646 1883 qui
673 1829 788 1866 non
818 1812 973 1879 vivit,
999 1828 1162 1883 posse
1191 1812 1402 1866 sentire
1422 1813 1450 1866 ?
1482 1813 1554 1866 A.
1579 1815 1703 1867 Non
1722 1818 1910 1884 potest
1928 1814 2074 1868 ﬁeri.

381 1904 456 1957 R.
489 1903 818 1958 Confectum
849 1905 934 1955 est
960 1901 1214 1955 animam
1255 1917 1480 1972 semper
1521 1901 1729 1956 vivere.
1779 1903 1853 1958 A.
1898 1901 2079 1956 Nimis

383 1992 494 2044 cito
523 2007 689 2061 urges
718 2005 810 2043 me
837 1990 897 2043 in
926 1989 1138 2060 gaudia
1171 2005 1184 2043 :
1233 1989 1606 2059 pedetentim,
1637 2006 1849 2060 quaeso.
1882 1991 1954 2045 R.
1986 1992 2081 2044 At-

385 2076 504 2146 qui,
529 2077 576 2130 si
605 2081 756 2130 recte
787 2077 887 2132 illa
917 2092 1184 2130 concessa
1215 2081 1368 2144 sunt,
1401 2076 1544 2131 nihil
1575 2077 1644 2131 de
1689 2079 1796 2133 hac
1824 2095 1884 2132 re
1913 2078 2079 2132 dubi—

385 2165 626 2220 tandum
672 2165 857 2220 video.
902 2167 973 2219 A.
1019 2164 1197 2219 Nimis
1243 2165 1352 2219 cito
1407 2169 1510 2232 est,
1570 2165 1826 2236 inquam.
1885 2169 2080 2238 Itaque

384 2253 608 2307 facilius
635 2254 885 2308 adducor
917 2257 978 2306 ut
1007 2270 1098 2308 me
1130 2258 1345 2308 temere
1378 2253 1591 2324 aliquid
1618 2255 1958 2309 concessisse
1987 2270 2079 2308 ar-

383 2341 583 2408 bitrer,
608 2357 783 2412 quam
812 2341 1008 2412 utjam
1037 2357 1267 2395 securus
1293 2341 1363 2395 de
1399 2341 1827 2396 immortalitate
1872 2342 2081 2396 anima:

387 2430 541 2483 liam.
582 2431 794 2483 Tamen
823 2430 1017 2483 evolve
1048 2429 1215 2483 istam
1241 2429 1679 2495 conclusionem,
1716 2435 1772 2484 et
1797 2431 2081 2500 quomodo

388 2519 446 2572 id
467 2518 733 2571 effectum
755 2517 827 2570 sit
848 2517 1101 2571 ostende.
1125 2518 1198 2572 R.
1220 2517 1545 2570 Falsitatem
1564 2517 1755 2572 dixisti
1772 2517 1892 2572 sine
1913 2533 2078 2572 sensu

385 2621 506 2659 esse
536 2621 652 2658 non
681 2621 866 2675 posse,
911 2594 1135 2659 etheam
1177 2621 1294 2659 non
1324 2621 1443 2659 esse
1460 2621 1577 2659 non
1606 2622 1770 2675 posse
1800 2622 1813 2660 :
1858 2622 2083 2676 semper

387 2693 566 2763 igitur
596 2698 680 2747 est
708 2709 924 2748 sensus.
948 2697 1020 2748 At
1049 2695 1242 2748 nullus
1267 2710 1461 2748 sensus
1483 2693 1606 2747 sine
1637 2693 1859 2760 anima;
1889 2695 2083 2748 anima

388 2781 568 2851 igitur
595 2781 943 2852 sempiterna
973 2787 1076 2837 est.
1125 2784 1238 2836 Nec
1284 2783 1432 2836 valet
1477 2783 1709 2846 sentire,
1757 2782 1868 2837 nisi
1897 2784 2071 2839 vivat.

387 2869 624 2938 Semper
652 2869 829 2940 igitur
858 2870 1048 2924 anima
1078 2871 1231 2924 vivit.

388 2958 613 3013 CAPUT
643 2959 730 3012 IV.
762 2989 830 2998 -—
859 2963 946 3013 Eae
973 2960 1242 3024 falsitatis
1297 2975 1390 3014 seu
1429 2961 1677 3014 veritatis
1721 2961 2082 3029 perpetuitate

683 3049 924 3115 possitne
951 3049 1135 3114 colligi
1163 3050 1356 3102 animae
1374 3049 1778 3102 immortalitas.

459 3137 516 3187 5.
555 3135 625 3188 Λ.
659 3134 701 3188 0
747 3135 1084 3204 plumbeum
1117 3135 1464 3205 pugionem!
1511 3139 1708 3190 Posses
1739 3135 1894 3190 enim
1940 3151 2080 3189 con-

388 3221 615 3275 cludere
645 3221 938 3275 hominem
960 3239 1081 3276 esse
1112 3223 1517 3286 immortalem,
1551 3224 1598 3277 si
1621 3224 1728 3278 tibi
1771 3224 2081 3277 concessis-

389 3323 509 3361 sem
539 3325 835 3380 nunquam
865 3309 1038 3362 istum
1062 3309 1342 3364 mundum
1365 3325 1482 3364 esse
1501 3327 1664 3380 posse
1677 3310 1798 3364 sine
1825 3310 2078 3374 homine,

389 3411 636 3465 eumque
665 3397 945 3450 mundum
972 3413 1090 3450 esse
1113 3397 1545 3468 sempiternum.
1570 3400 1643 3452 R.
1684 3401 1829 3452 Bene
1851 3399 2081 3469 quidem

388 3484 607 3554 vigilas.
642 3485 750 3538 Sed
778 3489 971 3538 tamen
1000 3501 1117 3539 non
1143 3502 1347 3556 parum
1400 3490 1484 3540 est
1515 3487 1669 3558 quod
1713 3487 2079 3554 confecimus,

390 3589 582 3626 rerum
611 3577 876 3626 naturam
903 3573 1023 3627 sine
1053 3574 1246 3628 anima
1275 3590 1392 3628 esse
1422 3591 1536 3630 non
1561 3592 1749 3646 posse,
1798 3576 1906 3629 nisi
1937 3577 2082 3630 forte

389 3660 450 3713 in
479 3677 671 3715 rerum
701 3665 905 3715 natura
933 3661 1147 3716 falsitas
1177 3663 1484 3733 aliquando
1515 3679 1631 3717 non
1659 3663 1786 3717 erit.
1819 3665 1890 3718 A.
1929 3665 2082 3719 Istud

389 3749 619 3820 quidem
645 3765 996 3820 consequens
1027 3767 1145 3803 esse
1177 3752 1481 3807 confiteor.
1519 3752 1627 3806 Sed
1672 3754 1794 3822 jam
1832 3753 2083 3824 amplius

387 3838 814 3892 deliberandum
866 3855 1086 3905 censeo,
1132 3845 1326 3894 utrum
1360 3841 1623 3911 superius
1670 3857 1936 3896 concessa
1966 3858 2082 3896 non

388 3931 610 3981 nutent.
647 3929 767 3982 Non
798 3927 952 3982 enim
972 3945 1212 3998 parvum
1236 3929 1477 3998 gradum
1509 3930 1580 3984 ad
1611 3931 1815 3985 animae
1843 3931 2081 3984 immor-

386 4016 664 4070 talitatem
695 4017 904 4070 factum
935 4033 1056 4071 esse
1087 4017 1270 4072 video.
1306 4020 1378 4072 R.
1422 4019 1642 4072 Satisne
1684 4019 2078 4086 considerasti,

386 4120 457 4157 ne
497 4105 634 4175 quid
665 4109 879 4158 temere
926 4105 1193 4159 dederis?
1228 4106 1271 4159 A
1321 4105 1466 4160 Satis
1515 4106 1768 4176 quidem,
1811 4107 1906 4161 sed
1937 4106 2083 4160 nihil

385 4193 547 4246 video
577 4209 690 4263 quo
723 4209 814 4246 me
846 4209 1082 4262 arguam
1095 4192 1450 4247 temeritatis.
1483 4195 1556 4248 R.
1583 4196 1728 4264 Ergo
1758 4195 2081 4248 confectum

387 4287 473 4335 est
499 4298 694 4335 rerum
725 4285 989 4335 naturam
1039 4282 1160 4336 sine
1193 4282 1385 4336 anima
1411 4283 1539 4336 viva
1568 4300 1688 4337 esse
1721 4301 1834 4338 non
1885 4301 2079 4354 posse.

386 4372 456 4424 Α.
492 4370 825 4423 Confectum
855 4371 1148 4438 hactenus,
1171 4370 1466 4439 utpossint
1485 4371 1731 4425 vicissim
1757 4372 1880 4426 alia;
1905 4373 2080 4430 nasci,

385 4459 514 4511 aliae
544 4457 709 4511 mori.
742 4458 814 4510 R.
848 4456 1016 4522 Quid,
1048 4457 1096 4510 si
1125 4458 1193 4511 de
1226 4463 1430 4512 natura
1460 4474 1652 4514 rerum
1675 4459 1889 4514 falsitas
1919 4461 2081 4515 aufe-

384 4551 544 4600 ratur
570 4545 598 4598 ?
627 4562 816 4599 nonne
845 4545 943 4600 ﬁet
983 4551 1047 4600 ut
1090 4563 1224 4601 vera
1267 4547 1379 4601 sint
1408 4547 1602 4601 omnia
1622 4550 1651 4602 ?
1677 4550 1747 4603 Α.
1799 4550 2080 4620 Consequi

385 4633 576 4688 video.
610 4633 685 4686 R.
718 4633 1014 4703 Responde
1047 4634 1200 4688 unde
1221 4633 1324 4688 tibi
1356 4633 1613 4689 videatur
1641 4635 1826 4706 paries
1856 4635 1959 4690 iste
1990 4653 2081 4691 ve-

387 4737 482 4774 rus
512 4737 649 4774 esse.
679 4722 754 4775 A.
793 4722 936 4784 Quia
975 4721 1098 4792 ejus
1150 4738 1268 4775 non
1316 4722 1484 4777 fallor
1539 4729 1792 4793 aspectu.
1825 4726 1898 4779 R.
1935 4727 2078 4796 Ergo

385 4807 520 4878 quia
545 4809 624 4862 ita
653 4813 736 4862 est
765 4814 828 4864 ut
846 4810 1088 4866 videtur.
1109 4811 1181 4866 Α.
1208 4810 1416 4865 Etiam.
1456 4812 1528 4866 R.
1569 4812 1625 4866 Si
1657 4812 1834 4883 igitur
1861 4813 2078 4884 aliquid

383 4897 518 4950 inde
549 4897 753 4951 falsum
784 4902 867 4952 est
893 4899 1044 4968 quod
1085 4899 1250 4953 aliter
1296 4899 1522 4954 videtur
1568 4906 1738 4972 atque
1790 4906 1893 4969 est,
1944 4903 2078 4957 inde

382 5002 582 5040 verum
613 4987 763 5056 quod
788 4987 867 5040 ita
896 4991 958 5040 ut
987 4991 1069 5040 est
1094 4987 1353 5052 videtur;
1399 4989 1587 5043 ablato
1618 5006 1684 5044 eo
1715 4990 1805 5044 cui
1832 4991 2073 5057 videtur,

383 5091 488 5128 nec
515 5073 724 5128 falsum
752 5074 1089 5144 quidquam,
1121 5091 1225 5129 nec
1253 5092 1451 5130 verum
1477 5082 1575 5131 est.
1609 5081 1681 5132 At
1701 5079 1748 5132 si
1776 5079 1990 5134 falsitas
2017 5080 2076 5134 in

386 5180 581 5218 rerum
612 5169 816 5218 natura
859 5179 976 5218 non
1026 5165 1110 5226 sit,
1133 5181 1266 5219 vera
1322 5171 1456 5220 sunt
1482 5168 1693 5221 omnia.
1746 5170 1856 5222 Nec
1899 5169 2078 5224 videri

383 5253 700 5324 quidquam
729 5253 841 5306 nisi
895 5251 1104 5306 viventi
1145 5253 1350 5307 animm
1406 5259 1617 5324 potest.
1674 5257 1859 5310 Manet
1899 5257 2077 5328 igitur

382 5341 574 5395 anima
601 5341 660 5395 in
693 5358 887 5396 rerum
917 5346 1120 5395 natura
1151 5342 1198 5395 si
1230 5342 1440 5396 auferri
1470 5343 1687 5397 falsitas
1717 5361 1833 5398 non
1854 5351 2071 5415 potest;

383 5435 596 5496 manet,
631 5430 678 5484 si
706 5435 916 5500 potest.
954 5432 1026 5485 Α.
1059 5429 1231 5502 Video
1262 5430 1550 5485 robustius
1580 5431 1813 5502 quidem
1843 5450 1962 5488 esse
1989 5435 2075 5488 fa-

446 5528 458 5558 ¹
492 5525 646 5588 Angl.
679 5527 822 5587 Mss.,
850 5530 1168 5591 cooperatur
1183 5526 1418 5584 falsitas.

1539 280 2110 348 SOLILOQUIOBUM
2157 283 2210 338 S.
2253 280 2657 338 AUGUSTINI.

3768 279 3873 332 888

2175 407 2328 459 ctum
2359 405 2513 476 quod
2533 404 2655 474 jam
2685 403 3016 457 conclusum
3046 406 3205 470 erat;
3239 401 3338 456 sed
3382 400 3527 456 nihil
3570 402 3678 456 hac
3715 400 3873 471 adje-

2175 495 2363 549 ctione
2413 491 2821 563 promovimus.
2881 490 3262 545 Nihilominus
3293 490 3447 544 enim
3496 494 3694 544 manet
3722 489 3870 544 illud

2177 583 2330 654 quod
2361 581 2676 651 plurimum
2706 595 2798 634 me
2827 584 3036 644 movet,
3069 579 3222 632 nasci
3252 578 3470 632 animas
3517 583 3574 632 et
3604 577 3873 645 interire,

2176 675 2346 741 atque
2375 675 2441 724 ut
2465 685 2580 724 non
2600 668 2785 723 desint
2799 668 3037 738 mundo,
3066 683 3185 722 non
3206 683 3404 721 earum
3414 666 3874 731 immortalitate,

2177 759 2275 813 sed
2304 758 2656 812 successione
2686 758 3005 827 provenire.

2249 846 2298 898 6.
2335 845 2408 896 R.
2442 843 2787 896 Videnturne
2818 845 2916 896 tibi
2941 857 3184 912 quaeque
3216 855 3510 911 corporea,
3536 839 3596 895 id
3625 845 3714 894 est
3743 856 3875 894 sen-

2179 932 2383 998 sibilia,
2416 932 2711 986 intellectu
2739 947 2904 1001 posse
2934 929 3390 1000 comprehendi?
3415 929 3486 984 A.
3526 929 3650 983 Non
3678 928 3881 982 viden-

2179 1025 2292 1075 tur.
2321 1022 2396 1074 R.
2429 1020 2574 1084 Quid
2598 1020 2738 1073 illud
2762 1021 2790 1074 ?
2820 1020 3044 1073 videtur
3080 1018 3181 1072 tibi
3211 1017 3471 1072 sensibus
3495 1017 3581 1070 uti
3609 1018 3763 1070 Deus
3802 1017 3877 1070 ad

2180 1125 2269 1162 res
2305 1108 2766 1179 cognoscendas?
2795 1107 3038 1162 A.Nihil
3073 1107 3257 1160 audeo
3301 1106 3372 1160 de
3401 1106 3508 1160 hac
3561 1121 3624 1159 re
3656 1110 3878 1160 temere

2182 1197 2503 1263 affirmare;
2537 1197 2636 1251 sed
2666 1200 2946 1266 quantum
2975 1195 3254 1266 conjicere
3286 1194 3474 1262 datur,
3502 1194 3663 1247 nullo
3699 1193 3880 1248 modo

2183 1286 2330 1339 Deus
2359 1285 2538 1338 utitur
2567 1283 2843 1338 sensibus.
2876 1285 2949 1337 R.
2985 1284 3127 1353 Ergo
3159 1281 3550 1336 concludimus
3578 1297 3699 1336 non
3752 1297 3881 1336 sen-

2180 1372 2288 1425 tire
2309 1388 2472 1442 posse
2495 1372 2602 1425 nisi
2625 1371 2894 1425 animam.
2920 1371 2990 1425 Λ.
3024 1371 3303 1426 Conclude
3335 1369 3564 1423 interim
3591 1373 3880 1440 quantum

2183 1459 2554 1532 probabiliter
2589 1459 2741 1513 licet.
2772 1461 2846 1514 R.
2882 1459 3024 1523 Quid
3054 1459 3196 1513 illud
3217 1461 3245 1512 ?
3275 1459 3446 1512 dasne
3477 1457 3651 1511 istum
3687 1458 3885 1528 parie-

2183 1553 2322 1614 tem,
2353 1548 2400 1602 si
2424 1565 2590 1603 verus
2618 1547 2804 1618 paries
2833 1563 2950 1601 non
2980 1547 3072 1616 sit,
3113 1562 3230 1600 non
3270 1561 3391 1600 esse
3437 1545 3766 1616 parietem?
3804 1547 3878 1600 Α.

2187 1636 2339 1690 Nihil
2368 1637 2474 1690 hoc
2501 1637 2720 1691 facilius
2750 1635 3023 1690 dederim.
3069 1636 3144 1689 R.
3186 1636 3382 1705 Neque
3440 1633 3780 1705 quidquam,
3834 1633 3885 1687 si

2184 1740 2382 1780 verum
2412 1740 2616 1796 corpus
2653 1740 2768 1778 non
2811 1724 2903 1792 sit,
2954 1739 3162 1794 corpus
3209 1722 3377 1778 esse?
3405 1723 3478 1777 A.
3530 1722 3662 1776 Tale
3702 1722 3885 1776 etiam

2185 1813 2291 1867 hoc
2313 1816 2416 1868 est.
2452 1813 2521 1867 P.
2551 1815 2697 1882 Ergo
2753 1812 2800 1866 si
2851 1811 2993 1866 nihil
3023 1827 3222 1865 verum
3267 1814 3371 1875 est,
3417 1809 3532 1864 nisi
3561 1809 3670 1863 ista
3713 1809 3789 1864 sit
3817 1815 3889 1863 ut

2185 1900 2411 1955 videtur
2432 1917 2446 1967 ;
2465 1917 2569 1955 nec
2589 1900 2905 1972 quidqnam
2923 1915 3262 1972 corporeum
3280 1897 3463 1953 videri
3487 1897 3599 1952 nisi
3620 1899 3888 1952 sensibus

2187 1994 2414 2061 potest;
2442 2006 2547 2044 nec
2573 1989 2803 2054 sentire,
2829 1987 2940 2042 nisi
2965 1987 3195 2055 anima;
3224 2003 3348 2054 nec,
3379 1987 3426 2040 si
3456 2003 3656 2041 verum
3671 2003 3888 2057 corpus

2188 2094 2305 2131 non
2333 2078 2426 2145 sit,
2457 2061 2660 2149 corpus
2689 2094 2808 2132 esse
2841 2094 2856 2131 :
2886 2081 3062 2131 restat
3077 2081 3140 2131 ut
3154 2092 3360 2146 corpus
3379 2091 3500 2130 esse
3531 2091 3644 2129 non
3675 2073 3884 2145 possit,

2187 2165 2298 2219 nisi
2321 2166 2513 2221 anima
2547 2165 2739 2220 fuerit.
2762 2167 2836 2221 Α.
2870 2165 3048 2220 Nimis
3097 2181 3288 2235 urges,
3323 2170 3382 2219 et
3425 2163 3562 2235 quid
3614 2163 3880 2218 resistam

2189 2271 2306 2309 non
2332 2255 2536 2310 habeo.

2569 2343 2794 2399 CAPUT
2824 2345 2880 2398 V.
2917 2375 2986 2383 —
3023 2345 3220 2398 Verum
3239 2342 3376 2412 quid
3402 2344 3495 2397 sit.
3687 2376 3692 2378 -

2257 2436 2318 2486 7.
2354 2433 2429 2487 R.
2457 2433 2700 2487 Attende
2729 2433 2790 2486 in
2818 2431 2926 2486 ista
2951 2431 3300 2501 diligentius.
3332 2432 3405 2486 A.
3439 2432 3521 2485 En
3548 2429 3770 2484 adsum.
3805 2431 3885 2482 R.

2190 2522 2350 2576 Certe
2377 2522 2469 2576 hic
2499 2521 2641 2592 lapis
2670 2525 2794 2589 est;
2847 2526 2902 2575 et
2930 2520 3013 2575 ita
3041 2536 3207 2574 verus
3255 2524 3358 2583 est,
3393 2519 3440 2573 si
3470 2535 3589 2574 non
3616 2535 3674 2573 se
3707 2518 3888 2572 habet

2189 2610 2352 2664 aliter
2383 2627 2445 2664 ac
2468 2610 2730 2678 videtur;
2760 2615 2816 2663 et
2868 2609 3012 2680 lapis
3038 2625 3156 2663 non
3184 2612 3287 2675 est,
3322 2609 3370 2662 si
3400 2624 3566 2662 verus
3605 2624 3722 2662 non
3755 2613 3883 2675 est;

2189 2703 2382 2753 etnon
2409 2698 2521 2752 nisi
2549 2699 2810 2753 sensibus
2851 2697 3032 2753 videri
3061 2702 3267 2769 potest.
3297 2699 3373 2753 Α.
3403 2698 3605 2751 Etiam.
3635 2697 3707 2750 R.
3757 2697 3886 2750 Non

2189 2791 2322 2841 sunt
2349 2787 2525 2857 igitur
2553 2787 2772 2858 lapides
2799 2787 2861 2841 in
2887 2787 3241 2842 abditissimo
3271 2791 3440 2840 terra:
3486 2785 3727 2855 gremio,
3779 2801 3890 2839 nec

2191 2874 2425 2928 omnino
2455 2874 2555 2929 ubi
2585 2891 2702 2928 non
2730 2879 2862 2929 sunt
2885 2873 2986 2944 qui
3013 2873 3526 2928 sentiantzneciste
3547 2872 3692 2942 lapis
3712 2877 3883 2937 esset,

2189 2962 2295 3016 nisi
2326 2979 2459 3017 eum
2487 2962 2850 3029 videremus;
2895 2978 3000 3016 nec
3056 2962 3202 3033 lapis
3240 2961 3348 3016 erit
3375 2977 3507 3015 cum
3558 2960 3887 3015 discesseri-

2189 3067 2336 3119 mus,
2377 3067 2662 3122 nemoque
2704 3051 2847 3106 alius
2889 3067 3022 3105 eum
3073 3067 3326 3121 praesens
3377 3050 3612 3105 videbit.
3659 3051 3793 3119 Nec,
3841 3051 3892 3104 si

2189 3141 2404 3194 loculos
2431 3141 2576 3194 bene
2607 3141 2855 3208 claudas,
2889 3139 3146 3210 quamvis
3176 3140 3359 3193 multa
3377 3137 3440 3192 in
3462 3137 3543 3192 eis
3562 3138 3887 3204 incluseris,

2188 3228 2406 3299 aliquid
2430 3228 2740 3282 habebunt.
2783 3230 2895 3282 Nec
2922 3243 3153 3298 prorsus
3183 3227 3372 3297 ipsum
3419 3226 3642 3296 lignum
3671 3225 3888 3280 intrin-

2189 3334 2348 3371 secus
2377 3318 2600 3387 lignum
2631 3320 2730 3371 est.
2766 3317 2931 3387 Fugit
2959 3316 3112 3370 enim
3146 3331 3344 3370 omnes
3371 3331 3570 3370 sensus
3599 3315 3887 3385 quidquid

2189 3406 2248 3460 in
2279 3405 2572 3460 altitudine
2601 3410 2685 3459 est
2725 3405 2977 3475 corporis
3021 3405 3263 3459 minime
3309 3403 3676 3476 perlucentis,
3728 3405 3888 3474 quod

2191 3509 2309 3547 non
2338 3509 2458 3547 esse
2488 3493 2722 3547 omnino
2751 3493 2990 3564 cogitur.
3027 3493 3247 3547 Etenim
3277 3492 3326 3546 si
3350 3498 3516 3558 esset,
3557 3507 3755 3546 verum
3787 3508 3886 3545 es-

2190 3586 2315 3648 set;
2348 3597 2453 3635 nec
2479 3597 2679 3635 verum
2717 3574 3033 3652 quidquam
3079 3586 3185 3648 est,
3235 3581 3345 3635 nisi
3393 3581 3546 3652 quod
3581 3580 3660 3634 ita
3688 3583 3773 3633 est
3822 3584 3891 3634 ut

2189 3670 2414 3724 videtur
2444 3687 2458 3724 :
2492 3670 2633 3724 illud
2663 3675 2855 3723 autem
2883 3686 3001 3723 non
3025 3669 3286 3735 videtur;
3319 3685 3437 3723 non
3468 3673 3553 3723 est
3579 3667 3757 3739 igitur
3780 3683 3889 3721 ve-

2190 3774 2320 3812 rum
2355 3775 2367 3812 :
2393 3758 2505 3812 nisi
2529 3757 2666 3829 quid
2695 3757 2962 3812 habes-ad
2991 3757 3109 3812 haec
3129 3757 3283 3829 quod
3306 3756 3673 3827 respondeas.
3701 3756 3774 3809 Α.
3801 3757 3884 3809 De

2190 3846 2260 3900 iis
2289 3846 2521 3918 quidem
2547 3862 2676 3916 quae
2706 3846 2979 3913 concessi,
3013 3846 3120 3899 hoc
3147 3851 3349 3900 natum
3381 3861 3504 3899 esse
3545 3844 3751 3910 video;
3784 3844 3890 3897 sed

2190 3935 2499 3988 absurdum
2531 3934 2610 3988 ita
2639 3939 2742 3997 est,
2768 3938 2830 3988 ut
2859 3934 3138 4005 quidquid
3164 3933 3246 3987 vis
3275 3935 3502 3988 illorum
3533 3932 3756 3987 facilius
3780 3947 3887 3985 ne-

2190 4040 2342 4094 gem,
2376 4040 2549 4095 quam
2577 4024 2686 4078 hoc
2712 4039 2913 4077 verum
2953 4039 3074 4077 esse
3112 4023 3442 4077 concedam.
3475 4023 3549 4076 R.
3587 4020 3744 4076 Nihil
3792 4035 3887 4075 re-

2189 4127 2405 4182 pugno.
2464 4111 2600 4165 Vide
2639 4127 2776 4182 ergo
2807 4110 2947 4181 quid
3000 4110 3187 4165 dicere
3239 4111 3377 4164 velis
3410 4126 3424 4164 :
3458 4125 3731 4180 corporea
3771 4107 3889 4161 nisi

2190 4201 2448 4254 sensibus
2472 4199 2652 4253 videri
2675 4215 2857 4270 posse,
2892 4215 2964 4253 an
2995 4199 3202 4253 sentire
3227 4198 3336 4252 nisi
3361 4197 3635 4266 animam,
3657 4212 3732 4250 an
3761 4213 3888 4250 esse

2189 4287 2440 4358 lapidem
2464 4289 2554 4342 vel
2581 4288 2720 4359 quid
2749 4288 2924 4355 aliud,
2949 4288 3045 4342 sed
3072 4304 3272 4341 verum
3289 4303 3403 4341 non
3429 4303 3571 4353 esse,
3595 4302 3669 4340 an
3691 4285 3887 4355 ipsum

2188 4392 2386 4430 verum
2416 4376 2580 4430 aliter
2609 4393 2728 4430 esse
2755 4375 3163 4430 definiendum.
3197 4377 3273 4432 Α.
3311 4376 3504 4430 Isthuc
3539 4374 3753 4445 ipsum,
3783 4389 3887 4428 oro

2188 4469 2265 4531 te,
2296 4464 2565 4518 ultimum
2586 4464 2899 4519 videamus.
3729 4516 3736 4530 ,

2259 4558 2310 4609 8.
2343 4555 2418 4608 R.
2452 4552 2636 4607 Deﬁni
2667 4569 2802 4623 ergo
2830 4569 3047 4607 verum.
3075 4554 3146 4608 A.
3175 4555 3383 4608 Verum
3398 4556 3482 4607 est
3507 4553 3664 4624 quod
3686 4531 3795 4622 ista
3823 4569 3885 4606 se

2187 4643 2357 4697 habet
2385 4647 2450 4696 ut
2479 4641 2758 4712 cognitori
2799 4641 3044 4708 videtur,
3091 4642 3139 4695 si
3159 4642 3294 4695 velit
3334 4641 3629 4712 possitque
3670 4657 3880 4710 cogno-

2187 4748 2361 4786 scere.
2388 4732 2462 4786 R.
2493 4732 2618 4785 Non
2645 4731 2754 4784 erit
2783 4731 2960 4802 igitur
2987 4747 3184 4785 verum
3207 4731 3359 4802 quod
3388 4746 3556 4785 nemo
3581 4734 3767 4801 potest
3793 4746 3885 4785 co-

2186 4821 2499 4892 gnoscere?
2530 4818 2763 4885 Deinde,
2795 4818 2839 4872 si
2871 4819 3078 4872 falsum
3107 4824 3192 4873 est
3209 4819 3363 4890 quod
3384 4819 3549 4872 aliter
3577 4834 3752 4889 quam
3775 4824 3881 4883 est,

2183 4908 2448 4976 videtur;
2479 4907 2638 4979 quid,
2670 4906 2717 4960 si
2746 4906 2910 4960 alteri
2927 4907 3184 4961 videatur
3204 4906 3472 4978 hiclapis,
3502 4906 3684 4977 lapis;
3717 4906 3883 4960 alteri

2184 4997 2408 5068 lignum
2431 4998 2460 5050 ?
2488 4996 2689 5050 eadem
2719 5011 2810 5049 res
2838 4999 2896 5049 et
2921 4994 3064 5048 falsa
3096 4999 3152 5048 et
3175 5011 3309 5050 vera
3338 4994 3492 5050 erit?
3511 4996 3585 5049 A.
3611 4994 3756 5049 Illud
3788 5010 3882 5048 me

2185 5084 2368 5156 magis
2396 5083 2657 5154 superius
2687 5085 2896 5151 movet,
2924 5084 3214 5153 quomodo
3243 5084 3291 5137 si
3313 5082 3455 5154 quid
3482 5083 3744 5154 cognosci
3763 5098 3884 5137 non

2184 5169 2388 5236 potest,
2417 5179 2483 5219 eo
2515 5164 2615 5241 ﬁat
2639 5167 2923 5227 ut_v.erum
2949 5179 3067 5220 non
3094 5163 3185 5218 sit.
3217 5165 3359 5218 Nam
3388 5163 3538 5234 quod
3571 5163 3744 5218 simul
3764 5179 3881 5217 una

2183 5271 2292 5322 res,
2326 5258 2382 5307 et
2409 5268 2541 5306 vera
2569 5237 2625 5305 et
2654 5240 2794 5306 falsa
2828 5259 2930 5317 est,
2961 5269 3080 5306 non
3125 5251 3298 5306 nimis
3343 5268 3503 5306 curo.
3543 5251 3768 5306 Etenim
3795 5252 3880 5306 vi-

2183 5343 2291 5396 deo
2317 5357 2492 5395 unam
2512 5357 2634 5395 rem
2653 5340 2888 5394 diversis
2907 5346 3310 5413 comparatam,
3343 5342 3514 5396 simul
3535 5345 3590 5395 et
3601 5341 3880 5411 majorem

2182 5437 2240 5486 et
2266 5430 2550 5486 minorem
2580 5447 2719 5486 esse.
2749 5431 2850 5486 Sed
2883 5448 2953 5486 ex
2983 5448 3049 5486 eo
3077 5431 3227 5486 istud
3268 5431 3566 5502 contingit,
3613 5430 3769 5501 quod
3797 5431 3882 5484 ni-

2184 5519 2265 5574 hil
2295 5535 2399 5590 per
2426 5537 2483 5574 sc
2519 5520 2704 5591 majus
2744 5523 2843 5575 aut
2869 5519 3062 5574 minus
3107 5523 3211 5574 est.
3244 5518 3691 5590 Comparationis
3722 5518 3878 5575 enim
