4058 6364
139 298 228 348 889
1544 292 1752 347 LIBER
1805 294 2199 350 SECUNDUS.

139 419 256 472 sunt
284 415 385 469 ista
411 412 670 468 nomina.
701 415 782 469 R.
815 415 888 467 At
906 413 953 467 si
982 413 1123 468 dicis
1153 414 1292 469 nihil
1323 431 1444 470 esse
1475 430 1675 471 verum
1708 431 1814 486 per

141 522 207 572 se,
232 520 340 558 non
367 502 536 556 times
565 518 639 556 ne
668 508 942 573 sequatur
971 507 1035 556 ut
1061 503 1205 557 nihil
1255 503 1328 558 sit
1372 499 1477 574 per
1515 520 1572 558 se
1593 505 1622 557 ?
1655 505 1814 558 Unde

141 594 278 650 enim
300 593 521 662 lignum
551 596 638 646 est
664 592 792 658 hoc,
820 591 954 646 inde
985 591 1162 646 etiam
1207 608 1409 647 verum
1455 593 1676 664 lignum
1708 598 1813 647 est.

143 683 239 737 Nec
256 680 375 734 ﬁeri
398 683 588 750 potest
616 683 680 734 ut
708 695 810 750 per
841 679 1114 749 seipsum,
1166 680 1223 734 id
1255 685 1341 735 est
1367 680 1490 734 sine
1521 679 1814 751 cognitore

142 771 342 841 lignum
371 769 460 834 sit,
493 771 551 822 et
577 783 777 822 verum
817 767 1042 838 lignum
1090 784 1206 822 non
1255 768 1347 822 sit.
1379 770 1458 824 A.
1498 771 1642 840 Ergo
1671 768 1813 823 illud

142 859 249 913 dico
272 862 326 911 et
351 855 431 910 sic
449 855 682 922 deﬁnio,
732 871 836 910 nec
861 872 1061 910 vereor
1080 872 1152 910 ne
1183 856 1439 911 deﬁnitio
1457 873 1586 911 mea
1615 858 1687 912 ob
1709 858 1815 911 hoc

143 945 492 1016 improbetur,
526 944 684 1014 quod
711 943 882 998 nimis
904 944 1088 998 brevis
1117 949 1202 998 est
1236 961 1250 999 :
1287 962 1418 999 nam
1445 961 1644 1000 verum
1673 946 1814 1000 mihi

143 1034 344 1089 videtur
371 1049 492 1086 esse
521 1033 578 1088 id
603 1033 756 1104 quod
785 1037 884 1087 est.
938 1035 1004 1088 Il.
1056 1033 1210 1088 Nihil
1254 1050 1390 1105 ergo
1442 1034 1548 1088 erit
1589 1035 1813 1098 falsum,

144 1122 261 1195 quia
286 1121 566 1193 quidquid
595 1126 698 1188 est,
718 1137 918 1176 verum
948 1126 1054 1176 est.
1077 1123 1151 1176 A.
1180 1124 1244 1176 In
1270 1139 1508 1194 magnas
1524 1125 1816 1194 angustias

145 1228 222 1265 me
244 1209 546 1280 conjecisti,
579 1225 684 1263 nec
712 1209 939 1264 invenio
983 1226 1217 1280 prorsus
1247 1211 1383 1282 quid
1415 1212 1810 1283 respondeam.

145 1301 214 1353 Ita
238 1299 299 1353 lit
326 1303 389 1352 ut
418 1314 550 1352 cum
577 1297 744 1352 aliter
772 1298 967 1352 doceri
1008 1299 1187 1353 nolim
1227 1316 1401 1370 quam
1423 1300 1550 1355 istis
1577 1301 1818 1355 interro-

144 1387 462 1459 gationibus,
487 1403 687 1441 verear
707 1387 830 1456 jam
856 1372 1442 1458 tamen-interrogari.

400 1476 627 1531 CAPUT
657 1476 747 1529 VI.
778 1505 845 1514 —
882 1476 1031 1530 Unde
1054 1477 1299 1543 falsitas,
1329 1482 1378 1531 et
1416 1477 1530 1531 ubi.

205 1569 251 1620 9.
281 1566 353 1620 R.
385 1565 537 1618 Deus
566 1563 658 1618 cui
687 1579 792 1617 nos
839 1562 1254 1631 commisimus,
1311 1565 1433 1619 sine
1463 1564 1817 1620 dubitatione

144 1655 237 1708 fert
261 1669 444 1724 opem,
478 1657 534 1707 et
572 1653 642 1708 de
669 1651 758 1706 his
788 1651 1070 1723 angustiis
1098 1652 1304 1707 liberat
1333 1669 1456 1716 nos,
1489 1654 1661 1708 modo
1695 1670 1816 1708 cre-

143 1743 342 1808 damus,
371 1747 430 1796 et
460 1758 594 1796 eum
619 1757 889 1812 rogemus
927 1741 1304 1798 devotissime.
1357 1743 1430 1798 Α.
1467 1742 1620 1796 Nihil
1649 1743 1818 1814 plane

144 1831 390 1885 libentius
412 1830 525 1884 hoc
555 1831 678 1885 loco
706 1829 938 1884 fecerim
963 1849 976 1894 ;
1010 1845 1145 1883 nam
1175 1846 1461 1902 nusquam
1485 1835 1704 1886 tantam
1731 1847 1819 1885 ca-

144 1919 354 1990 liginem
383 1919 616 1990 pertuli.
666 1919 836 1984 Deus,
884 1919 1052 1972 Pater
1092 1922 1304 1985 noster,
1355 1918 1456 1989 qui
1498 1924 1564 1973 ut
1591 1935 1818 1973 oremus

144 2007 386 2074 hortaris,
425 2007 528 2078 qui
555 2011 612 2062 et
639 2007 746 2061 hoc
771 2006 928 2078 quod
965 2005 1184 2077 rogaris
1227 2013 1498 2078 praestas;
1532 2007 1818 2079 siquidem

145 2113 256 2152 cum
279 2102 330 2151 te
349 2095 865 2168 rogamus,melius
893 2094 1154 2161 vivimus,
1188 2096 1569 2168 melioresque
1598 2113 1814 2150 sumus:

147 2185 328 2240 exaudi
354 2201 446 2239 me
478 2185 854 2256 palpitantem
873 2183 934 2238 in
962 2184 1051 2238 his
1069 2184 1339 2251 tenebris,
1375 2189 1433 2240 at
1461 2185 1604 2239 mihi
1633 2185 1820 2240 dexte-

146 2290 252 2327 ram
285 2274 533 2345 porrige.
556 2273 850 2328 Praatende
885 2272 1027 2326 mihi
1057 2273 1254 2327 lumen
1278 2278 1464 2340 tuum,
1495 2290 1696 2328 revoca
1727 2291 1818 2328 me

147 2363 206 2416 ab
233 2363 546 2430 erroribus;
596 2368 652 2417 te
681 2362 822 2417 duce
839 2361 898 2414 in
931 2377 1022 2416 me
1053 2361 1283 2416 redeam
1303 2362 1368 2430 fet
1415 2363 1474 2416 in
1504 2367 1579 2416 te.
1612 2365 1815 2417 Amen.

148 2451 210 2503 R.
241 2451 332 2504 Hic
359 2455 481 2504 esto
513 2455 790 2521 quantum
810 2454 992 2520 potes,
1024 2454 1082 2504 et
1108 2449 1539 2521 vigilantissime
1567 2451 1816 2505 attende.

148 2542 207 2594 Α.
230 2540 336 2601 Dic,
367 2556 588 2611 quaeso,
620 2539 667 2593 si
697 2538 832 2610 quid
860 2537 965 2592 tibi
995 2543 1328 2609 suggestum
1357 2544 1460 2605 est,
1492 2555 1563 2592 ne
1615 2555 1819 2610 perea-

148 2643 277 2682 mus.
325 2630 396 2682 R.
449 2628 554 2683 Hic
599 2632 739 2682 esto.
787 2627 860 2682 Α.
911 2629 1048 2682 Ecce
1094 2627 1268 2682 habes
1317 2643 1410 2681 me
1459 2626 1604 2681 nihil
1661 2628 1819 2683 aliud

147 2722 408 2786 agentem.

210 2807 286 2858 l0.
323 2806 394 2860 R.
428 2804 596 2859 Prius
633 2803 772 2874 quid
810 2803 886 2857 sit
931 2802 1161 2869 falsum,
1203 2803 1377 2857 etiam
1429 2807 1600 2874 atque
1647 2804 1818 2858 etiam

144 2893 479 2948 ventilemus.
507 2897 603 2952 1A.
637 2892 810 2947 Miror
837 2891 885 2945 si
936 2891 1250 2963 quidquam
1293 2892 1444 2946 aliud
1477 2893 1603 2959 erit,
1645 2909 1818 2963 quam

143 2982 275 3050 quod
287 2998 397 3035 non
425 2981 507 3035 ita
528 2985 615 3035 est
643 2986 706 3035 ut
728 2981 975 3035 videtur.
994 2982 1066 3034 R.
1081 2981 1328 3035 Attende
1351 2979 1560 3051 potius,
1585 2986 1642 3036 et
1665 2981 1819 3050 ipsos

143 3085 320 3124 sensus
346 3069 508 3141 prius
538 3069 981 3139 interrogemus.
1018 3071 1158 3123 Nam
1189 3074 1339 3123 certe
1369 3070 1518 3139 quod
1550 3069 1701 3123 oculi
1730 3069 1819 3122 vi—

142 3159 278 3226 dent,
308 3177 422 3214 non
450 3159 664 3214 dicitur
690 3159 918 3226 falsum,
952 3158 1064 3212 nisi
1087 3159 1297 3213 habeat
1324 3159 1576 3230 aliquam
1613 3157 1817 3213 simili-

141 3248 374 3304 tudinem
401 3249 542 3303 veri.
572 3250 641 3302 Ut
667 3234 832 3302 verbi
851 3265 1040 3313 causa,
1071 3248 1247 3301 homo
1274 3264 1448 3319 quem
1473 3248 1728 3302 videmus
1759 3248 1818 3302 in

140 3337 350 3404 somnis,
379 3354 500 3392 non
529 3341 615 3391 est
642 3336 840 3407 utique
867 3336 1350 3402 verushomo,sed
1379 3336 1574 3403 falsus,
1608 3352 1674 3390 eo
1695 3336 1818 3405 ipso

141 3425 276 3495 quod
303 3425 472 3481 habet
508 3424 630 3479 veri
659 3424 1122 3480 similitudinem.
1152 3423 1286 3488 Quis
1317 3424 1471 3478 enim
1504 3440 1704 3478 canem
1733 3424 1818 3478 vi-

139 3513 271 3583 deat,
299 3520 354 3570 et
378 3519 533 3569 recte
573 3529 631 3568 se
663 3513 814 3568 dicat
841 3512 1141 3566 hominem
1181 3513 1544 3567 somniasse?
1572 3514 1732 3584 Ergo
1764 3517 1820 3567 et

140 3601 219 3656 ille
246 3604 413 3658 falsus
442 3602 602 3658 canis
631 3608 736 3665 est,
767 3618 832 3656 ex
858 3617 926 3655 eo
947 3601 1100 3672 quod
1123 3600 1329 3655 similis
1348 3617 1480 3656 vero
1501 3606 1600 3656 est.
1635 3604 1707 3657 A.
1737 3605 1820 3656 Ita

139 3695 211 3744 est
234 3696 289 3746 tu
321 3691 481 3746 dicis.
514 3691 592 3745 R.
623 3689 788 3754 Quid,
835 3688 1078 3758 vigilans
1125 3689 1368 3760 quisque
1409 3689 1456 3742 si
1503 3689 1635 3744 viso‘
1671 3705 1818 3760 equo

137 3784 277 3849 putet
306 3797 364 3836 se
394 3779 694 3835 hominem
723 3777 912 3832 videre
936 3779 964 3832 ‘2
1022 3793 1216 3832 nonne
1241 3793 1308 3832 eo
1337 3777 1558 3832 fallitur
1587 3780 1741 3848 quod
1765 3778 1817 3832 ei

137 3874 382 3940 appareat
411 3869 611 3940 aliqua
660 3866 912 3922 hominis
946 3866 1260 3920 similitudo
1281 3869 1310 3920 ?
1339 3867 1481 3920 Nam
1512 3866 1560 3919 si
1591 3866 1733 3920 nihil
1763 3866 1818 3921 ei

139 3964 402 4028 appareat,
434 3957 551 4012 nisi
580 3955 715 4028 equi
743 3955 979 4027 species,
1012 3971 1129 4009 non
1179 3959 1365 4026 potest
1403 3954 1666 4009 arbitrari
1695 3970 1816 4008 sese

136 4045 406 4102 hominem
434 4046 656 4101 videre.
687 4047 760 4100 Α.
796 4046 1034 4098 Prorsus
1064 4044 1221 4098 cedo.
1278 4044 1354 4098 R.
1400 4042 1649 4097 Dicimus
1679 4043 1817 4098 item

135 4133 311 4190 falsam
343 4136 610 4190 arborem
640 4149 812 4205 quam
841 4133 1052 4203 pictam
1095 4131 1374 4200 videmus,
1406 4137 1463 4186 et
1493 4132 1693 4187 falsam
1739 4133 1818 4187 fa-

135 4221 260 4278 ciem
284 4241 410 4296 quaa
439 4225 511 4280 de
543 4223 776 4294 speculo
805 4221 1086 4288 redditur,
1120 4225 1178 4275 et
1196 4221 1398 4275 falsum
1418 4220 1663 4274 turrium
1694 4237 1814 4275 mo-

133 4315 240 4366 tum
265 4313 690 4384 navigantibus,
723 4311 1039 4381 falsamque
1095 4309 1497 4364 infractionem
1544 4309 1710 4376 remi,
1743 4310 1814 4364 ob

132 4400 267 4456 aliud
295 4401 569 4457 nihilnisi
587 4399 1093 4472 quodverisimilia
1110 4399 1356 4453 sunt.A.
1399 4400 1706 4453 Fateor.R.
1734 4400 1815 4454 Ita

132 4492 178 4542 et
201 4489 257 4544 in
278 4490 525 4561 geminis
557 4489 833 4558 fallimur,
862 4487 943 4542 ita
972 4488 1035 4542 in
1065 4487 1205 4554 ovis,
1239 4487 1317 4541 ita
1369 4488 1428 4542 in
1458 4487 1700 4556 singulis
1741 4488 1815 4541 si-

131 4577 264 4647 gillis
291 4595 402 4633 uno
441 4578 662 4633 annulo
697 4577 1013 4648 impressis,
1058 4581 1116 4630 et
1144 4576 1204 4630 in
1238 4577 1455 4631 caeteris
1485 4577 1712 4630 talibus.
1742 4578 1811 4630 A.

131 4665 323 4738 Sequor
352 4667 596 4723 omnino
623 4670 796 4737 atque
825 4665 1104 4720 concedo.
1159 4666 1234 4718 R.
1285 4664 1610 4719 Similitudo
1640 4664 1818 4735 igitur

131 4768 299 4811 rerum
322 4773 454 4829 quae
478 4757 552 4810 ad
584 4755 779 4810 oculos
803 4754 1080 4825 pertinet,
1101 4758 1286 4808 mater
1315 4759 1400 4808 est
1425 4753 1706 4808 falsitatis.
1740 4754 1811 4808 A.

135 4843 327 4915 Negare
355 4863 473 4900 non
498 4860 761 4916 possum.

191 4937 265 4988 ll.
297 4936 370 4989 R.
403 4935 516 4990 Sed
544 4934 670 4988 haec
698 4933 884 4987 omnis
918 4932 1079 4998 silva,
1107 4929 1217 4984 nisi
1261 4946 1353 4984 me
1399 4929 1565 4996 fallit,
1598 4930 1659 4984 in
1703 4930 1816 4985 duo

129 5036 314 5090 genera
342 5023 522 5078 dividi
534 5026 746 5093 potest.
769 5023 913 5075 Nam
943 5019 1153 5090 partim
1184 5018 1503 5090 aequalibus
1532 5017 1594 5072 in
1622 5018 1812 5085 rebus,

129 5112 316 5180 partim
342 5130 478 5167 vero
506 5113 573 5166 in
595 5110 975 5166 deterioribus
1005 5113 1103 5163 est.
1121 5107 1379 5180 Equalia
1407 5112 1558 5174 sunt,
1587 5109 1815 5179 quando

128 5204 229 5254 tam
250 5202 354 5256 hoc
383 5201 470 5256 illi
501 5215 682 5272 quam
712 5199 859 5253 illud
905 5198 1039 5252 huic
1065 5197 1280 5252 similes
1309 5212 1429 5250 esse
1458 5195 1720 5264 dicimus,
1753 5202 1818 5252 ut

130 5287 187 5342 de
212 5292 449 5360 geminis
481 5291 706 5346 dictum
740 5292 844 5355 est,
875 5289 964 5343 vel
992 5286 1564 5358 deﬁimpressionibus
1593 5289 1812 5344 annuli.

129 5377 185 5431 In
210 5379 589 5436 deterioribus
617 5382 828 5444 autem,
845 5378 1075 5449 quando
1092 5376 1236 5430 illud
1264 5376 1418 5447 quod
1441 5375 1690 5430 deterius
1711 5382 1814 5446 est,

129 5466 289 5522 simile
311 5486 430 5524 esse
461 5468 714 5523 dicimus
751 5466 996 5521 meliori.
1041 5465 1176 5530 Quis
1224 5464 1379 5519 enim
1407 5465 1469 5518 in
1525 5466 1814 5537 speculum

128 5559 380 5628 attendat,
410 5562 469 5613 et
491 5560 651 5612 recte
672 5555 830 5619 dicat
856 5572 915 5611 se
945 5571 1066 5609 esse
1094 5554 1176 5609 illi
1195 5553 1432 5624 imagini
1463 5553 1728 5625 similem,
1752 5572 1817 5610 ac

3517 306 3622 356 890

1928 435 2046 472 non
2072 418 2262 489 potius
2301 420 2458 474 illam
2488 420 2636 475 sibi?
2659 422 2773 476 Hoc
2801 424 2994 476 autem
3023 437 3203 492 genus
3224 423 3434 493 partim
3456 430 3539 480 est
3558 426 3620 480 in

1925 522 1990 561 eo
2029 507 2185 578 quod
2209 508 2401 562 anima
2429 509 2659 580 patitur,
2691 509 2906 580 partim
2933 526 3068 564 vero
3099 509 3159 564 in
3194 511 3264 565 iis
3293 512 3464 566 rebus
3491 529 3620 584 qua:

1924 595 2205 650 videntur.
2230 597 2334 651 Sed
2353 597 2539 667 ipsum
2569 599 2723 668 quod
2756 598 2946 652 anima
2970 599 3209 668 patitur,
3237 605 3336 654 aut
3363 600 3421 654 in
3450 616 3620 655 sensu

1924 685 2157 755 patitur,
2197 691 2261 738 ut
2295 685 2470 739 turris
2501 690 2723 741 motum
2764 687 2862 758 qui
2880 689 3073 742 nullus
3093 693 3177 742 est
3205 705 3219 756 ;
3243 693 3344 743 aut
3370 690 3518 759 apud
3541 707 3624 744 se-

1924 772 2107 842 ipsam
2138 789 2206 826 ex
2235 789 2302 827 eo
2333 773 2490 844 quod
2517 775 2732 844 accepit
2760 792 2792 828 a
2816 776 3097 843 sensibus,
3120 777 3316 847 qualia
3345 783 3482 831 sunt
3502 778 3623 832 visa

1924 861 2358 928 somniantium,
2386 865 2442 916 et
2469 861 2720 916 fortassis
2749 863 2922 918 etiam
2948 864 3282 919 furentium.
3317 867 3496 919 Porro
3527 866 3628 920 illa

1925 966 2055 1021 qua:
2084 949 2143 1003 in
2170 950 2307 1020 ipsis
2336 951 2507 1005 rebus
2537 967 2678 1022 quas
2708 952 2963 1006 videmus
2984 959 3279 1024 apparent,
3314 955 3426 1008 alia
3456 972 3487 1008 a
3517 971 3623 1009 na-

1925 1042 2074 1105 tura,
2104 1043 2307 1093 caatera
2335 1040 2406 1093 ab
2435 1039 2824 1094 animantibus
2855 1041 3248 1112 exprimuntur
3303 1048 3476 1114 atque
3505 1044 3620 1098 lin-

1925 1132 2156 1198 guntur.
2191 1129 2401 1182 Natura
2430 1129 2720 1200 gignendo
2752 1130 2837 1184 vel
2863 1131 3190 1185 resultando
3212 1132 3620 1186 similitudines

1926 1216 2230 1270 deteriores
2267 1217 2421 1271 facit.
2467 1217 2781 1287 Gignendo,
2835 1234 2967 1272 cum
3016 1220 3349 1289 parentibus
3409 1221 3624 1275 similes

1925 1310 2236 1359 nascuntur
2264 1322 2278 1371 ;
2311 1307 2657 1373 resultando,
2715 1311 2780 1361 ut
2809 1308 2878 1362 de
2934 1307 3179 1378 speculis
3210 1309 3621 1378 cujuscemodi.

1927 1394 2194 1457 Quamvis
2219 1394 2373 1448 enim
2397 1395 2667 1466 pleraque
2691 1396 2920 1465 specula
2948 1396 3212 1450 homines
3242 1395 3473 1463 faciant,
3506 1413 3624 1450 non

1926 1482 2242 1553 tamenipsi
2272 1483 2558 1554 efﬁngunt
2576 1499 2670 1536 eas
2698 1499 2828 1554 qua:
2856 1484 3148 1538 adduntur
3175 1483 3476 1554 imagines.
3499 1486 3624 1538 Jam

1926 1584 2059 1622 vero
2090 1569 2472 1624 animantium
2504 1585 2678 1640 Opera
2701 1576 2836 1624 sunt
2865 1571 2925 1624 in
2972 1571 3228 1642 picturis,
3260 1576 3319 1625 et
3347 1572 3625 1642 hujusce-

1928 1656 2085 1710 modi
2120 1657 2444 1728 quibusque
2493 1658 2780 1728 ﬁgmentis
2812 1675 2825 1712 :
2853 1659 2913 1712 in
2974 1676 3089 1730 quo
3148 1675 3358 1729 genere
3412 1660 3627 1713 includi

1927 1745 2102 1800 etiam
2129 1746 2228 1800 illa
2255 1751 2510 1818 possunt,
2542 1747 2590 1801 si
2617 1751 2811 1802 tamen
2837 1747 3006 1814 ﬁunt,
3056 1764 3186 1819 quae
3216 1749 3505 1802 daemones
3541 1749 3630 1802 fa-

1928 1834 2102 1888 ciunt.
2140 1836 2366 1890 Umbra:
2394 1841 2588 1890 tamen
2618 1852 2940 1907 corporum,
2972 1837 3109 1907 quia
3137 1853 3253 1892 non
3280 1837 3453 1891 nimis
3480 1838 3550 1892 ab
3565 1853 3627 1891 re

1927 1923 2088 1977 abest
2118 1925 2133 1960 ¹
2168 1928 2230 1978 ut
2273 1925 2606 1994 corporibus
2650 1925 2866 1979 similes
2899 1930 2967 1979 ‘et
3015 1925 3178 1995 quasi
3211 1927 3354 1979 falsa
3381 1941 3628 1996 corpora

1927 2013 2206 2079 dicantur,
2239 2028 2342 2066 nec
2371 2013 2440 2066 ad
2462 2013 2762 2067 oculorum
2782 2013 3069 2084 judicium
3090 2013 3382 2084 pertinere
3405 2030 3625 2084 negan-

1929 2102 2016 2156 dae
2051 2107 2222 2168 sunt;
2252 2101 2312 2156 in
2348 2102 2446 2156 illo
2485 2118 2579 2155 eas
2608 2118 2817 2172 genere
2841 2103 2982 2172 poni
3010 2104 3216 2172 placet,
3264 2102 3416 2172 quod
3446 2103 3630 2155 resul-

1927 2191 2102 2245 tando
2124 2207 2158 2243 a
2185 2195 2388 2245 natura
2417 2190 2500 2244 ﬁt.
2526 2191 2784 2245 Resultat
2804 2191 2958 2244 enim
2984 2206 3154 2244 omne
3185 2206 3390 2260 corpus
3419 2189 3628 2243 lumini

1929 2278 2237 2348 objectum,
2252 2278 2378 2332 etin
2404 2277 2748 2332 contrariam
2769 2281 2993 2347 partem
3016 2277 3281 2332 umbram
3309 2276 3514 2330 reddit.
3538 2277 3628 2329 An

1926 2366 2030 2420 tibi
2061 2365 2276 2437 aliquid
2305 2365 2814 2420 contradicendum
2834 2365 3061 2420 videtur
3077 2367 3104 2420 ?
3124 2367 3198 2420 A.
3224 2364 3362 2419 Mihi
3386 2380 3518 2418 vero
3537 2364 3626 2418 ni-

1927 2454 2028 2508 hil.
2056 2454 2163 2508 Sed
2193 2470 2444 2524 quonam
2472 2453 2582 2507 ista
2602 2454 2857 2521 tendant,
2887 2453 3256 2508 vehementer
3271 2457 3552 2522 exspecto.

2003 2546 2087 2597 l2.
2117 2544 2191 2597 R.
2218 2542 2392 2614 Atqui
2422 2547 2648 2612 oportet
2675 2541 2962 2612 patienter
2986 2543 3255 2609 feramus,
3316 2541 3497 2594 donec
3529 2557 3629 2593 no-

1928 2631 2017 2686 bis
2048 2631 2240 2686 cazteri
2267 2647 2463 2686 sensus
2491 2630 2968 2685 renuntienturin
2993 2629 3503 2684 verisimilitudine
3525 2628 3626 2682 lla-

1927 2719 2110 2774 bitare
2140 2719 2462 2773 falsitatem.
2495 2721 2638 2773 Nam
2668 2723 2723 2772 et
2752 2719 2813 2772 in
2843 2718 2966 2789 ipso
2992 2718 3192 2773 auditu
3243 2718 3482 2771 totidem
3512 2716 3628 2770 fere

1928 2825 2142 2879 genera
2169 2808 2407 2861 veniunt
2436 2805 2882 2862 similitudinum
2909 2824 2924 2860 :
2957 2807 3135 2861 veluti
3166 2823 3297 2860 cum
3339 2804 3628 2876 loquentis

1929 2913 2146 2958 vocem,
2178 2913 2348 2967 quem
2371 2912 2487 2949 non
2515 2895 3420 2965 videmus,audientes,putamus
3449 2894 3626 2947 alium

1929 2985 2281 3056 quempiam,
2312 2985 2404 3038 cui
2429 3000 2564 3037 voce
2585 2983 2786 3037 similis
2816 2988 2938 3052 est;
2967 2988 3138 3054 atque
3159 2983 3220 3036 in
3245 2981 3628 3036 deterioribus

1928 3075 2014 3128 vel
2045 3075 2183 3128 echo
2215 3073 2372 3127 testis
2403 3077 2506 3138 est,
2539 3073 2628 3126 vel
2655 3071 2898 3126 tinnitus
2931 3071 3025 3125 ille
3075 3071 3330 3141 ipsarum
3375 3069 3628 3137 aurium,

1927 3164 2013 3217 vel
2035 3162 2095 3216 in
2123 3161 2433 3232 horologiis
2463 3161 2699 3214 merulae
2728 3165 2826 3214 aut
2855 3159 3010 3213 corvi
3062 3159 3329 3230 quaadam
3357 3157 3626 3226 imitatio,

1927 3251 2015 3305 vel
2047 3267 2174 3322 qua:
2206 3250 2314 3304 sibi
2345 3249 2694 3304 somniantes
2724 3254 2822 3304 aut
2840 3249 3091 3303 furentes
3111 3247 3375 3301 videntur
3404 3246 3623 3300 audire.

1931 3341 2105 3394 Falsa:
2132 3343 2323 3392 autem
2351 3339 2567 3392 vocula
2581 3355 2711 3409 quae
2741 3337 3012 3391 dicuntur
3039 3353 3073 3390 a
3102 3336 3356 3403 musicis,
3381 3335 3631 3389 incredi-

1928 3428 2042 3482 bile
2073 3433 2156 3482 est
2179 3433 2459 3499 quantum
2489 3431 2832 3481 attestantur
2854 3425 3102 3492 veritati,
3135 3425 3286 3495 quod
3299 3429 3427 3495 post
3448 3440 3627 3494 appa-

1927 3517 2078 3571 rebit
2108 3533 2122 3571 :
2157 3523 2350 3571 tamen
2378 3516 2553 3570 etiam
2603 3516 2763 3586 ipsae,
2819 3516 2972 3585 quod
3007 3519 3091 3568 sat
3148 3517 3233 3567 est
3282 3529 3454 3578 nunc,
3509 3528 3627 3566 non

1928 3607 2134 3661 absunt
2153 3606 2225 3660 ab
2258 3621 2457 3660 earum
2488 3604 2859 3658 similitudine
2890 3620 3030 3675 quas
3073 3619 3233 3656 veras
3270 3606 3492 3656 vocant.
3525 3603 3624 3656 Se-

1928 3694 2121 3765 queris
2150 3694 2318 3748 haec?
2346 3695 2422 3747 Α.
2456 3694 2519 3746 Et
2543 3691 2938 3746 libentissime.
2974 3693 3116 3745 Nam
3161 3690 3302 3744 nihil
3334 3690 3530 3744 laboro
3561 3694 3624 3744 ut

1925 3783 2264 3852 intelligam.
2294 3783 2368 3836 R.
2407 3783 2571 3851 Ergo,
2603 3797 2675 3834 ne
2706 3796 3017 3845 moremur,
3049 3779 3348 3832 videturne
3382 3779 3484 3832 tibi
3525 3784 3628 3831 aut

1923 3871 2108 3925 lilium
2142 3887 2175 3924 a
2202 3870 2323 3924 lilio
2350 3885 2516 3940 posse
2547 3869 2742 3932 odore,
2774 3872 2873 3921 aut
2902 3868 3014 3920 mel
3045 3867 3371 3937 thyminum
3402 3883 3434 3919 a
3454 3867 3626 3919 melle

1927 3959 2188 4030 thymino
2217 3959 2286 4013 de
2315 3958 2547 4012 diversis
2591 3956 2852 4011 alveariis
2899 3971 3122 4025 sapore,
3177 3960 3278 4009 aut
3321 3955 3622 4008 mollitudo

1924 4051 2255 4120 plumarum
2297 4047 2457 4118 cycni
2495 4048 2567 4100 ab
2597 4046 2816 4099 anseris
2871 4050 3029 4099 tactu
3082 4045 3244 4098 facile
3273 4044 3573 4114 dijudicari
3596 4046 3626 4097 ?

1925 4140 1997 4192 A.
2034 4139 2160 4192 Non
2188 4136 2436 4192 videtur.
2471 4139 2544 4189 R.
2580 4134 2748 4200 Quid,
2781 4149 2916 4188 cum
2943 4133 3081 4188 talia
3104 4149 3208 4187 nos
3235 4133 3322 4187 vel
3359 4132 3626 4200 olfacere,

1925 4227 2012 4280 vel
2045 4231 2296 4298 gustare,
2328 4225 2418 4279 vel
2442 4229 2678 4295 tangere
2704 4222 3103 4277 somniamus?
3134 4238 3325 4276 nonne
3354 4221 3626 4275 similitu-

1926 4318 2058 4371 dine
2089 4315 2408 4386 imaginum
2437 4330 2503 4367 eo
2536 4313 2818 4368 deteriore
2849 4329 2963 4383 quo
2993 4312 3253 4366 inaniore
3280 4311 3628 4381 dicipimur?

1927 4407 1999 4460 Α.
2033 4407 2242 4459 Verum
2276 4403 2434 4458 dicis.
2469 4404 2547 4458 R.
2591 4404 2735 4473 Ergo
2759 4406 2999 4472 opparet
3015 4417 3120 4454 nos
3137 4401 3196 4453 in
3221 4399 3488 4453 omnibus
3503 4414 3627 4453 sen-

1927 4495 2081 4548 sibus
2110 4493 2226 4547 sive
2267 4493 2603 4564 tequalibus,
2649 4491 2764 4544 sive
2794 4490 2854 4544 in
2897 4488 3274 4544 deterioribus
3304 4489 3494 4554 rebus,
3529 4493 3629 4541 aut

1926 4583 2303 4637 similitudine
2330 4581 2689 4635 lenocinante
2717 4579 2865 4646 falli;
2899 4583 2999 4632 aut
3024 4578 3247 4631 etiamsi
3301 4593 3418 4632 non
3474 4578 3626 4632 falli-

1926 4687 2058 4725 mur
2104 4670 2516 4741 suspendentes
2573 4667 3028 4733 consensionem,
3091 4681 3192 4719 seu
3237 4666 3623 4721 differentiam

1927 4759 2338 4829 dignoscentes,
2371 4761 2566 4811 tamen
2597 4773 2691 4810 eas
2723 4772 2814 4810 res
2843 4755 3013 4809 falsas
3037 4754 3334 4808 nominare
3365 4771 3508 4826 quas
3536 4771 3628 4809 ve-

1925 4846 2192 4900 risimiles
2221 4844 2722 4914 deprehendimus.
2753 4845 2825 4899 A.
2852 4843 3121 4897 Dubitare
3152 4859 3267 4896 non
3297 4858 3551 4913 possum.

1925 4933 2150 4988 CAPUT
2189 4934 2310 4987 VII.
2348 4962 2418 4973 --
2445 4937 2521 4987 De
2545 4948 2669 4987 vero
2701 4937 2751 4986 et
2779 4933 2966 4986 simili.
2999 4933 3299 5002 Soliloquia
3327 4947 3425 4985 cur
3453 4931 3621 4986 dicta.

2001 5026 2084 5078 l3.
2112 5023 2182 5076 R.
2216 5023 2378 5076 Nunc
2403 5021 2654 5091 attende,
2712 5021 2851 5075 dum
2882 5020 3085 5075 eadem
3116 5036 3350 5075 rursum
3378 5019 3623 5074 recurri-

1925 5128 2076 5177 mus,
2109 5127 2221 5182 quo
2252 5109 2352 5164 ﬁat
2373 5108 2626 5180 apertius
2657 5110 2810 5181 quod
2855 5125 3133 5164 conamur
3188 5109 3505 5164 ostendere.
3546 5109 3620 5160 A.

1928 5202 2150 5266 Eccum,
2171 5201 2408 5270 loquere
2441 5199 2593 5270 quod
2610 5199 2712 5254 vis.
2761 5201 2903 5254 Nam
2926 5215 3031 5269 ego
3057 5197 3423 5252 ciroumitum
3446 5194 3621 5248 istum

1927 5290 2101 5344 semel
2131 5288 2301 5344 statui
2330 5289 2593 5356 tolerare,
2625 5305 2813 5361 neque
2842 5289 2902 5343 in
2932 5305 2998 5343 eo
3032 5286 3328 5342 defetiscar
3353 5299 3451 5354 spe
3463 5287 3624 5336 tanta

1927 5378 2296 5450 perveniendi
2343 5395 2459 5449 quo
2507 5395 2608 5433 nos
2639 5379 2871 5432 tendere
2902 5375 3100 5430 sentio.
3135 5376 3208 5428 R.
3259 5375 3407 5425 Bene
3454 5372 3612 5426 facis.

1927 5467 2036 5522 Sed
2064 5468 2290 5522 attende
2319 5473 2512 5521 utrum
2547 5467 2652 5521 tibi
2679 5467 2956 5530 videatur,
2987 5478 3115 5518 cum
3150 5477 3256 5515 ova
3285 5459 3495 5514 similia
3523 5459 3615 5512 vi-

1990 5567 2004 5599 ¹
2043 5563 2243 5615 Absunt
2266 5563 2421 5626 juxta
2446 5564 2568 5612 Lov.
2598 5563 2661 5611 M.
