4058 6342
415 295 508 345 891

420 412 640 474 demus,
672 407 902 478 aliquod
943 421 1143 460 eorum
1189 397 1398 460 falsum
1428 421 1548 460 esse
1586 409 1736 459 recte
1785 420 1888 458 nos
1941 419 2108 473 posse

417 499 627 553 dicere.
667 499 746 549 Α.
780 495 946 548 Nullo
978 495 1146 548 modo
1185 493 1426 549 videtur.
1474 493 1676 549 Omnia
1723 492 1877 545 enim
1908 492 1955 545 si
2007 508 2111 545 ova

419 589 570 650 sunt,
596 599 727 638 vera
757 599 863 636 ova
892 588 1044 636 sunt.
1076 585 1150 637 R.
1197 583 1365 648 Quid,
1397 599 1526 636 cum
1557 582 1626 634 de
1677 581 1902 651 speculo
1931 581 2110 634 resul-

420 679 540 727 tare
573 671 883 741 imaginem
913 671 1222 725 videmus?
1267 671 1474 741 quibus
1526 669 1702 740 signis
1748 670 1947 722 falsam
1991 685 2111 722 esse

419 758 1003 828 comprehendimus?
1033 761 1105 813 Α.
1139 759 1359 814 Scilicet
1386 757 1538 827 quod
1568 772 1685 810 non
1715 761 1964 825 tenetur,
1994 773 2111 811 non

418 851 604 913 sonat,
635 863 753 901 non
784 863 889 918 per
917 864 974 901 se
999 853 1276 911 movetur,
1305 862 1416 898 non
1438 845 1591 912 vivit,
1625 851 1681 899 et
1705 846 1920 900 caeteris
1949 845 2113 899 innu-

419 933 811 1002 merabilibus,
853 949 982 1003 quae
1009 929 1276 1002 prosequi
1308 930 1546 998 longum
1575 933 1678 983 est.
1727 931 1799 983 R.
1841 930 2011 983 Video
2057 934 2111 982 te

424 1022 573 1075 nolle
602 1020 918 1086 immorari,
938 1025 995 1072 et
1023 1016 1412 1088 properationi
1433 1022 1545 1070 tuas
1567 1032 1691 1070 mos
1712 1017 1992 1086 gerendus
2005 1021 2107 1070 est.

425 1111 640 1180 Itaque,
673 1125 744 1162 ne
776 1108 999 1178 singula
1042 1109 1318 1174 repetam,
1367 1105 1413 1158 si
1444 1111 1500 1158 et
1545 1105 1627 1158 illi
1675 1105 1938 1159 homines
1971 1121 2113 1176 quos

425 1198 683 1251 videmus
711 1197 768 1250 in
793 1194 1027 1257 somnis,
1052 1193 1260 1258 vivere,
1280 1193 1457 1263 loqui,
1484 1193 1664 1247 teneri
1685 1210 1718 1246 a
1745 1193 2112 1264 vigilantibus

419 1289 677 1355 possent,
710 1283 970 1352 nihilque
997 1281 1145 1335 inter
1163 1282 1314 1352 ipsos
1341 1282 1614 1348 differret,
1639 1286 1694 1336 et
1723 1298 1820 1336 eos
1847 1298 1990 1353 quos
2017 1298 2110 1335 ex-

419 1370 722 1442 pergefacti
773 1386 834 1424 ac
856 1370 979 1424 sani
1011 1369 1362 1440 alloquimur
1391 1375 1448 1423 et
1474 1370 1753 1436 videmus,
1789 1371 2099 1440 numquid-

416 1473 548 1512 nam
579 1475 674 1512 eos
702 1458 868 1512 falsos
904 1458 1220 1512 diceremus
1240 1460 1268 1511 ?
1296 1459 1368 1512 Α.
1403 1459 1522 1521 0υο
1560 1464 1725 1529 pacto
1774 1459 1928 1513 istud
1960 1464 2111 1512 recte

415 1547 743 1600 diceretur?
766 1547 840 1613 R,
873 1548 1017 1616 Ergo
1048 1546 1093 1600 si
1123 1563 1188 1599 eo
1210 1546 1326 1599 veri
1359 1551 1566 1612 essent,
1596 1563 1708 1618 quo
1740 1547 1858 1600 veri
1887 1547 2108 1600 similli-

419 1635 497 1689 mi
528 1640 891 1706 apparerent,
935 1635 1195 1705 nihilque
1229 1634 1380 1689 inter
1417 1651 1512 1688 eos
1560 1640 1616 1689 et
1660 1651 1823 1689 veros
1875 1635 2112 1689 omnino

416 1723 668 1789 distaret,
701 1739 881 1794 eoque
909 1722 1036 1777 falsi
1067 1739 1180 1794 quo
1210 1738 1314 1794 per
1340 1722 1467 1776 illas
1487 1724 1572 1776 vel
1597 1723 1734 1777 alias
1765 1723 2113 1778 differentias

414 1811 717 1865 dissimiles
748 1810 1260 1877 convincerentur;
1301 1827 1492 1864 nonne
1507 1811 1938 1865 similitudinem
1969 1811 2110 1865 veri-

413 1899 548 1954 tatis
567 1905 829 1966 matrem,
864 1905 920 1953 et
945 1899 1467 1954 dissimilitudinem
1498 1900 1755 1954 falsitatis
1781 1917 1901 1953 esse
1930 1901 2110 1954 faten-

417 1988 554 2042 dum
585 1988 714 2042 est?
744 1989 816 2041 Α.
850 1989 969 2042 Non
997 1989 1178 2042 habeo
1203 1989 1340 2059 quid
1369 1989 1574 2054 dicam,
1599 1993 1655 2042 et
1674 1989 1846 2059 pudet
1876 2005 1966 2043 me
1996 1993 2113 2042 tam

416 2077 734 2131 temeraria
766 2077 1154 2130 consensionis
1184 2093 1328 2131 mea:
1359 2078 1684 2148 superioris.

490 2167 574 2219 14.
610 2166 685 2219 R.
721 2165 1046 2220 Ridiculum
1078 2169 1164 2218 est
1227 2164 1274 2218 si
1327 2169 1382 2218 te
1436 2165 1633 2236 pudet,
1682 2166 1846 2235 quasi
1889 2181 2005 2219 non
2043 2165 2113 2218 ob

415 2252 670 2324 idipsum
701 2252 1386 2322 elegerimushujusmodi
1416 2253 1920 2307 sermocinationes
1945 2269 1957 2306 :
1987 2268 2115 2322 quas

423 2341 696 2412 quoniam
727 2357 856 2394 cum
887 2340 1023 2394 solis
1052 2341 1213 2396 nobis
1242 2341 1555 2412 loquimur,
1588 2341 1898 2411 Soliloquia
1929 2341 2117 2395 vocari

420 2436 478 2484 et
506 2429 736 2484 inscribi
766 2430 930 2495 volo;
960 2445 1107 2483 novo
1148 2429 1381 2500 quidem
1410 2434 1465 2482 et
1485 2429 1722 2483 fortasse
1755 2430 1897 2483 duro
1927 2429 2115 2482 nomi-

423 2534 516 2584 ne,
545 2517 640 2572 sed
697 2517 768 2571 ad
814 2533 938 2571 rem
984 2517 1488 2571 demonstrandam
1542 2517 1679 2571 satis
1715 2517 1936 2571 idoneo.
1979 2519 2117 2573 Cum

420 2606 576 2660 enim
605 2622 790 2676 neque
816 2605 1022 2659 melius
1050 2606 1231 2676 quaeri
1254 2605 1458 2660 veritas
1492 2606 1686 2674 possit,
1740 2621 1912 2676 quam
1942 2606 2119 2659 inter-

421 2695 675 2765 rogando
707 2699 766 2748 et
796 2694 1216 2764 respondendo,
1249 2699 1305 2748 et
1349 2695 1437 2747 vix
1468 2694 1771 2765 quisquam
1801 2694 2123 2748 inveniatur

430 2799 601 2854 quem
631 2799 748 2838 non
777 2783 986 2854 pudeat
1017 2783 1277 2837 convinci
1317 2783 1724 2854 disputantem,
1764 2799 1946 2854 eoque
1976 2799 2121 2853 pene

429 2887 658 2942 semper
681 2871 906 2925 eveniat
931 2875 994 2925 ut
1021 2888 1140 2925 rem
1182 2873 1328 2926 bene
1369 2871 1661 2926 inductam
1709 2873 1776 2926 ad
1808 2871 2123 2926 discutien—

427 2959 564 3014 dum
594 2959 924 3013 inconditus
974 2959 1305 3030 pervicacia
1354 2960 1569 3013 clamor
1622 2960 1906 3030 explodet,
1950 2959 2122 3013 etiam

428 3065 556 3103 cum
588 3049 934 3103 laceratione
975 3049 1322 3116 animorum,
1367 3051 1707 3120 plerumque
1748 3049 2120 3114 dissimulata,

429 3137 716 3192 interdum
749 3142 806 3191 et
823 3141 1060 3208 aperta;
1090 3137 1472 3207 pacatissimo,
1501 3143 1566 3191 ut
1594 3138 1820 3208 opinor,
1877 3143 1933 3191 et
1966 3153 2123 3191 com-

430 3224 758 3278 modissime
787 3225 1022 3295 placuit,
1064 3242 1095 3278 a
1127 3225 1346 3294 meipso
1404 3225 1817 3296 interrogatum
1867 3225 2126 3295 mihique

432 3311 891 3379 respondentem,
917 3311 1030 3363 Deo
1061 3309 1383 3372 adjuvante,
1409 3325 1607 3363 verum
1631 3327 1920 3380 quaerere:
1951 3326 2127 3381 quare

434 3396 575 3450 nihil
607 3402 690 3451 est
714 3397 868 3467 quod
896 3412 1150 3462 vereare,
1184 3396 1365 3451 sicubi
1416 3401 1472 3450 te
1497 3401 1710 3450 temere
1750 3398 2006 3468 illigasti,
2037 3415 2126 3451 re-

432 3486 553 3540 dire
585 3491 755 3555 atque
779 3485 1094 3553 resolvere;
1113 3485 1279 3539 aliter
1302 3485 1436 3540 hinc
1448 3485 1600 3540 enim
1622 3485 1782 3539 evadi
1798 3502 1909 3540 non
1923 3490 2124 3557 potest.

636 3572 860 3626 CAPUT
898 3571 1041 3626 VIII.
1067 3601 1135 3612 -—-
1168 3571 1316 3627 Unde
1342 3588 1526 3627 verum
1552 3579 1648 3628 aut
1673 3575 1907 3641 falsum.

508 3663 586 3714 15.
620 3663 698 3714 Α.
733 3661 903 3715 Recte
933 3659 1072 3714 dicis
1100 3676 1113 3726 ;
1144 3660 1240 3714 sed
1270 3659 1408 3731 quid
1440 3661 1587 3714 male
1616 3659 1990 3717 concesserim
2008 3679 2126 3718 non

427 3749 600 3818 plane
632 3749 798 3803 video
831 3765 845 3803 :
878 3748 987 3803 nisi
1016 3749 1159 3803 forte
1182 3749 1238 3803 id
1267 3754 1417 3804 recte
1445 3749 1554 3804 dici
1581 3751 1788 3806 falsum
1842 3753 1995 3823 quod
2025 3753 2127 3807 ha-

427 3836 553 3891 beat
584 3836 837 3908 aliquam
875 3837 994 3891 veri
1039 3837 1493 3902 similitudinem,
1535 3854 1665 3893 cum
1695 3856 1931 3910 prorsus
1985 3841 2128 3895 mihi

424 3925 568 3980 nihil
595 3927 748 3982 aliud
793 3926 1033 3997 dignum
1073 3927 1201 3980 falsi
1242 3927 1476 3982 nomine
1521 3934 1779 3983 occurrat
1815 3935 1914 3996 ;et
1932 3946 2129 3984 rursus

429 4019 620 4068 tamen
650 4031 826 4085 cogor
851 4014 1017 4069 fateri
1048 4031 1115 4070 eo
1145 4015 1287 4070 falsa
1317 4015 1504 4070 vocari
1527 4033 1656 4088 qua:
1684 4023 1977 4086 vocantur,
2007 4035 2122 4089 quo

429 4119 459 4155 a
491 4101 640 4156 veris
667 4102 958 4157 differunt.
979 4104 1074 4164 .‘Ex
1097 4119 1212 4172 quo
1267 4104 1565 4158 conﬁcitur
1594 4120 1720 4158 eam
1751 4105 1935 4176 ipsam
1965 4106 2127 4160 dissi-

427 4190 818 4245 militudinem
843 4205 1072 4244 causam
1098 4207 1219 4244 esse
1249 4191 1526 4246 falsitatis.
1560 4194 1756 4263 Itaque
1782 4195 2089 4248 conturbor
2111 4212 2124 4261 ,

431 4293 548 4332 non
581 4277 738 4332 enim
779 4278 926 4332 mihi
980 4278 1144 4332 facile
1186 4279 1502 4349 quidquam
1540 4282 1696 4336 venit
1733 4282 1793 4335 in
1850 4288 2126 4350 mentem,

431 4367 584 4437 quod
615 4366 914 4421 contrariis
935 4365 1115 4419 causis
1144 4366 1433 4438 gignatur.
1455 4370 1531 4422 R.
1555 4369 1723 4436 Quid,
1759 4371 1803 4424 si
1821 4371 1929 4424 hoc
1947 4387 2127 4425 unum

433 4458 516 4507 est
545 4453 606 4507 in
635 4468 829 4508 rerum
860 4457 1057 4507 natura
1084 4470 1280 4524 genus,
1309 4459 1362 4508 et
1387 4456 1572 4509 solum
1607 4457 1757 4528 quod
1789 4457 1867 4511 ita
1895 4457 2013 4512 sit?
2041 4462 2127 4512 An

432 4541 686 4613 ignoras,
719 4557 850 4595 cum
894 4557 999 4612 per
1045 4541 1381 4597 animalium
1432 4543 1876 4600 innumerabilia
1918 4563 2128 4617 genera

434 4630 768 4696 cucurreris,
803 4631 988 4685 solum
1017 4632 1366 4686 crocodilum
1386 4633 1629 4688 inveniri
1646 4635 1746 4704 qui
1772 4637 2126 4706 superiorem

430 4719 490 4773 in
519 4720 841 4774 mandendo
866 4725 1088 4790 partem
1141 4727 1401 4788 moveat;
1431 4723 1749 4793 praesertim
1797 4740 1926 4778 cum
1977 4741 2125 4794 pene

428 4808 668 4878 reperiri
691 4808 832 4863 nihil
859 4815 1031 4880 queat
1068 4811 1147 4864 ita
1192 4809 1397 4881 cuique
1452 4811 1537 4866 rei
1572 4812 1778 4880 simile,
1811 4817 1875 4866 ut
1904 4829 2018 4867 non
2067 4813 2126 4866 in

428 4897 619 4967 aliquo
650 4897 820 4951 etiam
852 4898 1126 4976 dissimile
1148 4900 1266 4953 sit?
1298 4902 1373 4954 Α.
1407 4900 1580 4955 Video
1603 4900 1836 4972 quidem
1866 4900 1970 4954 ista
1998 4903 2126 4966 ;sed

426 5001 558 5040 cum
588 4985 888 5040 considero
919 4987 1061 5041 illud
1094 4989 1248 5058 quod
1288 4988 1493 5043 falsum
1526 5007 1814 5053 vocamus,
1850 4995 1907 5043 et
1939 4991 2125 5046 simile

425 5074 644 5145 aliquid
676 5074 887 5130 habere
920 5075 1037 5130 veri
1067 5089 1123 5130 et
1145 5076 1440 5144 dissimile,
1474 5095 1540 5132 ex
1574 5095 1688 5149 qua
1715 5079 1908 5149 potius
1964 5085 2125 5148 parte

430 5164 706 5219 meruerit
734 5164 861 5218 falsi
889 5180 1122 5232 nomen,
1155 5182 1271 5220 non
1296 5167 1454 5221 valeo
1487 5167 1828 5222 discernere.
1874 5166 1931 5221 Si
1970 5169 2124 5221 enim

427 5270 490 5308 ex
531 5269 599 5309 eo
656 5254 809 5326 quod
855 5253 1132 5309 dissimile
1179 5259 1282 5322 est,
1343 5257 1576 5324 dixero;
1625 5256 1770 5310 nihil
1810 5256 1919 5310 erit
1970 5257 2124 5328 quod

427 5359 541 5398 non
593 5343 798 5399 falsum
850 5343 962 5399 dici
1005 5345 1224 5416 possit:
1271 5347 1415 5401 nihil
1469 5347 1624 5400 enim
1676 5350 1760 5399 est
1803 5347 1958 5417 quod
2011 5363 2125 5400 non

432 5432 602 5487 alicui
651 5434 730 5487 rei
787 5433 1063 5489 dissimile
1113 5434 1204 5502 sit,
1251 5451 1424 5506 quam
1483 5450 1676 5488 veram
1732 5451 1855 5488 esse
1919 5451 2122 5489 conce-

430 5519 640 5576 dimus.
678 5524 840 5588 Item,
863 5523 910 5576 si
941 5524 1136 5578 dixero
1171 5539 1237 5577 eo
1271 5524 1421 5594 quod
1456 5522 1640 5578 simile
1660 5529 1769 5594 est,
1793 5523 1998 5578 falsum
2031 5540 2122 5595 θρ-

1599 281 2173 347 SULILOQUIOBUM
2213 281 2266 334 S.
2310 276 2692 332 AUGUSTINI

3813 275 3918 325 892

2216 400 2546 472 pellendum
2574 416 2586 464 ;
2622 413 2738 452 non
2769 397 2953 451 solum
2973 411 3077 450 ova
3103 395 3199 449 illa
3219 394 3613 450 reclamabunt
3631 410 3761 464 quae
3787 409 3924 446 vera

2220 507 2284 543 eo
2318 489 2439 560 ipso
2465 492 2598 542 sunt
2623 503 2736 557 quo
2785 485 3096 550 simillima,
3151 484 3250 538 sed
3284 485 3456 538 etiam
3497 483 3572 537 sic
3613 499 3731 537 non
3774 483 3921 537 etfu-

2219 577 2371 647 giam
2405 592 2536 631 eum
2571 575 2670 646 qui
2703 590 2796 629 me
2827 573 3074 644 coegerit
3098 574 3235 627 falsa
3264 589 3383 628 esse
3416 572 3609 627 omnia
3636 571 3920 635 confiteri,

2219 666 2372 737 quod
2402 665 2598 719 omnia
2628 663 2735 718 sibi
2771 680 2838 717 ex
2863 663 3053 733 aliqua
3081 666 3239 732 parte
3283 661 3496 716 similia
3537 677 3657 715 esse
3708 676 3922 730 negare

2218 771 2334 809 non
2365 769 2617 825 possum.
2653 752 2762 808 Sed
2796 752 2883 806 fac
2912 767 3003 804 me
3053 767 3169 804 non
3220 755 3475 804 metuere
3509 749 3652 804 illud
3681 765 3922 818 respon-

2219 843 2374 908 dere,
2404 841 2836 895 similitudinem
2861 855 2925 892 ac
2952 836 3474 892 dissimilitudinem
3500 838 3666 890 simul
3697 835 3923 888 efficere

2218 936 2282 985 ut
2319 930 2536 1001 aliquid
2571 929 2780 984 falsum
2816 931 2966 981 recte
2994 926 3352 993 nominetur;
3389 941 3564 996 quam
3608 924 3753 979 mihi
3791 940 3920 977 eva-

2221 1019 2394 1073 dendi
2421 1019 2571 1071 viam
2635 1016 2796 1072 dabis
2813 1017 2841 1071 ‘?
2891 1014 3204 1069 Instabitur
3247 1014 3401 1067 enim
3438 1013 3814 1067 nihilominus
3859 1017 3926 1066 ut

2219 1107 2414 1161 omnia
2435 1107 2574 1160 falsa
2594 1121 2713 1160 esse
2739 1103 3066 1159 renuntiem
3090 1122 3105 1164 ;
3137 1103 3351 1174 quippe
3375 1102 3570 1156 omnia
3591 1102 3840 1166 sibimet,
3861 1107 3924 1154 ut

2219 1211 2392 1266 supra
2417 1195 2632 1249 dictum
2658 1198 2762 1259 est,
2794 1197 2852 1246 et
2875 1192 3084 1245 similia
3113 1191 3360 1262 quadam
3391 1208 3457 1244 ex
3484 1196 3667 1261 parte,
3700 1197 3757 1244 et
3801 1189 3919 1244 dis-

2219 1284 2427 1338 similia
2450 1283 2834 1353 reperiuntur.
2863 1283 3122 1335 Restaret
3140 1284 3203 1333 ut
3221 1279 3364 1333 nihil
3390 1280 3545 1334 aliud
3566 1279 3773 1333 falsum
3801 1295 3922 1332 esse

2219 1373 2488 1438 dicerem,
2516 1371 2622 1425 nisi
2662 1370 2815 1441 quod
2848 1371 3014 1423 aliter
3048 1384 3106 1422 se
3134 1368 3371 1422 haberet
3407 1373 3577 1438 atque
3609 1368 3920 1432 videretur,

2218 1461 2279 1516 ni
2308 1477 2533 1514 vererer
2564 1460 2659 1513 illa
2690 1463 2776 1512 tot
2806 1463 3061 1512 monstra
3083 1474 3210 1528 qua)
3233 1473 3321 1510 me
3344 1456 3562 1510 dudum
3593 1456 3922 1524 enavigasse

2219 1549 2554 1603 arbitrabar.
2605 1549 2752 1602 Nam
2797 1564 2864 1600 eo
2896 1563 3123 1600 rursum
3155 1546 3402 1616 repellor
3430 1545 3707 1614 vertigine
3736 1545 3923 1615 inopi-

2219 1643 2374 1707 nata,
2406 1642 2473 1692 ut
2497 1651 2696 1690 verum
2732 1635 2787 1690 id
2817 1651 2935 1688 esse
2986 1634 3171 1687 dicam
3220 1634 3371 1704 quod
3420 1634 3497 1686 ita
3541 1649 3598 1686 se
3649 1633 3822 1687 habet
3865 1639 3925 1688 ut

2218 1727 2462 1781 videtur.
2499 1727 2576 1780 Ex
2609 1741 2723 1796 quo
2756 1724 2931 1790 confit
2954 1723 3074 1776 sine
3089 1721 3380 1792 cognitore
3408 1721 3553 1775 nihil
3576 1737 3776 1774 verum
3805 1737 3925 1775 esse

2219 1829 2386 1884 posse
2414 1813 2547 1867 :ubi
2570 1812 2714 1866 mihi
2743 1811 3107 1881 naufragium
3148 1811 3207 1863 in
3257 1809 3502 1879 scopulis
3532 1809 3926 1862 occultissimis

2221 1901 2648 1956 formidandum
2683 1905 2784 1965 est,
2821 1900 2921 1970 qui
2954 1899 3072 1952 veri
3104 1903 3258 1964 sunt,
3302 1897 3523 1951 etiamsi
3577 1897 3922 1953 nesciantur.

2220 1994 2350 2057 Aut,
2388 1990 2434 2043 si
2464 2005 2659 2044 verum
2697 2005 2818 2043 esse
2851 1987 2908 2042 id
2939 1987 3091 2058 quod
3149 1990 3235 2040 est
3284 1986 3496 2050 dixero,
3553 1986 3760 2039 falsum
3811 2001 3929 2039 non

2221 2095 2340 2132 esse
2371 2077 2592 2148 uspiam
2625 2077 3009 2142 concludetur,
3045 2076 3242 2146 quovis
3295 2079 3681 2144 repugnante.
3723 2075 3928 2144 Itaque

2224 2169 2467 2222 redeunt
2499 2167 2582 2220 illi
2608 2171 2799 2232 aastus,
2836 2181 2943 2218 nec
2974 2164 3291 2235 quidquam
3313 2167 3470 2216 tanta
3491 2162 3768 2234 patientia
3797 2178 3927 2218 mo-

2223 2272 2419 2310 rarum
2450 2260 2678 2309 tuarum
2699 2253 3038 2324 processisse
3070 2267 3162 2305 me
3190 2251 3370 2305 video.

2319 2345 2543 2399 CAPUT
2574 2345 2659 2398 IX.
2701 2373 2769 2381 —
2811 2342 2954 2408 Quid
2976 2343 3200 2408 falsum,
3237 2339 3374 2409 quid
3407 2339 3590 2405 fallas:
3619 2343 3670 2393 et
3697 2339 3835 2407 quid

2926 2430 3196 2484 'mendam.

2298 2525 2380 2576 t6.
2415 2523 2488 2575 R.
2524 2521 2764 2575 Attende
2790 2519 2980 2590 potius
3009 2539 3023 2584 ;
3051 2535 3183 2572 nam
3213 2518 3368 2571 nullo
3387 2516 3557 2572 modo
3580 2515 3640 2568 in
3666 2514 3926 2569 animum

2233 2611 2525 2673 inducam,
2558 2609 2767 2662 frustra
2820 2624 2926 2661 nos
2973 2607 3253 2660 auxilium
3285 2605 3542 2661 divinum
3573 2605 3927 2675 implorasse.

2229 2699 2403 2753 Video
2430 2697 2606 2762 enim,
2640 2696 2875 2750 tentatis
2900 2701 3178 2767 quantum
3209 2695 3504 2766 potuimus
3533 2693 3804 2748 omnibus
3834 2709 3927 2746 re-

2227 2787 2354 2853 bus,
2370 2801 2486 2839 non
2502 2785 2844 2838 remansisse
2858 2784 3010 2854 quod
3026 2784 3227 2836 falsum
3244 2783 3374 2851 jure
3397 2781 3636 2846 dicatur,
3653 2781 3763 2834 nisi
3775 2780 3931 2851 quod

2230 2879 2328 2929 aut
2352 2891 2411 2929 se
2437 2873 2604 2944 ﬁngit
2632 2889 2754 2928 esse
2785 2873 2939 2944 quod
2972 2888 3090 2925 non
3121 2876 3226 2940 est,
3258 2875 3355 2925 aut
3380 2870 3616 2924 omnino
3652 2885 3772 2924 esse
3811 2874 3931 2922 ten-

2229 2964 2312 3018 dit
2343 2967 2398 3016 et
2429 2979 2545 3016 non
2576 2967 2677 3016 est.
2706 2962 2812 3016 Sed
2839 2961 2979 3014 illud
2998 2960 3257 3030 superius
3285 2959 3410 3013 falsi
3429 2974 3624 3027 genus,
3651 2959 3739 3011 vel
3765 2958 3929 3010 fallax

2231 3049 2424 3113 etiam,
2456 3048 2542 3100 vel
2586 3047 2827 3102 mendax
2876 3051 2978 3100 est.
3037 3047 3180 3100 Nam
3222 3045 3386 3098 fallax
3431 3044 3487 3098 id
3532 3048 3681 3098 recte
3726 3042 3936 3097 dicitur

2233 3137 2387 3208 quod
2421 3136 2592 3189 habet
2625 3134 2933 3205 quemdam
2977 3133 3212 3187 fallendi
3255 3131 3613 3203 appetitum;
3657 3131 3757 3202 qui
3809 3131 3935 3185 sine

2233 3225 2427 3278 anima
2457 3222 2701 3292 intelligi
2753 3238 2870 3276 non
2901 3227 3135 3292 potest:
3173 3221 3271 3275 sed
3318 3220 3528 3291 partim
3580 3221 3798 3274 ratione
3845 3220 3934 3285 ﬁt,

2233 3312 2444 3384 partim
2469 3315 2705 3376 natura;
2737 3309 2978 3376 ratione,
3006 3309 3066 3363 in
3087 3309 3431 3363 animalibus
3455 3309 3846 3375 rationalibus,
3871 3313 3938 3362 ut

2235 3402 2296 3455 in
2325 3399 2597 3465 homine;
2631 3403 2856 3464 natura,
2891 3397 2950 3451 in
2977 3397 3194 3463 bestiis,
3224 3403 3496 3468 tanquam
3533 3397 3595 3451 in
3636 3398 3939 3467 vulpecula

2238 3489 2382 3543 Illud
2411 3493 2602 3541 autem
2643 3487 2795 3558 quod
2824 3487 3072 3541 mendax
3122 3502 3283 3552 voco,
3323 3503 3356 3539 a
3389 3471 3802 3539 mentientibus
3847 3485 3933 3538 tit.

2237 3576 2344 3641 Qui
2382 3577 2491 3630 hoc
2519 3575 2790 3629 differunt
2813 3591 2846 3628 a
2877 3574 3192 3642 fallacibus,
3227 3574 3378 3644 quod
3410 3573 3596 3628 omnis
3627 3574 3799 3627 fallax
3841 3589 3939 3642 ap-

2236 3664 2379 3736 petit
2402 3665 2627 3731 fallere;
2652 3679 2769 3717 non
2799 3666 2993 3717 autem
3020 3661 3206 3716 omnis
3244 3661 3366 3716 vult
3405 3661 3603 3716 fallere
3635 3660 3736 3731 qui
3767 3675 3933 3714 men—

2238 3754 2376 3808 titur
2408 3769 2420 3807 :
2457 3769 2591 3807 nam
2626 3756 2682 3805 et
2704 3751 2868 3805 mimi
2899 3755 2956 3805 et
3002 3750 3300 3804 comoedias
3349 3753 3402 3803 et
3461 3750 3640 3803 multa
3671 3754 3940 3820 poemata

2237 3842 2663 3896 mendaciorum
2721 3841 2893 3910 plena
2933 3844 3085 3905 sunt,
3145 3838 3463 3893 delectandi
3518 3837 3709 3909 potius
3761 3853 3940 3909 quam

2237 3929 2471 3985 fallendi
2499 3929 2807 3994 voluntate,
2837 3933 2895 3982 et
2926 3943 3125 3982 omnes
3152 3929 3272 3982 fere
3301 3927 3401 3998 qui
3439 3927 3725 3998 jocantur,
3776 3942 3935 3980 men-

2235 4019 2474 4073 tiuntur.
2510 4018 2617 4072 Sed
2641 4017 2808 4072 fallax
2834 4017 2921 4070 vel
2947 4017 3146 4070 fallens
3197 4017 3244 4069 is
3302 4021 3453 4070 recte
3501 4015 3726 4081 dicitur,
3772 4016 3936 4086 cujus

2237 4107 2535 4178 negotium
2567 4111 2651 4159 est
2677 4109 2742 4160 ut
2761 4104 3003 4176 quisque
3029 4105 3276 4158 fallatur.
3301 4103 3388 4156 Illi
3405 4107 3597 4157 autem
3620 4103 3718 4172 qui
3745 4119 3862 4157 non
3879 4103 3936 4157 id

2237 4202 2418 4268 agunt
2449 4201 2515 4250 ut
2543 4195 2849 4265 decipiant,
2886 4195 2983 4248 sed
3030 4199 3222 4248 tamen
3274 4192 3491 4264 aliquid
3552 4194 3803 4262 tingunt,
3846 4193 3936 4246 vel

2236 4285 2537 4339 mendaces
2566 4288 2812 4348 tantum,
2847 4284 2932 4336 vel
2961 4282 3009 4335 si
3037 4297 3109 4336 ne
3143 4281 3250 4335 hoc
3303 4281 3558 4351 quidem,
3595 4280 3938 4335 mentientes

2235 4378 2428 4428 tamen
2455 4371 2645 4426 vocari
2666 4387 2836 4424 nemo
2867 4369 3110 4440 ambigit
3133 4385 3147 4423 :
3177 4369 3288 4423 nisi
3303 4369 3443 4440 quid
3462 4369 3639 4423 habes
3667 4368 3938 4423 adversus

2235 4462 2342 4516 ista
2372 4461 2528 4532 quod
2560 4461 2729 4514 dicas.

2308 4554 2390 4604 t7.
2425 4553 2501 4603 A.
2537 4550 2736 4618 Perge,
2772 4563 2968 4617 quasso
2996 4564 3010 4614 ;
3047 4563 3200 4601 nunc
3231 4545 3385 4600 enim
3408 4546 3646 4600 fortasse
3677 4547 3747 4601 de
3776 4547 3936 4600 falsis

2235 4654 2351 4692 non
2382 4638 2522 4691 falsa
2551 4637 2757 4691 docere
2787 4635 3006 4706 cmpisti
3041 4651 3053 4688 :
3084 4635 3178 4689 sed
3204 4634 3326 4704 jam
3360 4633 3500 4687 illud
3527 4649 3706 4704 genus
3737 4649 3935 4703 exspe-

2233 4731 2319 4780 cto
2349 4726 2518 4798 quale
2549 4725 2618 4779 sit
2641 4725 2791 4797 quod
2828 4723 3034 4785 dixisti,
3071 4739 3189 4777 esse
3244 4722 3428 4777 tendit
3457 4728 3514 4776 et
3549 4738 3667 4776 non
3697 4726 3804 4776 est.
3846 4723 3927 4775 R.

2233 4815 2442 4879 Quidni
2455 4815 2783 4884 exspeCtas?
2801 4813 3004 4867 Eadem
3018 4811 3114 4865 illa
3135 4816 3287 4878 sunt,
3309 4826 3554 4882 quorum
3569 4811 3748 4864 multa
3761 4826 3934 4879 supra

2233 4903 2696 4957 memoravimus.
2739 4905 2944 4957 Annon
2971 4899 3077 4953 tibi
3105 4900 3328 4954 videtur
3361 4900 3552 4969 imago
3584 4904 3680 4952 tua
3711 4899 3779 4952 de
3807 4916 3939 4970 spe-

2233 4993 2359 5046 culo
2391 4992 2556 5062 quasi
2580 4997 2645 5045 tu
2677 4990 2798 5061 ipse
2817 4989 2959 5042 velle
2982 5005 3124 5055 esse,
3157 4989 3256 5043 sed
3287 4988 3416 5043 ideo
3445 5004 3564 5043 esse
3594 4988 3751 5052 falsa,
3780 4988 3938 5058 quod

2231 5097 2347 5135 non
2381 5083 2512 5134 est?
2538 5079 2806 5133 A.Valde
2836 5077 3201 5131 hocvidetur.
3233 5079 3306 5132 R.
3333 5077 3480 5142 Quid
3509 5077 3696 5130 omnis
3711 5076 3941 5145 pictura

2230 5169 2314 5221 vel
2339 5165 2723 5238 cujuscemodi
2757 5166 3146 5232 simulacrum,
3177 5169 3236 5219 et
3261 5166 3319 5220 id
3353 5181 3534 5236 genus
3560 5163 3758 5218 omnia
3777 5165 3942 5234 opiﬁ-

2231 5273 2359 5310 cum
2381 5258 2410 5310 ?
2437 5272 2630 5311 nonne
2660 5255 2781 5309 ilud
2813 5271 2933 5309 esse
2959 5255 3328 5320 contendunt,
3360 5253 3432 5308 ad
3464 5254 3626 5324 cujus
3679 5254 3940 5325 quidque

2232 5345 2666 5400 similitudinem
2706 5345 2918 5400 factum
2951 5347 3077 5400 est?
3121 5347 3198 5398 Α.
3241 5347 3478 5398 Prorsus
3527 5343 3802 5398 adducor.
3859 5345 3937 5397 R.

2230 5436 2355 5489 Jam
2388 5451 2455 5488 ea
2486 5434 2695 5504 quibus
2724 5437 2810 5489 vel
2845 5435 3192 5489 dormientes
3218 5435 3304 5486 vel
3336 5435 3588 5487 furentes
3631 5433 3937 5500 falluntur,

2234 5522 2519 5593 concedis,
2557 5527 2622 5578 ut
2654 5523 2877 5596 opiner,
2912 5524 2971 5577 in
3002 5539 3068 5577 eo
3091 5538 3212 5578 esse
3259 5538 3488 5592 genere.
3537 5525 3614 5576 A.
3667 5524 3732 5577 Et
3779 5523 3942 5576 nulla
