4058 6342
101 317 196 368 893
1523 311 1732 366 LlBEll
1777 312 2164 367 SECUNDUS.
3490 315 3592 366 894

100 432 274 503 magis
297 447 309 485 :
335 445 470 484 nam
498 430 660 483 nulla
680 429 862 499 magis
892 429 1137 484 tendunt
1155 430 1291 486 talia
1319 447 1462 499 esse,
1490 432 1681 503 qualia
1703 434 1787 486 vel

100 520 386 592 vigilantes
420 518 504 571 vel
544 516 668 570 sani
712 522 986 583 cernunt;
1021 522 1077 572 et
1123 534 1191 572 eo
1219 524 1410 574 tamen
1451 520 1591 574 falsa
1635 526 1786 586 sunt,

101 626 206 680 quo
235 608 293 661 id
321 606 477 678 quod
505 605 750 659 tendunt
777 621 898 658 esse
947 621 1061 659 non
1105 611 1363 676 possunt.
1399 611 1462 664 Β.
1497 609 1643 673 Quid
1668 609 1788 679 jam

100 699 162 752 de
189 695 432 750 turrium
464 698 646 756 motu,
680 693 766 746 vel
807 693 877 747 de
907 709 1093 748 merso
1125 710 1304 758 remo,
1335 696 1421 750 vel
1453 696 1522 751 de
1572 698 1790 752 umbris

101 800 393 857 corporum
425 784 591 855 plura
634 782 820 836 dicam
842 782 870 838 ?
914 783 1154 837 Planum
1184 789 1288 850 est,
1323 790 1385 839 ut
1426 786 1688 850 arbitror,
1724 803 1788 841 ex

103 877 200 930 hac
226 873 424 944 regula
445 888 566 926 esse
599 871 903 925 metienda.
937 874 1014 926 Α.
1049 872 1468 929 Planissimum.
1506 877 1566 930 Η.
1608 877 1787 929 Taceo

105 966 166 1018 de
194 961 410 1016 caeteris
441 961 734 1026 sensibus;
763 976 895 1014 nam
924 976 1094 1014 nemo
1143 961 1509 1016 considerans
1538 979 1655 1018 non
1685 964 1789 1018 hoc

106 1049 364 1114 inveniet,
408 1049 614 1102 falsum
658 1048 935 1118 appellari
972 1047 1032 1102 in
1080 1049 1253 1103 rebus
1296 1050 1434 1120 ipsis
1478 1068 1620 1123 quas
1667 1069 1790 1106 sen-

106 1140 286 1204 timus,
319 1137 471 1208 quod
499 1153 619 1189 esse
649 1137 865 1207 aliquid
889 1136 1073 1190 tendit
1103 1143 1161 1191 et
1190 1154 1307 1192 non
1331 1143 1433 1192 est.

304 1226 530 1281 CAPUT
555 1227 616 1280 X.
645 1255 714 1264 --
745 1225 1001 1292 Quaedam
1030 1241 1086 1279 eo
1115 1242 1241 1280 vera
1262 1243 1366 1296 quo
1393 1228 1566 1294 falsa.

173 1317 252 1370 18.
292 1315 366 1370 Α.
396 1315 566 1368 Recte
609 1312 785 1366 dicis:
819 1313 915 1366 sed
955 1313 1134 1367 miror
1179 1330 1281 1368 cur
1317 1315 1388 1369 ab
1434 1316 1542 1370 hoc
1584 1332 1790 1386 genere

107 1402 199 1457 tibi
228 1401 577 1456 secernenda
606 1400 706 1454 illa
735 1407 999 1470 poemata
1028 1407 1083 1455 et
1106 1403 1233 1472 joca
1270 1403 1390 1456 visa
1432 1410 1582 1466 sunt,
1622 1409 1788 1458 caete-

108 1507 287 1562 rmque
316 1489 574 1544 fallacias.
609 1491 671 1544 Η.
713 1489 858 1553 Quia
889 1489 1102 1544 scilicet
1129 1490 1283 1544 aliud
1314 1495 1398 1545 est
1423 1491 1628 1546 falsum
1669 1509 1790 1546 esse

107 1580 258 1646 velle,
289 1578 447 1632 aliud
475 1591 676 1630 verum
702 1591 821 1630 esse
857 1593 973 1630 non
1000 1594 1183 1648 posse.
1221 1581 1416 1650 Itaque
1441 1579 1565 1650 ipsa
1618 1597 1790 1650 opera

108 1667 398 1720 hominum
429 1667 585 1719 velut
611 1665 917 1720 comoedias
943 1671 1041 1721 aut
1068 1667 1394 1737 tragoedias,
1427 1673 1525 1722 aut
1563 1669 1787 1736 mimos,

107 1760 155 1810 et
179 1755 233 1810 id
256 1771 438 1825 genus
465 1753 575 1808 alia
596 1770 896 1824 possumus
911 1755 1183 1824 operibus
1203 1755 1486 1826 pictorum
1500 1757 1788 1811 lictorum-

109 1860 208 1915 que
255 1844 628 1914 conjungere.
659 1844 796 1897 'l‘am
844 1842 999 1897 enim
1045 1859 1212 1898 verus
1251 1860 1371 1899 esse
1400 1846 1588 1915 pictus
1616 1847 1788 1900 homo

110 1950 214 1988 non
235 1939 441 2006 potest,
471 1932 730 2003 quamvis
746 1932 807 1986 in
827 1933 1075 2003 speciem
1093 1933 1340 1987 hominis
1370 1936 1586 2001 tendat,
1618 1952 1789 2006 quam

111 2024 196 2077 illa
219 2038 346 2093 qua:
366 2021 574 2092 scripta
603 2025 736 2074 sunt
756 2021 815 2075 in
833 2021 993 2075 libris
1022 2021 1391 2076 comicorum.
1430 2025 1623 2094 Neque
1637 2024 1789 2078 enim

112 2111 237 2165 falsa
266 2125 388 2164 esse
419 2110 639 2176 volunt,
669 2113 771 2163 aut
799 2109 916 2162 ullo
947 2109 1318 2180 appetitusuo
1341 2111 1482 2164 falsa
1500 2117 1667 2178 sunt;
1695 2113 1791 2165 sed

112 2199 342 2270 quadam
373 2196 734 2266 necessitate,
764 2201 1044 2267 quantum
1076 2197 1344 2268 ﬁngentis
1373 2199 1675 2254 arbitrium
1703 2216 1790 2253 se-

114 2287 203 2358 qui
230 2290 565 2358 potuerunt.
621 2288 696 2339 At
736 2300 869 2338 vero
915 2283 977 2338 in
1026 2301 1194 2339 scena
1235 2286 1466 2340 Roscius
1503 2288 1791 2341 voluntate

114 2377 243 2430 falsa
268 2374 496 2430 Hecuba
525 2377 665 2439 erat,
695 2376 900 2427 natura
918 2389 1086 2427 verus
1114 2373 1314 2440 homo;
1340 2375 1438 2428 sed
1468 2375 1565 2428 illa
1593 2377 1793 2429 volun-

115 2469 216 2518 tate
245 2463 415 2517 etiam
441 2477 638 2516 versus
660 2462 970 2531 tragoedus,
994 2477 1060 2516 eo
1090 2461 1347 2516 videlicet
1362 2479 1474 2533 quo
1494 2463 1789 2534 implebat,

115 2553 463 2606 institutum:
496 2550 670 2604 falsus
699 2555 891 2604 autem
916 2550 1193 2616 Priamus,
1228 2567 1295 2604 eo
1317 2552 1468 2622 quod
1501 2552 1792 2607 Priamum

109 2639 462 2705 assimilabat,
515 2638 615 2692 sed
651 2638 773 2708 ipse
804 2654 921 2692 non
965 2639 1209 2695 erat._Ex
1237 2655 1352 2709 quo
1381 2639 1505 2708 jam
1545 2641 1794 2694 nascitur

109 2729 365 2800 quiddam
396 2727 677 2792 mirabile,
727 2727 882 2798 quod
912 2731 1106 2780 tamen
1137 2726 1216 2780 ita
1269 2743 1328 2780 se
1373 2727 1582 2782 habere
1621 2744 1790 2782 nemo

109 2817 347 2886 ambigit.
380 2819 456 2871 A.
480 2815 768 2880 Quidnam
797 2815 856 2869 id
887 2821 971 2869 est
999 2817 1028 2868 ‘?
1056 2818 1120 2870 Β.
1155 2815 1300 2879 Quid
1329 2820 1516 2885 putas,
1539 2815 1648 2870 nisi
1669 2818 1792 2871 haec

110 2905 286 2959 omnia
323 2905 458 2959 inde
489 2903 690 2958 essein
722 2903 1064 2974 quibusdam
1095 2919 1246 2969 vera,
1277 2904 1425 2958 unde
1469 2903 1530 2958 in
1560 2905 1791 2975 quibus-

109 2994 226 3047 dam
253 2994 393 3048 falsa
425 2997 581 3059 sunt,
601 2997 658 3047 et
681 2993 751 3047 ad
780 3008 948 3046 suum
969 3007 1168 3045 verum
1197 2991 1303 3045 hoc
1325 2992 1507 3046 solum
1525 2991 1604 3045 eis
1626 2993 1791 3063 prod-

99 3098 238 3156 esse,
269 3082 423 3153 quod
453 3082 526 3136 ad
559 3081 715 3136 aliud
745 3081 885 3135 falsa
912 3085 1046 3134 sunt
1064 3080 1257 3134 ‘?Unde
1289 3081 1357 3134 ad
1390 3077 1629 3152 id‘quod
1670 3097 1790 3136 esse

109 3176 195 3224 aut
222 3171 420 3224 volunt
450 3174 549 3224 aut
579 3170 806 3238 debent,
823 3169 982 3223 nullo
1005 3169 1178 3223 modo
1199 3169 1556 3239 perveniunt,
1585 3169 1632 3224 si
1652 3171 1792 3226 falsa

108 3276 215 3314 esse
242 3259 494 3330 fugiunt.
524 3259 646 3323 Quo
675 3264 841 3329 pacto
891 3258 1045 3312 enim
1094 3257 1200 3312 iste
1241 3273 1413 3328 quem
1442 3274 1790 3314 commemo-

109 3348 232 3414 ravi,
261 3364 456 3402 versus
486 3347 776 3417 tragcedus
814 3351 980 3412 esset,
1013 3345 1061 3399 si
1091 3346 1269 3400 nollet
1303 3361 1424 3400 esse
1453 3347 1627 3401 falsus
1676 3349 1790 3403 lle-

108 3441 232 3503 ctor,
275 3437 416 3492 falsa
465 3435 886 3501 Andromache,
920 3435 1094 3489 falsus
1142 3435 1430 3502 Hercules,
1465 3440 1522 3490 et
1567 3435 1677 3490 alia
1703 3436 1789 3490 in-

109 3541 332 3580 numera
351 3526 379 3580 ?
409 3529 513 3579 aut
541 3525 695 3578 unde
726 3540 858 3578 vera
884 3523 1106 3594 pictura
1136 3528 1301 3592 esset,
1333 3523 1380 3577 si
1407 3524 1583 3578 falsus
1611 3538 1790 3594 equus

110 3630 211 3668 non
238 3614 428 3668 esset?
467 3613 623 3667 unde
656 3612 714 3666 in
757 3613 986 3682 speculo
1034 3628 1169 3666 vera
1203 3611 1455 3665 hominis
1493 3611 1702 3680 imago,
1744 3610 1792 3664 si

111 3717 213 3756 non
240 3703 412 3756 falsus
441 3702 619 3756 homo
639 3703 666 3754 ἱ)
695 3702 899 3766 Quare,
927 3699 1354 3771 siquibusdam,
1380 3704 1441 3754 ut
1457 3715 1653 3754 verum
1685 3699 1788 3753 ali-

110 3791 233 3862 quid
263 3791 396 3860 sint,
431 3790 666 3861 prodest
689 3795 753 3844 ut
779 3789 893 3843 sint
923 3789 1138 3860 aliquid
1166 3789 1374 3843 falsum
1398 3806 1412 3854 ;
1461 3804 1562 3842 cur
1601 3793 1788 3842 tanto-

110 3896 229 3949 pere
251 3880 522 3935 falsitates
554 3879 950 3944 formidamus,
981 3883 1040 3932 et
1067 3893 1170 3948 pro
1202 3893 1410 3948 magno
1439 3877 1588 3932 bono
1622 3893 1790 3948 appe-

111 3967 266 4023 timus
308 3969 648 4023 veritatem?
692 3970 770 4022 A.
819 3967 1035 4035 Nescio,
1084 3970 1140 4020 et
1169 3967 1416 4020 multum
1445 3965 1644 4031 miror,
1679 3965 1792 4019 nisi

109 4056 228 4126 quia
254 4057 312 4112 iu
333 4056 614 4127 exemplis
643 4055 764 4110 istis
788 4054 934 4109 nihil
964 4053 1285 4108 imitatione
1314 4054 1554 4125 dignum
1599 4053 1786 4108 video.

112 4145 222 4199 Non
249 4145 404 4200 enim
433 4150 711 4216 tanquam
733 4143 1056 4209 histriones,
1078 4147 1176 4197 aut
1199 4142 1270 4197 de
1287 4142 1529 4212 speculis
1547 4157 1790 4213 quaeque

109 4234 423 4301 relucentia,
459 4237 560 4288 aut
601 4237 877 4304 tanquam
917 4231 1163 4302 Myronis
1201 4231 1422 4286 buculas
1451 4247 1516 4284 ex
1547 4247 1679 4298 aere,
1713 4231 1790 4284 ita

109 4321 264 4378 etiam
289 4340 394 4378 nos
421 4327 489 4378 ut
517 4323 578 4376 in
607 4326 804 4376 nostro
833 4319 1085 4392 quodam
1121 4319 1320 4374 habitu
1349 4319 1468 4373 veri
1493 4319 1688 4384 simus,
1719 4319 1790 4374 ad

110 4409 341 4466 alienum
372 4409 637 4466 habitum
683 4409 1008 4464 adumbrati
1051 4413 1221 4480 atque
1252 4407 1568 4470 assimilati,
1625 4412 1680 4462 et
1717 4408 1788 4462 ob

110 4497 202 4553 hoc
227 4499 351 4555 falsi
397 4515 524 4555 esse
575 4498 889 4564 debemus;
938 4497 1037 4552 sed
1082 4496 1225 4552 illud
1269 4512 1470 4551 verum
1509 4512 1784 4567 quaerere,

111 4587 246 4657 quod
274 4604 391 4644 non
424 4586 592 4660 quasi
620 4587 868 4642 bifronte
907 4585 1126 4640 ratione
1174 4585 1395 4656 sibique
1444 4585 1786 4651 adversanti,

111 4678 164 4727 ut
187 4691 249 4730 ex
295 4676 490 4749 aliqua
517 4679 682 4746 parte
727 4689 924 4730 verum
957 4674 1050 4740 sit,
1083 4689 1151 4728 ex
1181 4673 1373 4744 aliqua
1403 4673 1610 4728 falsum
1633 4673 1706 4728 sit
1733 4671 1780 4729 ‘.

111 4763 164 4816 Η.
201 4763 398 4835 Magna
426 4767 487 4819 et
533 4761 724 4818 divina
755 4763 1021 4833 quaedam
1051 4762 1314 4834 requiris.
1355 4763 1492 4827 Quas
1521 4767 1711 4816 tamen
1744 4761 1788 4816 si

111 4849 501 4920 invenerimus,
540 4868 730 4907 nonne
773 4852 1081 4907 fatebimur
1124 4852 1210 4907 his
1250 4852 1432 4923 ipsam
1463 4851 1681 4916 conﬁci,
1735 4856 1791 4906 et

111 4940 254 5008 quasi
301 4941 544 4997 conﬂari
585 4941 904 5010 veritatem,
933 4957 966 4995 a
1012 4957 1124 5012 qua
1178 4940 1580 4996 denominatur
1617 4956 1788 4994 omne

109 5030 242 5098 quod
268 5048 470 5086 verum
497 5047 728 5103 quoquo
747 5031 918 5086 modo
949 5029 1280 5086 nominatur
1297 5030 1324 5084 ἵ
1342 5033 1418 5086 Α.
1440 5031 1562 5084 Non
1578 5028 1789 5084 invitus

110 5120 386 5175 assentior.

109 5205 314 5265 CAPUT
364 5211 461 5266 XI.
517 5239 585 5250 —-
631 5210 1056 5278 Disciplinarum
1110 5209 1331 5264 veritas.
1375 5207 1583 5263 Fabula
1631 5207 1783 5276 quid.

617 5297 766 5362 Quid
792 5299 867 5352 sit
884 5299 1266 5364 grammatica.

173 5388 249 5439 l9.
300 5389 365 5443 Β.
399 5385 549 5451 Quid
605 5385 710 5441 tibi
757 5401 894 5458 ergo
947 5386 1209 5441 videtur?
1249 5385 1549 5457 disciplina
1587 5383 1784 5456 dispu-

113 5473 247 5528 tandi
293 5491 531 5544 verane,
578 5491 651 5530 an
681 5475 820 5530 falsa
845 5477 978 5531 est?
1022 5476 1093 5530 Α.
1123 5473 1261 5539 Quis
1302 5474 1524 5530 dubitet
1547 5489 1740 5529 veram
1759 5475 1788 5527 ?

165 5571 177 5603 ¹
208 5573 312 5632 Bst,
337 5573 499 5636 juxta
521 5572 611 5621 Er.
644 5571 768 5621 Lov.
798 5573 872 5622 M.

1901 434 1995 487 sed
2026 450 2158 487 vera
2187 437 2270 486 est
2291 432 2463 486 etiam
2494 431 2883 503 grammatica.
2919 435 2979 486 Β.
3026 432 3178 486 Itane
3224 437 3288 486 ut
3318 432 3461 487 illa?
3508 437 3588 488 Α.

1902 521 2024 574 Non
2054 519 2218 574 video
2248 519 2388 591 quid
2418 519 2489 573 sit
2512 537 2643 573 vero
2662 520 2873 574 verius.
2903 522 2967 573 Η.
2994 519 3136 572 Illud
3159 519 3411 589 profecto
3438 522 3588 590 quod

1903 609 2041 664 nihil
2074 609 2201 663 falsi
2229 609 2430 662 habet:
2460 608 2850 678 quodintuens
2879 608 3052 678 paulo
3075 613 3203 661 ante
3227 608 3590 662 oil‘endebare

1903 714 1966 750 ex
1995 697 2063 750 iis
2095 696 2262 750 rebus
2305 712 2433 766 qum
2482 695 2669 748 nescio
2713 695 2996 766 quomodo
3028 695 3137 748 nisi
3189 695 3343 749 falsa:
3383 702 3590 755 essent.

1901 802 2045 839 vera:
2077 801 2195 839 esse
2227 801 2343 838 non
2375 788 2627 854 possent.
2663 787 2748 837 An
2780 784 3010 854 ignoras
3059 784 3253 837 omnia
3300 783 3396 837 illa
3434 783 3592 836 fabu-

1901 875 2020 928 losa
2032 879 2090 928 et
2103 878 2294 944 aperte
2315 873 2453 926 falsa
2475 872 2545 926 ad
2559 873 2986 940 grammaticam
3002 872 3285 943 pertinere
3307 874 3334 926 ?
3363 875 3414 926 Α
3427 913 3439 925 .
3469 873 3591 926 Non

1900 961 2100 1034 ignoro
2130 962 2278 1016 istud
2309 961 2540 1032 quidem
2566 977 2579 1024 ;
2613 961 2730 1024 sed,
2764 965 2826 1012 ut
2855 960 3080 1030 opinor,
3113 977 3225 1014 non
3263 976 3368 1030 per
3396 977 3590 1031 gram-

1900 1050 2162 1105 maticam
2195 1050 2333 1104 falsa
2363 1053 2515 1114 sunt,
2557 1047 2651 1101 sed
2683 1063 2785 1118 per
2809 1063 2934 1101 eam
2966 1049 3403 1120 qualiacumque
3435 1055 3590 1117 sunt,

1901 1140 2382 1194 demonstrantur.
2419 1137 2712 1207 Siquidem
2757 1141 2840 1190 est
2869 1136 3062 1189 fabula
3089 1137 3470 1207 compositum
3519 1139 3586 1191 ad

1902 1229 2206 1282 utilitatem
2256 1226 2754 1281 delectationemve
2811 1224 3197 1278 mendacium.
3261 1227 3352 1278 Est
3399 1232 3590 1279 autem

1901 1316 2272 1388 grammatica
2303 1315 2450 1369 vocis
2477 1314 2786 1368 articulatm
2817 1319 3004 1367 custos
3035 1319 3091 1366 et
3116 1313 3461 1366 moderatrix
3507 1313 3590 1367 di-

1902 1405 2141 1475 sciplina
2166 1421 2177 1458 :
2210 1404 2370 1474 cujus
2401 1402 2768 1473 professionis
2794 1401 3126 1455 necessitate
3154 1401 3376 1472 cogitur
3395 1401 3596 1455 huma-

1901 1511 1990 1548 na:
2019 1494 2233 1563 linguae
2265 1492 2458 1546 omnia
2486 1491 2658 1545 etiam
2689 1491 2964 1561 ﬁgmenta
2993 1489 3278 1560 colligere,
3313 1506 3442 1560 quae
3475 1506 3593 1543 me-

1902 1581 2102 1636 morize
2135 1581 2445 1651 litterisque
2475 1580 2742 1633 mandata
2772 1584 2922 1646 sunt,
2956 1595 3074 1632 non
3105 1595 3170 1632 ea
3195 1579 3331 1632 fals'a
3361 1577 3593 1643 faciens,

1903 1671 2000 1724 sed
2030 1670 2098 1724 de
2125 1669 2212 1724 his
2241 1685 2431 1723 veram
2460 1669 2767 1740 quamdam
2791 1668 2999 1722 docens
3017 1682 3388 1737 asserensque
3420 1666 3595 1719 ratio-

1901 1775 2056 1813 nem.
2086 1762 2148 1814 Β.
2177 1760 2345 1812 Recte
2372 1773 2504 1812 sane
2531 1774 2544 1811 :
2587 1756 2728 1810 nihil
2782 1772 2933 1810 nunc
2961 1771 3118 1824 curo,
3169 1759 3359 1808 utrum
3403 1755 3502 1808 abs
3538 1759 3594 1808 te

1903 1847 2010 1900 ista
2038 1848 2181 1901 bene
2213 1846 2444 1900 deﬁnita
2460 1849 2628 1916 atque
2651 1845 2914 1899 distincta
2929 1844 3043 1898 sint
3067 1843 3348 1910 ;sedillud
3375 1859 3594 1914 quaero,

1903 1941 2099 1989 utrum
2127 1935 2234 1989 hoc
2260 1935 2338 1988 ita
2368 1950 2486 1988 esse
2526 1933 2648 2004 ipsa
2677 1932 3066 2004 grammatica,
3099 1948 3171 1986 an
3219 1948 3352 1986 vero
3378 1932 3474 1984 illa
3502 1931 3595 1985 di-

1903 2023 2140 2093 sciplina
2166 2023 2567 2093 disputationis
2597 2021 2877 2076 ostendat.
2911 2023 2982 2076 Α.
3017 2021 3138 2074 Non
3167 2035 3314 2090 nego
3345 2019 3458 2073 vim
3488 2035 3594 2090 pe-

1905 2112 2209 2183 ritiamque
2239 2111 2570 2175 deﬁniendi,
2603 2126 2716 2180 qua
2746 2126 2896 2163 nunc
2926 2125 3031 2179 ego
3059 2109 3167 2162 ista
3206 2124 3469 2173 separare
3499 2124 3593 2162 co-

1904 2207 2073 2256 natus
2101 2217 2251 2270 sum,
2281 2199 2670 2271 disputatoria:
2694 2198 2802 2252 arti
2831 2198 3028 2252 tribui.

1973 2294 2062 2345 20.
2099 2293 2162 2346 Β.
2197 2289 2340 2354 Quid
2382 2289 2504 2360 ipsa
2551 2287 2970 2359 grammatica?
3012 2302 3200 2340 nonne
3243 2285 3290 2339 si
3327 2301 3459 2340 vera
3491 2290 3594 2352 est,

1903 2395 1970 2433 eo
1996 2395 2130 2433 vera
2160 2384 2244 2433 est
2263 2395 2378 2450 quo
2410 2377 2711 2448 disciplina
2737 2377 2866 2430 est?
2899 2374 3205 2444 Disciplina
3244 2373 3400 2428 enim
3441 2392 3474 2427 a
3505 2375 3595 2428 di-

1903 2467 2108 2522 scendo
2142 2467 2289 2521 dicta
2320 2471 2442 2521 est:
2475 2481 2647 2520 nemo
2696 2470 2888 2518 autem
2928 2479 3058 2534 qum
3100 2462 3296 2517 didicit
3325 2479 3390 2516 ac
3419 2467 3593 2525 tenet.

1903 2557 2120 2610 nescire
2139 2556 2248 2611 dici
2277 2560 2459 2627 potest
2485 2572 2497 2621 ;
2522 2560 2577 2608 et
2598 2570 2768 2608 nemo
2787 2552 3063 2606 scitfalsa.
3095 2551 3292 2606 Omnis
3313 2567 3449 2622 ergo
3464 2569 3598 2606 vera

1903 2649 1986 2699 est
2019 2643 2336 2714 disciplina.
2370 2645 2446 2696 Α.
2478 2645 2600 2696 Non
2631 2642 2794 2695 video
2824 2640 3055 2712 quidem
3085 2640 3223 2710 quid
3261 2639 3322 2693 in
3356 2640 3464 2695 ista
3506 2657 3598 2694 ra-

1904 2733 2156 2787 tiuncula
2178 2737 2391 2786 temere
2421 2731 2786 2785 concedatur.
2823 2731 3002 2783 Movet
3029 2745 3120 2782 me
3153 2732 3340 2782 tamen
3385 2745 3456 2782 ne
3497 2745 3601 2799 per

1904 2821 2070 2874 istam
2099 2819 2346 2890 cuipiam
2376 2819 2634 2872 videatur
2663 2817 2835 2871 etiam
2863 2817 2988 2870 illas
3003 2815 3222 2871 fabulas
3257 2833 3416 2869 veras
3445 2833 3594 2882 esse;

1902 2925 2034 2962 nam
2065 2911 2120 2962 et
2164 2908 2265 2961 has
2312 2907 2580 2961 discimus
2631 2910 2685 2959 et
2728 2910 3008 2958 tenemus.
3057 2907 3119 2959 Β.
3171 2903 3594 2974 Numquidnam

1903 2996 2174 3067 magister
2195 3001 2390 3050 noster
2416 2995 2641 3049 nolebat
2671 3009 2774 3046 nos
2803 2993 3032 3047 credere
3072 3007 3204 3063 quae
3251 2991 3509 3056 docebat,
3543 2996 3600 3045 et

1903 3087 2108 3138 nosse?
2145 3087 2221 3138 Α.
2262 3085 2381 3137 lmo
2413 3083 2781 3136 vehementer
2806 3085 2869 3135 ut
2899 3096 3195 3134 nossemus
3227 3078 3493 3135 instabat.
3527 3082 3592 3134 It.

1905 3173 2196 3244 Numquid
2228 3172 2534 3242 aliquando
2565 3169 2766 3224 institit
2799 3174 2862 3223 ut
2893 3169 3183 3222 Daedalum
3215 3168 3430 3222 volasse
3478 3184 3596 3221 cre-

1904 3261 2214 3316 deremus?
2261 3265 2340 3315 A.
2386 3262 2501 3314 Hoc
2539 3259 2772 3330 quidem
2799 3273 3120 3328 nunquam.
3151 3256 3259 3310 Sed
3289 3256 3457 3326 plane
3490 3255 3600 3309 nisi

1902 3354 2228 3404 teneremus
2270 3349 2541 3412 fabulam,
2591 3348 2682 3401 vix
2734 3363 2837 3401 nos
2867 3363 3033 3417 posse
3076 3345 3290 3416 aliquid
3333 3343 3598 3398 manibus

1901 3442 2224 3492 teneremus
2249 3437 2506 3491 faciebat.
2538 3439 2601 3492 It.
2632 3437 2715 3489 Tu
2744 3451 2878 3505 ergo
2909 3450 3083 3504 negas
3096 3449 3292 3486 verum
3306 3448 3424 3486 esse
3445 3433 3597 3503 quod

1901 3526 2008 3580 ista
2035 3527 2227 3581 fabula
2253 3526 2344 3592 sit,
2377 3531 2433 3579 et
2453 3525 2601 3596 quod
2627 3523 2706 3577 ita
2735 3523 2806 3577 sit
2838 3523 3098 3577 Daedalus
3119 3521 3445 3576 diffamatus
3463 3522 3492 3574 ?
3524 3523 3596 3574 Α.

1904 3617 2016 3669 Hoc
2046 3631 2161 3668 non
2191 3630 2338 3684 nego
2370 3629 2569 3667 verum
2600 3629 2740 3667 esse.
2774 3615 2838 3667 R.
2873 3613 2996 3665 Non
3028 3626 3203 3681 negas
3234 3626 3369 3680 ergo
3404 3613 3458 3663 te
3507 3608 3594 3662 di-

1903 3703 2104 3758 dicisse
2129 3684 2505 3768 verumfcum
2533 3701 2638 3755 ista
2663 3700 2944 3754 didiceris.
2978 3700 3116 3752 Nam
3146 3699 3194 3752 si
3221 3700 3438 3752 volasse
3475 3700 3597 3751 Dee-

1901 3791 2094 3845 dalum
2120 3805 2318 3844 verum
2347 3793 2450 3855 est,
2479 3794 2536 3842 et
2564 3788 2669 3841 hoc
2699 3787 2863 3858 pueri
2880 3802 2983 3857 pro
3011 3786 3140 3839 ﬁcta
3165 3786 3357 3839 fabula
3383 3785 3597 3854 accipe-

1901 3883 2027 3932 rent
2046 3884 2215 3950 atque
2241 3877 2564 3942 redderent,
2590 3892 2658 3930 eo
2680 3875 2804 3946 ipso
2828 3875 2966 3928 falsa
2979 3873 3312 3939 retinerent,
3335 3889 3450 3944 quo
3468 3888 3600 3925 vera

1901 3973 2086 4021 essent
2099 3967 2194 4020 illa
2206 3981 2336 4037 quae
2367 3964 2686 4018 redderent.
2717 3963 2857 4018 Hinc
2877 3962 3030 4016 enim
3045 3961 3418 4016 exstititillud
3443 3961 3594 4031 quod

1901 4054 2550 4125 superiusmirabamur,
2579 4051 2649 4106 de
2671 4052 2862 4105 volatu
2890 4049 3103 4105 Daedali
3128 4065 3320 4103 veram
3346 4048 3594 4102 fabulam

1901 4160 2021 4198 esse
2054 4159 2172 4198 non
2195 4143 2469 4215 potuisse,
2495 4141 2605 4196 nisi
2639 4141 2932 4194 Daedalum
2952 4140 3164 4192 volasse
3196 4139 3400 4192 falsum
3428 4142 3594 4192 esset.

1901 4236 1977 4286 A.
2007 4234 2132 4287 Jam
2171 4237 2340 4287 teneo
2370 4231 2559 4296 istud;
2593 4231 2688 4284 sed
2728 4229 2866 4301 quid
2898 4246 2961 4283 ex
3011 4245 3076 4282 eo
3103 4226 3469 4298 proﬁciamus
3509 4243 3599 4281 ex-

1902 4326 2119 4392 specto.
2159 4326 2221 4377 Β.
2247 4321 2416 4387 Quid,
2450 4320 2558 4374 nisi
2577 4335 2690 4373 non
2723 4335 2842 4373 esse
2872 4319 3076 4372 falsam
3103 4317 3262 4371 illam
3292 4316 3599 4386 rationem,

1902 4427 2015 4481 qua
2043 4410 2374 4481 collegimus
2405 4407 2789 4479 disciplinam,
2812 4406 2923 4460 nisi
2941 4421 3073 4460 vera
3099 4405 3320 4467 doceat.
3353 4403 3598 4474 discipli-

1902 4515 2034 4553 nam
2049 4515 2169 4553 esse
2193 4515 2308 4553 non
2328 4513 2493 4568 posse
2515 4499 2542 4551 ?
2568 4500 2645 4551 Α.
2678 4497 2743 4550 Et
2768 4496 2873 4549 hoc
2901 4494 3042 4566 quid
3071 4494 3141 4548 ad
3173 4509 3290 4547 rem
3311 4493 3340 4545 ?
3367 4497 3432 4549 Β.
3456 4492 3600 4558 Quia

1902 4588 2025 4641 volo
2058 4587 2211 4642 dicas
2240 4587 2382 4641 mihi
2412 4586 2565 4640 unde
2604 4585 2678 4639 sit
2706 4584 3004 4655 disciplina
3030 4581 3436 4654 grammatica:
3467 4581 3600 4636 inde

1901 4675 2057 4730 enim
2083 4693 2216 4730 vera
2242 4681 2344 4742 est,
2377 4676 2528 4730 unde
2558 4673 2859 4744 disciplina
2886 4678 2988 4726 est.
3014 4675 3089 4726 Α.
3124 4670 3322 4724 Nescio
3346 4670 3484 4741 quid
3497 4669 3600 4725 tibi

1899 4765 2296 4834 respondeam.
2329 4767 2394 4819 It.
2428 4765 2628 4818 Nonne
2657 4762 2762 4816 tibi
2791 4761 3034 4826 videtur,
3070 4759 3114 4812 si
3145 4758 3287 4813 nihil
3321 4758 3381 4812 in
3411 4773 3476 4813 ea
3501 4759 3598 4814 de-

1900 4853 2124 4908 ﬁnitum
2155 4856 2321 4919 esset,
2350 4856 2406 4905 et
2434 4851 2579 4906 nihil
2601 4851 2658 4904 in
2689 4866 2901 4922 genera
2932 4854 2988 4903 et
3017 4852 3204 4919 partes
3231 4847 3598 4902 distributum

1901 4948 2072 5013 atque
2103 4941 2456 5006 distinctum,
2509 4955 2636 4994 eam
2665 4940 2824 4993 nullo
2865 4938 3034 4992 modo
3074 4936 3438 5007 disciplinam
3479 4953 3600 4990 esse

1900 5031 2153 5102 potuisse
2173 5033 2202 5084 ?
2226 5032 2303 5084 Α.
2327 5031 2450 5084 Jam
2482 5028 2740 5100 intelligo
2767 5027 2908 5098 quid
2937 5027 3122 5081 dicas:
3152 5042 3255 5080 nec
3301 5026 3414 5079 ulla
3458 5025 3598 5078 mihi

1901 5119 2145 5174 occurrit
2174 5118 2422 5188 cujusvis
2447 5117 2614 5171 facies
2649 5115 2984 5187 disciplinae,
3016 5116 3078 5170 in
3115 5131 3226 5186 qua
3251 5131 3370 5168 non
3393 5112 3596 5167 deﬁni-

1899 5207 2084 5262 tiones
2106 5223 2170 5261 ac
2197 5205 2502 5260 divisiones
2521 5210 2578 5259 et
2601 5203 3085 5269 ratiocinationes,
3107 5203 3245 5258 dum
3272 5201 3408 5274 quid
3430 5199 3597 5272 quid-

1900 5312 2011 5368 que
2040 5295 2113 5350 sit
2155 5295 2490 5360 declaratur,
2525 5294 2664 5349 dum
2694 5293 2814 5348 sine
2845 5293 3172 5348 confusione
3197 5291 3446 5360 partium
3478 5305 3599 5344 sua-

1899 5385 2104 5456 cuique
2117 5385 2452 5452 redduntur,
2473 5383 2608 5439 dum
2628 5383 2769 5438 nihil
2793 5380 3249 5454 praetermittitur
3271 5376 3594 5448 proprium,

1899 5473 2042 5528 nihil
2075 5476 2485 5528 annumeratur
2505 5472 2776 5536 alienum,
2809 5476 2996 5525 totum
3026 5469 3134 5524 hoc
3162 5467 3353 5538 ipsum
3381 5483 3495 5540 quo
3517 5467 3596 5522 di-

1900 5559 2138 5632 sciplina
2168 5561 2375 5616 dicitur
2403 5561 2643 5632 egerint.
2674 5563 2740 5615 It.
2777 5561 2921 5633 Ergo
2949 5563 3005 5613 et
3031 5561 3221 5612 totum
3251 5556 3442 5630 ipsum
3477 5574 3594 5633 quo
