4058 6344
441 305 542 355 895

437 437 573 476 vera
601 419 827 475 dicitur.
857 423 934 473 Α.
968 418 1140 473 Video
1167 417 1459 488 consequi.

508 513 595 563 2t.
629 511 692 563 Β.
725 507 1022 577 Responde
1052 522 1206 561 nunc
1233 523 1360 577 quae
1391 504 1688 575 disciplina
1715 505 2005 560 contineat
2032 507 2132 560 de-

439 596 793 662 ﬁnitionum,
825 595 1193 661 divisionum,
1225 595 1712 665 partitionumque
1750 594 2018 650 rationes.
2052 597 2130 649 Α.

437 687 560 739 Jam
587 684 848 754 superius
875 684 1085 738 dictum
1116 689 1201 738 est
1249 685 1370 737 hmc
1400 684 1728 754 disputandi
1759 683 1972 754 regulis
1997 700 2130 737 con-

439 773 636 827 tineri.
671 776 735 828 R.
769 772 1148 827 Grammatica
1185 773 1366 842 igitur
1395 773 1594 827 eadem
1633 777 1752 826 arte
1793 777 1980 826 creata
2026 777 2130 834 est,

440 866 503 916 ut
535 861 854 930 disciplina,
884 866 940 914 et
967 865 1028 915 ut
1051 878 1181 914 vera
1210 866 1378 929 esset,
1401 877 1529 932 quia
1551 865 1634 915 est
1661 861 1759 914 abs
1787 865 1842 914 te
1871 861 2134 930 superius

440 966 474 1001 a
495 949 734 1002 falsitate
756 949 1006 1002 defensa.
1031 948 1192 1012 Quod
1219 966 1335 1004 non
1359 950 1429 1004 de
1455 966 1570 1003 una
1599 949 1970 1019 grammatica
1990 949 2135 1002 mihi

437 1037 569 1092 licet
597 1037 958 1102 concludere,
991 1038 1086 1092 sed
1115 1054 1346 1108 prorsus
1394 1038 1464 1092 de
1497 1038 1765 1092 omnibus
1795 1036 2128 1108 disciplinis.

446 1128 583 1179 Nam
615 1125 824 1191 dixisti,
857 1141 1103 1195 vereque
1150 1126 1360 1189 dixisti,
1393 1127 1612 1180 nullam
1641 1125 2132 1196 disciplinamtibi

438 1229 756 1280 occurrere,
772 1214 830 1267 in
844 1229 956 1283 qua
975 1229 1088 1267 non
1109 1213 1420 1268 definiendi
1442 1215 1538 1284 jus
1559 1219 1727 1285 atque
1758 1214 2132 1269 distribuendi

440 1301 710 1372 idipsum,
735 1307 799 1356 ut
846 1301 1146 1371 disciplina
1165 1302 1258 1366 sit,
1286 1302 1499 1356 fecerit.
1525 1306 1616 1368 At,
1656 1302 1704 1356 si
1732 1319 1798 1357 eo
1826 1320 1975 1358 verae
2004 1308 2135 1358 sunt

443 1407 558 1460 quo
607 1395 742 1444 sunt
784 1389 1099 1460 disciplinae
1142 1389 1447 1459 negabitne
1487 1391 1793 1462 quispiam,
1834 1392 2131 1446 veritatem

439 1479 622 1549 ipsam
650 1494 768 1532 esse
789 1495 892 1548 per
917 1494 1090 1548 quam
1109 1495 1306 1532 omnes
1335 1495 1484 1532 vera:
1515 1483 1646 1532 sunt
1674 1479 1984 1550 disciplina:
2003 1483 2031 1534 ‘-?
2057 1483 2127 1536 A.

441 1570 622 1638 Prope
653 1570 737 1620 est
764 1567 997 1620 omnino
1032 1571 1097 1620 ut
1127 1567 1438 1621 assentiar:
1482 1568 1577 1622 sed
1607 1567 1748 1622 illud
1786 1584 1876 1622 me
1919 1574 2130 1637 movet,

443 1655 596 1725 quod
647 1653 818 1707 etiam
849 1654 1128 1708 rationem
1159 1654 1487 1724 disputandi
1516 1655 1665 1709 inter
1700 1656 1928 1710 easdem
1965 1657 2130 1710 disci-

438 1744 624 1814 plinas
651 1758 1047 1798 numeramus.
1085 1743 1270 1806 Quare
1299 1742 1454 1796 illam
1483 1743 1674 1814 potius
1718 1744 1977 1799 existimo
2011 1761 2130 1799 esse

437 1831 755 1897 veritatem,
789 1847 962 1902 quam
988 1835 1044 1884 et
1071 1831 1177 1884 ista
1199 1831 1331 1901 ipsa
1358 1832 1502 1885 ratio
1532 1848 1663 1886 vera
1692 1838 1792 1887 est.
1814 1836 1880 1889 Β.
1906 1833 2130 1904 Optime

439 1921 674 1974 omnino
705 1935 770 1973 ac
799 1919 1265 1990 vigilantissime:
1298 1921 1396 1974 sed
1425 1937 1541 1974 non
1571 1937 1764 1991 negas,
1798 1925 1861 1975 ut
1903 1921 2127 1992 opinor,

438 2024 506 2063 eo
535 2025 727 2062 veram
751 2024 872 2062 esse
902 2025 1016 2078 quo
1049 2008 1345 2078 disciplina
1377 2014 1478 2062 est.
1509 2012 1583 2063 Α.
1623 2011 1742 2064 Imo
1771 2009 2022 2080 idipsum
2045 2015 2132 2064 est

439 2097 590 2168 quod
611 2113 702 2150 me
724 2101 934 2150 movet.
964 2096 1194 2150 Adverti
1224 2097 1378 2150 enim
1408 2098 1579 2152 etiam
1603 2099 1963 2169 disciplinam
1986 2115 2128 2168 esse,

439 2191 495 2239 et
516 2185 587 2239 ob
617 2186 726 2239 hoc
748 2201 939 2238 veram
964 2184 1096 2239 dici.
1127 2187 1197 2240 Β.
1225 2185 1370 2250 Quid
1393 2203 1528 2256 ergo
1549 2187 1576 2241 ‘?
1600 2186 1766 2240 istam
1787 2192 1953 2258 putas
1966 2188 2132 2243 aliter

439 2274 799 2344 disciplinam
831 2289 951 2326 esse
973 2272 1244 2343 potuisse,
1275 2274 1386 2328 nisi
1415 2274 1609 2328 omnia
1628 2274 1690 2328 in
1707 2291 1771 2329 ea
1793 2275 2029 2330 deﬁnita
2049 2293 2130 2330 es-

440 2366 566 2415 sent
596 2365 652 2414 et
673 2359 1020 2415 distributa?
1047 2364 1124 2415 .4.
1158 2361 1308 2416 Nihil
1338 2362 1491 2416 aliud
1517 2362 1698 2417 habeo
1727 2364 1882 2434 quod
1922 2364 2127 2419 dicam.

441 2453 506 2504 R.
539 2453 633 2516 At,
663 2449 710 2502 si
737 2449 807 2503 ad
836 2465 962 2502 eam
1005 2450 1254 2520 pertinet
1285 2451 1390 2504 hoc
1419 2451 1688 2516 officium,
1740 2467 1845 2521 per
1885 2453 2129 2523 seipsam

439 2536 738 2606 disciplina
766 2552 898 2590 vera
914 2541 1016 2590 est.
1039 2537 1427 2607 Quisquamne
1447 2539 1624 2607 igitur
1642 2540 1854 2594 mirum
1885 2542 2125 2611 putabit,

440 2625 487 2678 si
513 2641 580 2679 ea
603 2641 716 2694 qua
729 2641 860 2678 vera
880 2630 1014 2680 sunt
1031 2627 1242 2692 omnia,
1275 2643 1378 2697 per
1405 2644 1463 2680 se
1483 2627 1606 2697 ipsa
1625 2633 1680 2682 et
1709 2628 1770 2682 in
1800 2629 1984 2700 seipsa
1998 2647 2130 2684 vera

436 2712 512 2766 sit
541 2712 776 2766 veritas‘
797 2715 825 2767 ‘P
844 2715 897 2767 A
913 2756 926 2768 .
958 2714 1108 2768 Nihil
1140 2715 1281 2768 mihi
1303 2715 1489 2770 obstat
1509 2717 1814 2787 quominus
1833 2723 1985 2772 recta
1999 2734 2129 2789 per-

438 2816 569 2869 gam
600 2800 658 2854 in
689 2799 857 2854 istam
887 2802 1250 2857 sententiam.

543 2890 767 2944 CAPUT
798 2891 908 2944 XII.
942 2921 1010 2929 —
1040 2891 1175 2956 Quot
1202 2893 1375 2946 modis
1404 2893 1650 2960 quaedam
1671 2896 1782 2948 sint
1809 2897 1866 2948 in
1892 2897 2019 2949 alio.

510 2980 595 3032 12.
641 2979 704 3033 Il.
754 2979 899 3048 Ergo
927 2979 1153 3033 attende
1183 2996 1364 3050 pauca
1393 2996 1521 3050 qua:
1550 2986 1790 3036 restant.
1824 2985 1901 3036 .4.
1934 2984 2131 3037 Profer

439 3065 486 3119 si
511 3065 648 3136 quid
679 3067 876 3132 habes,
907 3069 1076 3122 modo
1095 3069 1204 3122 tale
1225 3068 1297 3122 sit
1315 3069 1823 3140 quodintelligam,
1856 3071 2126 3126 libenter-

438 3171 549 3225 que
593 3156 924 3211 concedam.
974 3159 1038 3211 Β.
1091 3158 1220 3211 Esse
1271 3157 1485 3227 aliquid
1514 3157 1575 3210 in
1617 3159 1830 3229 aliquo,
1874 3175 1990 3214 non
2025 3178 2128 3214 nos

435 3243 588 3312 fugit
619 3242 840 3296 duobus
854 3243 1041 3296 modis
1060 3243 1190 3297 dici.
1218 3246 1338 3298 Uno
1369 3261 1481 3314 quo
1503 3245 1583 3298 ita
1611 3251 1716 3310 est,
1746 3250 1811 3299 ut
1840 3247 2012 3300 etiam
2041 3264 2126 3301 se-

435 3331 607 3400 jungi
637 3335 807 3401 atque
857 3330 990 3384 alibi
1015 3347 1134 3386 esse
1165 3333 1360 3402 possit,
1399 3337 1463 3386 ut
1511 3334 1618 3387 hoc
1656 3335 1874 3404 lignum
1923 3335 1985 3389 in
2016 3336 2127 3390 hoc

435 3419 583 3485 loco,
615 3422 680 3472 ut
716 3420 798 3472 sol
829 3419 890 3472 in
917 3419 1174 3474 oriente:
1217 3421 1392 3474 altero
1424 3425 1616 3475 autem
1648 3440 1762 3493 quo
1792 3424 1870 3477 ita
1910 3435 1994 3477 est
2021 3424 2125 3478 ali-

433 3507 571 3577 quid
601 3506 660 3560 in
691 3507 964 3576 subjecto,
998 3511 1060 3560 ut
1088 3508 1156 3561 ab
1187 3525 1253 3562 eo
1284 3515 1534 3580 nequeat
1560 3511 1902 3580 separari,ut
1931 3511 1990 3566 in
2020 3514 2128 3566 hoc

433 3595 592 3666 ligno
622 3596 809 3649 forma
837 3601 892 3650 et
921 3597 1134 3666 species
1165 3614 1337 3668 quam
1367 3598 1645 3664 videmus,
1671 3605 1736 3654 ut
1764 3599 1826 3654 in
1853 3602 1969 3654 sole
2006 3603 2123 3668 lux,

436 3689 500 3737 ut
530 3683 589 3738 in
621 3684 753 3754 igne
781 3685 954 3749 calor,
985 3690 1048 3738 ut
1075 3685 1134 3738 in
1161 3687 1351 3740 animo
1376 3686 1694 3757 disciplina,
1713 3693 1767 3741 et
1792 3688 1836 3741 si
1861 3706 1974 3758 qua
1995 3695 2128 3744 sunt

433 3772 544 3826 alia
559 3772 787 3828 similia.
820 3776 906 3827 An
933 3773 1037 3828 tibi
1069 3775 1231 3829 aliter
1260 3776 1483 3830 videtur
1501 3778 1530 3830 ?
1547 3781 1622 3830 Α.
1649 3778 1760 3831 Ista
1777 3778 2009 3848 quidem
2038 3796 2127 3832 ve-

432 3862 747 3916 tustissima
779 3867 911 3916 sunt
940 3863 1116 3925 nobis,
1151 3868 1207 3917 et
1235 3863 1304 3917 ab
1334 3864 1568 3918 ineunte
1598 3865 1980 3920 adolescentia
2009 3871 2125 3920 stu-

434 3950 752 4005 diosissime
783 3955 1050 4022 percepta
1071 3957 1126 4006 et
1149 3953 1412 4022 cognita:
1442 3970 1618 4024 quare
1649 3971 1766 4008 non
1797 3971 2028 4025 possum
2057 3956 2126 4010 de

431 4039 520 4093 his
549 4039 950 4109 interrogatus,
980 4041 1119 4111 quin
1153 4058 1220 4095 ea
1250 4042 1371 4096 sine
1399 4043 1516 4096 ulla
1560 4043 1964 4097 deliberatione
1999 4061 2130 4098 con-

431 4128 648 4182 cedam.
680 4131 745 4182 R.
778 4128 922 4191 Quid
953 4129 1094 4182 illud
1115 4132 1144 4182 ?
1172 4146 1363 4184 nonne
1393 4131 1670 4195 concedis,
1715 4133 1866 4201 quod
1895 4131 1958 4185 in
1989 4133 2129 4186 sub-

427 4216 582 4284 jecto
613 4220 700 4268 est
724 4216 1200 4285 inseparabiliter,
1231 4217 1278 4270 si
1307 4219 1624 4287 subjectum
1649 4218 1838 4288 ipsum
1869 4235 1986 4272 non
2006 4236 2126 4273 ma-

433 4307 587 4363 neat,
621 4317 853 4356 manere
894 4318 1013 4356 non
1034 4319 1197 4372 posse
1212 4307 1240 4358 ?
1257 4309 1332 4359 Α.
1371 4307 1480 4360 Hoc
1510 4322 1737 4377 quoque
1760 4306 1924 4361 video
1946 4323 2129 4362 neces.

437 4389 689 4456 sarium;
748 4405 884 4444 nam
932 4397 1200 4446 manente
1255 4395 1529 4463 subjecto,
1579 4411 1744 4465 posse
1788 4394 1845 4449 id
1886 4397 2036 4466 quod
2067 4396 2128 4450 in

435 4477 688 4546 subjecto
735 4482 820 4531 est
850 4494 966 4532 non
1000 4495 1250 4547 manere,
1283 4481 1540 4552 quisquis
1579 4481 1881 4552 diligenter
1911 4499 1999 4537 res
2027 4485 2126 4538 ad-

437 4567 625 4633 vertit,
658 4567 949 4638 intelligit.
972 4569 1265 4641 Siquidem
1285 4571 1456 4642 hujus
1477 4572 1730 4642 corporis
1762 4574 1919 4627 color
1941 4579 2128 4644 potest

434 4655 523 4708 vel
550 4657 887 4712 valetudinis
916 4659 1134 4713 ratione
1152 4661 1237 4714 vel
1259 4665 1423 4714 aetate
1441 4660 1757 4730 immutari,
1785 4678 1916 4716 cum
1937 4661 2127 4732 ipsum

435 4758 640 4815 corpus
689 4746 934 4802 necdum
986 4747 1286 4804 interierit.
1339 4751 1401 4804 Et
1449 4749 1556 4805 hoc
1602 4767 1718 4805 non
1761 4768 2028 4822 peraeque
2067 4753 2125 4806 in

436 4834 706 4888 omnibus
731 4835 900 4902 valet,
934 4837 1029 4891 sed
1060 4837 1120 4892 in
1150 4839 1240 4892 his
1276 4838 1336 4892 in
1365 4839 1592 4910 quibus,
1623 4856 1742 4894 non
1769 4845 1834 4895 ut
1862 4842 1977 4896 sint
2004 4843 2129 4912 ipsa

434 4923 709 4992 subjecta,
755 4941 822 4978 ea
863 4942 990 4996 quae
1039 4926 1098 4979 in
1143 4927 1412 4998 subjectis
1459 4933 1590 4983 sunt
1637 4929 1968 4984 coexistunt.
2004 4932 2128 4984 Non

436 5012 591 5066 enim
621 5017 687 5067 ut
713 5013 788 5066 sit
814 5013 920 5068 iste
950 5015 1156 5085 paries,
1186 5017 1372 5086 paries
1411 5019 1516 5072 hoc
1535 5019 1725 5072 colore
1752 5019 1836 5085 ﬁt,
1863 5034 2036 5089 quem
2065 5018 2125 5072 in

433 5118 502 5156 eo
533 5101 823 5169 videmus;
853 5119 984 5156 cum
1014 5103 1186 5159 etiam
1211 5105 1257 5159 si
1284 5123 1397 5176 quo
1423 5123 1555 5162 casu
1598 5108 1880 5178 nigrescat
1905 5112 2004 5162 aut
2045 5108 2126 5161 a1-

436 5192 647 5258 bcscat,
669 5193 757 5246 vel
778 5193 1026 5263 aliquem
1053 5194 1227 5249 alium
1249 5201 1432 5250 mutet
1453 5198 1722 5262 colorem,
1754 5196 2127 5250 nihilominus

437 5285 633 5336 tamen
662 5286 893 5337 maneat
921 5283 1107 5353 paries
1136 5284 1472 5339 acdicatur.
1507 5288 1579 5339 At
1604 5301 1736 5339 vero
1779 5285 1928 5354 ignis
1956 5285 2003 5339 si
2033 5303 2128 5339 ca-

499 5439 514 5471 ι
549 5436 634 5510 Sic
667 5437 790 5510 Mss.
815 5437 882 5487 At
910 5439 1034 5486 Lov.
1064 5453 1075 5486 :
1104 5437 1306 5510 μίν-ιρις
1335 5435 1692 5510 ρυταὺᾴξμςὶεξᾳ
1715 5443 2125 5510 quwvgrasunt,

434 5499 708 5608 ἓηιιηίἶιῦιι)
736 5499 853 5608 ἰρίῗ
883 5513 1010 5550 vera
1026 5503 1171 5559 sum,
1198 5501 1306 5547 sict
1327 5499 1440 5560 ipsa
1463 5501 1530 5548 sit
1550 5499 1762 5549 veritas.
1788 5527 1844 5535 —
1866 5499 1950 5549 Sic
1970 5501 2125 5550 etiam

484 5573 526 5607 r.
551 5573 579 5608 c
672 5573 756 5608 en.
847 5596 860 5608 .

1627 295 2197 362 SOLILOQUIOBUM
2237 296 2288 350 S.
2335 293 2716 349 AUGUSTINI

3845 289 3949 341 896

2244 417 2365 471 lore
2394 421 2601 480 careat,
2634 431 2706 469 ne
2735 413 2886 484 ignis
2916 411 3152 484 quidem
3185 413 3326 478 erit;
3364 428 3469 466 nec
3497 411 3691 466 nivem
3719 425 3950 476 vocare,

2241 506 2352 562 nisi
2381 505 2700 566 candidam,
2733 517 3057 573 possumus.

2347 594 2574 650 CAPUT
2603 593 2744 647 XIII.
2780 621 2850 632 -—
2888 592 3277 646 Immortalitas
3311 592 3508 645 anime
3535 591 3833 656 colligitur.

2310 687 2398 738 23.
2433 683 2578 737 Illud
2622 697 2755 735 vero
2786 681 2936 751 quod
2966 679 3356 750 interrogasti,
3400 678 3528 749 quis
3569 678 3940 740 concesserit,

2241 776 2338 826 aut
2362 773 2454 825 cui
2483 786 2654 841 posse
2703 768 2830 824 ﬁeri
2877 769 3156 836 videatur,
3190 773 3253 822 ut
3280 768 3336 822 id
3384 769 3536 838 quod
3581 767 3640 820 in
3679 766 3940 836 subjecto

2240 865 2344 929 est,
2377 862 2609 914 maneat
2639 858 2761 928 ipso
2807 857 3131 912 intereunte
3164 857 3464 926 subjecto?
3511 856 3936 909 Monstruosum

2240 949 2394 1002 enim
2423 951 2479 1001 et
2507 964 2539 1000 a
2567 947 2800 1000 veritate
2843 945 3255 999 alienissimum
3287 949 3389 1005 est,
3429 949 3494 998 ut
3536 944 3590 998 id
3635 945 3786 1014 quod
3820 959 3936 996 non

2241 1041 2385 1090 esset
2421 1036 2531 1089 nisi
2562 1035 2624 1089 in
2653 1035 2775 1106 ipso
2807 1040 2974 1100 esset,
3007 1033 3178 1089 etiam
3209 1049 3340 1086 cum
3367 1033 3556 1103 ipsum
3596 1049 3714 1086 non
3759 1033 3937 1087 fuerit

2240 1124 2417 1196 possit
2449 1139 2588 1178 esse.
2636 1126 2702 1178 Β.
2743 1122 2888 1177 Illud
2916 1122 3093 1193 igitur
3129 1122 3281 1192 quod
3313 1122 3712 1192 quaerebamus
3737 1121 3936 1176 inven-

2240 1218 2364 1266 tum
2393 1218 2496 1268 est.
2530 1215 2608 1266 .4.
2638 1211 2783 1274 Quid
2806 1226 3002 1265 narras
3022 1213 3135 1265 ‘?R.
3165 1211 3227 1264 Id
3249 1211 3400 1281 quod
3424 1210 3604 1264 audis.
3628 1213 3707 1264 Α.
3733 1211 3937 1264 Jamne

2239 1319 2376 1373 ergo
2407 1301 2621 1372 liquido
2651 1303 2868 1354 constat
2895 1299 3151 1352 animum
3177 1315 3297 1352 esse
3326 1298 3750 1353 immortalem?
3770 1301 3836 1354 Β.
3879 1299 3934 1352 Si

2241 1408 2307 1446 ea
2335 1407 2464 1462 quae
2494 1389 2817 1444 concessisti
2847 1405 2979 1442 vera
3018 1388 3154 1453 sint,
3182 1387 3600 1458 liquidissime:
3635 1387 3747 1441 nisi
3785 1387 3935 1440 forte

2242 1480 2498 1533 animum
2519 1479 2679 1543 dicis,
2699 1478 2922 1532 etiamsi
2939 1477 3239 1542 moriatur,
3253 1476 3512 1530 animum
3531 1491 3670 1529 esse.
3688 1478 3740 1528 Α
3758 1521 3765 1529 .
3784 1477 3936 1529 Nun-

2240 1584 2412 1638 quam
2443 1567 2709 1638 equidem
2731 1567 2838 1620 hoc
2867 1565 3107 1619 dixerim
3134 1585 3149 1631 ;
3180 1565 3279 1618 sed
3314 1581 3381 1617 eo
3411 1564 3534 1633 ipso
3565 1579 3680 1634 quo
3716 1563 3930 1629 interit,

2239 1657 2364 1711 ﬁeri
2392 1661 2460 1710 ut
2487 1655 2713 1709 animus
2745 1671 2863 1708 non
2883 1654 2977 1721 sit,
2999 1654 3144 1707 dico.
3171 1655 3284 1707 Nec
3304 1669 3396 1707 me
3417 1653 3488 1707 ab
3512 1654 3617 1706 hac
3646 1653 3933 1706 sententia

2239 1749 2480 1806 revocat,
2512 1743 2665 1814 quod
2698 1760 2728 1796 a
2757 1742 2982 1812 magnis
3011 1741 3362 1813 philosophis
3409 1741 3626 1795 dictum
3667 1745 3773 1808 est,
3807 1757 3933 1795 eam

2238 1849 2359 1888 rem
2389 1847 2918 1904 quaz,quocumque
2936 1830 3172 1897 venerit,
3199 1830 3373 1884 vitam
3400 1833 3654 1900 praestat.
3685 1834 3931 1883 mortem

2237 1921 2298 1992 in
2328 1938 2388 1976 se
2419 1921 2720 1976 admittere
2741 1936 2858 1974 non
2877 1935 3059 1990 posse.
3092 1918 3359 1982 Quamvis
3388 1918 3543 1972 enim
3571 1919 3767 1972 lumen
3797 1934 3935 1988 quo-

2238 2018 2482 2081 cumque
2511 2010 2724 2063 intrare
2744 2007 3018 2079 potuerit,
3044 2007 3214 2060 faciat
3231 2007 3289 2060 id
3319 2008 3527 2074 lucere,
3551 2006 3932 2076 tenebrasque

2237 2100 2298 2154 in
2328 2116 2386 2154 se
2433 2102 2667 2169 propter
2703 2095 3136 2151 memorabilem
3176 2095 3331 2150 illam
3364 2095 3478 2149 vim
3517 2095 3931 2150 contrariorum

2239 2204 2358 2242 non
2390 2187 2570 2258 possit
2613 2186 2948 2244 admittere:
2991 2189 3182 2238 tamen
3225 2184 3626 2254 exstinguitur,
3660 2185 3932 2254 locusque

2237 2275 2334 2331 ille
2364 2277 2636 2330 exstincto
2668 2274 2886 2328 lumine
2916 2273 3268 2326 tenebratur.
3300 2275 3382 2325 Ita
3413 2273 3556 2326 illud
3585 2272 3742 2343 quod
3769 2277 3929 2325 tene-

2238 2365 2356 2420 bris
2383 2364 2700 2428 resistebat,
2747 2378 2934 2433 neque
2973 2362 3090 2414 ullo
3122 2361 3293 2414 modo
3341 2359 3404 2414 in
3447 2377 3506 2414 se
3547 2360 3808 2414 tenebras
3837 2361 3934 2415 ad-

2239 2453 2414 2519 misit,
2451 2457 2508 2506 et
2537 2451 2614 2505 sic
2666 2451 2747 2504 eis
2798 2449 3138 2503 intereundo
3168 2449 3355 2502 locum
3394 2447 3544 2513 fecit,
3598 2450 3662 2500 ut
3711 2452 3939 2516 poterat

2238 2543 2410 2596 etiam
2439 2540 2802 2596 discedendo.
2830 2541 3026 2609 Itaque
3053 2537 3228 2591 timeo
3259 2553 3330 2591 ne
3362 2553 3516 2590 mors
3533 2537 3612 2590 ita
3640 2537 3938 2604 contingat

2239 2631 2486 2702 corpori,
2518 2635 2582 2683 ut
2610 2629 2862 2683 tenebrae
2883 2629 3028 2694 loco,
3061 2627 3366 2698 aliquando
3392 2626 3714 2681 discedente
3740 2627 3935 2680 animo

2239 2726 2302 2774 ut
2333 2719 2570 2786 lumine,
2604 2717 2914 2788 aliquando
2944 2719 3133 2769 autem
3164 2715 3374 2769 ibidem
3401 2715 3707 2781 exstincto;
3735 2719 3796 2768 ut
3815 2715 3936 2784 jam

2239 2826 2355 2864 non
2379 2809 2448 2862 de
2465 2807 2623 2861 omni
2643 2811 2830 2860 morte
2861 2805 3114 2875 corporis
3145 2804 3416 2858 securitas
3445 2804 3538 2870 sit,
3574 2804 3673 2858 sed
3699 2803 3935 2874 aliquod

2238 2914 2420 2968 genus
2450 2895 2652 2949 mortis
2680 2895 2754 2948 sit
2777 2893 3116 2964 optandum,
3149 2909 3264 2964 quo
3281 2893 3473 2947 anima
3493 2909 3556 2946 ex
3580 2909 3821 2963 corpore
3854 2894 3936 2946 in-

2236 2985 2476 3040 columis
2505 2985 2800 3050 educatur,
2836 2983 3292 3054 perducaturque
3321 2983 3394 3036 ad
3423 2983 3630 3036 locum.
3659 2982 3708 3035 si
3738 2988 3824 3036 est
3854 2984 3936 3037 ul-

2237 3075 2325 3128 lus
2352 3073 2482 3127 talis
2503 3073 2683 3138 locus,
2714 3070 2813 3125 ubi
2841 3087 2952 3124 non
2975 3070 3155 3140 possit
3175 3069 3480 3140 exstingui.
3501 3073 3632 3137 Aut,
3662 3070 3706 3122 si
3731 3087 3804 3123 ne
3825 3072 3934 3124 hoc

2236 3162 2467 3233 quidem
2497 3165 2702 3230 potest,
2727 3163 2897 3229 atque
2921 3158 2982 3212 in
3012 3157 3136 3228 ipso
3169 3174 3403 3228 corpore
3436 3158 3628 3212 anima
3656 3159 3820 3229 quasi
3853 3160 3934 3213 lu-

2238 3267 2370 3304 men
2400 3249 2744 3313 accenditur,
2795 3264 2900 3300 nec
2947 3247 3081 3300 alibi
3125 3251 3313 3317 potest
3353 3247 3581 3315 durare,
3628 3247 3934 3318 omnisque

2237 3355 2388 3392 mors
2428 3341 2512 3391 est
2550 3335 2843 3390 exstinctio
2885 3335 3149 3405 quaedam
3199 3335 3406 3388 animae
3460 3335 3521 3388 in
3551 3351 3790 3404 corpore
3846 3338 3930 3390 vel

2235 3425 2365 3479 vita:
2389 3442 2403 3492 ;
2435 3425 2665 3496 aliquod
2693 3440 2873 3493 genus
2896 3423 3225 3492 eligendum
3255 3428 3340 3476 est
3369 3428 3648 3493 quantum
3660 3424 3834 3478 homo
3857 3424 3931 3477 si-

2235 3515 2411 3581 nitur,
2441 3530 2555 3584 quo
2598 3513 2849 3582 idipsum
2897 3512 3051 3582 quod
3087 3511 3315 3578 vivitur,
3361 3528 3491 3565 cum
3537 3512 3840 3566 securitate
3871 3529 3936 3566 ac

2234 3603 2644 3674 tranquillitate
2695 3601 2936 3669 vivatur,
2994 3617 3345 3671 quamquam
3406 3600 3595 3654 nescio
3644 3602 3935 3669 quomodo

2236 3692 2385 3745 istud
2413 3691 2594 3762 possit
2623 3690 2747 3744 fieri
2777 3690 2823 3743 si
2854 3690 3046 3743 anima
3076 3689 3339 3744 moritur.
3363 3690 3407 3744 Ο
3437 3689 3680 3743 multum
3713 3690 3932 3755 beatos,

2236 3780 2446 3851 quibus
2489 3779 2605 3834 sive
2635 3781 2705 3834 ab
2734 3779 2892 3850 ipsis,
2925 3779 3038 3832 sive
3071 3779 3170 3832 abs
3199 3778 3474 3849 quolibet,
3510 3793 3624 3832 non
3663 3793 3782 3830 esse
3813 3794 3932 3831 me-

2234 3869 2506 3923 tuendam
2536 3873 2799 3934 mortem,
2833 3867 3058 3921 etiamsi
3083 3866 3272 3922 anima
3302 3866 3567 3933 intereat,
3594 3882 3931 3936 persuasum

2236 3961 2319 4011 est
2345 3963 2354 4012 !
2409 3960 2482 4012 At
2515 3957 2659 4011 mihi
2689 3957 2898 4012 misero
2924 3957 3102 4010 nullae
3132 3956 3318 4010 adhuc
3353 3955 3603 4010 rationes
3631 3955 3773 4009 nulli
3801 3954 3932 4009 libri

2234 4047 2578 4116 persuadere
2613 4050 2941 4116 potuerunt.
3089 4057 3092 4059 λ

2307 4137 2394 4188 24.
2427 4137 2493 4189 R.
2531 4135 2657 4188 Noli
2688 4150 2936 4204 gemere,
2971 4133 3311 4187 immortalis
3341 4137 3427 4186 est
3471 4133 3699 4188 animus
3726 4133 3928 4188 huma-

2236 4239 2363 4278 nus.
2396 4227 2474 4276 Α.
2509 4223 2665 4277 Unde
2692 4223 2800 4276 hoc
2828 4222 3038 4293 probas
3065 4221 3092 4274 ?
3121 4225 3185 4276 Β.
3219 4223 3296 4275 Ex
3322 4221 3391 4275 iis
3411 4238 3539 4292 qua:
3566 4239 3696 4276 cum
3721 4238 3931 4293 magna

2235 4312 2520 4379 cautione,
2570 4316 2634 4366 ut
2676 4312 2941 4378 arbitror,
2990 4310 3253 4382 superius
3296 4311 3636 4365 concessisti.
3667 4315 3745 4365 Α.
3778 4312 3928 4366 Nihil

2237 4402 2471 4472 quidem
2501 4417 2592 4454 me
2623 4401 2814 4454 minus
2832 4400 3134 4470 vigilanter
3153 4399 3531 4469 interroganti
3558 4398 3664 4453 tibi
3691 4399 3929 4453 memini

2236 4489 2493 4543 dediSse:
2541 4489 2636 4542 scd
2685 4488 2888 4558 collige
2941 4489 3061 4558 jam
3114 4487 3297 4557 ipsam
3346 4503 3652 4554 summam,
3688 4504 3788 4541 oro
3844 4494 3926 4554 te;

2235 4578 2526 4632 videamus
2553 4593 2666 4648 quo
2689 4577 2861 4630 tantis
2881 4577 3214 4646 ambagibus
3241 4577 3688 4646 pervenerimus,
3715 4593 3819 4630 nec
3839 4594 3926 4630 me

2227 4668 2350 4739 jam
2380 4667 2698 4738 interroges
2727 4668 2876 4721 volo.
2913 4667 2971 4722 Si
3001 4667 3154 4721 enim
3184 4683 3251 4720 ea
3278 4667 3526 4720 breviter
3561 4672 3925 4722 enumeratu-

2236 4773 2330 4811 rus
2361 4772 2422 4810 es
2453 4772 2582 4827 quae
2623 4756 2892 4822 concessi,
2943 4771 3193 4827 quonam
3223 4772 3421 4809 rursus
3462 4756 3759 4827 responsio
3799 4773 3926 4810 mea

2235 4845 2593 4900 desideratur
2611 4847 2640 4900 ?
2657 4847 2746 4899 An
2765 4849 2829 4899 ut
2855 4861 3046 4898 moras
3077 4845 3418 4914 gaudiorum
3440 4845 3582 4899 mihi
3609 4846 3817 4900 frustra
3844 4847 3926 4900 in-

2234 4934 2406 5002 feras,
2440 4935 2487 4988 si
2517 4935 2655 5005 quid
2683 4934 2822 4987 boni
2851 4933 2994 4987 forte
3015 4933 3362 4987 confecimus
3380 4936 3410 4987 ‘?
3438 4937 3502 4989 Β.
3532 4933 3754 4988 Faciam
3775 4935 3924 5005 quod

2234 5027 2288 5077 te
2314 5024 2456 5076 velle
2481 5023 2668 5088 video,
2693 5023 2794 5076 sed
2822 5021 3050 5076 attende
3074 5021 3531 5093 diligentissime.
3563 5025 3640 5076 Α.
3675 5024 3926 5094 Loquere

2230 5112 2372 5182 jam,
2405 5113 2498 5165 hic
2522 5127 2647 5163 sum
2672 5127 2685 5177 ;
2707 5111 2846 5180 quid
2867 5126 3067 5164 enecas
3084 5112 3113 5164 ?
3141 5113 3204 5166 R.
3231 5113 3410 5166 Omne
3431 5111 3656 5182 quodin
3673 5113 3924 5182 subjecto

2237 5206 2337 5264 est,
2382 5201 2428 5254 si
2459 5215 2682 5270 semper
2708 5204 2920 5265 manet,
2947 5199 3137 5270 ipsum
3155 5201 3327 5254 etiam
3359 5200 3674 5270 subjectum
3701 5205 3927 5254 maneat

2235 5305 2463 5358 semper
2501 5303 2724 5342 necesse
2755 5294 2860 5342 est.
2891 5289 2958 5342 Et
2997 5288 3184 5342 omnis
3212 5289 3273 5342 in
3311 5289 3564 5358 subjecto
3608 5294 3695 5343 est
3733 5289 3924 5344 animo

2237 5376 2556 5448 disciplina.
2590 5377 2822 5431 Necesse
2851 5382 2936 5432 est
2957 5378 3134 5450 igitur
3163 5393 3387 5449 semper
3417 5383 3482 5432 ut
3529 5379 3755 5434 animus
3807 5396 3925 5434 ma-

2237 5471 2390 5533 neat,
2422 5466 2470 5520 si
2520 5482 2746 5538 semper
2782 5472 2978 5522 manet
3021 5467 3340 5538 disciplina.
3385 5469 3478 5522 Est
3529 5472 3723 5522 autem
3767 5468 3927 5523 disci-

2241 5555 2398 5625 plina
2428 5555 2654 5625 veritas,
2686 5561 2741 5612 et
2769 5574 3013 5628 semper,
3045 5561 3109 5611 ut
3137 5556 3196 5610 in
3227 5556 3391 5610 initio
3421 5556 3550 5610 libri
3582 5557 3752 5628 hujus
3783 5557 3922 5612 ratio
