4058 6344
122 272 217 324 897
1566 270 1773 328 LIBER
1817 271 2204 331 SECUNDUS.

120 389 412 462 persuasit,
444 389 652 444 veritas
689 393 901 445 manet.
934 390 1170 460 Semper
1215 390 1393 459 igitur
1420 391 1647 446 animus
1686 409 1808 447 ma-

122 482 230 544 net,
251 494 356 532 nec
385 477 612 532 animus
644 483 906 534 mortuus
930 479 1159 533 dicitur.
1194 481 1583 534 Immortalem
1632 481 1809 552 igitur

121 567 372 620 animum
423 567 578 620 solus
625 583 742 621 non
793 567 1038 621 absurde
1081 572 1270 637 negat,
1304 569 1403 639 qui
1449 569 1814 641 superiorum

121 656 330 726 aliquid
358 671 475 709 non
509 660 658 710 recte
688 673 1020 710 concessum
1051 673 1171 710 esse
1201 658 1502 712 convincit.

185 745 405 800 CAPUT
438 746 572 800 XIV.
596 774 662 786 —
697 747 988 799 Excutitur
1009 748 1252 814 superior
1275 748 1640 816 syllogismus.

184 836 270 887 25.
309 837 384 888 Α.
409 835 534 888 Jam
565 850 657 888 me
686 835 815 888 volo
844 833 905 888 in
934 834 1147 905 gaudia
1175 835 1423 902 mittere,
1466 837 1565 890 sed
1595 837 1814 892 duabus

122 922 472 992 aliquantum
514 939 752 977 revocor
778 924 979 976 causis.
1027 925 1170 978 Nam
1208 924 1461 994 primum
1501 941 1592 979 me
1626 932 1815 980 movet

121 1010 264 1080 quod
295 1010 536 1064 circuitu
582 1015 742 1065 tanto
787 1011 876 1064 usi
906 1028 1122 1078 sumus,
1157 1013 1347 1067 nescio
1377 1029 1552 1084 quam
1583 1014 1812 1068 ratioci-

121 1098 407 1152 nationum
430 1103 689 1153 catenam
711 1105 1037 1170 sequentes,
1060 1117 1191 1154 cum
1219 1106 1336 1155 tam
1358 1102 1606 1156 breviter
1627 1107 1812 1156 totum

120 1188 181 1240 de
210 1204 321 1258 quo
353 1188 650 1256 agebatur,
705 1189 1086 1243 demonstrari
1122 1190 1394 1259 potuerit,
1429 1207 1602 1261 quam
1655 1207 1810 1245 nunc

121 1279 559 1333 demonstratum
599 1284 702 1334 est.
746 1281 952 1347 Quare,
997 1297 1088 1335 me
1114 1282 1421 1336 sollicitum
1465 1283 1599 1336 facit
1653 1283 1809 1353 quod

122 1372 228 1421 tam
256 1367 356 1421 diu
387 1367 552 1437 quasi
591 1369 663 1422 ad
716 1367 1108 1422 insidiandum
1159 1370 1547 1423 obambulavit
1595 1371 1800 1426 oratio.

124 1455 323 1509 Deinde
345 1471 464 1509 non
491 1456 657 1510 video
690 1457 978 1526 quomodo
998 1457 1056 1510 in
1080 1457 1272 1511 animo
1295 1474 1520 1528 semper
1549 1459 1621 1512 sit
1651 1459 1812 1513 disci-

120 1543 286 1612 plina,
316 1543 638 1613 prmsertim
663 1543 1018 1613 disputandi,
1062 1560 1192 1598 cum
1240 1550 1295 1598 et
1322 1550 1439 1598 tam
1469 1545 1637 1616 pauci
1685 1547 1810 1616 ejus

122 1631 274 1701 gnari
302 1631 438 1697 sint,
468 1636 526 1686 et
569 1631 831 1702 quisquis
878 1649 1005 1686 eam
1049 1633 1223 1694 novit,
1260 1638 1418 1687 tanto
1464 1634 1533 1686 ab
1564 1633 1806 1688 infantia

121 1725 366 1790 tempore
394 1720 566 1774 fuerit
593 1721 871 1775 indoctus.
920 1723 1046 1775 Non
1090 1721 1245 1776 enim
1285 1739 1590 1792 possumus
1617 1723 1805 1778 dicere

121 1813 209 1862 aut
237 1809 638 1879 imperitorum
673 1810 892 1864 animos
931 1827 1046 1864 non
1095 1827 1214 1865 esse
1257 1812 1500 1878 animos,
1549 1817 1648 1866 aut
1686 1830 1807 1868 esse

121 1898 175 1951 in
203 1898 390 1952 animo
441 1915 566 1952 eam
609 1914 783 1970 quam
830 1899 1085 1953 nesciant
1128 1899 1511 1970 disciplinam.
1552 1901 1711 1964 Quod
1761 1901 1808 1955 si

121 1986 478 2041 vehementer
523 1987 834 2042 absurdum
867 1992 972 2056 est,
1018 1992 1191 2041 restat
1220 1993 1284 2042 ut
1313 1993 1410 2042 aut
1439 2005 1556 2043 non
1585 2006 1810 2060 semper

125 2075 178 2128 in
200 2075 388 2130 animo
423 2076 496 2130 sit
525 2076 750 2142 veritas,
780 2082 879 2131 aut
894 2076 1192 2147 disciplina
1221 2077 1319 2130 illa
1337 2078 1542 2132 veritas
1564 2094 1680 2132 non
1711 2079 1803 2133 sit.

183 2165 270 2218 26.
317 2167 380 2220 R.
441 2165 607 2218 Vides
658 2181 830 2235 quam
887 2181 1005 2219 non
1053 2166 1264 2219 frustra
1313 2170 1500 2220 tantos
1540 2167 1808 2221 circuitus

125 2253 290 2322 egerit
308 2256 508 2307 nostra
537 2253 916 2308 ratiocinatio.
950 2254 1360 2317 Quaerebamus
1389 2255 1543 2309 enim
1574 2255 1714 2326 quid
1735 2255 1809 2309 sit

123 2341 332 2411 veritas,
367 2342 520 2411 quod
552 2358 623 2396 ne
651 2358 806 2396 nunc
835 2343 1070 2413 quidem
1119 2342 1180 2396 in
1227 2343 1333 2396 hac
1376 2344 1624 2414 quadam
1665 2343 1803 2396 silva

125 2445 322 2496 rerum,
373 2431 644 2485 omnibus
689 2447 836 2501 pene
885 2431 1120 2484 callibus
1161 2431 1458 2498 oberratis,
1505 2431 1667 2485 video
1701 2448 1806 2485 nos

123 2519 448 2590 investigare
478 2519 750 2590 potuisse.
799 2519 904 2574 Sed
954 2520 1088 2590 quid
1121 2519 1403 2574 facimus?
1431 2524 1517 2574 An
1560 2521 1808 2590 incoepta

123 2608 451 2674 omittimus,
508 2613 564 2663 et
619 2613 1010 2679 exspectamus
1067 2609 1272 2679 ecquid
1318 2608 1484 2662 nobis
1526 2609 1807 2663 librorum

125 2697 431 2750 alienorum
458 2697 517 2750 in
538 2713 741 2751 manus
772 2697 1004 2764 incidat,
1037 2698 1187 2767 quod
1221 2697 1352 2752 huic
1382 2697 1685 2767 quaestioni
1717 2715 1804 2752 sa-

125 2784 388 2839 tisfaciat?
424 2787 562 2839 Nam
591 2791 646 2840 et
663 2788 871 2840 multos
899 2790 1027 2839 ante
1051 2790 1300 2839 nostram
1324 2791 1550 2840 aetatem
1569 2787 1807 2857 scriptos

124 2889 231 2926 esse
269 2875 516 2928 arbitror
559 2891 700 2945 quos
748 2891 863 2928 non
909 2874 1186 2944 legimus:
1245 2879 1300 2927 et
1343 2891 1513 2937 nunc,
1560 2880 1624 2928 ut
1660 2875 1806 2930 nihil

123 2964 260 3032 quod
288 2963 575 3018 nescimus
623 2963 948 3033 opinemur,
981 2955 1350 3017 manifestum
1404 2963 1700 3029 habemus,
1751 2967 1807 3018 et

123 3051 357 3105 carmine
388 3052 460 3106 de
479 3052 585 3106 hac
614 3068 676 3105 re
707 3051 895 3117 scribi,
923 3056 980 3105 et
1006 3052 1192 3106 soluta
1231 3051 1517 3118 oratione;
1551 3058 1607 3106 et
1637 3052 1706 3105 ab
1739 3052 1805 3105 iis

127 3139 246 3193 viris
264 3131 511 3211 quorum
544 3155 649 3194 nec
669 3141 877 3210 scripta
897 3141 1069 3194 latere
1095 3157 1198 3194 nos
1228 3145 1487 3210 possunt,
1521 3145 1576 3195 et
1607 3157 1806 3195 eorum

124 3226 341 3296 ingenia
368 3227 508 3281 talia
550 3227 832 3293 novimus,
866 3232 930 3281 ut
959 3244 1062 3282 nos
1089 3227 1149 3281 in
1179 3244 1380 3282 eorum
1424 3227 1622 3282 litteris
1652 3229 1802 3298 quod

125 3315 392 3383 volumus,
451 3316 784 3370 inventuros
831 3317 1132 3387 desperare
1160 3333 1277 3370 non
1310 3317 1620 3387 possimus:
1653 3333 1802 3386 prae-

126 3403 305 3458 sertim
353 3421 486 3459 cum
539 3405 631 3458 hic
662 3410 794 3458 ante
823 3405 1016 3458 oculos
1046 3409 1272 3458 nostros
1323 3404 1396 3458 sit
1425 3405 1540 3470 ille,
1597 3405 1658 3458 in
1689 3421 1802 3476 quo

126 3491 294 3561 ipsam
326 3493 718 3565 eloquentiam
747 3510 922 3565 quam
951 3498 1240 3548 mortuam
1273 3493 1624 3559 dolebamus,
1668 3510 1804 3564 per—

127 3581 316 3637 fectam
343 3584 610 3639 revixisse
639 3583 1006 3654 cognovimus
1027 3583 1118 3653 (a).
1146 3583 1320 3637 Illene
1344 3600 1448 3636 nos
1477 3583 1641 3649 sinet,
1671 3598 1804 3636 cum

126 3671 332 3742 scriptis
374 3673 494 3726 suis
523 3672 750 3726 vivendi
778 3673 1017 3726 modum
1047 3670 1321 3733 docuerit,
1371 3671 1601 3726 vivendi
1631 3671 1805 3741 igno-

127 3775 237 3814 rare
267 3760 572 3815 naturam?
600 3763 674 3815 Α.
719 3762 842 3815 Non
886 3760 1131 3815 arbitror
1172 3759 1438 3831 equidem
1469 3764 1524 3814 et
1554 3761 1803 3814 multum

127 3847 245 3902 inde
283 3866 471 3919 spero,
516 3849 612 3903 sed
663 3865 846 3904 unum
885 3849 1051 3903 doleo
1084 3850 1235 3921 quod
1284 3850 1370 3902 vel
1401 3865 1537 3919 erga
1584 3835 1662 3915 se',
1714 3849 1803 3904 vel

127 3951 248 4006 erga
277 3937 618 4008 sapientiam
649 3938 901 3992 studium
925 3943 1188 3992 nostrum
1217 3955 1330 3992 non
1351 3937 1403 3991 ei
1430 3943 1494 3991 ut
1516 3938 1802 4007 volumus,

128 4026 362 4080 valemus
392 4026 639 4097 aperire.
681 4028 823 4080 Nam
846 4027 1100 4098 profecto
1131 4027 1229 4080 ille
1260 4027 1630 4081 misereretur
1650 4025 1803 4080 sitim

128 4118 379 4174 nostram.
415 4119 471 4169 et
499 4115 812 4169 exundaret
861 4115 1040 4169 multo
1097 4115 1263 4169 citius
1293 4131 1468 4186 quam
1499 4131 1670 4168 nunc.
1703 4115 1804 4169 Se-

125 4216 277 4256 curus
323 4203 480 4258 enim
507 4207 610 4270 est,
652 4205 804 4274 quod
843 4203 950 4257 sibi
971 4203 1095 4274 jam
1123 4207 1308 4257 totum
1357 4203 1428 4257 de
1458 4202 1665 4256 animm
1695 4202 1804 4256 im-

126 4295 451 4348 mortalitate
504 4293 804 4364 persuasit,
839 4309 943 4348 nec
973 4293 1077 4347 scit
1123 4293 1346 4364 aliquos
1378 4309 1498 4348 esse
1547 4293 1799 4358 fortasse,

125 4381 213 4449 qui
238 4382 407 4453 hujus
427 4382 805 4453 ignorationis
835 4381 1126 4436 miseriam
1148 4382 1283 4436 satis
1311 4385 1721 4453 cognoverunt,
1750 4386 1808 4435 et

125 4470 316 4538 quibus
345 4471 667 4542 praesertim
713 4471 1056 4540 rogantibus
1103 4486 1218 4524 non
1248 4471 1550 4525 subvenire
1579 4471 1805 4525 crudele

127 4557 203 4611 sit.
235 4559 330 4613 Ille
361 4566 556 4614 autem
610 4560 755 4614 alius
810 4559 967 4613 novit
1011 4559 1242 4630 quidem
1279 4575 1382 4630 pro
1420 4559 1805 4613 familiaritate

127 4647 368 4702 ardorem
424 4645 722 4714 nostrum,
761 4648 859 4702 sed
911 4648 990 4701 ita
1026 4648 1198 4718 longe
1229 4647 1407 4713 abest,
1441 4651 1496 4700 et
1525 4647 1604 4700 ita
1654 4662 1807 4700 nunc

127 4736 401 4791 constituti
431 4753 652 4803 sumus,
671 4741 733 4790 ut
760 4737 848 4790 vix
869 4735 940 4790 ad
962 4751 1094 4789 eum
1125 4735 1212 4790 vel
1236 4736 1488 4806 epistolze
1510 4736 1804 4789 mittendae

127 4823 343 4880 facultas
373 4827 446 4880 sit
467 4827 563 4896 (b).
594 4827 772 4890 Quem
799 4826 966 4880 credo
987 4825 1108 4896 jam
1137 4825 1253 4879 otio
1284 4823 1657 4894 Transalpino
1677 4840 1802 4893 per-

126 4910 305 4966 fecisse
332 4930 560 4968 carmen
591 4931 703 4985 quo
744 4913 943 4968 mortis
974 4918 1158 4968 metus
1188 4917 1518 4967 excantatus
1549 4912 1802 4982 effugiat,

127 5004 175 5053 et
214 5001 448 5074 antiqua
493 5002 673 5072 glacie
721 5003 958 5057 duratus
1004 5001 1211 5056 animae
1261 5006 1460 5072 stupor
1507 5001 1804 5071 frigusque

126 5091 371 5158 pellatur.
423 5092 534 5147 Sed
577 5091 806 5146 interim
838 5092 975 5145 dum
1023 5091 1132 5145 ista
1160 5089 1529 5162 proveniunt,
1571 5105 1699 5160 quae
1745 5089 1804 5143 in

128 5185 301 5235 nostra
327 5185 610 5251 potestate
641 5197 755 5236 non
785 5184 936 5247 sunt,
959 5196 1150 5234 nonne
1170 5179 1568 5250 turpissimum
1594 5183 1679 5232 est
1706 5195 1805 5249 pe-

181 5291 603 5363 (a).Ambros_i_us,
621 5297 687 5363 _ut
717 5293 1055 5363 videtur,_qui
1077 5293 1236 5342 libros
1255 5292 1318 5341 de
1345 5292 1539 5363 Officiis
1568 5292 1802 5363 scripsit;

128 5355 171 5417 et
191 5355 269 5403 cui
297 5357 358 5404 ad
407 5355 730 5405 audiendum
762 5354 1115 5417 Augustinum
1151 5368 1260 5403 non
1292 5356 1525 5414 vacabat,
1552 5369 1617 5403 ex
1657 5354 1744 5403 lib.
1777 5356 1806 5401 6

129 5414 280 5481 Comi,
311 5433 424 5481 cap.
457 5421 506 5477 2,
531 5433 582 5481 n7.
607 5421 662 5477 3;
693 5422 744 5481 et
764 5414 876 5480 cap“.
906 5421 978 5481 ll,
1001 5431 1060 5465 n.
1098 5420 1173 5465 18.

182 5478 246 5541 (b)
279 5477 499 5529 Fortean
539 5480 798 5528 Zenobius
827 5477 1056 5542 poetices
1082 5480 1299 5542 peritus,
1348 5478 1412 5528 de
1441 5477 1592 5542 cujus
1617 5492 1805 5542 repen-

129 5538 572 5604 tiua'profectione
604 5542 692 5591 lib.
717 5545 737 5590 l
777 5538 844 5591 de
873 5538 1100 5601 Ordine;
1117 5555 1229 5604 cap.
1259 5544 1305 5590 7.
1335 5555 1388 5590 n.
1414 5544 1492 5589 20.

3517 289 3620 343 898

1919 395 2033 450 rire
2063 398 2245 452 otium
2258 404 2534 468 nostrum,
2554 405 2806 457 ettotum
2827 401 3019 474 ipsum
3043 405 3306 464 animum
3319 424 3387 463 ex
3403 409 3621 466 incerto

1922 484 2157 539 arbitrio
2185 487 2435 556 pendere
2466 490 2784 561 deligatum
2805 493 2835 546 ?

2223 576 2446 631 CAPUT
2483 580 2584 632 XV.
2612 610 2680 619 —
2714 582 2844 635 Veri
2862 585 2912 635 et
2939 583 3075 648 falsi
3101 588 3325 640 natura.

1991 663 2078 714 27.
2116 661 2218 715 Ubi
2248 667 2332 716 est
2361 665 2513 734 quod
2568 667 2745 720 Deum
2776 671 2832 722 et
2859 668 3184 738 rogavimus
3227 675 3282 724 et
3323 688 3614 742 rogamus,

1922 751 1985 800 ut
2013 749 2180 803 nobis
2210 766 2325 804 non
2363 751 2610 822 divitias,
2654 770 2770 808 non
2815 757 3072 826 corporis
3110 759 3452 829 voluptates,
3502 777 3619 814 non

1920 837 2226 907 populares
2255 845 2552 910 suggestus
2583 845 2751 912 atque
2781 843 3046 914 honores,
3089 847 3186 901 sed
3215 847 3467 902 animam
3507 865 3619 902 no-

1919 927 2095 977 stram
2130 941 2305 996 seque
2335 926 2525 997 ipsum
2556 929 2965 999 quaerentibus,
3015 933 3123 987 iter
3151 934 3416 1005 aperiat?
3460 938 3617 990 ltane

1919 1028 2023 1065 nos
2051 1013 2292 1078 deseret,
2327 1021 2425 1070 aut
2448 1033 2482 1070 a
2509 1017 2673 1070 nobis
2703 1017 3039 1074 deseretur?
3069 1023 3148 1076 R.
3187 1023 3616 1079 Alienissimum

1920 1100 2151 1170 quidem
2179 1101 2247 1155 ab
2280 1102 2402 1173 ipso
2433 1109 2519 1157 est
2543 1110 2604 1158 ut
2633 1121 2726 1158 eos
2756 1105 2856 1175 qui
2895 1107 3034 1160 talia
3080 1108 3406 1165 desiderant
3455 1113 3614 1166 dese-

1921 1192 2007 1240 rat
2041 1204 2053 1242 :
2087 1189 2239 1243 unde
2273 1207 2301 1243 a
2333 1191 2497 1245 nobis
2523 1208 2750 1263 quoque
2782 1194 3031 1248 alienum
3053 1212 3172 1250 esse
3203 1197 3370 1252 debet
3398 1204 3459 1252 ut
3490 1206 3615 1253 tan-

1918 1280 2042 1328 tum
2074 1277 2276 1332 ducem
2308 1280 2652 1335 deseramus.
2683 1283 2889 1350 Quare,
2939 1285 2984 1337 si
3031 1285 3234 1355 placet,
3289 1293 3617 1357 repetamus

1917 1363 2165 1418 breviter
2192 1367 2346 1421 unde
2378 1366 2474 1421 illa
2503 1369 2615 1422 duo
2646 1370 2902 1424 confecta
2928 1371 3060 1439 sint,
3101 1377 3201 1427 aut
3230 1390 3454 1444 semper
3498 1393 3617 1430 ma-

1920 1468 2056 1506 nere
2088 1455 2408 1524 veritatem,
2461 1463 2560 1510 aut
2608 1459 2908 1513 veritatem
2955 1476 3074 1514 esse
3106 1460 3124 1494 ¹
3158 1461 3482 1532 disputandi
3526 1481 3615 1518 ra-

1917 1540 2160 1595 tionem.
2203 1544 2331 1596 Haec
2361 1544 2516 1598 enim
2570 1547 2833 1600 vacillare
2889 1548 3102 1616 dixisti,
3150 1567 3263 1621 quo
3294 1553 3485 1606 minus
3515 1569 3620 1606 nos

1915 1629 2085 1684 faciat
2149 1632 2324 1686 totius
2372 1634 2454 1687 rei
2511 1651 2736 1689 summa
2803 1653 3047 1692 securos.
3096 1641 3184 1692 An
3233 1640 3420 1709 potius
3470 1641 3612 1696 illud

1917 1735 2264 1792 quaeremus,
2323 1727 2614 1795 quomodo
2671 1744 2790 1781 esse
2845 1730 3024 1799 possit
3081 1729 3359 1800 imperito
3424 1732 3616 1785 animo

1917 1809 2235 1880 disciplina,
2268 1829 2441 1883 quem
2482 1831 2598 1868 non
2623 1832 2930 1886 possumus
2960 1834 3077 1870 non
3099 1818 3356 1872 animum
3378 1818 3564 1872 dicere
3587 1821 3617 1874 ?

1917 1897 2056 1951 Hinc
2087 1899 2239 1952 enim
2271 1906 2586 1956 commotus
2628 1903 2917 1970 videbare,
2961 1909 3023 1958 ut
3051 1905 3119 1959 de
3150 1905 3263 1959 illis
3293 1922 3423 1976 quae
3469 1923 3612 1960 con-

1916 2001 2182 2054 cesseras,
2217 1989 2477 2044 dubitare
2496 2007 2694 2044 rursus
2724 2008 2949 2046 necesse
2983 1993 3265 2048 fuerit.A.
3293 1995 3613 2050 Imodiscu-

1915 2073 2125 2128 tiamus
2154 2075 2314 2146 prius
2343 2078 2456 2141 illa,
2495 2079 2700 2134 deinde
2729 2081 2835 2134 hoc
2866 2082 3032 2151 quale
3060 2083 3132 2135 sit
3160 2083 3498 2138 videbimus.
3534 2085 3617 2138 Ita

1918 2163 2094 2229 enim,
2125 2169 2190 2218 ut
2217 2164 2442 2235 opinor,
2482 2167 2643 2221 nulla
2659 2169 3039 2222 controversia
3057 2170 3395 2225 remanebit.
3416 2172 3489 2225 R.
3532 2173 3617 2226 Ita

1918 2253 2037 2320 fiat,
2067 2253 2163 2306 sed
2196 2254 2386 2308 adesto
2425 2258 2588 2332 _totus
2635 2262 2804 2327 atque
2857 2257 3236 2312 cautissimus.
3287 2259 3412 2313 Scio
3458 2259 3613 2314 enim

1917 2340 2054 2410 quid
2085 2342 2186 2395 tibi
2210 2343 2437 2398 eveniat
2461 2345 2954 2412 attendenti,dum
2986 2347 3154 2400 nimis
3167 2347 3383 2416 pendes
3404 2348 3463 2402 in
3483 2365 3614 2402 con-

1915 2430 2251 2500 clusionem,
2282 2437 2337 2486 et
2366 2437 2432 2486 ut
2455 2433 2575 2502 jam
2599 2434 2838 2504 jamque
2881 2435 3162 2489 inferatur
3190 2440 3498 2505 exspectas,
3549 2453 3614 2490 ea

1916 2536 2044 2591 quae
2067 2519 2495 2591 interrogantur
2525 2539 2641 2576 non
2662 2523 3296 2592 diligenterexaminata
3321 2525 3607 2581 concedis.

1915 2611 1991 2662 A.
2020 2608 2230 2661 Verum
2259 2609 2496 2663 fortasse
2523 2610 2702 2676 dicis;
2732 2611 2830 2665 sed
2859 2611 3045 2665 enitar
3073 2617 3269 2666 contra
3297 2613 3406 2667 hoc
3435 2629 3614 2683 genus

1915 2695 2098 2749 morbi
2131 2702 2412 2766 quantum
2460 2714 2694 2768 possum
2727 2715 2740 2752 :
2773 2699 2945 2753 modo
2981 2700 3105 2770 jam
3143 2705 3204 2756 tu
3234 2701 3422 2772 incipe
3455 2719 3612 2773 quae-

1914 2799 2061 2849 rere,
2095 2801 2166 2837 ne
2207 2786 2512 2854 supertluis
2542 2786 2946 2845 immoremur.

1985 2875 2074 2927 28.
2104 2874 2178 2928 R.
2240 2875 2311 2926 Ex
2360 2891 2446 2939 eo,
2499 2880 2778 2945 quantum
2835 2876 3096 2942 memini,
3145 2878 3442 2933 veritatem
3496 2896 3610 2934 non

1913 2977 2081 3032 posse
2111 2961 2346 3015 interire
2377 2963 2782 3032 conclusimus,
2815 2965 2968 3034 quod
3014 2981 3130 3019 non
3159 2967 3342 3020 solum
3387 2968 3432 3021 si
3461 2972 3612 3022 totus

1914 3049 2163 3102 mundus
2191 3049 2450 3114 intereat,
2486 3056 2584 3104 sed
2607 3051 2778 3105 etiam
2806 3052 2852 3104 si
2873 3052 2996 3122 ipsa
3020 3052 3246 3120 veritas,
3277 3070 3476 3108 verum
3500 3056 3612 3110 erit

1915 3142 1969 3192 et
1998 3138 2276 3193 mundum
2304 3143 2360 3193 et
2388 3140 2683 3194 veritatem
2705 3141 2992 3196 interisse.
3023 3141 3176 3197 Nihil
3197 3147 3388 3197 autem
3410 3161 3608 3198 verum

1915 3227 2036 3280 sine
2065 3228 2302 3282 veritate
2336 3245 2348 3282 :
2383 3229 2542 3282 nullo
2572 3228 2743 3283 modo
2796 3229 2974 3299 igitur
3019 3231 3213 3285 interit
3257 3231 3482 3288 veritas.
3528 3237 3609 3287 Α.

1913 3319 2172 3386 Agnosco
2202 3317 2330 3384 ista,
2363 3322 2419 3371 et
2443 3318 2690 3372 multum
2719 3318 2900 3372 miror
2930 3319 2976 3372 si
3007 3319 3147 3373 falsa
3175 3325 3322 3375 sunt.
3359 3323 3432 3376 R.
3463 3323 3610 3391 Ergo

1913 3405 2054 3459 illud
2083 3407 2326 3460 alterum
2355 3406 2665 3460 videamus.
2688 3410 2764 3461 Α.
2798 3407 2932 3462 Sine
2963 3424 3055 3462 me
3083 3409 3388 3479 paululum
3417 3411 3605 3464 consi-

1911 3493 2130 3560 derare,
2166 3510 2266 3548 oro
2283 3499 2360 3563 te,
2383 3510 2456 3548 ne
2485 3494 2596 3548 huc
2617 3494 2827 3548 iterum
2853 3497 3097 3566 turpiter
3125 3498 3376 3552 redeam.
3411 3499 3485 3552 R.
3514 3500 3610 3552 Er-

1913 3597 2064 3652 gone
2093 3582 2353 3636 interisse
2384 3583 2682 3637 veritatem
2712 3599 2910 3637 verum
2940 3600 3058 3638 non
3083 3585 3236 3639 erit?
3264 3584 3322 3639 Si
3353 3602 3468 3640 non
3507 3587 3615 3641 erit

1912 3686 2134 3737 verum,
2168 3686 2278 3724 non
2308 3686 2443 3740 ergo
2475 3671 2690 3725 interit.
2737 3672 2796 3725 Si
2851 3689 3049 3726 verum
3089 3673 3214 3741 erit,
3274 3674 3427 3728 unde
3483 3681 3615 3745 post

1913 3775 2172 3813 occasum
2201 3759 2454 3813 veritatis
2485 3775 2684 3813 verum
2715 3759 2844 3826 erit,
2875 3776 3004 3814 cum
3045 3761 3166 3830 jam
3211 3763 3419 3816 veritas
3453 3764 3612 3817 nulla

1913 3847 2037 3902 est?
2055 3850 2135 3902 Α.
2168 3847 2318 3901 Nihil
2349 3847 2531 3902 habeo
2559 3847 2700 3918 quid
2721 3848 2850 3917 plus
2877 3848 3122 3919 cogitem
3153 3853 3324 3921 atque
3354 3851 3613 3906 conside-

1913 3952 2073 4003 rem;
2114 3952 2288 4007 perge
2327 3935 2398 3990 ad
2429 3935 2603 3992 aliud.
2646 3937 2806 3990 Certe
2851 3937 3142 4004 faciemus,
3168 3944 3446 4009 quantum
3470 3956 3608 4010 pos-

1917 4041 2134 4094 sumus,
2164 4029 2228 4079 ut
2253 4025 2401 4080 docti
2439 4029 2610 4095 atque
2652 4025 2959 4094 prudentes
2990 4025 3099 4080 viri
3158 4028 3352 4098 legant
3379 4028 3522 4096 hac,
3555 4034 3613 4084 et

1913 4119 2186 4180 nostram,
2220 4114 2267 4167 si
2296 4129 2410 4184 qua
2439 4118 2542 4180 est,
2575 4113 2864 4184 corrigant
2889 4115 3272 4170 temeritatem
3310 4133 3323 4171 :
3353 4132 3487 4172 nam
3519 4133 3611 4171 me

1912 4218 2017 4257 nec
2044 4203 2233 4269 modo,
2262 4218 2368 4256 nec
2424 4202 2731 4274 aliquando
2783 4203 3030 4258 arbitror
3086 4205 3222 4275 quid
3269 4210 3472 4260 contra
3503 4207 3610 4260 hoc

1914 4291 2134 4346 dicatur
2160 4307 2326 4362 posse
2356 4291 2634 4346 invenire.

1985 4384 2075 4434 29.
2106 4381 2180 4434 R.
2218 4380 2642 4452 Numquidnam
2672 4397 2808 4452 ergo
2855 4381 3065 4436 dicitur
3103 4383 3328 4451 veritas,
3359 4383 3471 4438 nisi
3500 4400 3615 4456 qua

1917 4484 2116 4522 verum
2149 4473 2236 4522 est
2263 4468 2545 4539 quidquid
2575 4460 2776 4523 verum
2804 4473 2933 4524 est?
2976 4471 3046 4524 Α.
3082 4471 3247 4524 Nullo
3289 4471 3490 4526 modo.
3526 4474 3605 4527 R.

1916 4557 2343 4626 Numquidnam
2373 4561 2522 4611 recte
2574 4557 2780 4612 dicitur
2803 4573 3024 4624 verum,
3054 4559 3166 4613 nisi
3197 4561 3350 4630 quod
3384 4577 3497 4614 non
3531 4566 3617 4616 est

1915 4645 2121 4699 falsum
2139 4647 2168 4698 ‘2
2197 4649 2250 4699 Α
2267 4687 2279 4700 .
2322 4645 2462 4699 Hinc
2490 4662 2624 4700 vero
2655 4647 2913 4701 dubitare
2935 4648 3221 4702 dementia
3235 4653 3335 4703 est.
3360 4651 3435 4705 R.
3466 4652 3614 4705 Num

1914 4733 2119 4786 falsum
2143 4749 2259 4787 non
2280 4738 2364 4788 est
2390 4735 2544 4805 quod
2569 4735 2638 4789 ad
2661 4735 3097 4790 similitudinem
3129 4737 3368 4809 alicujus
3398 4755 3616 4794 accom-

1917 4823 2206 4876 modatum
2239 4827 2343 4890 est,
2375 4839 2560 4893 neque
2593 4823 2648 4878 id
2679 4828 2868 4877 tamen
2910 4829 2996 4879 est
3027 4826 3188 4896 cujus
3221 4826 3404 4882 simile
3435 4844 3613 4898 appa-

1915 4914 2002 4963 ret
2026 4912 2055 4963 ?
2082 4913 2158 4964 Α.
2184 4910 2331 4964 Nihil
2347 4911 2578 4980 quidem
2594 4912 2751 4965 aliud
2777 4911 2938 4966 video
2953 4913 3103 4985 quod
3118 4914 3390 4970 libentius
3407 4915 3613 4970 falsum

1914 5014 2127 5052 vocem.
2159 4999 2264 5053 Sed
2291 5002 2483 5053 tamen
2528 4999 2672 5054 solet
2714 4999 2920 5054 falsum
2968 5002 3099 5072 dici,
3153 5003 3325 5058 etiam
3372 5003 3526 5074 quod
3580 5021 3613 5057 a

1914 5087 2030 5140 veri
2059 5087 2431 5141 similitudine
2461 5088 2659 5158 longet
2683 5089 2860 5145 abest.
2892 5091 2966 5145 R.
2999 5091 3136 5155 Quis
3160 5097 3368 5162 negat;
3393 5092 3490 5145 sed
3519 5095 3612 5144 ta-

1913 5191 2047 5230 men
2079 5176 2228 5247 quod
2262 5175 2468 5230 habeat
2495 5177 2566 5230 ad
2591 5194 2788 5232 verum
2819 5181 3159 5235 nonnullam
3204 5180 3606 5234 imitationem.

1913 5268 1989 5318 Α.
2033 5265 2326 5328 Quomodo
2349 5266 2376 5319 ‘I
2399 5266 2522 5320 Non
2545 5267 2699 5321 enim
2723 5283 2854 5322 cum
2877 5268 3105 5335 dicitur,
3132 5267 3346 5336 junctis
3378 5265 3610 5320 alitibus

1915 5353 2197 5424 anguibus
2226 5353 2478 5409 Medeam
2499 5357 2729 5420 volasse,
2758 5358 2874 5410 ulla
2902 5373 2964 5410 ex
2987 5361 3144 5426 parte
3174 5371 3262 5408 res
3287 5353 3394 5408 ista
3409 5370 3608 5409 verum

1916 5441 2212 5511 imitatur;
2243 5443 2459 5515 quippe
2487 5461 2615 5516 quae
2646 5446 2804 5500 nulla
2833 5445 2924 5512 sit,
2978 5461 3084 5499 nec
3129 5441 3342 5496 imitari
3391 5442 3609 5515 aliquid

1981 5541 1995 5574 ¹
2031 5539 2300 5590 Induobus
2353 5541 2495 5604 Mss.,
2523 5545 2619 5594 aut
2650 5543 2944 5593 veritatem
2971 5551 3079 5589 non
3108 5550 3233 5588 esse.
