4058 6364
449 273 553 327 899

450 390 628 462 possit
653 406 721 444 ea
750 405 836 444 res
864 403 994 458 quae
1039 385 1274 440 omnino
1331 400 1443 440 non
1488 384 1577 440 sit.
1623 386 1697 440 R.
1745 386 1912 439 Recte
1964 383 2139 449 dicis;

451 479 545 533 sed
573 494 689 531 non
718 475 963 530 attendis
991 491 1117 529 eam
1144 491 1265 528 rem
1299 489 1426 544 qum
1477 473 1713 527 omnino
1748 474 1905 526 nulla
1943 472 2034 537 sit,
2069 488 2139 525 ne

448 565 654 620 falsum
686 563 918 634 quidem
949 578 1113 632 posse
1145 561 1273 615 dici.
1385 560 1537 614 enim
1570 560 1774 614 falsum
1807 564 1907 626 est,
1941 565 2026 613 est
2052 577 2065 613 :
2096 559 2141 612 si

446 669 558 708 non
592 656 696 722 est,
728 667 844 706 non
871 656 955 706 est
982 651 1188 704 falsum
1214 648 1252 702 ¹.
1288 652 1364 704 Α.
1397 651 1519 703 Non
1555 665 1691 719 ergo
1721 649 1973 704 dicemus
1999 648 2094 699 ὶιιιι
2125 649 2136 696 l

449 741 518 796 de
550 741 760 806 Medea,
793 740 981 793 nescio
1012 739 1162 809 quod
1217 744 1559 804 monstrum,
1607 740 1815 792 falsum
1864 753 1984 791 esse
2010 739 2136 790 VR.

449 830 569 884 Non
599 829 835 899 utique;
870 843 1001 880 nam
1034 827 1082 880 si
1113 827 1320 880 falsum
1351 832 1455 892 est,
1490 827 1778 897 quomodo
1824 830 2142 880 monstrum

449 917 700 973 est’?A.
732 915 926 971 Miram
960 932 1080 969 rem
1112 914 1310 970 video:
1343 915 1497 970 itane
1526 915 1754 969 tandem
1786 930 1916 968 cum
1945 913 2136 980 audio,

629 1005 840 1066 Angues
865 1003 1108 1066 ingentes
1141 1004 1290 1052 alites
1315 1004 1528 1066 junctos
1547 1003 1696 1066 jugo.

1009 1085 1192 1153 (Poeta
1229 1084 1379 1153 apud
1400 1085 1532 1150 Cic.,
1559 1083 1623 1136 de
1651 1084 1857 1137 Inveni.
1885 1099 1926 1150 ι,
1960 1081 2067 1151 19.)

445 1190 562 1228 non
596 1173 721 1228 dico
751 1172 962 1226 falsum
984 1175 1012 1226 ‘P
1041 1174 1114 1227 R.
1153 1172 1299 1226 Dicis
1328 1171 1499 1241 plane
1532 1188 1544 1225 :
1581 1177 1663 1224 est
1690 1169 1844 1224 enim
1871 1170 2021 1240 quod
2042 1170 2140 1224 fal-

444 1278 568 1316 sum
603 1279 722 1316 esse
751 1261 921 1316 dicas.
967 1263 1040 1315 Α.
1101 1261 1269 1326 Quid,
1323 1261 1564 1330 quaso?
1610 1261 1684 1314 R.
1735 1260 1896 1313 Illam
1927 1258 2142 1313 scilicet

440 1349 779 1405 sententiam
819 1366 949 1420 quas
980 1349 1101 1420 ipso
1146 1365 1310 1404 versu
1343 1349 1696 1403 enuntiatur.
1758 1350 1836 1402 Α.
1869 1349 1935 1402 Et
1960 1363 2134 1418 quam

444 1439 677 1494 tandem
705 1439 877 1493 habet
905 1439 1010 1491 ista
1032 1437 1404 1492 imitationem
1428 1437 1585 1491 veri?
1610 1437 1844 1500 R.Quia
1874 1435 2139 1489 similiter

445 1527 855 1594 enuntiaretur,
887 1524 1110 1580 etiamsi
1142 1541 1274 1580 vere
1304 1524 1443 1579 illud
1485 1524 1678 1578 Medea
1726 1523 1964 1576 fecisset.
1998 1521 2134 1576 lmi-

442 1619 596 1670 tatur
633 1631 767 1684 ergo
823 1615 946 1684 ipsa
991 1613 1383 1668 enuntiatione
1427 1627 1588 1666 veras
1637 1610 1946 1665 sententias
2000 1611 2137 1664 falsa

445 1703 746 1758 sententia.
778 1703 914 1767 Qua:
944 1702 990 1755 si
1015 1718 1132 1755 non
1153 1700 1421 1766 creditur,
1454 1716 1520 1754 eo
1545 1700 1664 1754 solo
1689 1698 1945 1752 imitatur
1975 1714 2136 1752 veras

445 1792 601 1863 quod
627 1792 705 1845 ita
733 1791 958 1855 dicitur,
993 1795 1191 1860 estque
1216 1793 1440 1842 tantum
1480 1787 1640 1854 falsa,
1670 1803 1786 1840 non
1819 1785 1992 1840 etiam
2029 1785 2136 1840 fal-

442 1881 584 1935 lens.
619 1881 676 1934 Si
699 1883 890 1951 autem
911 1878 1082 1933 ﬁdem
1102 1878 1387 1947 impetrat,
1417 1875 1675 1929 imitatur
1698 1873 1869 1928 etiam
1895 1874 2136 1928 creditas

441 1984 618 2022 veras.
652 1970 727 2021 Α,
763 1968 886 2020 Jam
933 1965 1189 2035 intelligo
1221 1965 1469 2017 multum
1521 1963 1794 2017 interesse
1847 1962 1996 2016 inter
2038 1961 2136 2015 illa

439 2071 568 2125 quae
601 2053 863 2119 dicimus,
896 2052 1062 2106 etilla
1090 2051 1158 2105 de
1179 2050 1387 2121 quibus
1412 2049 1653 2104 dicimus
1674 2049 1886 2120 aliquid
1910 2066 1922 2115 ;
1957 2064 2133 2119 quare

433 2143 557 2212 jam
603 2141 916 2195 assentior:
963 2155 1096 2193 nam
1143 2139 1253 2193 hoc
1299 2139 1419 2192 solo
1467 2138 1791 2204 revocabor,
1855 2136 2134 2207 quidquid

438 2230 647 2284 falsum
678 2229 919 2284 dicimus
948 2244 1066 2281 non
1095 2232 1244 2280 recte
1272 2226 1402 2289 dici,
1436 2226 1544 2279 nisi
1576 2227 1781 2280 habeat
1811 2225 1929 2278 veri
1959 2225 2132 2279 alicu-

431 2318 525 2388 jus
555 2314 1107 2378 imitationem.Quis
1133 2315 1285 2368 enim
1316 2313 1566 2384 lapidem
1597 2313 1800 2366 falsum
1834 2316 2132 2381 argentum

441 2423 560 2460 esse
593 2406 786 2461 dicens
823 2421 936 2458 non
983 2405 1114 2473 jure
1159 2403 1461 2456 rideatur?
1491 2408 1678 2455 tamen
1727 2401 1772 2455 si
1822 2400 2130 2472 quisquam

439 2494 686 2564 lapidem
726 2498 1026 2564 argentum
1075 2508 1194 2546 esse
1242 2491 1410 2555 dicat,
1462 2489 1704 2544 dicimus
1762 2489 1970 2542 falsum
2000 2504 2130 2541 cum

437 2581 643 2646 dicere,
675 2581 735 2636 id
779 2586 864 2634 est
908 2581 1106 2634 falsam
1153 2580 1405 2651 proferre
1435 2578 1794 2633 sententiam.
1847 2578 2128 2631 Stannum

439 2673 628 2724 autem
660 2671 743 2724 vel
775 2669 1074 2740 plumbum
1102 2685 1220 2722 non
1251 2668 1514 2733 absurde,
1560 2671 1625 2720 ut
1661 2666 1889 2737 opinor,
1924 2665 2131 2719 falsum

434 2763 739 2828 argentum
771 2773 1056 2824 vocamus,
1093 2758 1246 2827 quod
1269 2756 1335 2825 id
1366 2772 1454 2809 res
1486 2757 1610 2826 ipsa
1644 2755 1801 2808 velut
1839 2753 2126 2808 imitatur:

439 2863 623 2917 neque
645 2863 711 2901 ex
740 2863 808 2902 eo
837 2846 979 2900 falsa
998 2850 1083 2900 est
1112 2850 1308 2900 nostra
1328 2844 1628 2911 sententia,
1652 2843 1750 2897 sed
1770 2842 1911 2896 illud
1941 2841 2130 2914 ipsum

435 2936 503 2989 de
535 2951 646 3006 quo
679 2935 1022 2989 enuntiatur.

503 3025 727 3078 CAPUT
759 3025 894 3080 XVI.
928 3055 995 3063 —
1023 3024 1114 3078 An
1141 3024 1363 3076 meliora
1391 3022 1716 3076 deteriorum
1752 3022 2058 3076 nominibus

1061 3123 1246 3176 vocari
1264 3123 1494 3189 possint.

502 3212 588 3264 30.
622 3211 696 3263 Β.
728 3210 878 3263 Bene
902 3207 1194 3279 intelligis.
1231 3208 1340 3262 Sed
1367 3207 1508 3262 illud
1529 3207 1677 3275 vide,
1725 3211 1917 3262 utrum
1951 3211 2007 3260 et
2042 3223 2128 3260 ar-

435 3301 669 3366 gentum
702 3297 829 3350 falsi
875 3296 1096 3366 plumbi
1138 3295 1372 3350 nomine
1416 3299 1793 3366 congruenter
1843 3295 2129 3365 appellare

431 3384 734 3455 possimus.
775 3386 851 3438 Α.
885 3386 1007 3438 Non
1046 3383 1186 3438 mihi
1223 3383 1422 3453 placet.
1459 3385 1538 3438 R.
1572 3383 1714 3446 Quid
1745 3383 1824 3438 ita
1849 3385 1877 3437 ‘2
1901 3385 1982 3437 Α.
2020 3384 2128 3437 Ne-

433 3472 547 3526 scio
574 3489 588 3540 ;
620 3471 732 3526 nisi
757 3471 900 3526 illud
926 3471 1111 3539 video,
1141 3473 1510 3526 vehementer
1539 3476 1737 3525 contra
1777 3472 2124 3526 voluntatem

431 3576 618 3615 meam
652 3559 780 3615 dici.
813 3561 886 3618 R.
922 3561 1070 3614 Num
1097 3560 1242 3614 forte
1294 3565 1596 3630 propterea
1637 3561 1792 3630 quod
1826 3564 2127 3629 argentum

431 3649 637 3703 melius
666 3652 768 3714 est,
831 3653 887 3702 et
931 3647 1094 3719 quasi
1139 3648 1198 3702 in
1251 3647 1660 3702 contumeliam
1708 3648 1829 3718 ejus
1878 3647 2123 3714 dicitur;

430 3737 655 3808 plumbi
683 3742 876 3792 autem
897 3736 1131 3808 quidam
1169 3736 1324 3790 velut
1352 3737 1536 3790 honor
1564 3739 1666 3802 est,
1702 3735 1748 3788 si
1776 3736 1999 3805 [falsum
2029 3753 2127 3790 ar-

431 3834 666 3898 gentum
699 3825 1033 3882 vocetur?A
1051 3869 1064 3882 .
1099 3828 1337 3880 Prorsus
1359 3824 1814 3896 explicastiquod
1840 3825 2121 3882 volebam.

433 3918 498 3971 Et
524 3917 654 3972 ideo
676 3917 844 3971 credo
875 3915 1000 3986 jure
1017 3915 1258 3969 infames
1285 3913 1745 3984 intestabilesque
1775 3912 1994 3980 haberi,
2026 3913 2127 3984 qui

429 4005 699 4060 muliebri
726 4005 924 4059 habitu
957 4019 1014 4057 se
1045 4007 1352 4069 ostentant,
1387 4019 1529 4073 quos
1558 4001 1745 4056 nescio
1774 4006 1972 4056 utrum
2010 4002 2122 4056 fal-

428 4111 517 4148 sas
546 4093 839 4158 mulieres,
871 4109 942 4146 an
974 4093 1141 4146 falsos
1169 4092 1318 4146 viros
1346 4091 1550 4146 melius
1580 4107 1794 4144 vocem.
1829 4092 2000 4145 Veros
2038 4095 2122 4145 ta-

429 4197 562 4235 men
607 4180 931 4248 histriones,
979 4195 1254 4249 verosque
1303 4180 1542 4233 infames
1589 4179 1712 4232 sine
1768 4178 2124 4234 dubitatione

426 4285 733 4339 possumus
763 4283 963 4321 vocare
989 4283 1002 4332 ;
1037 4271 1152 4329 aut,
1188 4266 1233 4319 si
1256 4267 1430 4320 latent
1449 4283 1552 4320 nec
1567 4265 1777 4320 infame
1808 4267 2123 4338 quidquam

429 4355 538 4410 nisi
562 4373 594 4410 a
626 4354 783 4425 turpi
814 4356 966 4408 fama
995 4354 1343 4420 nominatur,
1389 4371 1550 4408 veros
1577 4371 1821 4425 nequam
1857 4371 1971 4409 non
2002 4356 2123 4410 sine

427 4444 664 4498 veritate
696 4443 956 4506 dicimus,
993 4447 1054 4496 ut
1082 4441 1302 4512 opinor.
1335 4444 1408 4496 R.
1441 4443 1601 4496 Alius
1633 4443 1789 4496 locus
1819 4443 1984 4498 nobis
2017 4445 2126 4500 erit

429 4530 498 4585 de
529 4529 649 4584 istis
680 4530 849 4584 rebus
878 4530 1418 4585 disserendizmulta
1439 4530 1593 4584 enim
1625 4531 1790 4598 fiunt,
1819 4534 2124 4603 quaequesi

426 4619 570 4673 facie
596 4618 861 4690 populari
891 4619 1079 4689 turpia
1110 4619 1396 4688 videntur,
1428 4620 1618 4690 aliquo
1649 4625 1840 4674 tamen
1872 4621 2121 4677 ﬁnelau-

427 4707 603 4762 debili
655 4707 897 4761 honesta
925 4712 1328 4763 monstrantur.
1366 4710 1432 4763 Et
1479 4725 1687 4778 magna
1733 4709 1976 4779 qumstio
2042 4712 2124 4762 est

424 4799 615 4850 utrum
632 4795 831 4866 patriae
861 4796 1166 4851 liberandae
1187 4813 1354 4851 causa
1371 4797 1636 4852 muliebri
1657 4797 1848 4851 tunica
1867 4797 2120 4864 indutus,

427 4883 630 4938 debeat
657 4884 879 4938 hostem
910 4884 1191 4954 decipere,
1226 4886 1331 4939 hoc
1348 4885 1472 4956 ipso
1495 4903 1608 4956 quo
1626 4885 1835 4940 mulier
1865 4885 2005 4939 falsa
2026 4885 2118 4953 sit,

423 4973 660 5026 fortasse
688 4971 876 5024 verior
905 4972 990 5025 vir
1017 4974 1242 5027 futurus
1273 4992 1289 5026 :
1323 4978 1380 5028 et
1412 4978 1603 5028 utrum
1633 4973 1863 5045 sapiens
1896 4974 1996 5046 qui
2025 4975 2122 5028 ali-

424 5077 540 5132 quo
573 5059 744 5114 modo
759 5065 974 5113 certum
988 5061 1579 5116 habeatnecessariam
1607 5063 1727 5116 fore
1758 5063 1932 5116 vitam
1956 5079 2119 5116 suam

422 5149 594 5204 rebus
623 5147 911 5216 humanis,
940 5149 1102 5202 malit
1143 5150 1324 5204 emori
1370 5150 1600 5221 frigore,
1649 5167 1821 5221 quam
1858 5151 2119 5205 femineis

486 5263 500 5295 ¹
533 5259 618 5308 Sic
645 5259 813 5308 nostri
843 5258 964 5306 Mss.
995 5257 1079 5306 Sic
1098 5259 1254 5306 etiam
1277 5259 1397 5307 Mss.
1428 5258 1581 5320 Angl.
1614 5259 1679 5308 At
1709 5261 1832 5308 Lov.
1857 5274 1869 5308 :
1900 5264 1952 5308 Si
1977 5263 2117 5310 enim

410 5321 622 5383 faLsum
657 5325 757 5376 est.
787 5333 900 5370 non
927 5322 1000 5370 est
1025 5323 1099 5368 :si
1125 5323 1221 5378 est,
1252 5325 1469 5383 nonest
1497 5319 1720 5383 falsum.

481 5385 502 5418 9
522 5385 605 5432 Sic
630 5383 861 5432 melioris
889 5387 1029 5431 note:
1060 5383 1180 5431 Mss.
1213 5383 1278 5430 At
1313 5382 1458 5444 prius
1479 5381 1681 5444 vulgati
1710 5383 1908 5432 habent
1938 5399 1950 5432 :
1983 5387 2119 5434 Nam

416 5444 466 5495 si
492 5445 696 5509 factum
719 5444 1104 5508 est,'quomodo
1145 5444 1347 5507 falsum
1374 5447 1490 5496 est?
1522 5446 1576 5494 Si
1618 5456 1728 5495 non
1779 5449 1858 5497 est
1887 5444 2114 5509 factum,

416 5507 676 5570 quomodo
702 5507 992 5558 monstrum
1023 5509 1096 5557 est
1115 5509 1138 5555 ?

1633 261 1783 315 SOLI
1795 260 2205 327 LOQUIORUM
2246 259 2300 314 S.
2346 257 2701 315 AUGUSTIN
2707 258 2727 311 Ι

3851 261 3953 314 900

2252 381 2518 448 vestibus,
2553 381 2599 435 si
2627 380 2782 436 aliud
2817 395 2932 434 non
2961 379 3054 449 sit,
3089 380 3331 436 amiciri.
3362 381 3470 437 Sed
3500 381 3570 437 de
3592 381 3724 450 hoc,
3756 386 3823 436 ut
3864 381 3950 435 di-

2251 476 2404 525 ctum
2436 474 2536 532 est,
2560 469 2698 523 alias
2729 469 3065 524 videbimus.
3095 469 3349 524 Profecto
3372 470 3526 525 enim
3547 470 3734 525 cernis
3765 487 3950 542 quan-

2251 563 2323 612 tae
2353 557 2740 628 inquisitionis
2768 555 3042 627 indigeat,
3089 564 3368 627 quatenus
3405 557 3513 610 ista
3542 558 3815 628 progredi
3853 558 3950 612 de-

2256 647 2442 712 beant,
2472 661 2546 699 ne
2576 645 2637 699 in
2664 644 2940 716 quasdam
2962 644 3370 699 inexcusabiles
3388 645 3776 717 turpitudines
3807 646 3954 700 deci-

2251 735 2436 789 datur.
2471 736 2628 788 Nunc
2663 738 2853 788 autem
2877 734 3025 804 quod
3056 733 3324 803 praesenti
3354 734 3658 804 quaestioni
3686 733 3821 788 satis
3842 740 3949 798 est,

2244 823 2363 892 jam
2397 827 2532 893 puto
2564 838 2857 892 apparere,
2889 838 3076 892 neque
3109 821 3358 876 dubitari
3414 839 3530 876 non
3561 838 3683 877 esse
3739 823 3948 877 falsum

2250 911 2566 982 quidquam
2595 910 2708 964 nisi
2737 911 2856 964 veri
2886 910 3076 981 aliqua
3104 910 3445 965 imitatione.

2250 1000 2474 1053 CAPUT
2504 999 2665 1053 XVII.
2711 1027 2779 1037 —
2808 1000 2950 1054 Num
2993 999 3209 1066 aliquid
3245 1014 3313 1052 ea:
3343 1001 3491 1054 omni
3525 1003 3687 1068 parte
3732 1000 3945 1066 falsum

2884 1089 2956 1140 sit
2982 1091 3077 1141 aut
3099 1102 3302 1141 rerum.

2320 1178 2402 1229 3t.
2433 1177 2511 1230 Α.
2555 1174 2915 1230 Proficiscere
2941 1175 3009 1229 ad
3040 1175 3288 1246 reliqua;
3327 1191 3459 1230 nam
3487 1175 3597 1230 hoc
3626 1175 3770 1230 mihi
3800 1177 3947 1231 bene

2247 1279 2584 1334 persuasum
2621 1268 2722 1318 est.
2755 1266 2820 1319 R.
2854 1264 2999 1333 Ergo
3047 1263 3191 1318 illud
3243 1280 3458 1335 quaero,
3508 1268 3706 1318 utrum
3734 1270 3949 1336 prteter

2249 1351 2576 1421 disciplinas
2605 1351 2813 1422 quibus
2861 1350 3176 1417 erudimur,
3209 1356 3265 1405 et
3293 1351 3500 1422 quibus
3531 1353 3704 1406 etiam
3753 1353 3945 1423 ipsum

2248 1439 2499 1493 studium
2531 1439 2823 1510 sapientia:
2864 1439 3232 1494 annumerari
3253 1438 3431 1505 decet,
3462 1441 3746 1510 possimus
3775 1441 3944 1512 quid-

2248 1543 2420 1597 quam
2451 1526 2531 1580 ita
2559 1543 2758 1582 verum
2789 1527 3067 1594 invenire,
3100 1528 3252 1599 quod
3293 1545 3412 1582 non
3440 1528 3587 1583 sicut
3634 1528 3945 1583 theatrieus

2245 1616 2488 1670 Achilles
2518 1632 2582 1670 ex
2612 1616 2806 1687 aliqua
2835 1621 2995 1686 parte
3024 1617 3234 1671 falsum
3263 1617 3354 1683 sit,
3386 1621 3451 1671 ut
3496 1633 3563 1671 ex
3597 1617 3710 1670 alia
3738 1634 3943 1671 verum

2247 1720 2365 1758 esse
2385 1704 2602 1774 possit?
2623 1704 2696 1759 A.
2718 1704 2853 1758 Mihi
2868 1705 3132 1760 videntur
3150 1705 3332 1760 multa
3352 1704 3619 1759 inveniri.
3643 1706 3766 1760 Non
3787 1705 3944 1760 enim

2245 1792 2559 1862 disciplinae
2590 1792 2763 1847 istum
2787 1793 3002 1847 habent
3027 1793 3297 1864 lapidem,
3325 1810 3430 1848 nec
3449 1798 3662 1859 tamen,
3686 1799 3748 1848 ut
3773 1811 3942 1848 verus

2245 1880 2316 1935 sit
2346 1881 2515 1952 lapis,
2546 1881 2802 1936 imitatur
2821 1880 3041 1952 aliquid
3069 1881 3381 1936 secundum
3412 1881 3565 1953 quod
3587 1882 3762 1936 falsus
3794 1883 3942 1938 dica-

2244 1973 2357 2023 tur.
2394 1970 2512 2033 Quo
2542 1986 2654 2023 uno
2681 1976 3149 2038 commemorato,
3183 1970 3340 2025 vides
3360 1971 3482 2041 jam
3501 1971 3940 2026 innumerabili-

2243 2055 2349 2109 bus
2379 2056 2860 2126 supersedendum
2884 2073 3026 2124 esse,
3060 2073 3188 2128 qua;
3219 2062 3419 2128 sponte
3451 2063 3749 2112 occurrant
3777 2058 3934 2128 cogi-

2243 2143 2514 2198 tantibus.
2562 2147 2627 2200 R.
2670 2144 2840 2199 Video
2882 2161 3148 2216 prorsus.
3168 2146 3278 2200 Sed
3307 2163 3498 2200 nonne
3530 2146 3635 2200 tibi
3670 2147 3935 2201 videntur

2243 2247 2359 2285 uno
2385 2231 2638 2302 corporis
2669 2232 2906 2287 nomine
2948 2233 3207 2287 includi?
3247 2235 3320 2288 A.
3361 2233 3722 2297 Viderentur,
3763 2235 3812 2289 si
3842 2239 3940 2289 aut

2243 2319 2413 2374 inane
2443 2320 2585 2375 nihil
2617 2337 2737 2375 esse
2766 2325 2984 2375 certum
3013 2321 3303 2387 haberem,
3334 2327 3430 2376 aut
3459 2322 3647 2392 ipsum
3679 2323 3938 2377 animum

2243 2409 2388 2462 inter
2405 2425 2642 2479 corpora
2659 2408 3083 2464 numerandum
3098 2409 3426 2476 arbitrarer,
3451 2415 3548 2464 aut
3560 2411 3731 2464 etiam
3758 2413 3936 2465 Deum

2243 2513 2447 2566 corpus
2473 2497 2708 2568 aliquod
2737 2513 2858 2552 esse
2886 2499 3194 2553 crederem.
3227 2498 3362 2563 Quae
3388 2499 3582 2552 omnia
3610 2499 3656 2553 si
3687 2505 3842 2569 sunt,
3868 2501 3938 2554 ad

2244 2585 2455 2640 nullius
2485 2585 2868 2641 imitationem
2894 2586 3032 2640 falsa
3055 2591 3110 2642 et
3139 2603 3272 2641 vera
3293 2604 3412 2642 esse
3439 2587 3622 2642 video.
3649 2591 3712 2642 It.
3738 2591 3803 2644 In
3821 2589 3940 2644 lon-

2243 2691 2381 2744 gum
2399 2690 2504 2728 nos
2528 2673 2727 2744 mittis,
2750 2674 2846 2728 sed
2867 2679 2994 2729 utar
3016 2680 3291 2746 quantum
3314 2692 3544 2746 possum
3562 2675 3931 2745 compendio.

2243 2762 2404 2817 Certe
2435 2762 2590 2816 enim
2622 2763 2774 2818 aliud
2808 2767 2890 2817 est
2909 2763 3065 2834 quod
3094 2763 3263 2817 inane
3291 2765 3562 2834 appellas,
3595 2764 3750 2818 aliud
3785 2765 3937 2836 quod

2241 2849 2559 2904 veritatem.
2588 2853 2671 2905 A.
2712 2851 2901 2921 Longe
2933 2851 3108 2906 aliud.
3138 2851 3287 2916 Quid
3316 2851 3468 2905 enim
3497 2868 3587 2906 me
3615 2852 3869 2920 inanius,
3895 2853 3936 2905 si

2239 2937 2536 2992 veritatem
2578 2938 2748 2992 inane
2799 2938 3013 3010 aliquid
3045 2943 3207 3009 puto,
3250 2944 3346 2993 aut
3386 2944 3680 3010 tantopere
3713 2939 3932 3010 aliquid

2242 3025 2411 3080 inane
2442 3029 2692 3096 appeto?
2721 3025 2869 3090 Quid
2889 3026 3043 3080 enim
3072 3026 3224 3081 aliud
3256 3044 3428 3098 quam
3453 3028 3751 3082 veritatem
3783 3028 3932 3083 inve-

2240 3116 2364 3170 nire
2393 3116 2691 3171 desidero?
2720 3119 2785 3172 Β.
2823 3117 2967 3186 Ergo
2999 3121 3056 3170 et
3095 3115 3237 3171 illud
3268 3117 3503 3171 fortasse
3533 3118 3816 3185 concedis,
3848 3118 3938 3172 ni-

2240 3205 2322 3260 hil
2355 3221 2550 3258 verum
2581 3221 2702 3259 esse
2732 3205 2883 3274 quod
2915 3221 3034 3259 non
3079 3205 3314 3259 veritate
3347 3206 3447 3260 fiat
3494 3211 3560 3261 ut
3610 3223 3811 3261 verum
3840 3207 3933 3261 sit.

2240 3297 2313 3349 Α.
2341 3295 2465 3348 Jam
2497 3295 2606 3348 hoc
2635 3294 2773 3349 olim
2801 3294 3168 3348 manifestum
3199 3299 3299 3349 est.
3328 3297 3394 3351 Β.
3426 3296 3574 3350 Num
3604 3295 3830 3350 dubitas
3854 3297 3940 3350 ni-

2240 3382 2321 3436 hil
2352 3399 2472 3436 esse
2494 3382 2662 3436 inane
2692 3387 2902 3453 praeter
2928 3382 3120 3452 ipsum
3149 3382 3342 3452 inane,
3372 3387 3472 3437 aut
3497 3387 3645 3436 certe
3694 3382 3940 3454 corpus?

2243 3473 2582 3526 A.Prorsus
2607 3488 2724 3526 non
2772 3471 2988 3526 dubito.
3046 3474 3110 3526 Β.
3163 3471 3380 3542 Opinor
3433 3487 3590 3543 ergo,
3637 3471 3938 3526 veritatem

2240 3577 2445 3631 corpus
2476 3576 2596 3614 esse
2634 3560 2866 3631 aliquod
2912 3560 3112 3614 credis.
3146 3561 3218 3614 A.
3252 3560 3418 3614 Nullo
3461 3561 3653 3615 modo.
3688 3563 3752 3616 It.
3786 3560 3938 3624 Quid

2238 3648 2300 3702 in
2329 3647 2610 3719 corpore?
2641 3651 2717 3702 Α.
2749 3647 2980 3716 Nescio;
3014 3647 3157 3701 nihil
3186 3648 3258 3702 ad
3295 3664 3453 3703 rem:
3485 3648 3734 3702 arbitror
3777 3648 3938 3703 enim

2237 3737 2324 3791 vel
2355 3737 2498 3792 illud
2524 3742 2577 3791 te
2608 3736 2770 3803 scire,
2791 3736 2838 3792 si
2867 3741 2949 3791 est
2964 3737 3154 3804 inane,
3179 3737 3363 3808 magis
3380 3737 3522 3792 illud
3544 3754 3662 3792 esse
3687 3737 3784 3791 ubi
3807 3739 3942 3791 nul-

2237 3825 2359 3880 lum
2383 3826 2460 3880 ‘sit
2489 3843 2712 3896 corpus.
2743 3828 2810 3881 R.
2837 3827 2952 3880 Hoc
2981 3842 3117 3880 sane
3146 3826 3384 3896 planum
3414 3830 3518 3882 est.
3554 3829 3629 3880 Α.
3664 3825 3806 3890 Quid
3829 3825 3939 3896 igi-

2237 3915 2332 3965 tur
2358 3910 2773 3966 immoramur?
2799 3913 2870 3966 Β.
2896 3913 2984 3966 An
3010 3911 3113 3967 tibi
3135 3911 3454 3966 autveritas
3482 3911 3706 3966 videtur
3732 3911 3939 3966 fecisse

2235 3999 2428 4065 inane,
2459 4005 2556 4054 aut
2589 3999 2804 4070 aliquid
2830 4015 3030 4054 verum
3060 4017 3181 4054 esse
3203 4000 3303 4055 ubi
3331 3999 3538 4054 veritas
3567 4015 3685 4054 non
3705 3998 3816 4052 sit?
3840 4001 3929 4053 Α.

2237 4089 2363 4143 Non
2393 4088 2638 4143 videtur.
2668 4091 2732 4144 It.
2768 4089 2893 4142 Non
2931 4092 3014 4143 est
3043 4105 3180 4160 ergo
3209 4087 3382 4143 inane
3411 4103 3632 4156 verum,
3664 4086 3800 4157 quia
3837 4102 3939 4140 ne-

2235 4194 2348 4248 que
2377 4177 2448 4231 ab
2476 4193 2541 4231 eo
2570 4177 2722 4248 quod
2753 4176 2924 4232 inane
2944 4189 3072 4231 “non
3124 4180 3226 4244 est,
3259 4177 3427 4231 inane
3458 4175 3584 4230 fieri
3630 4180 3842 4246 potest:
3878 4179 3937 4228 et

2236 4265 2391 4336 quod
2420 4265 2655 4319 veritate
2679 4270 2853 4332 caret,
2889 4282 3087 4319 verum
3123 4282 3237 4320 non
3268 4281 3389 4320 esse
3418 4265 3782 4319 manifestum
3815 4268 3930 4330 est;

2235 4359 2290 4409 et
2321 4353 2556 4408 omnino
2578 4354 2766 4426 ipsum
2789 4355 2942 4425 quod
2963 4354 3134 4408 inane
3156 4354 3382 4421 dicitur,
3416 4371 3485 4409 ex
3513 4370 3580 4408 eo
3605 4353 3758 4425 quod
3786 4353 3936 4407 nihil

2234 4442 2308 4496 sit
2331 4441 2566 4496 dicitur.
2607 4442 2904 4506 Quomodo
2934 4442 3110 4513 igitur
3139 4447 3326 4514 potest
3368 4459 3566 4497 verum
3613 4459 3733 4496 esse
3777 4442 3934 4512 quod

2237 4547 2347 4584 non
2381 4532 2506 4584 est?
2538 4536 2639 4584 aut
2663 4531 2950 4601 quomodo
2978 4535 3166 4601 potest
3195 4547 3313 4585 esse
3344 4531 3498 4602 quod
3527 4531 3754 4601 penitus
3785 4529 3935 4584 nihil

2234 4619 2355 4672 est?
2385 4620 2456 4672 Α.
2498 4621 2617 4689 Age
2653 4635 2823 4686 nunc,
2856 4619 3026 4673 inane
3057 4623 3330 4690 tanquam
3359 4620 3526 4673 inane
3567 4619 3924 4675 deseramus.

2518 4707 2744 4761 CAPUT
2770 4708 2953 4762 XVIII.
2985 4738 3048 4750 —
3071 4708 3163 4762 An
3191 4723 3312 4761 vere
3330 4710 3403 4762 sit
3433 4723 3644 4776 corpus.

2305 4797 2390 4849 32.
2429 4797 2490 4849 Β.
2525 4795 2672 4858 Quid
2715 4795 2784 4850 de
2822 4795 3042 4849 caeteris
3073 4795 3253 4849 dicis?
3280 4799 3357 4850 A.
3409 4795 3557 4860 Quid
3587 4795 3646 4849 ‘?
3676 4799 3738 4851 Β.
3770 4795 3934 4859 Quod

2231 4881 2389 4936 vides
2416 4882 2558 4936 mihi
2587 4883 2900 4953 plurimum
2944 4883 3261 4954 suffragari.
3297 4884 3489 4938 Restat
3519 4883 3674 4937 enim
3703 4883 3934 4937 animus

2232 4974 2286 5024 et
2309 4971 2477 5037 Deus,
2522 4987 2651 5041 quae
2685 4971 2795 5024 duo
2825 4970 2870 5023 si
2899 4975 3204 5042 propterea
3232 4988 3363 5026 vera
3407 4976 3539 5026 sunt
3567 4972 3721 5042 quod
3751 4972 3813 5026 in
3840 4971 3936 5025 his

2232 5064 2315 5112 est
2343 5059 2570 5121 veritas,
2603 5060 2672 5114 de
2704 5059 3134 5115 immortalitate
3166 5060 3268 5116 Dei
3296 5076 3466 5115 nemo
3513 5059 3754 5114 dubitat.
3789 5059 3936 5115 Ani-

2228 5163 2354 5200 mus
2377 5151 2566 5201 autem
2590 5146 2928 5201 immortalis
2949 5148 3219 5216 creditur,
3247 5149 3294 5202 si
3316 5149 3521 5203 veritas
3545 5164 3674 5219 quae
3697 5149 3936 5202 interire

2226 5250 2341 5288 non
2371 5239 2576 5304 potest,
2612 5235 2781 5288 etiam
2811 5235 2873 5289 in
2893 5237 2990 5290 illo
3019 5253 3140 5291 esse
3165 5239 3460 5308 probatur.
3499 5238 3682 5302 Quare
3706 5237 3831 5308 jam
3862 5237 3935 5292 il-

2226 5321 2324 5376 lud
2353 5321 2623 5377 ultimum
2650 5321 2965 5395 videamus,
2995 5329 3192 5380 utrum
3214 5341 3419 5397 corpus
3439 5341 3557 5380 non
3578 5325 3652 5379 sit
3671 5342 3804 5379 vere
3833 5342 3934 5380 ve-

2298 5445 2412 5494 1Er.
2440 5445 2569 5495 Ven.
2592 5447 2736 5513 Lo_v.:
2763 5447 2900 5513 Quid
2920 5447 3034 5513 nisi
3045 5447 3186 5513 quod
3201 5447 3364 5513 vides,
3383 5461 3492 5499 non
3515 5448 3812 5513 interrupto
3825 5463 3938 5498 ser-

2229 5520 2386 5556 mone
2409 5521 2577 5569 usque
2608 5508 2669 5558 ad
2701 5511 2886 5561 verba:
2918 5508 3068 5563 Πηᾱὸ
3088 5511 3209 5562 scis.
3243 5512 3308 5561 M.
