4058 6356
150 291 235 342 901
1566 281 1778 340 LIBER
1819 280 2213 339 SECUNDUS.

150 425 287 474 rum,
320 407 375 462 id
406 410 489 462 est
511 422 628 459 non
667 405 728 460 in
757 421 824 459 eo
855 405 928 460 sit
960 403 1184 471 veritas,
1228 405 1326 459 sed
1367 404 1528 475 quasi
1568 405 1832 476 quaedam

151 499 325 567 imago
355 495 622 548 veritatis.
657 495 800 548 Nam
831 494 878 546 si
907 497 962 547 et
991 493 1050 546 in
1081 509 1338 562 corpore.
1364 494 1516 564 quod
1551 493 1685 546 satis
1713 510 1834 548 cer-

151 591 260 640 tum
292 589 376 638 est
413 583 665 653 recipere
707 583 1020 646 interitum,
1055 583 1167 636 tale
1198 598 1393 635 verum
1423 582 1832 649 invenerimus,

151 676 305 745 quale
335 679 420 726 est
456 673 517 726 in
549 671 881 741 disciplinis,
926 688 1039 725 non
1065 671 1337 725 continuo
1368 671 1476 724 erit
1505 671 1835 742 disputandi

153 761 437 830 disciplina
481 760 706 824 veritas,
748 777 861 830 qua
903 777 1100 814 omnes
1147 775 1293 813 verm
1333 763 1466 813 sunt
1501 760 1830 829 disciplinae.

155 851 344 903 Verum
369 854 455 903 est
472 849 625 902 enim
647 853 702 902 et
722 863 928 918 corpus
951 847 1103 918 quod
1127 864 1238 902 non
1263 848 1485 902 videtur
1508 849 1835 918 disputandi

154 938 353 991 ratione
393 952 513 990 esse
557 936 885 990 formatum.
919 936 975 990 Si
1004 952 1138 989 vero
1171 939 1225 989 et
1272 952 1478 1006 corpus
1517 937 1835 992 imitatione

153 1027 330 1096 aliqua
358 1041 554 1078 verum
589 1029 689 1086 est,
723 1029 780 1078 et
807 1025 878 1078 ob
912 1025 1021 1078 hoc
1050 1041 1167 1078 non
1197 1025 1269 1078 ad
1298 1025 1584 1096 liquidum
1615 1041 1833 1092 verum,

155 1113 280 1168 nihil
311 1112 417 1166 erit
442 1113 675 1167 fortasse
702 1113 857 1182 quod
877 1112 1154 1183 impediat
1174 1112 1502 1182 disputandi
1534 1113 1834 1179 rationem,

155 1200 446 1272 quominus
473 1201 594 1271 ipsa
623 1201 827 1254 veritas
849 1216 968 1254 esse
997 1201 1284 1254 doceatur.
1313 1201 1383 1254 A.
1417 1200 1648 1254 Interim
1680 1217 1836 1271 qua!-

157 1306 330 1343 ramus
366 1289 436 1343 de
473 1305 743 1360 corpore;
785 1305 917 1342 nam
949 1305 1021 1343 ne
1058 1288 1166 1342 hoc
1201 1288 1430 1358 quidem
1465 1305 1595 1342 cum
1627 1290 1836 1343 consti-

156 1378 293 1442 terit,
314 1377 476 1432 video
500 1377 668 1431 istam
690 1377 1140 1431 controversium
1167 1377 1550 1432 terminatam.
1581 1381 1644 1432 Η.
1683 1379 1838 1432 Unde

156 1466 250 1519 scis
293 1465 431 1536 quid
471 1465 603 1518 velit
648 1467 836 1518 Deus?
869 1467 1066 1535 Itaque
1105 1465 1365 1519 attende:
1399 1481 1531 1518 nam
1566 1481 1672 1534 ego
1699 1471 1837 1536 puto

157 1570 345 1625 corpus
366 1555 559 1624 aliqua
593 1554 777 1607 forma
807 1558 862 1607 et
891 1554 1075 1624 specie
1105 1553 1406 1619 contineri,
1439 1570 1612 1624 quam
1643 1555 1690 1608 si
1724 1571 1839 1609 non

155 1643 375 1696 haberet
396 1658 604 1711 corpus
649 1659 761 1695 non
802 1649 984 1707 esset;
1019 1642 1067 1695 si
1105 1657 1298 1695 veram
1329 1642 1584 1710 haberet,
1616 1643 1841 1698 animus

157 1736 308 1785 esset.
341 1734 426 1786 An
453 1730 618 1784 aliter
646 1731 960 1800 putandum
994 1730 1115 1784 est?
1143 1731 1214 1784 A.
1247 1731 1540 1784 Assentior
1569 1731 1628 1785 in
1656 1737 1837 1801 parte,

157 1821 218 1872 de
247 1824 448 1873 caetero
493 1819 720 1885 dubito;
755 1834 906 1884 nam,
944 1818 1050 1871 nisi
1093 1823 1355 1872 teneatur
1395 1819 1587 1889 aliqua
1634 1820 1838 1890 figura,

157 1925 347 1978 corpus
390 1925 508 1963 non
557 1924 677 1962 esse
722 1908 988 1961 concedo.
1038 1907 1333 1971 Quomodo
1381 1913 1591 1973 autem,
1631 1909 1678 1962 si
1713 1926 1839 1964 eam

156 2011 332 2048 veram
360 1996 617 2061 haberet,
675 1995 898 2048 animus
943 2000 1106 2060 esset,
1156 2012 1270 2049 non
1303 1995 1439 2049 satis
1466 1997 1739 2066 intelligo.
1773 2001 1835 2054 It.

164 2083 370 2138 Nihilne
400 2083 626 2138 tandem
658 2085 725 2138 de
763 2084 936 2154 primi
967 2083 1097 2138 libri
1149 2084 1404 2150 exordio,
1434 2089 1490 2138 et
1520 2086 1586 2138 de
1623 2086 1720 2138 illa
1744 2091 1842 2140 tua

159 2173 493 2240 geometrica
529 2172 882 2226 recordaris?
920 2175 988 2227 Α.
1034 2174 1179 2226 Bene
1220 2174 1716 2240 commemorasti;
1751 2191 1839 2229 re-

160 2260 343 2314 cordor
370 2277 626 2331 prorsus,
660 2277 724 2314 ac
754 2260 1146 2314 libentissime.
1181 2264 1244 2316 Β..
1282 2261 1517 2315 Talesne
1547 2261 1605 2315 in
1635 2278 1841 2332 corpo-

162 2349 303 2402 ribus
322 2348 522 2419 tiguree
547 2349 938 2416 inveniuntur,
964 2349 1160 2419 quales
1182 2349 1280 2402 illa
1297 2349 1596 2419 disciplina
1611 2351 1842 2405 demon-

161 2437 326 2490 strat?
359 2438 430 2492 A.
481 2439 600 2491 Imo
644 2437 975 2492 incredibile
1016 2442 1099 2490 est
1144 2442 1355 2508 quanto
1385 2437 1693 2492 deteriores
1722 2456 1842 2494 esse

159 2525 572 2580 convincuntur.
617 2529 679 2579 Β,
714 2526 860 2589 Quas
902 2541 1037 2596 ergo
1063 2524 1300 2578 istarum
1331 2541 1489 2579 veras
1519 2529 1729 2596 putas?
1756 2529 1834 2582 Α.

162 2615 230 2665 .\'e
259 2630 471 2684 quaso,
505 2614 677 2667 etiam
709 2613 852 2668 istuc
874 2629 964 2666 me
995 2613 1468 2683 interrogandum
1490 2618 1673 2683 putes.
1708 2615 1844 2678 Quis

159 2701 297 2754 enim
327 2706 519 2755 mente
554 2707 669 2755 tam
715 2718 894 2755 caecus
927 2706 1010 2755 est
1039 2702 1135 2772 qui
1167 2718 1284 2756 non
1313 2702 1521 2770 videat,
1551 2703 1685 2756 istas
1714 2721 1842 2774 quae

161 2790 210 2843 in
234 2791 573 2859 geometrica
601 2791 898 2856 docentur,
930 2790 1185 2844 habitare
1218 2790 1278 2844 in
1304 2791 1428 2861 ipsa
1455 2792 1713 2861 veritate,
1747 2799 1845 2846 aut

161 2875 210 2930 in
237 2878 319 2931 his
347 2878 519 2932 etiam
548 2878 875 2945 veritatem;
907 2878 1032 2932 illas
1059 2895 1190 2933 vero
1226 2878 1477 2950 corporis
1503 2880 1735 2950 ﬁguras,
1768 2881 1840 2934 si-

156 2966 368 3035 quidem
411 2966 574 3038 quasi
620 2967 686 3020 ad
729 2967 862 3020 istas
900 2967 1134 3020 tendere
1170 2967 1457 3035 videntur,
1501 2969 1712 3022 habere
1745 2985 1842 3022 ne-

154 3055 256 3107 scio
278 3072 447 3126 quam
489 3055 870 3109 imitationem
907 3056 1178 3119 veritatis,
1217 3056 1441 3122 etideo
1481 3057 1648 3110 falsas
1675 3060 1840 3112 esse?

151 3144 262 3197 Jam
291 3145 442 3198 enim
474 3149 661 3198 totum
708 3144 847 3198 illud
875 3144 1030 3214 quod
1059 3145 1360 3199 ostendere
1391 3145 1720 3200 moliebaris
1751 3146 1837 3200 in—

153 3232 355 3302 telligo.

232 3320 450 3374 CAPUT
489 3320 621 3376 XIX.
657 3349 725 3360 —
755 3323 969 3376 Veritas
1000 3321 1324 3376 immortalis
1346 3322 1532 3388 arguit
1560 3321 1753 3374 anima:

739 3411 1040 3463 immortali
1045 3414 1205 3463 tatem
1218 3450 1231 3463 .

215 3499 295 3551 33.
325 3497 549 3562 R.Quid
579 3513 712 3568 ergo
735 3497 855 3567 jam
897 3515 1040 3568 Opus
1075 3502 1161 3551 est
1191 3501 1252 3552 ut
1286 3498 1356 3552 de
1395 3497 1693 3568 disciplina
1722 3497 1839 3552 dis-

153 3586 448 3653 putationis
491 3586 888 3656 requiramus?
927 3587 1052 3640 Sive
1097 3587 1253 3640 enim
1289 3587 1489 3656 ﬁgura:
1535 3587 1838 3656 geometri-

151 3690 221 3725 cm
250 3673 307 3726 in
333 3673 591 3740 veritate,
625 3675 740 3728 sive
787 3675 847 3729 in
895 3675 976 3728 eis
1006 3675 1210 3729 veritas
1258 3675 1350 3742 sit,
1401 3675 1593 3730 anima
1623 3679 1838 3744 nostra,

152 3759 202 3814 id
230 3767 310 3816 est
335 3762 719 3832 intelligentia
750 3768 962 3827 nostra,
993 3763 1274 3816 contineri
1298 3779 1466 3817 nemo
1493 3762 1752 3832 ambigit,
1777 3780 1840 3816 ac

151 3866 242 3919 per
261 3851 362 3904 hoc
403 3851 464 3905 in
505 3855 699 3905 nostro
742 3851 936 3906 animo
978 3852 1149 3905 etiam
1197 3851 1402 3905 veritas
1441 3867 1562 3906 esse
1594 3850 1834 3921 cogitur.

151 3939 297 4000 Quod
326 3940 372 3992 si
415 3939 690 4010 qumlibet
734 3940 1034 4010 disciplina
1079 3940 1158 3994 ita
1205 3945 1287 3994 est
1332 3940 1393 3993 in
1449 3938 1662 4004 animo,
1697 3943 1760 3992 ut
1779 3938 1838 3992 in

149 4028 387 4098 subjecto
428 4028 914 4100 inseparabiliter,
956 4045 1061 4083 nec
1089 4029 1325 4082 interire
1360 4027 1566 4082 veritas
1608 4031 1839 4097 potest;

149 4116 290 4184 quid,
316 4135 530 4187 qumso,
561 4118 630 4172 de
666 4119 843 4172 animi
876 4123 1153 4189 perpetua
1173 4118 1302 4184 vita,
1325 4117 1517 4171 nescio
1548 4133 1660 4188 qua
1684 4132 1836 4170 mor-

148 4205 210 4256 tis
237 4205 617 4259 familiaritate
650 4206 1019 4261 dubitamus?
1050 4211 1136 4260 An
1166 4207 1265 4260 illa
1294 4206 1446 4258 linea
1476 4205 1564 4258 vel
1595 4205 1837 4275 quadra-

148 4295 262 4344 tura
287 4294 373 4346 vel
403 4291 723 4346 rotunditas
753 4293 963 4346 habent
991 4293 1102 4346 alia
1131 4309 1259 4362 quas
1287 4291 1588 4346 imitentur
1617 4297 1680 4346 ut
1707 4308 1838 4345 vera

145 4377 282 4431 sint?
333 4381 403 4434 A.
452 4380 622 4432 Nullo
659 4380 828 4433 modo
862 4379 920 4432 id
971 4395 1204 4449 possum
1247 4379 1496 4440 credere,
1541 4378 1662 4449 nisi
1692 4379 1838 4432 forte

147 4466 289 4521 aliud
313 4468 384 4522 sit
409 4467 564 4522 linea
584 4484 759 4538 quam
779 4467 1076 4538 longitudo
1101 4467 1222 4520 sine
1254 4467 1574 4533 latitudine,
1599 4466 1656 4521 Et
1683 4467 1836 4521 aliud

146 4555 371 4609 circulus
400 4573 575 4627 quam
610 4555 763 4610 linea
793 4557 1179 4611 circumducta
1207 4556 1462 4626 undique
1487 4556 1557 4609 ad
1580 4556 1834 4610 medium

144 4645 429 4713 :nqualiter
470 4660 730 4714 vergens.
762 4648 828 4700 Β.
871 4644 1016 4708 Quid
1063 4659 1199 4713 ergo
1229 4643 1600 4698 cunctamur?
1624 4647 1712 4698 An
1736 4645 1836 4698 ubi

144 4728 240 4784 ista
262 4737 410 4798 sunt,
443 4733 654 4785 veritas
679 4749 795 4786 non
824 4736 945 4786 est?
965 4735 1035 4787 Α.
1061 4735 1293 4786 Avertat
1326 4734 1470 4786 Deus
1500 4733 1832 4787 amentiam.

145 4819 198 4870 It.
221 4820 304 4873 An
327 4820 630 4888 disciplina
646 4836 762 4874 non
783 4826 867 4874 est
883 4821 942 4874 in
964 4821 1195 4874 animo?
1214 4821 1287 4874 A.
1311 4820 1446 4884 Quis
1462 4822 1570 4874 hoc
1593 4821 1835 4876 dixerit?

145 4907 197 4959 Π.
221 4907 324 4961 Sed
349 4909 498 4962 forte
520 4914 724 4979 potest,
741 4909 1063 4964 intereunte
1077 4909 1352 4979 subjecto,
1371 4909 1428 4962 id
1451 4908 1605 4980 quod
1627 4908 1686 4962 in
1709 4909 1835 4963 sub-

137 4994 274 5062 jecto
298 5003 382 5051 est
404 4999 782 5068 permanere?
796 5000 865 5052 A.
884 4999 1120 5062 Quando
1138 4997 1279 5052 mihi
1301 4998 1405 5051 hoc
1423 4997 1836 5067 persuadetur?

142 5085 196 5136 It.
231 5085 422 5140 Restat
452 5090 517 5139 ut
549 5086 767 5141 occidat
800 5086 1024 5140 veritas.
1057 5087 1128 5142 A.
1163 5085 1319 5140 Unde
1359 5085 1482 5139 fieri
1515 5086 1739 5155 potest?
1767 5089 1830 5140 R.

141 5171 474 5228 Immortalis
504 5179 590 5229 est
613 5175 789 5245 igitur
809 5174 1000 5228 anima
1025 5191 1037 5228 :
1062 5175 1296 5244 jamjam
1318 5173 1484 5228 crede
1515 5173 1832 5228 rationibus

141 5260 263 5330 tuis,
285 5263 454 5317 crede
477 5262 732 5331 veritati;
757 5265 962 5317 clamat
982 5268 1039 5317 et
1059 5262 1118 5315 in
1135 5267 1188 5316 te
1207 5279 1326 5316 esse
1347 5262 1627 5328 habitare,
1651 5266 1707 5315 et
1728 5262 1831 5316 im-

142 5352 429 5405 mortalem
454 5350 599 5416 esse,
620 5367 726 5404 nec
741 5351 848 5405 sibi
865 5367 1026 5404 suam
1047 5350 1238 5410 sedem
1254 5366 1614 5421 quacumque
1635 5366 1833 5420 corpo-

141 5435 209 5489 ris
230 5444 413 5493 morte
434 5454 602 5508 posse
623 5438 883 5493 subduci.
910 5440 1177 5492 Avertere
1197 5439 1269 5492 ab
1291 5439 1493 5493 umbra
1511 5443 1628 5499 tua,
1649 5454 1830 5492 rever-

142 5527 248 5582 tere
278 5526 449 5596 inte;
483 5527 675 5582 nullus
723 5531 808 5582 est
853 5525 1116 5582 interitus
1155 5529 1306 5589 tuus,
1339 5526 1448 5581 nisi
1488 5526 1730 5582 oblitum
1773 5529 1828 5580 te

3534 295 3638 346 902

1941 421 2062 460 sese
2083 407 2234 476 quod
2263 406 2494 461 interire
2520 424 2635 462 non
2655 408 2856 479 possis.
2891 411 2959 464 A.
2995 411 3203 480 Audio,
3234 414 3522 484 resipisco,
3546 435 3635 473 re-

1941 495 2126 548 colere
2157 494 2384 565 incipio.
2407 496 2532 562 Sed,
2566 513 2779 567 quaaso,
2813 499 2910 552 illa
2940 515 3070 569 quae
3105 506 3320 556 restant
3348 507 3634 574 expedias,

1944 583 2230 654 quomodo
2254 583 2314 636 in
2337 584 2528 638 animo
2551 585 2837 656 imperito,
2871 603 2989 641 non
3011 589 3164 642 enim
3184 606 3316 644 eum
3341 595 3639 650 mortalem

1942 672 2128 725 dicere
2159 688 2481 742 possumus,
2515 674 2812 744 disciplina
2844 682 2900 730 et
2921 677 3126 730 veritas
3161 694 3281 732 esse
3314 679 3636 751 intelligan-

1943 765 2053 813 tur.
2087 763 2148 814 R.
2178 761 2346 814 Aliud
2383 761 2492 814 ista
2533 764 2770 832 quaestio
2801 766 3067 819 volumen
3099 767 3404 835 desiderat,
3433 771 3477 822 si
3511 787 3636 824 eam

1945 848 2026 901 vis
2057 847 2283 901 tractari
2312 839 2615 918 diligenter
2639 866 2652 902 :
2679 851 2846 904 simul
2865 857 2922 905 et
2940 852 3034 906 illa
3057 869 3206 923 quae,
3239 861 3300 908 ut
3320 856 3638 924 potuimus,

1944 935 2279 1006 investigata
2307 942 2459 1003 sunt,
2505 939 2851 993 recensenda
2899 941 3002 994 tibi
3029 958 3149 995 esse
3187 942 3378 1010 video;
3428 946 3565 1015 quia
3594 948 3642 1000 si

1944 1022 2086 1076 nihil
2119 1040 2320 1078 eorum
2361 1042 2488 1095 quas
2519 1042 2784 1080 concessa
2828 1032 2962 1081 sunt
2986 1029 3224 1084 dubium
3248 1037 3354 1095 est,
3391 1035 3637 1087 multum

1946 1127 2047 1164 nos
2077 1112 2258 1181 egisse
2296 1113 2563 1177 arbitror,
2608 1131 2711 1168 nec
2749 1131 2878 1170 cum
2911 1131 3086 1185 parva
3113 1119 3410 1175 securitate
3435 1126 3640 1176 caetera

1947 1215 2225 1269 quaerere.

1949 1289 2172 1341 CAPUT
2212 1289 2314 1342 XX.
2360 1319 2429 1328 -——
2471 1290 2732 1354 Quaedam
2775 1307 2905 1345 vera
2949 1293 3235 1360 credimus,
3280 1297 3526 1363 quadam
3555 1316 3638 1354 re-

2019 1378 2332 1443 cordamur;
2383 1378 2629 1445 quaedam
2674 1395 2766 1433 nec
2809 1395 2987 1449 sensu,
3037 1397 3128 1434 nec
3180 1383 3496 1450 phantasia,
3550 1387 3643 1440 sed

2021 1469 2229 1518 tantum
2256 1467 2462 1519 ratione
2487 1466 2978 1534 deprehenduntur.

2021 1554 2107 1606 34.
2138 1555 2208 1607 Α.
2246 1555 2326 1607 Ita
2355 1558 2442 1607 est
2480 1559 2542 1608 ut
2572 1555 2730 1621 dicis,
2760 1560 2816 1609 et
2843 1556 3173 1628 obtempero
3202 1563 3503 1633 praeceptis
3533 1565 3644 1618 tuis

1949 1641 2146 1695 libens.
2183 1641 2293 1696 Sed
2331 1642 2469 1696 illud
2507 1643 2708 1697 saltem
2737 1643 3062 1714 impetrem,
3101 1652 3413 1718 antequam
3445 1653 3643 1706 termi-

1949 1746 2091 1783 num
2135 1729 2414 1784 volumini
2463 1736 2696 1797 statuas,
2746 1738 2809 1785 ut
2846 1732 2984 1803 quid
3022 1733 3247 1789 intersit
3272 1736 3422 1791 inter
3447 1755 3639 1796 veram

1948 1817 2214 1887 ﬁguram,
2261 1833 2390 1887 quas
2427 1817 2804 1888 intelligentia
2842 1819 3186 1889 continetur,
3217 1829 3275 1877 et
3311 1840 3438 1879 eam
3468 1843 3641 1898 quam

1949 1905 2056 1958 sibi
2095 1904 2261 1976 ﬁngit
2298 1904 2586 1975 cogitatio,
2637 1923 2764 1977 quae
2807 1923 2990 1978 graece
3034 1909 3149 1962 sive
3191 1912 3493 1980 phantasia
3529 1917 3645 1972 sive

1948 1992 2347 2062 phantasmata
2375 1992 2600 2060 dicitur,
2627 1995 2873 2048 breviter
2901 2013 3167 2066 exponas.
3203 2001 3263 2054 Β.
3299 2001 3411 2054 Iioc
3437 2005 3645 2073 quaeris

1950 2082 2103 2151 quod
2133 2081 2322 2135 videre
2354 2082 2462 2135 nisi
2490 2083 2899 2138 mundissimus
2923 2101 3043 2138 non
3067 2091 3268 2156 potest.
3303 2093 3356 2142 et
3382 2091 3455 2143 ad
3485 2094 3646 2161 cujus

1950 2170 2034 2223 rei
2065 2169 2340 2224 visionem
2385 2187 2590 2241 parum
2628 2189 2686 2225 es
2724 2173 3089 2240 exercitatus;
3135 2192 3320 2246 neque
3361 2195 3514 2234 nunc
3543 2198 3648 2251 per

1951 2257 2087 2312 istos
2117 2257 2384 2313 circuitus
2405 2260 2558 2314 aliud
2580 2276 2754 2329 quam
2783 2261 3247 2317 exercitationem
3280 2270 3458 2333 tuam,
3485 2273 3550 2322 ut
3579 2269 3644 2322 il-

1951 2345 2050 2400 lud
2070 2346 2262 2400 videre
2285 2347 2359 2400 sis
2380 2347 2640 2413 idoneus,
2663 2365 2999 2420 operamur:
3021 2355 3214 2405 tamen
3233 2353 3504 2409 interesse
3524 2359 3648 2426 plu-

1953 2435 2164 2489 rimum
2196 2436 2487 2506 quomodo
2527 2437 2702 2507 possit
2730 2438 2938 2505 doceri,
2987 2439 3220 2493 fortasse
3248 2441 3496 2498 breviter
3524 2446 3645 2515 pla-

1952 2540 2094 2576 num
2121 2525 2281 2578 facio.
2314 2527 2416 2579 Fac
2447 2525 2600 2579 enim
2633 2531 2686 2580 te
2709 2527 2926 2598 aliquid
2957 2544 3078 2581 esse
3099 2529 3362 2595 oblitum,
3394 2533 3646 2604 aliosque

1953 2617 2006 2666 te
2038 2613 2179 2666 velle
2223 2613 2386 2684 quasi
2436 2613 2496 2667 in
2543 2615 2882 2669 memoriam
2927 2633 3212 2673 revocare.
3272 2619 3474 2675 Dicunt
3513 2639 3649 2693 ergo

1953 2700 2036 2753 illi
2061 2717 2073 2753 :
2113 2701 2540 2771 Numquidnam
2562 2703 2670 2756 hoc
2689 2708 2793 2771 est,
2816 2708 2914 2757 aut
2933 2703 3113 2758 illud?
3139 2705 3359 2760 diversa
3388 2711 3541 2765 velut
3570 2711 3650 2764 si-

1953 2787 2112 2842 milia
2143 2789 2513 2859 proferentes.
2541 2791 2621 2843 Tu
2650 2807 2782 2845 vero
2805 2808 2908 2845 nec
2927 2792 3070 2846 illud
3102 2794 3256 2848 vides
3276 2797 3431 2865 quod
3459 2815 3648 2854 recor-

1955 2874 2077 2927 dari
2108 2875 2287 2945 cupis,
2323 2879 2380 2928 et
2402 2879 2593 2929 tamen
2625 2877 2780 2931 vides
2808 2894 2923 2931 non
2953 2879 3060 2932 hoc
3094 2895 3213 2933 esse
3245 2885 3394 2951 quod
3420 2883 3642 2940 dicitur.

1953 2962 2379 3033 Numquidnam
2409 2963 2512 3017 tibi
2539 2980 2668 3017 cum
2689 2964 2792 3018 hoc
2816 2965 3020 3033 evenit,
3047 2967 3202 3020 omni
3226 2969 3395 3024 modo
3425 2971 3648 3027 videtur

1951 3051 2201 3105 oblivio?
2232 3053 2372 3105 Nam
2402 3052 2523 3122 ipsa
2552 3052 2834 3119 discretio,
2857 3070 2970 3124 qua
3001 3071 3115 3108 non
3144 3055 3464 3112 admittitur
3492 3062 3641 3130 quod

1950 3140 2090 3194 falso
2134 3139 2480 3209 admoneris,
2522 3157 2652 3211 pars
2690 3143 2956 3212 quaedam
2985 3144 3391 3199 recordationis
3433 3153 3535 3204 est.
3571 3151 3640 3205 A.

1951 3230 2034 3282 Ita
2063 3228 2305 3282 videtur.
2329 3231 2392 3283 Β.
2425 3229 2586 3282 Tales
2609 3245 2743 3299 ergo
2769 3230 3025 3284 nondum
3046 3248 3246 3286 verum
3269 3234 3495 3303 vident;
3528 3237 3649 3292 falli

1951 3321 2143 3372 tamen
2165 3316 2462 3388 decipique
2494 3333 2609 3370 non
2642 3323 2911 3388 possunt;
2944 3322 2999 3371 et
3027 3319 3166 3389 quid
3201 3303 3482 3390 quierant,
3514 3325 3648 3379 satis

1951 3411 2179 3460 norunt.
2212 3409 2284 3460 At
2312 3405 2358 3458 si
2390 3404 2494 3459 tibi
2534 3405 2841 3476 quisquam
2877 3406 3028 3460 dicat
3052 3412 3104 3460 te
3135 3415 3264 3478 post
3293 3427 3500 3480 paucos
3528 3413 3649 3469 dies

1948 3495 2138 3549 risisse
2167 3510 2340 3567 quam
2374 3498 2536 3548 natus
2569 3510 2645 3559 es,
2680 3511 2795 3549 non
2836 3496 3008 3549 audes
3040 3496 3226 3551 dicere
3255 3498 3461 3554 falsum
3491 3518 3645 3557 esse:

1950 3588 2005 3636 et
2035 3583 2083 3637 si
2107 3588 2306 3637 auctor
2342 3582 2414 3637 sit
2443 3583 2533 3637 cui
2574 3583 2713 3637 fides
2750 3584 3013 3638 habenda
3039 3594 3142 3651 est,
3176 3602 3290 3640 non
3319 3590 3647 3644 recordatu-

1950 3687 2065 3738 rus,
2101 3671 2201 3725 sed
2228 3670 2549 3725 crediturus
2578 3687 2663 3737 es;
2693 3676 2878 3725 totum
2909 3673 3061 3726 enim
3080 3678 3305 3743 tempus
3334 3675 3476 3730 illud
3508 3678 3646 3731 vali-

1948 3759 2179 3814 dissima
2209 3759 2492 3812 oblivione
2526 3759 2629 3812 tibi
2668 3760 2958 3828 sepultum
2997 3765 3108 3814 est:
3143 3778 3218 3814 an
3248 3763 3413 3817 aliter
3442 3767 3646 3835 putas?

1947 3848 2020 3901 A.
2053 3848 2291 3900 Prorsus
2320 3846 2636 3900 consentio.
2665 3849 2728 3901 Β.
2765 3848 2891 3900 Hmc
2923 3846 3101 3916 igitur
3129 3849 3200 3902 ab
3233 3849 3332 3904 illa
3360 3852 3645 3908 oblivione

1948 3934 2262 4005 plurimum
2294 3934 2500 3999 ditfert,
2525 3935 2623 3988 sed
2652 3934 2750 3988 illa
2780 3935 2966 3990 media
2995 3941 3092 3990 est
3127 3938 3268 3991 Nam
3301 3945 3384 3994 est
3413 3941 3526 3995 alia
3557 3959 3650 3997 re-

1948 4023 2264 4077 cordationi
2312 4023 2734 4095 revisendazque
2770 4024 2992 4078 veritati
3034 4026 3270 4096 propior
3307 4033 3479 4100 atque
3510 4031 3646 4084 vici-

1948 4112 2112 4166 nior:
2147 4112 2240 4165 cui
2268 4111 2453 4166 simile
2475 4117 2559 4166 est
2584 4113 2813 4183 quando
2831 4112 3090 4169 videmus
3111 4116 3347 4187 aliquid,
3380 4125 3648 4191 certoque

1949 4201 2411 4271 recognoscimus
2443 4201 2499 4256 id
2529 4218 2632 4256 nos
2659 4202 2866 4256 vidisse
2894 4203 3220 4274 aliquando,
3263 4212 3434 4276 atque
3483 4225 3646 4264 nosse

1949 4289 2330 4357 afﬁrmamus;
2367 4291 2466 4344 sed
2495 4290 2616 4359 ubi,
2662 4296 2760 4345 aut
2798 4292 3052 4363 quando,
3082 4299 3181 4348 aut
3209 4297 3519 4365 quomodo,
3550 4303 3648 4352 aut

1947 4378 2098 4449 apud
2131 4394 2304 4448 quem
2344 4377 2506 4432 nobis
2544 4377 2604 4431 in
2631 4379 2897 4433 notitiam
2941 4381 3182 4448 venerit,
3214 4383 3526 4453 satagimus
3557 4403 3646 4442 re-

1947 4472 2137 4537 petere
2168 4472 2337 4538 atque
2364 4467 2631 4521 recolere.
2668 4469 2734 4522 Ut
2763 4467 2811 4521 si
2843 4469 2912 4522 de
2943 4469 3176 4523 homine
3207 4471 3368 4525 nobis
3398 4475 3649 4546 contige-

1948 4555 2036 4621 rit,
2063 4555 2237 4609 etiam
2267 4555 2580 4626 quaerimus
2621 4556 2718 4609 ubi
2755 4573 2887 4610 eum
2926 4558 3287 4612 noverimus:
3335 4561 3488 4631 quod
3516 4579 3646 4618 cum

1924 4642 2039 4697 ‘ille
2069 4643 2560 4708 commemoravit,
2605 4649 2841 4714 repente
2871 4650 2988 4699 tota
3029 4663 3119 4699 res
3163 4650 3454 4704 memoriae
3484 4653 3648 4722 quasi

1944 4732 2139 4784 lumen
2159 4731 2502 4796 infunditur,
2534 4731 2792 4802 nihilque
2813 4733 3082 4804 amplius,
3106 4739 3167 4788 ut
3188 4737 3646 4808 reminiscamur,

1943 4821 2253 4873 laboratur.
2285 4824 2373 4872 An
2405 4820 2512 4873 hoc
2542 4835 2720 4889 genus
2754 4820 3018 4891 ignotum
3042 4822 3145 4876 tibi
3174 4829 3277 4892 est,
3320 4832 3418 4880 aut
3443 4828 3644 4884 obscu-

1947 4907 2114 4960 rum?
2144 4909 2216 4962 A.
2251 4906 2397 4971 Quid
2419 4907 2528 4961 hoc
2546 4907 2771 4976 planius
2788 4911 2816 4963 ?
2834 4914 2932 4964 aut
2959 4911 3099 4981 quid
3118 4913 3371 4968 crebrius
3402 4917 3540 4971 mihi
3562 4934 3648 4972 ac-

1944 4997 2132 5051 cidere
2159 4997 2337 5050 solet?

2014 5089 2101 5139 33.
2142 5088 2207 5140 Β.
2245 5085 2406 5138 Tales
2454 5090 2585 5138 sunt
2619 5086 2717 5156 qui
2760 5087 2904 5141 bene
2951 5088 3266 5161 disciplinis
3314 5092 3644 5147 liberalibus

1943 5173 2178 5238 eruditi;
2219 5173 2498 5243 siquidem
2542 5174 2667 5229 illas
2695 5175 2817 5230 sine
2844 5177 3018 5232 dubio
3047 5179 3109 5234 in
3138 5197 3195 5234 se
3226 5180 3512 5234 oblivione
3539 5181 3645 5234 ob-

1941 5267 2097 5315 rutas
2129 5267 2341 5316 eruunt
2362 5261 2652 5330 discendo,
2685 5269 2742 5318 et
2767 5267 3188 5335 quodammodo
3217 5267 3505 5322 refodith
3534 5270 3641 5337 (a):

1940 5366 2046 5404 nec
2078 5355 2271 5404 tamen
2310 5351 2560 5405 contenti
2599 5357 2753 5421 sunt,
2792 5370 2894 5408 nec
2923 5371 2982 5408 se
3016 5360 3214 5408 tenent
3253 5355 3433 5408 donec
3463 5360 3642 5412 totam

1945 5437 2149 5492 faciem
2187 5438 2464 5506 veritatis,
2499 5440 2658 5510 cujus
2698 5441 2931 5511 quidam
2973 5441 3032 5496 in
3069 5442 3182 5496 illis
3208 5442 3422 5499 artibus
3454 5445 3644 5515 splen-

2003 5534 2077 5597 (a)
2104 5539 2124 5583 1
2161 5536 2409 5596 Retract.,
2437 5551 2547 5600 cap.
2578 5538 2625 5596 4,
2648 5550 2701 5585 n.
2732 5541 2780 5585 -i.
