4058 6352
427 281 530 335 903
885 278 1281 335 ΑΒΜΟΝΙΤΙΟ
1320 279 1414 333 DE
1453 276 1942 344 SEQUENTIBUS
1978 277 2009 333 Ἰ

2296 276 2557 334 ΖΟΝΤΒΑ
2595 276 3050 336 ACADEMICOS
3089 278 3339 335 LIBRIS.

424 403 529 458 dor
540 402 660 473 jam
681 401 1005 469 subrutilat,
1023 400 1295 454 latissime
1317 405 1487 472 atque
1507 399 1838 470 plenissime
1856 400 2117 454 intuean-

423 497 535 546 tur.
559 491 668 545 Sed
688 506 752 544 ex
775 490 862 543 his
883 489 1117 560 quidam
1137 489 1259 543 falsi
1276 491 1494 543 colores
1515 493 1685 560 atque
1710 489 1929 554 formae,
1961 489 2117 542 velut

422 579 483 633 in
512 579 806 648 speculum
835 577 1194 648 cogitationis
1220 594 1277 630 se
1301 578 1564 643 fundunt,
1590 577 1909 647 falluntque
1931 576 2116 647 inqui-

424 672 611 721 rentes
641 683 809 737 saepe,
840 683 902 720 ac
951 666 1240 737 decipiunt
1276 671 1540 736 putantes
1587 664 1728 718 illud
1767 669 1948 718 totum
1997 682 2114 719 esse

425 755 578 827 quod
609 759 822 809 norunt
849 754 938 808 vel
969 756 1122 825 quod
1151 754 1467 826 inquirunt.
1498 754 1640 824 Ipsa:
1672 757 1802 806 sunt
1831 753 1944 806 illa;
1973 753 2115 807 ima-

423 844 744 915 ginationes
780 858 992 913 magna
1023 843 1282 896 cautione
1319 841 1593 908 vitandae;
1637 858 1764 912 quas
1795 841 2115 912 deprehen-

421 933 638 987 duntur
664 932 904 998 fallaces,
931 947 1062 986 cum
1082 929 1439 1000 cogitationis
1457 929 1674 984 variato
1699 930 1862 1000 quasi
1884 930 2114 1000 speculo

427 1021 734 1088 variantur,
756 1036 886 1074 cum
913 1019 1013 1072 illa
1041 1018 1212 1072 facies
1241 1017 1493 1072 veritatis
1523 1035 1636 1071 una
1667 1023 1721 1072 et
1743 1018 2116 1072 immutabilis

424 1115 670 1163 maneat.
694 1110 838 1162 Tum
871 1106 1024 1159 enim
1056 1105 1287 1159 alterius
1317 1110 1485 1176 atque
1517 1105 1748 1160 alterius
1775 1106 2116 1177 magnitudi-

422 1199 510 1252 nis
541 1197 883 1268 quadratum
925 1194 1032 1248 sibi
1072 1193 1336 1264 cogitatio
1374 1193 1653 1264 depingit,
1694 1199 1752 1248 et
1791 1193 1952 1264 quasi
1983 1197 2114 1246 ante

422 1289 615 1341 oculos
644 1284 901 1355 praefert;
937 1284 1031 1337 sed
1065 1299 1226 1336 mens
1246 1282 1486 1336 interior
1506 1299 1634 1353 quae
1664 1283 1782 1336 vult
1805 1297 1999 1335 verum
2031 1280 2114 1333 vi-

421 1376 576 1440 dere,
609 1374 679 1427 ad
708 1371 847 1425 illud
878 1388 936 1424 se
961 1371 1151 1442 potius
1169 1375 1475 1436 convertat,
1500 1371 1546 1423 si
1568 1374 1772 1441 potest,
1801 1369 2113 1423 secundum

419 1463 575 1533 quod
608 1461 824 1531 judicat
867 1459 966 1514 illa
1007 1459 1200 1514 omnia
1238 1475 1358 1514 esse
1402 1460 1696 1530 quadrata.
1747 1461 1825 1513 A.
1865 1459 2032 1524 Quid,
2067 1459 2115 1511 si

417 1551 585 1604 nobis
613 1549 898 1621 quispiam
922 1548 1071 1603 dicat
1098 1549 1412 1603 secundum
1436 1547 1492 1602 id
1516 1564 1643 1601 eam
1659 1547 1936 1618 judicare,
1961 1547 2112 1617 quod

419 1639 612 1693 videre
645 1637 822 1692 oculis
861 1637 1039 1691 solet?
1075 1639 1138 1690 Β.
1185 1637 1369 1700 Quare
1407 1652 1544 1706 ergo
1582 1635 1811 1706 iudicat,
1843 1635 1890 1688 si
1920 1639 2113 1689 tamen

420 1729 564 1782 bene
598 1726 823 1780 erudita
859 1729 961 1792 est,
999 1724 1356 1795 quantamvis
1392 1725 1571 1795 pilam
1601 1740 1793 1778 veram
1829 1739 1961 1777 vera
1991 1723 2110 1794 pla-

418 1816 558 1871 nitie
601 1820 812 1886 puncto
843 1814 1040 1885 tangi?
1083 1813 1229 1877 Quid
1267 1813 1378 1866 tale
1409 1829 1663 1883 unquam
1703 1813 1900 1867 oculus
1947 1812 2108 1878 vidit,

419 1909 518 1960 aut
547 1905 737 1958 videre
757 1901 1113 1974 potest,§cum
1145 1902 1271 1972 ipsa
1315 1901 1724 1972 imaginatione
1749 1901 2112 1971 cogitationis

419 1992 561 2062 ﬁngi
604 1992 917 2063 quidquam
954 1989 1284 2060 hujusmodi
1323 2006 1439 2044 non
1485 1991 1711 2060 potest?
1755 1992 1963 2043 Annon
2005 1990 2112 2044 hoc

419 2081 751 2152 probamus,
775 2096 904 2134 cum
927 2079 1100 2133 etiam
1121 2078 1426 2132 minimum
1442 2079 1717 2133 circulum
1738 2078 2109 2148 imaginando

418 2170 610 2224 animo
650 2168 1043 2233 describimus,
1079 2173 1137 2222 et
1166 2167 1234 2222 ab
1259 2183 1325 2221 eo
1353 2167 1534 2222 lineas
1564 2167 1634 2221 ad
1660 2171 1917 2221 centrum
1951 2168 2110 2221 duci-

419 2258 585 2311 mus?
605 2258 746 2310 Nam
767 2272 895 2310 cum
918 2256 1058 2310 duas
1077 2255 1425 2319 duxerimus,
1460 2255 1610 2310 inter
1643 2272 1783 2326 quas
1813 2256 1976 2326 quasi
2005 2273 2107 2310 acu

417 2345 505 2398 vix
538 2343 720 2414 pungi
764 2343 965 2414 possit,
1015 2344 1154 2397 alias
1174 2344 1295 2414 jam
1342 2344 1404 2398 in
1433 2345 1620 2398 medio
1661 2360 1780 2398 non
1804 2361 2110 2415 possumus

415 2433 540 2503 ipsa
570 2432 912 2501 cogitatione
935 2431 1275 2502 imaginaria
1290 2433 1515 2500 ducere,
1537 2437 1602 2486 ut
1616 2432 1688 2486 ad
1711 2437 1971 2487 centrum
1993 2433 2110 2488 sine

3823 281 3928 334 904

2224 400 2342 455 ulla
2366 399 2767 455 commixtione
2797 399 3168 471 perveniant;
3193 415 3325 454 cum
3350 399 3558 454 clamet
3585 400 3732 454 ratio
3756 400 3928 455 innu-

2223 489 2528 544 merabiles
2567 504 2735 559 posse
2785 487 2936 555 duci,
2974 504 3048 543 ne
3079 504 3200 542 sese
3242 488 3303 542 in
3346 488 3456 542 illis
3484 489 3926 544 incredibilibus

2225 578 2500 648 angustiis
2529 577 2639 631 nisi
2668 581 2862 632 centro
2891 593 3058 648 posse
3088 578 3437 648 contingere,
3472 578 3550 632 ita
3581 582 3646 632 ut
3674 577 3733 631 in
3767 579 3926 633 omni

2225 683 2423 721 earum
2453 667 2752 720 intervallo
2779 666 2947 720 scribi
2970 666 3142 720 etiam
3163 665 3407 720 circulus
3425 667 3621 737 possit.
3647 668 3764 721 Hoc
3792 683 3922 720 cum

2223 753 2323 807 illa
2351 753 2652 823 phantasia
2671 753 2909 824 implere
2935 770 3048 808 non
3069 755 3268 825 possit,
3292 755 3588 826 magisque
3611 771 3785 827 quam
3815 755 3922 825 ipsi

2223 841 2392 907 oculi,
2426 841 2670 908 deﬁciat,
2703 841 2985 912 siquidem
3023 857 3126 912 per
3153 841 3307 912 ipsos
3336 847 3422 895 est
3457 843 3650 897 animo
3682 843 3921 907 inﬂicta,

2223 929 2588 984 manifestum
2619 934 2703 984 est
2730 934 2786 984 et
2814 930 3062 984 multum
3092 946 3218 984 eam
3246 930 3475 985 differre
3504 947 3537 984 a
3566 932 3829 1000 veritate,
3863 937 3922 986 et

2223 1016 2401 1082 illam,
2433 1016 2572 1070 dum
2600 1017 2722 1070 haec
2745 1017 2988 1086 videtur,
3019 1032 3136 1070 non
3165 1016 3366 1071 videri.

2296 1108 2382 1160 36.
2411 1107 2541 1160 Haec
2568 1105 2829 1160 dicentur
2855 1105 3147 1176 operosius
3167 1109 3338 1176 atque
3369 1106 3658 1176 subtilius,
3691 1123 3824 1162 cum
3853 1108 3922 1162 dc

2223 1193 2598 1264 intelligendo
2648 1194 2927 1249 disserere
2982 1194 3344 1264 cmperimus,
3403 1211 3533 1266 quae
3574 1195 3742 1248 nobis
3790 1211 3922 1266 pars

2224 1282 2515 1354 proposita
2544 1287 2648 1350 est,
2681 1298 2812 1336 cum
2841 1283 2910 1337 de
2949 1283 3155 1337 animae
3184 1284 3298 1337 vita
3329 1283 3608 1354 quidquid
3637 1283 3917 1351 sollicitat,

2223 1371 2394 1425 fuerit
2421 1376 2698 1442 quantum
2721 1372 2974 1425 valemus
2994 1373 3354 1426 enucleatum
3385 1377 3554 1443 atque
3581 1371 3919 1428 discussum.

2225 1461 2344 1514 Non
2376 1461 2529 1514 enim
2557 1461 2725 1514 credo
2755 1465 2810 1515 te
2828 1477 3034 1531 parum
3049 1461 3356 1515 formidare
3375 1477 3449 1516 ne
3470 1477 3624 1515 mors
3642 1460 3919 1528 humana,

2223 1549 2444 1602 etiamsi
2460 1565 2574 1603 non
2593 1549 2896 1604 interﬁciat
2911 1550 3183 1615 animam,
3209 1565 3400 1604 rerum
3422 1553 3613 1603 tamen
3637 1549 3918 1616 omnium,

2222 1642 2280 1692 et
2307 1637 2506 1708 ipsius,
2536 1637 2584 1691 si
2612 1655 2724 1708 qua
2753 1643 3046 1709 comperta
3073 1638 3262 1704 fuerit,
3287 1633 3538 1691 veritatis
3572 1637 3921 1691 oblivionem

2221 1725 2445 1780 inferat.
2478 1727 2550 1780 A.
2584 1727 2708 1780 Non
2734 1731 2923 1797 potest
2949 1726 3085 1780 satis
3117 1726 3229 1780 dici
3259 1729 3538 1797 quantum
3565 1725 3674 1780 hoc
3699 1726 3920 1780 malum

2221 1814 2592 1869 metuendum
2622 1814 2712 1871 sit.
2753 1815 2946 1879 Qualis
2985 1815 3138 1869 enim
3170 1814 3278 1868 erit
3300 1814 3400 1868 illa
3427 1819 3639 1869 aeterna
3665 1815 3800 1879 vita,
3832 1814 3918 1867 vel

2220 1917 2349 1973 quae
2378 1918 2530 1956 mors
2557 1919 2674 1957 non
2703 1904 2755 1957 ei
2791 1903 3180 1974 praeponenda
3207 1907 3313 1969 est,
3347 1907 3406 1957 et
3431 1903 3509 1957 sic
3537 1902 3674 1957 vivit
3697 1904 3918 1965 anima,

2219 1997 2282 2045 ut
2308 1991 2567 2046 videmus
2598 2008 2725 2046 eam
2753 1993 2939 2046 vivere
2968 1992 3030 2046 in
3055 2008 3233 2063 puero
3266 2007 3396 2046 mox
3425 1995 3603 2047 nato?
3630 1996 3691 2045 ut
3721 1991 3792 2045 de
3822 1991 3920 2045 illa

2219 2080 2333 2134 vita
2365 2080 2508 2133 nihil
2543 2079 2726 2133 dicam
2756 2096 2884 2150 quae
2922 2080 2982 2133 in
3010 2086 3173 2134 utero
3203 2079 3419 2149 agitur;
3445 2095 3560 2133 non
3590 2079 3746 2133 enim
3774 2086 3917 2150 puto

2221 2185 2341 2223 esse
2368 2167 2604 2222 nullam.
2637 2171 2702 2223 Β.
2737 2168 2889 2222 Bono
2918 2167 3109 2222 animo
3135 2171 3284 2236 esto;
3315 2169 3462 2222 Deus
3488 2167 3689 2237 aderit,
3709 2173 3774 2222 ut
3796 2169 3917 2238 jam

2219 2256 2514 2322 sentimus,
2548 2257 2937 2328 quaerentibus
2967 2257 3152 2324 nobis,
3189 2256 3290 2328 qui
3320 2256 3717 2311 beatissimum
3747 2257 3916 2328 quid-

2219 2345 2350 2399 dam
2374 2349 2501 2414 post
2519 2345 2627 2398 hoc
2643 2361 2869 2414 corpus,
2889 2350 2945 2398 et
2964 2344 3216 2399 veritatis
3235 2344 3634 2416 plenissimum
3653 2345 3776 2398 sine
3799 2346 3916 2399 ullo

2217 2433 2516 2488 mendacio
2543 2434 2859 2503 pollicetur.
2891 2435 2964 2488 A.
2998 2433 3118 2488 Fiat
3145 2439 3209 2488 ut
3232 2450 3546 2504 speramus.

1549 2661 2780 2825 ADMONITIO

1038 2892 1144 2956 DE
1193 2891 1730 2970 SEQUENTIBUS
1779 2891 2057 2957 TRIBUS
2107 2891 2421 2957 CONTRA
2467 2890 2980 2960 ACADEMICOS
3027 2891 3303 2958 LIBRIS.

481 3142 691 3195 Rectus
720 3141 859 3195 ordo
889 3139 1156 3210 postulat,
1189 3143 1254 3194 ut
1279 3139 1410 3193 libri
1436 3143 1633 3193 contra
1657 3139 2039 3206 Academicos,
2073 3139 2172 3209 qui
2200 3139 2373 3209 primi
2395 3138 2654 3193 omnium
2679 3138 2749 3193 ab
2773 3139 3091 3210 Augustino
3123 3138 3407 3206 recensiti,
3441 3143 3498 3194 et
3525 3144 3657 3194 ante
3684 3145 3922 3195 caeteros

408 3229 668 3298 (excepto
699 3245 869 3299 opere
900 3228 969 3280 de
1001 3228 1244 3281 Pulchro
1275 3231 1331 3280 et
1357 3229 1524 3297 Apto,
1559 3226 1657 3296 qui
1687 3227 1834 3280 fetus
1864 3243 1932 3280 eo
1971 3227 2199 3297 juniore
2243 3228 2430 3283 editus
2466 3228 2660 3282 statim
2701 3226 3008 3298 intercidit)
3040 3228 3110 3282 ab
3151 3244 3218 3282 eo
3251 3229 3496 3298 profecti
3524 3233 3675 3292 sunt,
3712 3230 3824 3283 huc
3861 3230 3922 3282 in

410 3316 716 3386 proprium
747 3316 935 3368 locum
964 3315 1353 3368 restituantur.
1389 3316 1604 3385 Nempe
1626 3330 1756 3368 cum
1779 3313 2242 3369 Academicorum
2266 3321 2464 3370 contra
2486 3315 2605 3370 veri
2633 3314 3060 3386 perceptionem
3089 3320 3434 3386 argumenta
3455 3321 3686 3371 sanctus
3712 3317 3923 3370 Doctor

410 3403 626 3458 dudum
655 3402 1008 3468 imbibisset;
1041 3418 1108 3456 ea
1134 3406 1256 3456 tum
1287 3402 1480 3469 etiam,
1513 3418 1643 3455 cum
1673 3402 1966 3456 veritatem
1994 3403 2094 3456 Dei
2114 3403 2295 3474 gratia
2314 3404 2513 3458 fuisset
2538 3409 2845 3470 assecutus,
2868 3404 3205 3458 nonnullam
3236 3403 3347 3474 ipsi
3380 3405 3706 3459 molestiam
3732 3405 3916 3459 faces-

405 3492 636 3546 sebant:
672 3490 879 3561 quibus
909 3490 1214 3554 diluendis,
1245 3507 1362 3544 non
1391 3492 1564 3546 modo
1595 3491 1861 3562 privatim
1890 3491 2100 3545 sedulis
2130 3492 2598 3547 meditationibus
2627 3491 2907 3558 insistere,
2942 3492 3037 3547 sed
3070 3493 3244 3547 etiam
3271 3508 3406 3548 cum
3437 3493 3635 3548 amicis
3665 3493 3919 3565 disputa-

404 3579 622 3633 tionem
653 3579 861 3632 habere
892 3578 1083 3633 animo
1112 3578 1431 3633 destinavit.
1467 3581 1618 3633 Hanc
1642 3595 1816 3647 porro
1845 3580 2205 3636 collationem
2231 3597 2337 3652 per
2365 3581 2586 3653 aliquot
2609 3581 2728 3636 dies
2756 3581 3010 3636 habitam
3032 3585 3146 3637 tres
3168 3581 3228 3636 in
3248 3582 3430 3638 libros
3461 3582 3706 3654 partitus
3731 3589 3837 3654 est,
3864 3589 3922 3638 et

412 3667 768 3723 Romaniano
796 3684 898 3722 suo
928 3667 1141 3722 concivi
1170 3684 1233 3722 ac
1262 3668 1568 3735 Maecenati,
1601 3684 1730 3721 eum
1764 3667 1832 3722 ad
1861 3668 2242 3740 phiIOSOphiaa
2270 3671 2521 3725 studium
2551 3670 2929 3736 adhortando,
2958 3670 3297 3726 transmisit.

477 3758 639 3812 Liber
661 3757 881 3828 primus
919 3757 1351 3827 congredientes
1394 3757 1542 3811 inter
1569 3773 1626 3811 se
1662 3756 1973 3811 Licentium
2005 3762 2061 3810 et
2086 3758 2418 3829 Trygetium
2457 3759 2704 3824 exhibet,
2735 3759 2888 3813 hunc
2927 3765 3126 3814 contra
3159 3759 3565 3827 Academicos,
3607 3760 3771 3816 illum
3808 3778 3920 3832 pro

404 3847 752 3901 Academicis
795 3847 1221 3918 disputantem:
1253 3862 1326 3900 an
1356 3845 1521 3900 beata
1563 3846 1678 3899 vita
1709 3845 1769 3899 in
1817 3845 2142 3916 cognitione
2187 3846 2340 3914 veri;
2389 3863 2463 3902 an
2501 3851 2698 3902 contra
2725 3846 2786 3901 in
2813 3848 2933 3902 sola
2966 3847 3118 3902 illius
3150 3848 3595 3920 investigatione
3633 3849 3707 3904 sit
3735 3851 3920 3904 collo-

409 3936 611 3990 canda.
644 3936 750 3990 Ubi
781 3935 921 4007 quid
951 3934 1022 3989 sit
1049 3951 1225 4001 error,
1256 3935 1394 4006 quid
1425 3934 1705 4006 sapientia
1734 3934 1858 3988 fuse
1889 3934 2222 4004 explicatur.

476 4026 541 4078 ln
571 4024 716 4079 libro
745 4024 994 4078 secundo
1025 4024 1079 4078 S.
1109 4023 1460 4094 Augustinus
1488 4027 1744 4078 recenset
1778 4023 1985 4092 placita
2022 4021 2520 4090 Academicorum;
2554 4022 2919 4094 prosequitur
2946 4023 3188 4094 Alypius
3219 4027 3474 4078 veterem
3502 4023 3654 4078 inter
3683 4040 3920 4078 novam-

409 4129 522 4184 que
551 4113 914 4167 Academiam
935 4111 1279 4165 discrimina.
1312 4111 1646 4181 Exploditur
1665 4111 1949 4165 sententia
1969 4112 2174 4166 horum
2193 4110 2687 4182 philosophorum,
2713 4110 2814 4181 qui
2835 4126 2968 4165 cum
2993 4126 3194 4166 verum
3210 4110 3365 4166 haud
3384 4126 3548 4181 posse
3566 4111 3920 4182 deprehendi

407 4203 692 4269 putarent,
725 4204 921 4252 tamen
947 4198 1067 4252 veri
1093 4197 1276 4251 simile
1303 4198 1463 4268 sequi
1495 4215 1552 4251 se
1582 4197 2009 4268 proﬁterentur.

481 4289 545 4340 In
573 4286 743 4340 tertio
785 4287 932 4340 libro
969 4302 1168 4340 verum
1207 4286 1450 4340 inveniri
1487 4303 1592 4356 pro
1632 4286 1904 4357 susceptis
1943 4287 2200 4358 partibus
2238 4287 2514 4343 diftitetur
2551 4286 2819 4359 Alypius;
2860 4287 3068 4357 probat
3101 4289 3452 4360 Augustinus
3482 4304 3513 4343 a
3541 4288 3796 4357 sapiente
3817 4307 3919 4346 co-

406 4375 621 4445 gnosci,
651 4379 718 4429 ut
743 4379 876 4443 pote
903 4374 1002 4444 qui
1029 4375 1226 4428 saltem
1257 4374 1591 4444 sapientiam
1623 4375 1862 4429 noverit.
1898 4376 1998 4430 Hic
2024 4375 2144 4446 ipse
2175 4375 2379 4430 deinde
2408 4375 2648 4430 Zenonis
2683 4374 3083 4430 deﬁnitionem
3114 4376 3365 4444 discutit,
3391 4381 3448 4431 et
3473 4377 3586 4431 duo
3605 4376 3704 4430 illa
3725 4377 3920 4432 redar-

408 4463 536 4533 guit
562 4463 1026 4518 Academicorum
1075 4463 1278 4517 eﬁ‘ata:
1311 4464 1466 4518 Nihil
1494 4465 1708 4532 percipi
1734 4478 1909 4532 posse,
1950 4468 2025 4529 et,
2072 4464 2224 4521 Nulli
2249 4466 2331 4518 rei
2366 4465 2553 4518 debere
2581 4467 2854 4519 assentiri.
2888 4464 3034 4519 Dicit
3062 4465 3298 4520 demum
3325 4465 3506 4520 videri
3536 4465 3666 4536 sibi,
3695 4467 3916 4521 Acade-

409 4551 585 4605 micos
615 4568 732 4605 non
761 4551 839 4605 ita
869 4551 1107 4605 sensisse
1136 4551 1220 4605 uti
1249 4551 1416 4621 vulgo
1443 4552 1854 4607 existimantur.

479 4639 716 4710 Scripsit
744 4641 848 4695 hos
875 4641 1050 4695 libros
1079 4640 1244 4695 initio
1275 4657 1391 4695 suae
1419 4640 1806 4695 conversionis
1835 4641 1895 4696 in
1927 4657 2062 4712 agro
2093 4640 2420 4707 Cassiciaco,
2447 4643 2723 4711 pauculis,
2756 4647 2823 4697 ut
2854 4642 2957 4710 ait,
2987 4643 3173 4698 diebus
3195 4644 3506 4709 transactis,
3539 4646 3917 4715 posteaquam

406 4728 486 4782 ibi
515 4727 700 4783 vivere
731 4730 900 4800 coepit
931 4731 1065 4798 (Lib.
1103 4733 1152 4796 1,
1181 4747 1225 4785 c.
1264 4734 1284 4784 l
1321 4746 1377 4785 η.
1409 4732 1494 4801 4);
1527 4730 1784 4801 adeoque
1817 4729 1919 4783 sub
1951 4729 2129 4784 ﬁnem
2159 4730 2293 4784 anni
2327 4733 2459 4796 386;
2503 4747 2618 4803 quo
2653 4731 2914 4787 abdicata
2943 4733 3242 4788 rhetorica:
3271 4732 3621 4804 professione
3654 4732 3788 4786 illuc
3823 4750 3915 4786 se-

406 4816 594 4882 cessit,
624 4821 688 4870 ut
707 4821 858 4871 totus
887 4819 1184 4888 purgando
1215 4818 1407 4873 animo
1436 4823 1679 4886 vacaret,
1707 4834 1946 4890 seseque
1975 4819 2048 4873 ad
2077 4835 2299 4873 sacrum
2339 4819 2629 4892 Baptisma
2673 4821 2847 4893 digne
2878 4818 3258 4893 compararet.
3307 4821 3549 4877 Consule
3589 4822 3914 4876 annotatio-

408 4921 544 4959 nem
574 4904 634 4959 in
663 4904 762 4959 lib.
798 4908 848 4972 3,
883 4921 929 4959 c.
957 4909 1046 4960 20.

1467 5015 1510 5051 S.
1552 5013 1911 5057 AUGUSTINUS,
1953 5012 2115 5051 EPIST.
2164 5000 2212 5066 l,
2250 5014 2319 5051 AD
2361 5014 2845 5053 HERMOGENIANUM.

482 5083 830 5138 Academicos
858 5098 951 5151 ego
979 5099 1044 5138 ne
1071 5086 1211 5138 inter
1233 5085 1528 5154 jocandum
1559 5087 1775 5154 quidem
1803 5101 2044 5154 unquam
2075 5087 2328 5140 lacessere
2357 5086 2636 5152 auderem;
2681 5085 2899 5154 quando
2936 5087 3076 5140 enim
3115 5103 3198 5141 me
3234 5090 3507 5141 tantorum
3534 5087 3776 5140 virorum
3805 5101 3918 5140 non

408 5177 639 5227 moveret
668 5175 985 5238 auctoritas,
1013 5175 1126 5227 nisi
1149 5189 1231 5227 eos
1255 5179 1506 5242 putarem
1527 5176 1678 5243 longe
1704 5177 1762 5228 in
1791 5175 1924 5239 alia,
1951 5191 2113 5243 quam
2143 5176 2301 5241 vulgo
2331 5174 2593 5229 creditum
2623 5179 2721 5240 est,
2744 5176 2919 5240 fuisse
2941 5177 3246 5228 sententia?
3269 5176 3447 5241 Quare
3465 5177 3644 5244 potius
3671 5189 3758 5228 eos
3786 5175 3924 5228 imi?

404 5267 551 5316 tatus
581 5278 701 5317 sum
732 5267 995 5331 quantum
1020 5263 1189 5330 valui,
1215 5279 1378 5330 quam
1397 5266 1727 5331 empugnavi,
1753 5263 1898 5332 quod
1921 5265 2132 5318 omnino
2155 5278 2260 5316 non
2287 5264 2457 5317 valeo.
2486 5262 2718 5318 Videtur
2737 5264 2876 5316 enim
2902 5263 3043 5316 mihi
3065 5265 3199 5317 satis
3227 5265 3535 5329 congruissc
3561 5263 3914 5330 temporibus,

401 5355 465 5403 ut
491 5353 542 5404 si
567 5351 704 5420 quid
732 5354 1001 5406 sincerum
1027 5351 1093 5405 de
1119 5353 1268 5418 fonte
1295 5352 1568 5406 Platonico
1597 5356 1803 5420 ﬂueret,
1823 5355 1967 5407 inter
1994 5352 2246 5406 umbrosa
2269 5353 2320 5404 et
2348 5351 2569 5418 spinosa
2593 5347 2812 5402 dumeta
2836 5351 3021 5417 potius
3045 5352 3104 5403 in
3131 5353 3431 5419 pastionem
3456 5351 3918 5418 paucissimorum

409 5437 682 5494 hominum
710 5440 1013 5506 duceretur,
1051 5456 1212 5509 quam
1238 5455 1338 5509 per
1365 5445 1555 5509 aperta
1583 5455 1830 5507 manans,
1859 5441 2188 5495 irruentibus
2216 5438 2422 5509 passim
2445 5437 2722 5505 pecoribus
2750 5437 2898 5491 nullo
2921 5438 3076 5491 modo
3100 5443 3280 5507 posset
3308 5437 3574 5506 liquidum
3604 5454 3921 5507 purumque

404 5530 730 5583 servari“...
765 5531 873 5585 Hoc
903 5534 1083 5584 autem
1109 5529 1298 5584 saeculo
1323 5544 1442 5584 cum
1459 5529 1581 5596 jam
1603 5529 1779 5584 nullos
1802 5527 2081 5584 videamus
2106 5525 2472 5597 philosophos,
2493 5526 2606 5580 nisi
2630 5526 2773 5591 forte
2797 5526 3026 5581 amiculo
3057 5527 3316 5596 corporis,
3352 5541 3482 5595 quos
3513 5525 3731 5593 quidem
3762 5527 3918 5581 haud
