4058 6416
146 358 234 409 905
931 357 1212 415 CONTRA
1251 360 1732 428 ACADEMICOS,
1773 361 1828 416 S.
1871 361 2255 419 AUGUSTINI
2299 364 2510 420 LIBER
2552 365 2836 422 PRIMUS.

3523 373 3625 424 906

152 479 434 532 censuerim
463 477 659 544 dignos
691 483 801 533 tam
830 481 1129 535 tenerabili
1155 485 1401 548 nomine;
1433 483 1724 537 reducendi
1755 487 1890 539 mihi
1918 486 2175 540 videntur
2210 488 2468 555 homines,
2500 491 2550 543 si
2581 505 2710 556 quos
2747 490 3196 546 Academico-rum
3222 508 3320 561 per
3349 496 3628 550 verborum

149 569 416 632 ingenium
442 583 474 620 α
505 583 690 621 rerum
711 570 1172 638 comprehensione
1194 570 1455 625 deterruit
1486 575 1766 640 sententia,
1797 575 1853 627 in
1883 590 2027 644 spem
2052 575 2380 643 reperienda
2398 579 2682 631 veritatis:
2707 593 2773 631 ne
2801 579 2862 631 id
2883 579 3028 646 quod
3053 581 3397 634 eradicandis
3423 585 3629 637 altissi-

149 657 240 709 mis
259 655 532 709 erroribus
556 671 660 724 pro
694 661 924 725 tempore
955 659 1410 713 accommodatum
1446 662 1577 726 fuit,
1603 662 1720 729 jam
1751 663 1980 728 incipiat
2008 662 2304 715 inserenda:
2351 666 2582 718 scientia:
2624 663 3003 734 impedimento
3036 683 3315 723 esse.......

3369 671 3631 737 Equidem

152 760 350 813 quoquo
375 743 530 797 modo
561 759 617 797 se
642 745 876 798 habeant
904 747 1012 800 illae
1042 748 1252 813 littera,
1281 764 1385 802 non
1418 753 1527 802 tam
1557 765 1638 802 me
1666 749 1911 814 delectat,
1942 748 2106 817 quod,
2138 753 2198 801 ut
2215 748 2426 814 scribis,
2459 751 2808 805 Academicos
2845 755 3065 807 vicerim
3094 754 3330 821 (scribis,
3364 759 3503 809 enim
3538 759 3631 811 hoc

150 834 412 886 amantius
430 835 574 898 forte
601 848 765 902 quam
795 835 995 903 verius)
1019 853 1033 902 ;
1064 851 1227 903 quam
1258 836 1402 904 quod
1431 838 1568 890 mihi
1597 837 1905 906 abruperim
1937 836 2331 891 odiosissimum
2351 839 2726 906 retinaculum,
2750 855 2852 907 quo
2882 842 2949 894 ab
2963 843 3321 912 philosophiae
3345 843 3502 897 ubere
3532 845 3629 897 de—

149 923 439 990 speratione
458 923 596 990 veri,
625 921 770 991 quod
796 926 873 976 est
895 925 1069 977 animi
1092 924 1372 992 pabulum,
1402 925 1742 990 refrenabar.

1366 1028 1434 1064 EX
1459 1028 1563 1066 LIB.
1592 1029 1661 1066 XV
1696 1029 1765 1066 DE
1788 1028 2088 1078 TRINITATE,
2123 1029 2246 1067 CAP.
2276 1029 2378 1067 XII.

207 1095 495 1149 Adversus
524 1095 945 1150 Academicos...
973 1100 1070 1167 qui
1095 1100 1237 1152 nihil
1264 1100 1330 1152 ab
1355 1100 1563 1154 homine
1582 1102 1714 1154 sciri
1727 1116 1883 1169 posse
1911 1102 2258 1155 contendunt.
2275 1141 2310 1156 ..
2343 1105 2471 1155 sunt
2501 1101 2629 1154 libri
2657 1105 2763 1155 tres
2785 1105 2977 1169 nostri,
2997 1106 3169 1170 primo
3197 1110 3391 1158 nostrae
3419 1121 3630 1159 conver-

157 1184 311 1236 sionis
339 1189 572 1252 tempore
596 1187 918 1253 conscripti:
977 1200 1108 1252 quos
1156 1188 1254 1254 qui
1277 1190 1514 1255 potuerit
1542 1192 1592 1241 et
1618 1190 1846 1242 voluerit
1897 1189 2085 1254 legere,
2133 1189 2395 1256 lectosque
2425 1188 2770 1253 intellexerit,
2802 1190 2945 1242 nihil
2973 1204 3092 1242 eum
3119 1193 3354 1258 profecto
3401 1209 3519 1261 qua
3562 1195 3630 1246 ab

150 1269 214 1325 eis
237 1276 424 1324 contra
449 1275 845 1341 perceptionem
872 1275 1123 1327 veritatis
1151 1279 1471 1340 argumenta
1498 1277 1670 1330 multa
1696 1279 1915 1330 inventa
1943 1279 2086 1340 sunt,
2115 1274 2520 1342 permovebant,
2565 1275 2702 1329 Vide
2734 1275 2831 1329 lib.
2867 1276 3149 1331 Enchirid.
3183 1294 3230 1331 c.
3254 1281 3342 1333 20.

235 1358 393 1424 Vide
413 1372 739 1447 praeterea
760 1359 1002 1426 librum
1039 1369 1100 1441 1,
1132 1383 1278 1450 cap.
1318 1370 1378 1443 l,
1405 1366 2001 1443 Retractationum,
2034 1363 2156 1428 col.
2192 1370 2515 1444 585-587,
2560 1386 2602 1428 a
2633 1362 2870 1445 verbis,
2917 1366 3079 1432 Cum
3108 1387 3274 1449 ergo
3315 1371 3628 1454 reliquis-

151 1485 303 1545 sem,
336 1489 406 1530 n.
447 1475 510 1547 4,
546 1487 752 1553 usque
782 1465 876 1531 ad
895 1465 1094 1532 verba
1124 1489 1190 1532 η.
1225 1476 1290 1548 4,
1324 1471 1683 1534 Hominem
1725 1472 1854 1534 sibi
1883 1475 2138 1552 aptum.
2371 1471 2456 1533 M.

587 1605 1000 1616 —-———-—_

1001 1607 1187 1615 ...οι-

966 1609 1278 1791 Ξῖ
1294 1690 1384 1792 U
1406 1689 1500 1788 Β
1516 1689 1600 1788 Ε
1621 1688 1704 1787 L
1722 1610 1904 1788 Ιῖ
1913 1609 2794 1792 “ﬂiam-1

1386 1839 1936 1889 HIPPONENSIS
2002 1840 2373 1889 EPISCOPI

457 1960 578 2132 Ο
633 1958 1514 2132 ONTRA
1653 1960 3300 2138 ACADEMICOS

1438 2197 1807 2282 LIBRI
1882 2196 2318 2282 TBESW.

1219 2341 2508 2546 LIBER—PhIMUS.

195 2595 551 2658 Romanianus
575 2592 640 2658 ad
665 2590 1050 2658 philosophiam
1082 2590 1333 2658 incitatur
1354 2589 1761 2658 prommio__libri
1777 2589 1966 2658 _huju_s,
1999 2589 2055 2658 in_
2084 2603 2188 2658 quo
2209 2589 2323 2652 ejus
2346 2589 2486 2658 filius
2512 2589 2775 2658 Licentius
2797 2592 3180 2658 cnm_'Ifryge_tio
3205 2607 3296 2656 per
3324 2598 3427 2658 tres
3451 2595 3630 2658 dispu-

142 2657 350 2704 tationes
373 2651 731 2718 congreditur.
748 2651 972 2718 illlejnjo
1006 2652 1330 2718 Academicis
1353 2651 1560 2718 beatam
1582 2652 1748 2718 vitam
1775 2651 1888 2718 ipsa
1911 2651 2407 2718 inquisitiopeﬁveri,
2433 2651 2519 2699 hic
2539 2656 2736 2718 contra
2766 2654 2978 2718 nonnisi
3005 2651 3122 2718 'veri
3161 2651 3629 2718 comprehensione

141 2722 369 2766 constare
402 2712 716 2780 prdpugnat.
748 2712 902 2765 Venit
924 2715 980 2762 in
1010 2713 1400 2763 contentionem
1433 2712 1671 2762 deﬁnitio
1701 2712 1911 2773 erroris,
1939 2712 2146 2762 necnon
2172 2712 2408 2761 deﬁnitio
2439 2713 2730 2775 sapientiae,
2767 2727 2884 2776 quin
2914 2715 3210 2765 luculenter
3233 2712 3537 2780 eiplicatur.

1719 2809 2033 2820 .———-——_

141 2875 350 2930 CAPUT
385 2875 676 2930 PRIMUM.
715 2903 783 2914 —-
833 2874 1229 2928 Romanianum
1273 2870 1348 2924 ad
1373 2887 1554 2925 veram
1577 2872 1822 2940 philoso-

703 2963 893 3031 phiam
912 2962 1242 3015 cohortatur.

203 3055 244 3105 l.
295 3053 338 3106 Ο
386 3051 635 3117 utinam,
687 3048 1064 3115 Romaniane,
1115 3047 1409 3102 hominem
1464 3046 1573 3100 sibi
1623 3049 1820 3116 aptum

137 3139 207 3193 ita
233 3139 484 3194 vicissim
513 3139 692 3193 virtus
719 3138 964 3192 fortuna:
984 3135 1331 3207 repugnanti
1358 3139 1548 3206 posset
1575 3135 1818 3202 auferre,

141 3232 197 3281 ut
223 3229 291 3282 ab
321 3244 389 3282 ea
420 3226 530 3281 sibi
559 3227 772 3280 auferri
799 3225 1090 3280 neminem
1107 3224 1490 3295 patiturljam
1519 3222 1624 3276 tibi
1642 3223 1824 3294 profe-

133 3320 214 3370 cto
243 3315 531 3386 injecisset
549 3330 809 3382 manum,
831 3313 1032 3384 suique
1049 3313 1198 3383 juris
1218 3317 1272 3366 te
1293 3327 1412 3365 esse
1440 3311 1820 3382 proclamans,

133 3407 184 3455 et
205 3403 264 3456 in
291 3403 584 3456 bonorum
599 3399 1044 3454 certissimorum
1060 3397 1476 3469 possessionem
1499 3397 1821 3463 traducens,

134 3503 198 3542 ne
222 3488 520 3559 prosperis
539 3487 773 3558 quidem
805 3487 1028 3542 casibus
1054 3486 1264 3541 servire
1291 3485 1667 3556 permitteret.
1715 3485 1824 3538 Sed

133 3577 397 3646 quoniam
424 3577 509 3631 ita
538 3581 928 3646 comparatum
950 3579 1053 3644 est,
1084 3575 1199 3628 sive
1225 3591 1329 3645 pro
1347 3573 1566 3627 meritis
1591 3572 1820 3634 nostris,

133 3665 238 3719 sive
251 3681 356 3736 pro
385 3665 729 3720 necessitate
750 3669 970 3718 naturai
1000 3664 1143 3732 (Lib.
1180 3666 1200 3716 l
1233 3666 1490 3728 Retract.,
1518 3679 1564 3716 c.
1602 3666 1652 3729 l,
1673 3677 1729 3714 n.
1748 3661 1820 3728 '2),

131 3757 188 3806 ut
224 3753 490 3808 divinum
521 3752 778 3807 animum
806 3752 1142 3806 mortalibus
1170 3751 1569 3815 inhaerentem,
1602 3765 1821 3819 nequa-

132 3857 296 3911 quam
321 3841 627 3912 sapientiae
652 3845 852 3911 portus
883 3839 1139 3909 accipiat,
1166 3838 1261 3892 ubi
1287 3853 1473 3908 neque
1495 3837 1822 3890 adversante

130 3930 366 3984 fortuna:
399 3930 566 3995 ﬂatu,
598 3945 785 4000 neque
815 3927 1160 3982 secundante
1189 3929 1512 3990 moveatur;
1535 3923 1732 3978 nisi-eo
1760 3923 1824 3976 il-

128 4017 239 4072 lum
269 4019 510 4073 fortuna
542 4017 683 4088 ipsa,
714 4017 802 4071 vel
834 4016 1101 4075 secunda,
1125 4015 1212 4068 vel
1246 4013 1408 4084 quasi
1438 4012 1672 4066 adversa
1702 4027 1826 4082 per-

128 4105 313 4161 ducat:
359 4105 514 4160 nihil
571 4121 674 4176 pro
724 4109 780 4159 te
818 4103 981 4158 nobis
1019 4102 1175 4157 aliud
1204 4117 1378 4173 quam
1423 4104 1548 4154 vota
1587 4103 1823 4166 restant,

130 4194 332 4263 quibus
357 4195 436 4248 ab
472 4194 569 4247 illo
615 4193 706 4247 cui
749 4193 872 4246 haec
905 4207 1056 4246 curm
1096 4193 1227 4245 sunt
1257 4191 1387 4250 Deo,
1421 4188 1467 4242 si
1496 4203 1820 4258 possumus,

127 4281 508 4352 impetremus
541 4285 604 4334 ut
623 4285 677 4335 te
707 4280 810 4334 tibi
831 4280 1062 4345 reddat;
1093 4277 1174 4332 ita
1203 4276 1352 4330 enim
1372 4275 1535 4329 facile
1554 4273 1753 4328 reddet
1772 4279 1826 4327 et

127 4370 315 4438 nobis;
348 4371 625 4440 sinatque
653 4372 903 4422 mentem
937 4367 1096 4420 illam
1127 4370 1309 4431 tuam,
1340 4378 1470 4434 quae
1500 4360 1823 4432 respiratio-

127 4469 252 4506 nem
275 4453 515 4523 jamdiu
541 4450 806 4522 parturit,
825 4448 1132 4519 aliquando
1160 4447 1220 4500 in
1240 4461 1405 4499 auras
1425 4460 1572 4498 verae
1598 4443 1827 4497 liberta-

123 4540 190 4592 tis
227 4556 557 4612 emergere.
593 4538 813 4593 Etenim
837 4537 1075 4592 fortasse
1109 4551 1238 4606 qum
1267 4533 1437 4604 vulgo
1467 4532 1696 4586 fortuna
1721 4548 1825 4585 no-

127 4629 390 4696 minatur,
459 4629 680 4682 occulto
727 4627 975 4697 quodam
1022 4624 1221 4678 ordine
1270 4621 1513 4692 regitur;
1568 4619 1827 4691 nihilque

129 4717 275 4772 aliud
306 4718 370 4772 in
400 4717 580 4771 rebus
596 4731 790 4769 casum
808 4730 1098 4780 vocamus,
1116 4711 1226 4766 nisi
1253 4710 1414 4780 cujus
1433 4708 1579 4762 ratio
1608 4712 1665 4761 et
1693 4723 1824 4762 cau-

131 4822 184 4860 sa
212 4811 435 4862 secreta
483 4809 570 4859 est
610 4805 830 4874 (1bid.):
863 4803 1122 4874 nihilque
1154 4817 1251 4856 seu
1277 4796 1564 4854 commodi
1594 4812 1694 4850 seu
1731 4797 1826 4850 in-

182 4903 256 4965 (a)
293 4901 499 4967 Scripti
531 4901 630 4950 sub
658 4899 815 4949 tinem
845 4899 971 4948 anni
1005 4900 1113 4947 386.

1929 2868 2214 2924 commodi
2244 2869 2523 2939 contingit
2580 2869 2641 2923 in
2684 2873 2866 2939 parte,
2899 2872 3049 2941 quod
3107 2888 3220 2926 non
3251 2874 3546 2928 conveniat
3574 2880 3630 2928 et

1929 2961 2206 3026 congruat
2221 2956 2501 3012 universo.
2531 2958 2713 3021 Quam
2729 2959 3073 3013 sententiam
3086 2960 3507 3015 uberrimarum
3531 2963 3628 3015 do-

1929 3046 2242 3099 ctrinarum
2263 3045 2509 3098 oraculis
2528 3045 2768 3111 editam,
2787 3051 3182 3118 remotumque
3205 3049 3534 3119 longissime
3555 3051 3626 3103 ab

1928 3133 2223 3188 intellectu
2245 3133 2647 3205 profanorum,
2682 3151 2740 3188 se
2763 3135 3275 3189 demonstratnram
3299 3137 3444 3190 veris
3467 3153 3624 3191 ama-

1929 3221 2148 3276 toribus
2177 3221 2313 3288 suis,
2339 3222 2412 3276 ad
2458 3238 2630 3293 quam
2663 3226 2716 3276 te
2749 3222 2946 3289 invito,
3001 3223 3366 3294 philosophia
3393 3225 3623 3294 pollice-

1928 3314 2040 3364 tur.
2076 3311 2480 3374 Quamobrem.
2514 3326 2643 3364 cum
2674 3310 2777 3364 tibi
2805 3315 2904 3365 tuo
2949 3311 3140 3365 animo
3185 3312 3419 3380 indigna
3450 3313 3628 3366 multa

1931 3398 2220 3464 accidunt;
2253 3401 2326 3452 ne
2356 3403 2411 3452 te
2437 3398 2560 3467 ipse
2590 3404 2940 3454 contemnas.
2975 3400 3112 3453 Nam
3145 3399 3191 3452 si
3219 3400 3406 3453 divina
3435 3401 3626 3470 provi-

1931 3485 2125 3541 dentia
2151 3486 2515 3556 pertenditur
2542 3502 2724 3557 usque
2753 3487 2824 3540 ad
2853 3502 2975 3552 nos,
3019 3488 3174 3557 quod
3204 3487 3440 3542 minime
3467 3488 3628 3542 dubi-

1928 3574 2167 3628 tandum
2199 3578 2317 3640 est;
2349 3573 2491 3628 mihi
2518 3575 2702 3640 crede,
2732 3575 2810 3628 sic
2841 3579 3028 3629 tecum
3047 3575 3139 3645 agi
3162 3579 3388 3645 oportet
3415 3581 3479 3630 ut
3504 3577 3626 3646 agi-

1930 3666 2043 3715 tur.
2068 3663 2208 3715 Nam
2232 3677 2362 3714 cum
2391 3664 2569 3726 tanta,
2595 3666 2868 3732 quantam
2896 3678 3124 3731 semper
3145 3662 3417 3731 admiror,
3437 3663 3627 3717 indole

1930 3752 2048 3814 tua,
2095 3747 2164 3800 ab
2212 3748 2447 3800 ineunte
2502 3747 2884 3801 adolescentia
2935 3747 3117 3800 adhuc
3175 3747 3406 3801 infirmo
3453 3749 3624 3802 ratio-

1931 3837 2020 3890 nis
2061 3842 2233 3907 atque
2263 3837 2517 3906 lapsante
2550 3836 2786 3905 vestigio
2817 3837 3130 3890 humanam
3159 3838 3334 3890 vitam
3367 3853 3623 3890 errorum

1932 3923 2191 3978 omnium
2211 3923 2605 3993 plenissimam
2627 3923 3040 3993 ingredereris;
3069 3923 3292 3994 excepit
3313 3928 3367 3977 te
3389 3924 3627 3978 circum-

1933 4011 2168 4065 ﬂuentia
2197 4011 2547 4076 divitiarum,
2572 4002 2875 4081 quae‘illam
2897 4014 3121 4064 atatem
3147 4014 3317 4083 atque
3341 4012 3622 4078 animum,

1932 4115 2061 4170 quae
2088 4099 2329 4169 pulchra
2357 4101 2414 4151 et
2443 4098 2680 4152 honesta
2709 4097 3049 4152 videbantur
3077 4099 3236 4153 avide
3264 4104 3624 4170 sequentem,

1933 4186 2279 4241 illecebrosis
2307 4190 2555 4256 cmperat
2585 4186 2887 4241 absorbere
2919 4186 3260 4258 gurgitibus,
3280 4187 3388 4241 nisi
3416 4187 3550 4241 inde
3571 4193 3626 4241 te

1934 4275 2176 4328 fortuna:
2206 4273 2291 4328 illi
2316 4274 2504 4337 ﬂatus,
2553 4273 2654 4345 qui
2685 4278 2962 4345 putantur
2991 4274 3231 4342 adversi,
3267 4275 3630 4346 erupuisscnt

1934 4379 2082 4433 pene
2109 4367 2484 4432 mergentem.

2004 4454 2058 4504 ‘2.
2089 4454 2175 4504 An
2204 4467 2336 4504 vero
2363 4450 2410 4503 si
2441 4451 2705 4505 edentem
2734 4454 2787 4504 te
2815 4467 3057 4504 munera
3081 4467 3339 4506 ursorum
3364 4450 3380 4484 ί
3405 4455 3460 4506 et
3488 4468 3631 4506 nun-

1936 4554 2109 4610 quam
2139 4538 2219 4593 ibi
2259 4543 2428 4594 antea
2455 4540 2572 4593 visa
2602 4540 2922 4610 spectacula
2949 4539 3166 4611 civibus
3205 4540 3434 4606 nostris,
3468 4541 3628 4594 thea-

1934 4627 2110 4680 tricus
2166 4628 2399 4696 plausus
2459 4643 2685 4698 semper
2731 4627 3152 4698 prosperrimus
3199 4628 3532 4698 accepisset;
3585 4631 3632 4681 si

1935 4715 2240 4768 stultorum
2263 4713 2586 4780 hominum,
2613 4729 2858 4784 quorum
2880 4714 3160 4767 immensa
3176 4715 3341 4768 turba
3363 4720 3467 4781 est,
3500 4732 3633 4769 con-

1936 4801 2085 4855 ﬂatis
2115 4806 2168 4856 et
2198 4802 2682 4856 consentientibus
2699 4802 2926 4856 vocibus
2958 4802 3184 4856 ferreris
3215 4804 3281 4856 ad
3313 4800 3517 4858 cmlnm
3535 4820 3550 4874 ;
3584 4805 3630 4857 si

1934 4905 2104 4944 nemo
2133 4890 2239 4944 tibi
2283 4891 2515 4945 auderet
2542 4907 2662 4944 esse
2713 4889 3008 4958 inimicus;
3043 4891 3090 4945 si
3131 4891 3506 4962 municipales
3545 4896 3630 4946 ta-

1450 4985 1717 5022 ADIONITIO
1756 4987 1830 5022 PP.
1862 4989 2313 5028 BENEDICTINORUI.

182 5065 270 5114 His
287 5060 628 5126 castigandis
639 5058 1062 5126 (libris)_adb_ibiti
1084 5060 1208 5126 sunt
1220 5057 1342 5126 Mss.
1357 5054 1642 5126 Germanae
1651 5053 1738 5111 sis,
1753 5054 2096 5126 Michaelinus
2107 5057 2558 5126 Theodericensis,
2573 5058 2892 5126 Albinensis.
2907 5059 3220 5126 Cgsalensis,
3235 5059 3488 5126 Eictorini
3503 5057 3627 5117 duo,

127 5125 399 5176 Sorbonici
430 5113 565 5182 tres,
597 5113 1136 5184 Regius,'Vaticanus,
1165 5117 1433 5167 Lectiones
1470 5113 1798 5175 Belgicorum
1836 5124 2061 5181 quatuor
2080 5120 2218 5184 apud
2249 5123 2376 5172 Lov.
2407 5113 2615 5169 necnbn
2644 5113 2904 5170 editiones
2935 5122 3061 5171 Bad.
3091 5113 3220 5171 Am.’
3247 5123 3331 5170 Er.
3355 5123 3477 5170 Lov.

213 5201 788 5295 Comparavimus
822 5211 1146 5289 praeterea
1198 5217 1307 5264 eas
1357 5214 1578 5261 omnes
1620 5191 1930 5266 editiones
1975 5200 2164 5266 initio
2205 5203 2778 5267 Retractationum
2817 5209 2882 5267 et
2930 5204 3448 5269 Confessionum
3493 5219 3626 5264 me-

122 5315 441 5370 moratas.
902 5299 988 5362 M.

184 5411 196 5444 ¹
233 5408 384 5468 BaJ.,
419 5416 662 5468 munera
687 5414 990 5468 cursorum.
1013 5399 1114 5468 Sed
1133 5398 1221 5468 alii
1242 5397 1369 5448 Cdd.
1397 5407 1604 5468 summa
1623 5394 1760 5468 inter
1778 5413 1833 5448 se

132 5456 390 5520 consensu
413 5467 627 5516 habent
647 5477 926 5515 ursorum.
944 5461 1258 5511 Inusitatum
1284 5456 1832 5523 quodpiamludorum

133 5545 300 5596 genus
312 5532 404 5596 hic
421 5528 710 5596 nominare
728 5527 898 5575 voluit
916 5522 1444 5596 Augustinuszlg‘ud‘os
1461 5532 1668 5596 nempe,
1710 5524 1833 5585 quia

126 5583 416 5645 liberaliter
452 5589 657 5656 papulo
695 5600 975 5638 munerum
998 5583 1162 5636 instar
1184 5583 1590 5650 exhibebantur,
1613 5583 1833 5634 munera

489 5689 771 5756 PATROL.
821 5685 1071 5755 XXXII.

1939 5403 2234 5466 vocabant._
2258 5403 2390 5452 Hinc
2439 5402 2504 5466 de
2549 5402 2688 5451 ludis
2720 5403 2968 5466 praestitis
2990 5416 3109 5466 non
3147 5399 3281 5466 male
3321 5397 3631 5466 intelligitur

1940 5464 2149 5514 concilii
2181 5464 2482 5514 Eliberitani
2521 5478 2642 5514 can.
2677 5459 2739 5513 3i
2765 5483 2789 5509 (ι
2840 5465 3096 5514 Flamines
3121 5463 3210 5525 qui
3239 5475 3346 5510 non
3390 5459 3629 5509 immola-

1940 5527 2139 5576 verint:
2173 5528 2262 5577 sed
2294 5541 2531 5576 «munus
2550 5531 2756 5576 tantum
2783 5526 3039 5586 dederint,
3071 5543 3096 5570 »
3119 5530 3218 5574 etc.

2777 5687 2800 5766 (
2818 5683 3254 5770 Vz'ngl-neu/Z)
