4058 6364
443 323 541 376 907

443 459 590 512 bula:
611 460 665 510 te
695 471 810 508 non
830 455 1015 508 solum
1039 454 1267 520 civium,
1287 453 1383 506 sed
1402 453 1575 507 etiam
1597 452 1911 507 vicinorum
1932 457 2124 524 patro-

443 561 583 598 num
614 559 725 597 aere
764 543 1084 613 signarent;
1132 543 1543 595 collocarentur
1569 544 1791 604 statum,
1818 541 2128 595 inﬂuerent

442 634 709 698 honores,
725 631 1070 685 adderentur
1082 629 1251 683 etiam
1267 633 1564 700 potetates,
1583 646 1708 700 quas
1721 630 2128 700 municipalem

442 721 699 774 habitum
717 721 1200 788 supercrescerent
1219 735 1232 783 ;
1259 717 1527 771 conviviis
1541 717 1894 788 quotidianis
1915 733 2128 770 mensa;

445 809 653 879 epimze
681 810 1068 870 struerentur;
1104 806 1258 875 quod
1287 805 1492 876 cuique
1527 809 1672 859 esset
1700 821 1946 872 necesse,
1977 804 2131 874 quod

446 896 718 965 cujusque
731 895 899 947 etiam
915 893 1128 948 deliciae
1143 893 1383 956 sitirent,
1401 893 1787 946 indubitanter
1798 896 2037 963 peteret,
2053 891 2132 944 in-

444 984 767 1036 dubitanter
787 981 1060 1049 hauriret,
1077 983 1253 1034 inulta
1273 981 1447 1035 etiam
1469 997 1584 1034 non
1610 981 1928 1050 petentibus
1942 979 2133 1032 funde-

445 1076 673 1135 rentur;
691 1085 891 1138 resque
911 1069 1034 1138 ipsa
1053 1068 1347 1122 familiaris
1365 1068 1667 1137 diligenter
1687 1083 1718 1119 a
1738 1066 1849 1120 tuis
1866 1065 2132 1119 ﬁdeliter-

444 1173 550 1226 que
562 1155 974 1220 administrata,
993 1154 1252 1207 idoneam
1264 1169 1321 1206 se
1334 1153 1506 1206 tantis
1520 1152 1840 1221 sumptibus
1851 1156 2134 1220 paratam-

444 1258 554 1312 que
582 1242 859 1311 prazberet
875 1244 959 1306 ;tu
975 1241 1192 1293 interea
1204 1240 1418 1293 viveres
1431 1239 1490 1291 in
1505 1238 1877 1292 aediﬁciorum
1894 1238 2133 1308 exquisi-

446 1330 680 1383 tissimis
704 1329 968 1396 molibus,
990 1328 1050 1381 in
1082 1329 1264 1380 nitore
1281 1326 1638 1391 balnearum,
1667 1325 1727 1378 in
1750 1325 1978 1379 tesseris
1995 1341 2135 1395 quas

445 1417 712 1470 honestas
732 1433 849 1470 non
872 1416 1106 1486 respuit,
1136 1415 1196 1468 in
1213 1413 1531 1480 venatibus,
1556 1413 1615 1466 in
1637 1413 1924 1478 conviviis,
1958 1412 2017 1465 in
2039 1429 2135 1466 ore

447 1505 767 1572 clientium,
801 1504 859 1556 in
888 1519 982 1556 ore
1013 1501 1244 1570 civium,
1279 1502 1338 1555 in
1382 1517 1479 1554 ore
1511 1501 1758 1570 denique
1789 1501 2133 1570 populorum

448 1591 913 1655 humanissimus,
937 1589 1386 1655 liberalissimus,
1419 1588 1850 1655 mundissimus,
1878 1589 2136 1642 fortuna-

448 1680 716 1745 tissimus,
747 1683 812 1732 ut
839 1678 995 1732 fuisti
1025 1679 1064 1744 ί,
1086 1677 1412 1747 jactareris:
1449 1677 1752 1746 quisquam
1778 1676 1903 1741 tibi,
1936 1677 2138 1730 Roma-

448 1768 639 1833 niane,
672 1767 850 1820 beata:
881 1766 1112 1819 alterius
1141 1765 1293 1834 vitaz,
1328 1781 1457 1834 qua:
1488 1765 1609 1818 sola
1637 1765 1800 1818 beata
1831 1769 1937 1832 est,
1982 1764 2137 1834 quis-

450 1871 644 1925 quam,
677 1870 890 1924 quaeso,
936 1852 1291 1907 mentionem
1321 1853 1506 1906 facere
1538 1852 1805 1906 auderet?
1837 1851 2139 1921 quisquam

451 1942 553 1995 tibi
583 1943 920 2011 persuadere
949 1944 1154 2010 posset,
1183 1956 1299 1994 non
1338 1941 1526 1994 solum
1555 1945 1610 1994 te
1636 1939 1858 1993 felicem
1886 1955 2002 1993 non
2053 1955 2138 1991 es-

449 2047 537 2096 se;
573 2031 669 2084 sed
700 2046 765 2083 eo
795 2029 1041 2083 maxime
1073 2029 1365 2094 miserum,
1401 2045 1515 2099 quo
1542 2028 1646 2082 tibi
1666 2028 1904 2082 minime
1928 2026 2140 2081 videre-

449 2118 568 2171 ris?
602 2120 760 2171 Nunc
789 2134 922 2170 vero
953 2133 1126 2186 quam
1154 2121 1209 2170 te
1247 2116 1492 2170 breviter
1515 2116 1944 2170 admonendum
1972 2118 2056 2168 tot
2085 2118 2142 2167 et

451 2209 628 2271 tanta,
662 2222 791 2276 qum
821 2203 1104 2274 pertulisti
1132 2205 1365 2257 adversa
1379 2204 1679 2257 fecerunt?
1707 2205 1829 2257 Non
1858 2203 2013 2257 enim
2037 2202 2141 2256 tibi

453 2295 652 2348 alienis
683 2293 956 2363 exemplis
987 2291 1443 2362 persuadendum
1471 2297 1554 2346 est
1585 2308 1756 2362 quam
1778 2293 1932 2345 ﬂuxa
1957 2295 2011 2345 et
2036 2291 2142 2345 fra-

454 2383 608 2452 gilia,
631 2385 685 2435 et
699 2382 869 2450 plena
895 2379 1283 2433 calamitatum
1306 2379 1419 2433 sint
1438 2379 1651 2445 omnia,
1671 2396 1798 2450 qua:
1817 2381 1966 2434 bona
1992 2396 2144 2432 mor-

453 2471 592 2522 tales
621 2473 850 2538 putant;
884 2483 1011 2520 cum
1042 2467 1122 2520 ita
1160 2484 1227 2521 ex
1280 2467 1471 2537 aliqua
1501 2472 1659 2537 parte
1704 2468 1849 2520 bene
1881 2471 2143 2536 expertus

455 2557 555 2624 sis,
592 2560 658 2609 ut
695 2571 761 2608 ex
791 2559 846 2607 te
877 2554 1093 2607 czeteris
1123 2555 1465 2623 persuadere
1503 2554 1803 2624 possimus.

526 2647 579 2699 3.
613 2641 755 2695 Illud
787 2657 948 2710 ergo,
979 2641 1122 2694 illud
1155 2645 1339 2706 tuum,
1363 2656 1476 2710 quo
1502 2656 1727 2710 semper
1748 2641 1952 2694 decora
1972 2645 2028 2694 et
2045 2641 2145 2694 ho-

457 2732 615 2781 nesta
645 2728 1006 2794 desiderasti;
1049 2745 1160 2798 quo
1186 2731 1239 2781 te
1266 2728 1560 2781 liberalem
1590 2727 1772 2798 magis
1803 2744 1976 2797 quam
2004 2728 2143 2782 divi-

454 2820 572 2869 tem
601 2831 721 2868 esse
761 2814 1042 2880 maluisti;
1076 2831 1190 2885 quo
1219 2831 1516 2886 nunquam
1549 2815 1870 2885 concupisti
1900 2831 2020 2869 esse
2047 2831 2146 2885 po-

453 2903 665 2958 tentior
693 2919 864 2972 quam
888 2903 1115 2972 justior,
1145 2917 1441 2972 nunquam
1472 2901 1904 2956 adversitatibus
1929 2903 2144 2972 impro-

453 2992 839 3061 bitatibusque
869 2991 1112 3044 cessisti:
1144 2991 1287 3044 illud
1309 2991 1518 3061 ipsum,
1552 2991 1810 3061 inquam,
1835 2992 1989 3061 quod
2010 2991 2069 3043 in
2091 2995 2145 3044 te

455 3079 712 3133 divinum
738 3079 924 3132 nescio
963 3095 1075 3148 quo
1101 3079 1230 3131 vitae
1258 3079 1429 3148 hujus
1459 3095 1658 3132 somno
1688 3083 2036 3148 veternoque
2063 3095 2148 3133 so-

452 3167 642 3236 pitum
672 3171 774 3230 est,
806 3166 975 3219 variis
1002 3166 1115 3219 illis
1147 3166 1419 3235 durisque
1469 3166 1877 3234 jactationibus
1933 3170 2148 3220 secreta

455 3252 814 3324 providentia
835 3253 1078 3306 excitare
1105 3253 1366 3306 decrevit.
1404 3254 1638 3322 Evigila,
1671 3253 1899 3322 evigila,
1933 3269 2030 3306 oro
2059 3258 2147 3320 te;

457 3343 725 3406 multum,
786 3327 929 3392 mihi
970 3340 1156 3405 crede,
1207 3340 1584 3409 gratulaberis
1613 3341 1769 3409 quod
1796 3357 1945 3409 pene
1974 3342 2146 3395 nullis

453 3427 924 3498 prosperitatibus
947 3427 1155 3496 quibus
1185 3431 1454 3481 tenentur
1483 3427 1718 3494 incauti,
1748 3428 1949 3482 mundi
1979 3428 2147 3498 hujus

455 3515 561 3568 tibi
591 3515 741 3567 dona
767 3513 1023 3567 blandita
1051 3519 1214 3567 sunt:
1247 3530 1376 3584 qua:
1413 3513 1696 3584 meipsum
1726 3531 1926 3584 capere
1957 3517 2149 3569 molie-

455 3604 666 3658 bantur
695 3601 949 3672 quotidie
969 3602 1076 3655 ista
1097 3605 1446 3669 cantantem,
1470 3602 1582 3656 nisi
1608 3618 1697 3656 me
1717 3603 1960 3673 pectoris
1990 3603 2150 3658 dolor

457 3695 747 3744 ventosum
775 3690 1179 3761 professionem
1199 3691 1445 3760 abjicere
1469 3694 1523 3743 et
1539 3690 1597 3744 in
1619 3691 1995 3761 philosophiae
2018 3709 2148 3763 gre-

455 3779 638 3832 mium
659 3779 960 3848 confugerc
979 3778 1271 3848 coegisset.
1302 3780 1431 3847 Ipsa
1450 3794 1540 3833 me
1558 3795 1712 3832 nunc
1732 3779 1794 3833 in
1823 3780 1961 3847 otio,
1994 3781 2143 3850 quod

453 3868 819 3922 vehementer
848 3867 1191 3936 optavimus,
1221 3867 1403 3920 nutrit
1425 3884 1486 3921 ac
1507 3868 1684 3921 fovet:
1717 3867 1841 3937 ipsa
1865 3884 1956 3922 me
1984 3869 2146 3938 peni-

454 3960 544 4010 tus
572 3956 640 4010 ab
671 3956 769 4009 illa
797 3955 1224 4025 superstitione,
1254 3955 1315 4008 in
1343 3971 1516 4025 quam
1547 3959 1602 4010 te
1632 3972 1856 4010 mecum
1885 3957 2146 4026 praecipi-

456 4049 572 4099 tem
603 4044 894 4110 dederam,
923 4043 1185 4096 liberavit
1211 4044 1308 4112 (α).
1359 4045 1488 4113 Ipsa
1516 4044 1671 4097 enim
1716 4045 1896 4111 docet,
1929 4049 1987 4099 et
2014 4062 2145 4100 vere

455 4133 620 4187 docet
639 4131 780 4184 nihil
803 4131 1036 4184 omnino
1059 4131 1364 4183 colendum
1388 4148 1529 4198 esse,
1547 4136 1840 4202 totumque
1861 4133 2147 4186 contemni

455 4223 740 4288 oportere,
773 4218 1048 4287 quidquid
1084 4218 1419 4271 mortalibus
1457 4219 1634 4272 oculis
1669 4219 1938 4281 cernitur,
1981 4219 2146 4289 quid-

455 4307 594 4377 quid
619 4307 770 4358 ullus
801 4320 998 4356 sensus
1038 4304 1270 4372 attingit
1303 4305 1444 4371 (Lib.
1476 4308 1494 4358 1
1540 4308 1798 4371 Retract.,
1823 4321 1868 4360 c.
1906 4309 1953 4373 1,
1982 4322 2036 4359 η.
2069 4310 2142 4375 2).

457 4396 585 4463 Ipsa
612 4391 970 4446 verissimum
1001 4395 1058 4445 et
1086 4391 1525 4446 secretissimum
1556 4394 1738 4446 Deum
1769 4393 2066 4464 perspicue
2089 4412 2146 4449 sc

457 4482 976 4535 demonstraturam
1008 4479 1313 4549 promittit,
1363 4483 1418 4533 et
1439 4481 1560 4550 jam
1585 4480 1821 4551 jamque
1855 4482 2016 4552 quasi
2044 4499 2149 4552 per

456 4571 674 4626 lucidas
702 4571 881 4625 nubes
911 4573 1194 4624 ostentare
1226 4569 1517 4640 dignatur.

525 4662 578 4713 4.
610 4662 674 4714 In
721 4660 824 4713 hac
863 4675 1088 4713 mecum
1119 4657 1528 4712 studiosissime
1559 4657 1694 4711 vivit
1726 4662 1916 4712 noster
1946 4659 2144 4713 Licen-

457 4747 602 4801 tius:
645 4747 713 4801 ad
743 4763 868 4801 eam
908 4751 1058 4801 totus
1088 4763 1121 4800 a
1143 4745 1494 4816 juvenilibus
1526 4746 1806 4800 illecebris
1837 4747 2144 4816 voluptati-

522 4855 611 4900 1ln
625 4853 746 4900 Mss.
762 4852 961 4914 aliquot
976 4853 1213 4912 vetustis,
1234 4855 1286 4901 et
1299 4852 1353 4900 in
1368 4852 1492 4900 Bad.
1507 4853 1621 4900 Am.
1640 4853 1723 4900 Er.
1744 4851 1887 4900 deest
1899 4855 1958 4901 ut
1970 4850 2143 4914 fuisti.

457 4916 516 4962 In
543 4915 657 4962 aliis
677 4918 874 4976 septem
899 4915 1018 4962 Mss.
1038 4915 1378 4963 substituitur
1395 4919 1462 4962 ut
1476 4914 1668 4972 suesti;
1697 4929 1814 4976 quae
1836 4915 1987 4962 lectio
2009 4914 2143 4962 forte

458 4977 556 5024 hoc
583 4976 1011 5038 verior_est,_quo
1043 4976 1107 5023 ab
1139 4991 1238 5023 usu
1262 4977 1477 5038 vulgato
1507 4977 1773 5024 remotior.

520 5038 591 5099 (α)
619 5039 740 5100 Erat
762 5036 903 5083 haud
926 5036 1086 5100 dubie
1109 5036 1466 5100 Romanianus
1483 5052 1543 5085 ex
1556 5051 1737 5086 eorum
1759 5051 1997 5096 numero,
2014 5051 2145 5100 quos

455 5100 510 5147 in
535 5099 941 5162 Manichaeorum
963 5099 1204 5162 haeresim
1221 5113 1398 5162 secum
1411 5099 1720 5162 pertraxisse
1741 5099 2146 5162 detletAugUsti-

456 5175 557 5209 nus
583 5162 672 5210 lib.
706 5163 731 5208 4
763 5159 909 5207 Conf.
932 5174 976 5222 c.
1009 5164 1053 5208 1.
1082 5161 1274 5208 Verum
1305 5160 1346 5208 is
1371 5159 1579 5222 quoque
1597 5161 1664 5208 ad
1680 5175 1861 5209 sanam
1880 5159 2032 5210 ﬁdem
2050 5162 2144 5210 ali-

455 5224 667 5294 quando
695 5236 748 5270 se
773 5221 992 5300 recepit:
1025 5221 1727 5300 quippemqui‘Augustinum
1757 5237 1962 5300 semper
1982 5224 2146 5300 coluit

455 5283 708 5346 impense,
741 5288 792 5332 et
815 5287 1174 5346 nuncupatum
1194 5283 1292 5346 sibi
1315 5283 1378 5330 ab
1400 5284 1512 5344 ipso
1536 5284 1727 5331 librum
1758 5285 1819 5332 de
1850 5283 1984 5334 Vera
2011 5285 2145 5333 Reli-

455 5345 847 5407 gione,aliaque
879 5345 1040 5406 ipsius
1055 5345 1245 5407 scripta
1264 5345 1318 5407 in
1337 5358 1527 5407 magno
1553 5346 1716 5406 pretio
1740 5345 1947 5405 habuit;
1975 5361 2034 5394 ac
2054 5347 2141 5395 de-

454 5405 599 5455 fnum
631 5423 724 5470 per
751 5405 948 5455 litteras
978 5421 1008 5454 a
1042 5405 1261 5454 Paulino
1291 5405 1503 5453 Nolensi
1550 5407 1810 5515 episcopo,
1841 5410 1931 5470 qui
1981 5422 2143 5470 panes

454 5470 781 5515 eulogiarum
813 5469 1025 5515 nomine
1055 5469 1223 5515 eidem
1253 5468 1428 5515 mittit.
1451 5472 1701 5515 tractatur
1737 5469 2140 5515 ionoriﬁcentis-

454 5468 781 5530 eulogiarum
813 5469 1025 5517 nomine
1055 5469 1223 5516 eidem
1253 5468 1428 5526 mittit,
1451 5472 1701 5516 tractatur
1720 5468 2140 5519 honoriﬁcentis-

455 5531 603 5590 sime,
639 5535 792 5593 etquc
822 5535 879 5581 ut
900 5532 980 5579 vir
1008 5530 1162 5593 plane
1185 5530 1498 5579 Christianus
1524 5531 1830 5580 catholicus.

1527 314 1808 370 CONTRA
1848 313 2316 381 ACADEMICOS,
2360 314 2414 369 S.
2462 310 2845 369 AUGUSTINI

3831 306 3931 358 908

2235 436 2453 507 busque
2475 450 2778 490 conversus
2807 437 2912 500 est,
2943 432 3023 486 ita
3068 435 3131 485 ut
3181 446 3315 486 eum
3343 445 3462 483 non
3510 433 3730 484 temere
3778 428 3929 498 patri

2236 525 2475 579 audeam
2503 523 2845 576 imitandum
2872 535 3212 592 proponere.
3239 517 3608 588 Philosophia
3627 522 3714 571 est
3744 517 3920 578 enim,

2237 629 2271 666 a
2296 613 2456 682 cujus
2487 610 2754 665 uberibus
2784 624 2841 663 se
2871 609 3028 662 nulla
3058 612 3193 662 tetas
3222 609 3493 678 queretur
3521 604 3539 638 ¹
3571 605 3824 670 excludi;
3854 605 3924 658 ad

2239 716 2410 771 quam
2436 698 2654 752 avidius
2686 697 3039 751 retinendam
3071 699 3128 748 et
3156 694 3530 749 hauriendam
3561 709 3674 764 quo
3705 697 3762 746 te
3786 692 3927 746 inci-

2238 792 2438 850 tarem,
2473 784 2731 856 quamvis
2755 789 2914 838 tuam
2943 783 3097 837 sitim
3121 783 3268 836 bene
3292 781 3569 846 noverim,
3589 784 3822 850 gustum
3852 783 3934 832 ta-

2239 891 2372 929 men
2403 874 2628 927 mittere
2656 872 2828 938 volui,
2863 887 3034 942 quem
3063 869 3167 926 tibi
3190 868 3612 934 suavissimum,
3648 873 3722 933 et,
3758 873 3818 920 ut
3849 868 3922 920 ita

2240 963 2442 1028 dicam,
2474 960 2862 1015 induc-torium
2892 959 3033 1027 fore,
3061 961 3194 1028 peto
3227 973 3295 1010 ne
3317 957 3531 1010 frustra
3557 956 3924 1025 speraverim.

2242 1052 2384 1104 Nam
2413 1047 2856 1118 disputationem
2885 1061 3058 1117 quam
3085 1045 3236 1098 inter
3255 1060 3314 1098 se
3333 1042 3635 1114 Trygetius
3663 1047 3721 1096 et
3743 1042 3936 1096 Licen-

2242 1139 2352 1192 tius
2381 1138 2724 1201 habuerunt,
2757 1136 2993 1188 relatam
3029 1133 3089 1186 in
3136 1133 3373 1198 litteras,
3423 1131 3528 1184 tibi
3579 1131 3730 1184 misi.
3761 1131 3929 1186 illum

2245 1225 2400 1279 enim
2448 1238 2676 1294 quoque
2719 1221 3156 1286 adolescentem,
3199 1218 3361 1289 quasi
3406 1218 3474 1272 ad
3512 1217 3930 1288 detergendum

2245 1310 2535 1365 fastidium
2577 1308 3008 1378 disciplinarum
3056 1307 3411 1376 aliquantum
3455 1304 3563 1360 sibi
3606 1310 3934 1375 usurpasset

2245 1399 2470 1465 militia,
2501 1399 2580 1451 ita
2619 1396 2781 1452 nobis
2825 1411 3161 1466 magnarum
3191 1395 3673 1464 honestarumque
3725 1393 3929 1446 artium

2246 1486 2822 1554 ardentissimumque
2845 1482 3244 1537 edacissimum
3263 1480 3529 1535 restituit.
3556 1481 3820 1534 Pauculis
3839 1480 3937 1551 igi-

2244 1577 2340 1628 tur
2368 1573 2566 1628 diebus
2595 1571 2908 1637 transactis,
2949 1574 3321 1641 posteaquam
3349 1569 3410 1622 in
3441 1584 3575 1638 agro
3611 1568 3795 1623 vivere
3825 1585 3933 1622 cu:-

2246 1662 2457 1733 pimus,
2490 1676 2618 1713 cum
2650 1675 2747 1713 eos
2795 1659 2865 1712 ad
2911 1657 3100 1712 studia
3145 1657 3380 1710 hortans
3425 1661 3595 1726 atque
3652 1656 3934 1725 animans,

2248 1749 2400 1803 ultra
2449 1764 2621 1818 quam
2651 1749 2976 1817 optaveram
3001 1749 3230 1816 paratos
3261 1748 3318 1798 et
3361 1759 3594 1813 prorsus
3641 1743 3930 1797 inhiantes

2248 1836 2521 1901 viderem,
2552 1835 2708 1888 volui
2738 1837 2954 1887 tentare
2983 1848 3088 1903 pro
3120 1835 3283 1885 astate
3315 1830 3453 1901 quid
3482 1833 3742 1901 possent:
3792 1847 3938 1900 prae.-

2249 1923 2448 1978 sertim
2477 1938 2608 1977 cum
2629 1921 2959 1976 Hortensius
2987 1919 3132 1974 liber
3154 1918 3436 1974 Ciceronis
3451 1919 3573 1988 jam
3604 1934 3698 1972 eos
3729 1935 3796 1972 ex
3822 1935 3939 1972 ma-

2249 2028 2362 2082 gna
2388 2014 2548 2082 parte
2578 2009 2904 2064 conciliasse
2933 2007 3316 2078 philosophia:
3337 2006 3641 2060 videretur.
3669 2006 3938 2061 Adhibita

2247 2101 2440 2170 itaque
2459 2098 2700 2164 notario,
2719 2113 2791 2151 ne
2804 2112 2958 2150 aurae
2977 2096 3229 2149 laborem
3242 2099 3504 2148 nostrum
3527 2094 3938 2164 discerperent,

2251 2187 2392 2241 nihil
2410 2187 2597 2257 perire
2620 2185 2872 2257 permisi.
2896 2185 3038 2239 Sane
3065 2184 3126 2237 in
3151 2184 3256 2237 hoc
3275 2183 3421 2237 libro
3441 2197 3531 2237 res
3553 2187 3608 2236 et
3629 2183 3940 2237 sententias

2251 2276 2501 2342 illorum,
2535 2289 2663 2328 mea
2690 2289 2822 2328 vero
2865 2277 2922 2326 et
2948 2271 3138 2342 Alypii
3165 2271 3336 2325 etiam
3361 2271 3532 2325 verba
3578 2271 3830 2326 lecturus
3856 2287 3934 2327 es.

2835 2384 3144 2422 DISPUTATIO
3176 2384 3358 2421 PRIMA.

2253 2466 2475 2520 CAPUT
2525 2465 2594 2518 II.
2643 2466 2738 2517 An
2784 2464 2858 2517 ad
2904 2464 3113 2517 beatam
3149 2465 3320 2517 vitam
3365 2465 3670 2517 necessaria
3719 2464 3792 2518 sit
3834 2465 3948 2518 veri

2536 2553 2948 2621 comprehensio,
2979 2567 3049 2604 an
3070 2552 3183 2605 sola
3212 2552 3324 2620 ejus
3352 2553 3657 2620 inquisitio.

2326 2645 2377 2696 5.
2410 2641 2552 2694 Cum
2579 2640 2758 2710 igitur
2814 2655 3010 2693 omnes
3058 2640 3287 2692 hortatu
3339 2655 3468 2693 meo
3500 2655 3683 2693 unum
3741 2639 3803 2692 in
3861 2641 3947 2694 lo-

2255 2744 2385 2783 cum
2416 2729 2485 2782 ad
2512 2729 2619 2782 hoc
2650 2727 2982 2797 congregati
3008 2743 3279 2793 essemus,
3311 2727 3412 2780 ubi
3437 2731 3829 2797 opportunum
3862 2729 3950 2781 vi-

2254 2832 2382 2870 sum
2408 2819 2523 2870 est:
2551 2815 2974 2886 Numquidnam
3007 2814 3296 2882 dubitatis,
3324 2813 3583 2885 inquam,
3617 2831 3817 2869 verum
3846 2831 3952 2870 nos

2255 2904 2398 2958 scire
2421 2905 2719 2974 oportere?
2773 2902 3024 2965 Minime,
3059 2902 3136 2956 ait
3163 2902 3490 2972 Trygetius:
3523 2902 3830 2974 caaterique
3892 2921 3952 2958 se

2253 2995 2416 3048 vultu
2461 2993 2584 3063 ipso
2623 2993 2964 3062 approbasse
3008 2991 3488 3060 significaverunt.
3551 2991 3698 3055 Quid
3741 2992 3808 3058 si,
3858 2993 3955 3046 in-

2256 3097 2449 3152 quam,
2479 3080 2651 3134 etiam
2689 3096 2804 3134 non
2837 3079 3246 3150 comprehenso
3296 3094 3430 3132 vero
3480 3079 3634 3134 beati
3663 3095 3785 3134 esse
3815 3096 3953 3149 pos-

2257 3185 2486 3235 sumus;
2529 3167 2906 3222 necessariam
2935 3167 3053 3222 veri
3095 3166 3665 3237 comprehensionem
3695 3167 3954 3222 arbitra-

2256 3255 2438 3310 mini?
2471 3255 2568 3308 Hic
2593 3255 2855 3325 Alypius:
2879 3255 3055 3324 Hujus
3077 3254 3432 3325 quastionis,
3459 3253 3666 3324 inquit,
3692 3254 3956 3324 judicem

2257 3360 2348 3397 me
2371 3343 2549 3397 tutius
2565 3346 2724 3414 puto.
2753 3344 2893 3398 Cum
2918 3342 3073 3396 enim
3101 3342 3209 3396 iter
3234 3341 3378 3396 mihi
3399 3342 3462 3395 in
3488 3342 3690 3396 urbem
3720 3343 3793 3396 sit
3818 3359 3957 3397 con-

2257 3432 2538 3498 stitutum,
2570 3435 2794 3500 oportet
2822 3447 2913 3484 me
2942 3446 3112 3484 onere
3145 3429 3384 3500 alicujus
3411 3428 3784 3499 suscipiendae
3815 3447 3956 3500 par-

2257 3518 2326 3571 tis
2354 3517 2619 3584 relevari;
2654 3517 2821 3570 simul
2853 3518 3009 3587 quod
3043 3517 3263 3571 facilius
3285 3516 3495 3586 judicis
3523 3521 3736 3586 partes,
3773 3533 3957 3588 quam

2256 3605 2593 3675 cujusquam
2609 3604 2937 3671 defensoris,
2951 3604 3200 3674 cuipiam
3214 3604 3478 3674 delegare
3498 3604 3732 3674 possim.
3760 3603 3956 3666 Quare

2256 3693 2462 3746 dehinc
2491 3709 2594 3763 pro
2627 3693 2900 3746 alterutra
2929 3695 3088 3762 parte
3124 3707 3194 3747 ne
3224 3709 3257 3745 a
3289 3708 3381 3746 me
3411 3691 3726 3762 quidquam
3755 3708 3961 3761 exspe-

2257 3781 2436 3836 ctetis.
2470 3782 2629 3845 Quod
2660 3781 2713 3835 ei
2739 3797 2868 3835 cum
2898 3796 3229 3850 concessum
3281 3784 3431 3834 esset
3475 3781 3544 3833 ab
3574 3779 3863 3846 omnibus,
3901 3785 3961 3833 et

2257 3885 2362 3940 ego
2386 3869 2745 3939 rogationem
2769 3869 3128 3938 repetissem:
3173 3867 3328 3922 Beati
3371 3871 3541 3934 certe,
3581 3867 3772 3937 inquit
3813 3867 3960 3936 Try-

2257 3958 2463 4028 getius,
2497 3975 2616 4012 esse
2665 3958 2958 4022 volumus;
3010 3962 3065 4010 et
3111 3956 3158 4010 si
3201 3956 3274 4009 ad
3302 3957 3450 4010 hanc
3495 3971 3618 4010 rem
3646 3971 3960 4025 possumus

2256 4047 2468 4115 absque
2514 4045 2748 4098 veritate
2799 4044 3119 4114 pervenire,
3179 4043 3485 4113 quaerenda
3524 4042 3689 4096 nobis
3741 4042 3961 4097 veritas

2258 4151 2372 4188 non
2400 4139 2500 4188 est.
2535 4133 2680 4197 Quid
2701 4134 2807 4187 hoc
2836 4133 3042 4202 ipsum,
3069 4133 3345 4203 inquam?
3373 4131 3791 4185 Existimatisne
3824 4133 3961 4186 bea-

2256 4225 2345 4275 tos
2371 4238 2474 4276 nos
2505 4238 2624 4275 esse
2653 4237 2840 4291 posse,
2881 4220 3055 4275 etiam
3083 4236 3201 4274 non
3240 4219 3472 4273 inventa
3496 4218 3767 4273 veritate?
3796 4220 3962 4273 Tunc

2260 4308 2573 4362 Licentius:
2601 4310 2923 4370 Possumus,
2945 4308 3154 4377 inquit,
3187 4306 3233 4360 si
3254 4323 3453 4360 verum
3475 4322 3827 4377 quaeramus.
3855 4307 3960 4361 Hic

2257 4413 2386 4450 cum
2409 4412 2514 4467 ego
2536 4400 2876 4450 czeterorum
2899 4395 3242 4450 sententiam
3266 4401 3410 4448 nutu
3430 4394 3812 4465 ﬂagitassem:
3839 4395 3959 4449 Mo-

2255 4490 2348 4538 vet
2375 4500 2486 4550 me,
2518 4483 2707 4555 inquit
2739 4483 3007 4555 Navigius
3045 4484 3138 4553 (a),
3172 4483 3322 4555 quod
3361 4500 3393 4537 a
3439 4481 3686 4538 Licentio
3732 4482 3959 4536 dictum

2257 4580 2358 4630 est.
2393 4577 2582 4629 Potest
2601 4575 2755 4628 enim
2781 4575 3020 4630 fortasse
3042 4576 3151 4629 hoc
3180 4575 3374 4646 ipsum
3401 4590 3523 4628 esse
3550 4573 3713 4627 beate
3737 4572 3958 4640 vivere,

2255 4663 2316 4716 in
2347 4663 2597 4717 veritatis
2634 4663 3006 4733 inquisitione
3035 4663 3240 4718 vivere.
3278 4661 3462 4716 Defini
3494 4678 3653 4732 ergo,
3686 4661 3766 4715 ait
3810 4663 3959 4732 Try-

2255 4752 2461 4821 getius,
2491 4751 2629 4822 quid
2660 4751 2731 4806 sit
2763 4753 2929 4805 beata
2943 4751 3078 4816 vita,
3110 4754 3173 4805 ut
3200 4767 3269 4803 ex
3297 4766 3364 4804 eo
3399 4749 3664 4820 colligam
3694 4748 3836 4819 quid
3865 4764 3960 4801 re-

2255 4841 2532 4910 spondere
2560 4840 2876 4894 conveniat.
2911 4838 3059 4902 Quid
3090 4854 3303 4905 censes,
3345 4838 3603 4908 inpuam,
3644 4853 3763 4890 esse
3793 4837 3959 4890 aliud

2254 4929 2415 4983 beate
2445 4929 2654 4993 vivere,
2681 4927 2792 4981 nisi
2822 4926 3137 4980 secundum
3167 4926 3223 4980 id
3262 4926 3418 4997 quod
3447 4926 3510 4980 in
3537 4924 3769 4979 homine
3797 4924 3959 4994 opti-

2253 5033 2414 5070 mum
2437 5019 2540 5079 est,
2573 5015 2800 5068 vivere?
2827 5015 3081 5082 Temere,
3113 5013 3319 5084 inquit,
3351 5013 3523 5068 verba
3548 5029 3666 5068 non
3687 5013 3956 5067 fundam:

2253 5120 2388 5159 nam
2411 5103 2465 5158 id
2489 5103 2678 5172 ipsum
2697 5100 2974 5171 optimum
2998 5100 3136 5172 quid
3155 5100 3246 5168 sit,
3271 5101 3663 5156 deﬁniendum
3681 5100 3828 5155 mihi
3852 5101 3962 5155 abs

2254 5194 2310 5243 te
2355 5194 2514 5259 puto.
2570 5188 2724 5253 Quis,
2756 5188 3015 5259 inquam,
3046 5189 3410 5258 dubitaverit,
3461 5189 3604 5243 nihil
3636 5189 3796 5243 aliud
3828 5206 3961 5243 esse

2253 5275 2502 5330 hominis
2535 5276 2838 5346 optimum,
2870 5293 3044 5348 quam
3070 5294 3197 5332 eam
3221 5282 3444 5348 partem
3473 5277 3678 5339 animi,
3724 5277 3818 5331 cui
3852 5278 3963 5332 do-

2251 5363 2493 5417 minanti
2513 5363 2904 5434 obtemperare
2934 5366 3194 5420 convenit
3221 5369 3425 5421 caetera
3467 5381 3712 5438 quaeque
3743 5365 3803 5420 in
3851 5367 3962 5421 hoc

2318 5472 2333 5502 ι
2358 5471 2620 5530 Queritur,
2643 5469 2796 5531 juxta
2825 5473 2950 5521 Lov.
2983 5473 3050 5521 M.

2318 5533 2394 5595 (α)
2421 5533 2700 5595 Augustini
2729 5534 2913 5584 frater.
