4058 6374
96 402 191 452 909

103 517 248 572 mine
279 517 464 570 sunt?
497 517 632 570 Haec
671 517 881 580 autem,
913 530 986 568 ne
1017 514 1184 569 aliam
1219 517 1468 586 postules
1498 516 1780 571 deﬁnitio-

102 621 247 670 nem,
281 619 441 657 mens
471 607 572 657 aut
599 603 745 657 ratio
776 602 886 656 dici
918 606 1106 672 potest
1135 603 1281 672 (Lib.
1320 607 1338 657 l
1373 605 1632 671 Retract.,
1665 620 1784 672 cap.

107 698 150 760 t,
181 708 236 748 η.
264 695 346 758 2).
379 691 542 755 Quod
574 691 620 744 si
664 690 767 744 tibi
815 707 931 744 non
977 690 1218 756 videtur,
1264 706 1456 760 quaere
1499 692 1788 761 quomodo

105 781 217 849 ipse
251 779 489 832 deﬁnias
516 779 606 831 vel
636 779 860 832 beatam
883 777 1076 844 vitam,
1108 779 1193 831 vel
1221 777 1470 831 hominis
1483 777 1784 848 optimum.

105 867 409 935 Assentior,
443 865 654 936 inquit.

173 957 224 1008 6.
254 954 398 1018 Quid
431 970 566 1023 ergo
589 955 618 1006 ?
646 957 710 1007 ut
747 953 812 1006 ad
871 952 1250 1023 propositum,
1285 951 1541 1023 inquam,
1594 953 1790 1006 redea-

107 1058 256 1107 mns;
289 1041 587 1095 videturne
617 1040 719 1094 tibi
751 1040 1110 1094 noninvento
1131 1056 1262 1093 vero
1275 1039 1436 1093 beate
1463 1055 1626 1109 posse
1656 1039 1787 1104 vivi,

111 1131 153 1184 si
180 1132 398 1183 tantum
427 1129 756 1198 quaeratur?
779 1130 1010 1198 Repeto,
1033 1128 1241 1199 inquit,
1264 1127 1605 1181 sententiam
1634 1127 1789 1180 illam

113 1233 286 1271 meam
321 1234 334 1270 :
378 1217 608 1270 Minime
636 1216 878 1270 videtur.
933 1217 1064 1282 Vos,
1120 1216 1370 1286 inquam,
1421 1215 1561 1286 quid
1590 1215 1788 1285 opina-

110 1303 288 1358 mini?
317 1305 460 1357 Tum
493 1303 773 1357 Licentius
805 1319 818 1356 :
853 1303 992 1356 mihi
1023 1319 1279 1373 prorsus,
1308 1302 1515 1373 inquit,
1547 1303 1788 1356 videtur:

111 1409 231 1448 nam
262 1392 505 1462 majores
533 1391 732 1452 nostri,
775 1407 916 1461 quos
955 1390 1240 1460 sapientes
1280 1391 1586 1461 beatosque
1634 1406 1789 1444 acce-

112 1482 310 1552 pimus,
355 1495 421 1532 eo
453 1480 571 1532 solo
603 1479 757 1549 quod
787 1493 983 1531 verum
1013 1478 1365 1548 quaerebant,
1409 1478 1555 1532 bene
1608 1478 1794 1531 beate-

114 1585 213 1640 que
240 1567 520 1620 vixerunt.
549 1569 669 1636 Ago
697 1566 928 1636 gratias,
963 1566 1220 1636 inquam,
1254 1565 1407 1636 quod
1436 1581 1564 1618 cum
1594 1565 1795 1634 Alypio

118 1673 198 1711 me
223 1655 476 1710 Iudicem
508 1653 741 1722 fecistis,
773 1653 884 1719 cui,
915 1653 1115 1719 fateor,
1166 1653 1421 1708 invidere
1445 1653 1564 1723 jam
1610 1669 1794 1722 coepe-

115 1761 245 1798 ram.
277 1743 556 1807 Quoniam
589 1742 764 1812 igitur
793 1741 954 1796 alteri
999 1745 1250 1795 vestrum
1301 1740 1527 1795 videtur
1572 1741 1795 1794 beatam

119 1833 278 1886 vitam
311 1831 434 1884 sola
488 1829 924 1899 investigatione
977 1828 1268 1895 veritatis;
1303 1828 1485 1893 alteri,
1543 1844 1657 1882 non
1688 1828 1796 1881 nisi

122 1921 437 1975 inventione
467 1935 630 1990 posse
674 1919 1045 1990 contingere;
1088 1918 1360 1988 Navigius
1404 1922 1594 1972 autem
1623 1919 1795 1988 paulo

121 2013 237 2064 ante
259 2007 504 2061 ostendit
529 2006 590 2060 in
619 2009 800 2072 tuam,
837 2005 1070 2071 Licenti,
1104 2009 1322 2076 partem
1355 2020 1412 2057 se
1445 2004 1585 2058 velle
1615 2009 1798 2057 trans-

122 2097 194 2150 ire
226 2114 237 2151 :
269 2110 619 2166 magnopere
642 2098 904 2164 exspecto
926 2093 1122 2164 quales
1149 2092 1562 2147 sententiarum
1593 2094 1800 2144 vestra-

122 2201 238 2240 rum
267 2183 493 2254 patroni
526 2199 646 2236 esse
700 2181 946 2253 possitis.
998 2181 1106 2236 Res
1153 2181 1307 2235 enim
1353 2196 1562 2251 magna
1609 2183 1712 2248 est,
1744 2182 1801 2232 et

122 2273 368 2342 diligenti
399 2269 747 2326 discussione
777 2268 1134 2340 dignissima.
1163 2269 1218 2323 Si
1242 2285 1330 2323 res
1358 2283 1568 2338 magna
1597 2271 1700 2333 est,
1725 2267 1803 2320 ait

126 2361 413 2427 Licentius,
447 2375 688 2430 magnos
717 2356 865 2411 viros
914 2356 1210 2411 desiderat.
1247 2355 1372 2409 Noli
1401 2371 1677 2425 quaerere,
1708 2353 1800 2408 in-

122 2465 297 2520 quam,
327 2447 655 2518 praesertim
685 2445 746 2498 in
790 2445 896 2499 hac
940 2443 1093 2509 villa,
1127 2443 1279 2514 quod
1333 2442 1518 2496 ubivis
1545 2441 1802 2512 gentium

121 2536 358 2607 reperire
391 2534 626 2590 difﬁcile
656 2538 741 2588 est
774 2550 786 2587 :
819 2532 916 2586 sed
942 2532 1133 2602 potius
1163 2530 1400 2601 explica,
1431 2546 1531 2583 cur
1567 2530 1627 2583 id
1654 2528 1806 2600 quod

124 2625 211 2679 abs
236 2629 290 2679 te
318 2640 437 2678 non
466 2626 703 2687 temere,
746 2624 812 2675 ut
861 2620 1088 2690 opinor,
1132 2619 1420 2690 prolatum
1473 2621 1574 2683 est,
1607 2619 1663 2670 et
1693 2633 1806 2687 qua

127 2712 218 2765 tibi
245 2711 465 2766 ratione
490 2710 747 2764 videatur
778 2725 791 2762 :
825 2724 956 2762 nam
972 2711 1028 2761 et
1041 2706 1305 2760 maximas
1335 2722 1446 2772 res,
1479 2721 1610 2760 cum
1630 2721 1662 2758 a
1683 2721 1808 2775 par-

127 2801 199 2853 vis
227 2803 583 2871 quazruntur,
613 2811 852 2868 magnos
884 2812 980 2850 eos
1010 2795 1197 2849 solent
1215 2793 1459 2848 efﬁcere.

131 2890 336 2943 CAPUT
375 2888 476 2942 III.
507 2918 575 2926 —-
605 2887 924 2941 Beatitatem
946 2885 1005 2937 in
1048 2884 1458 2949 investigatione
1485 2883 1601 2935 veri
1645 2879 1808 2936 sitam

448 2989 560 3029 esse
585 2987 688 3042 pro
714 2972 1058 3026 Academicis
1080 2974 1480 3040 propugnatur.

187 3067 240 3117 7.
273 3061 554 3128 Quoniam
600 3065 678 3127 te,
723 3059 932 3131 inquit,
979 3059 1145 3113 video
1192 3072 1542 3128 magnopere
1572 3071 1675 3110 nos
1715 3071 1809 3107 ur-

137 3167 276 3220 gere,
307 3161 373 3206 ut
405 3151 706 3205 adversum
736 3147 979 3202 invicem
1011 3146 1387 3217 disputemus,
1437 3144 1588 3215 quod
1613 3149 1669 3197 te
1699 3143 1810 3196 uti-

138 3240 253 3293 liter
277 3240 418 3294 velle
452 3237 676 3293 conﬁdo
703 3253 717 3304 ;
752 3252 947 3306 quaero
970 3251 1070 3289 cur
1096 3235 1296 3289 beatus
1326 3251 1446 3287 esse
1467 3249 1585 3286 non
1612 3230 1810 3302 possit,

138 3327 224 3398 qui
259 3343 460 3382 verum
510 3324 738 3398 quaerit,
793 3323 1015 3378 etiamsi
1061 3322 1300 3378 minime
1349 3320 1648 3375 inveniat?
1676 3317 1818 3383 Quia

139 3416 373 3485 beatum,
399 3415 592 3486 inquit
620 3413 942 3484 Trygetius,
973 3413 1237 3465 volumus
1267 3425 1386 3464 esse
1411 3408 1728 3480 perfectum
1757 3405 1815 3458 in

141 3504 386 3558 omnibus
401 3502 739 3574 sapientem.
757 3500 864 3565 Qui
881 3505 1073 3554 autem
1091 3499 1272 3553 adhuc
1285 3497 1511 3570 quaerit,
1535 3495 1818 3567 perfectus

142 3608 241 3646 non
269 3596 367 3646 est.
392 3594 556 3647 Hunc
575 3590 752 3661 igitur
772 3588 1058 3660 quomodo
1082 3602 1298 3640 asseras
1311 3587 1565 3653 beatum,
1586 3582 1820 3638 omnino

145 3696 244 3734 non
271 3681 455 3735 video.
486 3680 554 3733 Et
581 3678 676 3732 ille
705 3694 717 3731 :
749 3679 939 3732 Potest
966 3674 1116 3746 apud
1143 3677 1218 3742 te,
1243 3673 1450 3744 inquit,
1473 3672 1659 3727 vivere
1683 3669 1701 3702 ⁴
1720 3686 1820 3724 au-

143 3769 354 3823 ctoritas
389 3755 730 3838 majorum?
771 3767 896 3819 Non
943 3762 1223 3824 omnium,
1268 3760 1458 3832 inquit
1496 3759 1816 3831 Trygetius.

145 3857 384 3920 Quorum
422 3856 663 3912 tandem
683 3856 712 3908 ?
740 3854 840 3909 Ille
873 3870 886 3908 :
920 3854 1130 3907 Eorum
1160 3850 1387 3916 scilicet,
1420 3848 1520 3920 qui
1542 3847 1824 3919 sapientes

149 3945 377 4000 fuerunt.
408 3947 556 4000 Tum
589 3941 872 3998 Licentius
906 3958 920 3995 ε
948 3939 1284 4005 Carneades,
1334 3936 1542 4008 inquit,
1588 3935 1691 3990 tibi
1737 3951 1825 3988 sa-

149 4033 300 4102 piens
328 4032 686 4087 nonvidetur
704 4031 733 4083 ?
756 4031 892 4100 Ego,
924 4027 1024 4097 ait,
1043 4043 1260 4098 graecus
1297 4040 1416 4079 non
1437 4039 1563 4077 sum
1591 4040 1605 4090 ;
1635 4022 1826 4076 nescio

157 4121 462 4176 Carneades
501 4119 608 4174 iste
638 4117 736 4189 qui
768 4116 960 4171 fuerit.
993 4114 1159 4180 Quid,
1191 4112 1380 4183 inquit
1425 4110 1728 4176 Licentius,
1760 4110 1829 4164 de

155 4209 239 4262 illo
267 4213 460 4263 nostro
491 4207 786 4274 Cicerone,
808 4203 944 4275 quid
966 4203 1196 4257 tandem
1217 4199 1508 4255 existimas
1524 4201 1554 4253 ?
1574 4199 1672 4252 Hic
1701 4214 1832 4252 cum

155 4297 240 4350 diu
267 4297 540 4351 tacuisset
570 4311 582 4349 :
616 4293 853 4364 Sapiens
875 4291 1001 4358 fuit,
1030 4289 1240 4360 inquit.
1274 4289 1339 4342 Et
1359 4287 1454 4341 ille
1480 4303 1493 4340 :
1526 4288 1672 4357 Ergo
1712 4286 1834 4356 ejus

159 4385 218 4437 de
246 4385 346 4438 hac
382 4401 446 4439 re
481 4381 762 4437 sententia
791 4380 963 4434 habet
993 4377 1142 4449 apud
1185 4381 1240 4430 te
1280 4375 1495 4446 aliquid
1529 4373 1838 4446 ponderis?

161 4473 344 4543 liabet,
373 4471 586 4543 inquit.
617 4469 820 4540 Accipe
841 4468 1019 4538 igitur
1047 4482 1176 4537 quae
1203 4465 1294 4531 sit,
1312 4479 1446 4518 nam
1475 4479 1601 4518 eam
1616 4461 1720 4516 tibi
1742 4477 1838 4516 ex-

161 4561 340 4616 cidisse
369 4560 641 4615 arbitror.
671 4555 892 4612 Placuit
908 4554 1064 4609 enim
1093 4552 1582 4618 Ciceroninostro,
1612 4551 1841 4605 beatum

163 4666 268 4706 esse
297 4653 396 4724 qui
422 4650 730 4706 veritatem
760 4646 1080 4717 investigat,
1112 4643 1336 4699 etiamsi
1369 4643 1439 4697 ad
1485 4643 1607 4712 ejus
1648 4641 1844 4695 inven-

163 4738 359 4794 tionem
389 4756 511 4794 non
541 4739 732 4792 valeat
761 4734 1080 4808 pervenire.
1119 4731 1220 4786 Ubi
1247 4732 1372 4798 hoc,
1420 4730 1627 4800 inquit,
1653 4728 1846 4784 Cicero

165 4826 326 4883 dixit?
365 4829 431 4883 Et
463 4825 751 4882 Licentius
783 4841 796 4878 :
829 4822 965 4888 Quis
994 4821 1224 4892 ignorat
1254 4835 1388 4873 eum
1412 4817 1723 4872 afﬁrmasse
1752 4832 1846 4869 ve-

168 4915 464 4984 hementer,
499 4914 645 4969 nihil
675 4913 746 4967 ab
793 4910 1027 4967 homine
1076 4907 1294 4980 percipi
1349 4921 1516 4977 posse
1547 4921 1560 4971 ;
1589 4903 1848 4973 nihilque

165 5018 441 5060 remanere
462 5001 733 5074 sapienti,
765 4999 875 5054 nisi
895 4996 1392 5070 diligentissimam
1418 4991 1851 5064 inquisitionem

171 5093 405 5148 veritatis
431 5111 448 5147 :
483 5093 790 5164 propterea
810 5087 944 5160 quia
967 5085 1014 5140 si
1036 5083 1266 5140 incertis
1295 5083 1465 5137 rebus
1488 5084 1634 5135 esset
1665 5096 1853 5134 assen-

177 5195 278 5250 sus,
310 5180 482 5235 etiam
515 5179 564 5233 si
591 5178 829 5232 fortasse
857 5190 1006 5229 verse
1036 5174 1243 5238 forent,
1275 5169 1507 5225 liberari
1554 5168 1624 5222 ab
1665 5183 1856 5222 errore

177 5283 279 5322 non
306 5266 550 5340 posset?
584 5282 713 5338 qua:
742 5263 991 5319 maxima
1019 5265 1103 5317 est
1131 5261 1298 5331 culpa
1326 5257 1618 5330 sapientis.
1650 5257 1860 5322 Quam-

180 5356 356 5412 obrem
387 5358 430 5411 si
465 5360 525 5410 et
573 5353 890 5424 sapientem
929 5349 1243 5406 necessario
1288 5348 1520 5403 beatum
1566 5361 1688 5400 esse
1735 5360 1863 5399 cre-

179 5444 410 5502 dendum
445 5448 557 5511 est,
593 5445 649 5497 et
684 5441 936 5497 veritatis
966 5441 1084 5495 sola
1111 5435 1406 5510 inquisitio
1427 5435 1743 5506 perfectum
1770 5449 1862 5487 sa-

231 5622 246 5654 ¹
275 5621 374 5672 Sex
408 5622 564 5682 Mss.,
593 5616 826 5673 vincere.
857 5643 918 5656 -
943 5616 1027 5668 Sic
1051 5615 1208 5668 etiam
1230 5613 1315 5664 Er.
1341 5615 1393 5664 et
1423 5613 1554 5664 Ven.
1577 5612 1648 5662 M.

1563 371 1776 452 LIBER
1817 399 2101 454 PRIMUS.

3477 414 3580 463 910

1896 519 2128 589 pientiae
2150 535 2359 575 munus
2379 527 2491 589 est;
2516 523 2650 595 quid
2672 524 3000 578 dubitamus
3021 525 3340 580 existimare
3362 528 3583 582 beatam

1897 607 2092 674 vitam,
2126 608 2294 662 etiam
2324 626 2427 680 per
2457 627 2513 664 se
2535 611 2661 682 ipsa
2691 613 3126 682 investigatione
3155 615 3585 686 veritatisposse

1901 695 2229 766 contingere
2251 700 2278 751 ἱ)

1971 786 2022 838 8.
2055 785 2197 838 Tum
2226 785 2320 837 ille
2360 801 2372 839 :
2408 785 2630 839 Licetne
2678 789 2907 842 tandem
2957 789 3027 842 ad
3078 805 3143 842 ea
3189 806 3316 859 qua:
3375 794 3586 845 temere

1901 886 2165 924 concessa
2195 877 2347 937 sunt,
2381 873 2565 926 redire
2598 878 2868 929 rursum?
2901 877 2999 929 Hic
3023 893 3127 946 ego
3162 893 3174 930 :
3208 878 3293 930 Illi
3323 879 3432 931 hoc
3471 896 3587 934 non

1903 959 2086 1012 solent
2109 960 2438 1024 concedere,
2472 960 2730 1030 inquam,
2764 978 2905 1030 quos
2935 964 3002 1016 ad
3033 965 3439 1032 disputandum
3471 983 3588 1018 non

1902 1045 2229 1099 inveniendi
2260 1047 2377 1099 veri
2405 1047 2703 1116 cupiditas,
2738 1049 2834 1100 sed
2865 1049 3079 1117 ingenii
3105 1051 3338 1119 puerilis
3361 1053 3589 1120 jactan-

1901 1132 1983 1185 tia
2012 1132 2281 1202 impellit.
2317 1135 2512 1204 Itaque
2561 1136 2711 1204 apud
2746 1151 2857 1202 me,
2907 1139 3219 1206 prmsertim
3252 1155 3380 1191 cum
3410 1139 3590 1191 adhuc

1902 1221 2190 1274 nutriendi
2221 1222 2610 1292 educandique
2660 1223 2798 1287 sitis,
2847 1240 2964 1276 non
3011 1225 3191 1278 solum
3241 1227 3590 1292 conceditur,

1904 1307 2004 1362 sed
2027 1309 2195 1362 etiam
2224 1308 2282 1361 in
2312 1310 2609 1379 prmceptis
2631 1310 2887 1364 habeatis
2915 1313 3064 1375 volo,
3097 1312 3164 1364 ad
3195 1328 3261 1364 ea
3289 1329 3384 1364 vos
3415 1313 3592 1365 discu-

1904 1395 2098 1449 tienda
2126 1395 2311 1450 redire
2344 1402 2627 1465 oportere,
2678 1415 2807 1467 quae
2857 1399 3242 1452 concesseritis
3291 1399 3590 1453 incautius.

1905 1483 1967 1536 Et
2000 1482 2281 1536 Licentius
2316 1499 2328 1534 :
2364 1484 2490 1536 Non
2517 1500 2756 1553 parvum
2789 1485 2844 1537 in
2875 1485 3239 1554 philosophia
3280 1486 3594 1553 profectum

1903 1574 2067 1639 puto,
2098 1570 2302 1640 inquit,
2336 1586 2463 1624 cum
2520 1572 2579 1624 in
2627 1573 3052 1641 comparatione
3082 1573 3220 1626 recti
3251 1573 3484 1642 verique
3511 1572 3596 1624 in-

1905 1656 2170 1710 veniendi
2201 1657 2587 1711 contemnitur
2612 1676 2644 1711 a
2675 1659 2996 1729 disputante
3025 1660 3278 1714 victoria.
3317 1663 3507 1728 Itaque
3529 1660 3594 1712 li-

1905 1744 2107 1798 benter
2139 1746 2421 1816 obsequor
2458 1748 2758 1817 praeceptis
2791 1752 2844 1802 et
2875 1749 3169 1802 sententiae
3205 1754 3336 1813 tua),
3385 1753 3437 1801 et
3467 1751 3596 1818 Try-

1907 1833 2127 1901 getium
2162 1833 2231 1887 ad
2264 1833 2321 1886 id
2362 1835 2515 1904 quod
2556 1851 2613 1887 se
2641 1839 2855 1888 temere
2899 1836 3237 1890 concessisse
3269 1836 3594 1899 arbitratur,

1908 1935 1998 1974 res
2029 1921 2182 1974 enim
2213 1921 2325 1974 mei
2349 1921 2495 1991 juris
2528 1927 2611 1975 est
2637 1923 2822 1975 redire
2851 1923 3141 1992 permitto.
3169 1925 3309 1977 Tum
3340 1924 3593 1993 Alypius:

1909 2007 2166 2078 Suscepti
2198 2026 2230 2062 a
2259 2024 2349 2062 me
2381 2009 2552 2062 ofﬁcii
2584 2010 2838 2064 nondum
2867 2015 3057 2080 partes
3087 2027 3228 2076 esse,
3269 2010 3598 2079 vosmetipsi

1909 2111 2133 2149 mecum
2164 2096 2586 2166 recognoscitis.
2615 2098 2718 2152 Sed
2752 2099 3022 2168 quoniam
3043 2099 3100 2152 id
3120 2099 3460 2168 jamdudum
3491 2098 3599 2152 dis-

1909 2183 2094 2252 posita
2121 2183 2393 2253 profectio
2421 2184 2839 2255 interrumpere
2868 2201 2959 2238 me
2988 2185 3296 2254 compellit,
3335 2202 3440 2255 pro
3471 2201 3599 2238 meo

1911 2289 2142 2346 quoque
2176 2287 2416 2325 munere
2447 2272 2793 2341 geminatam
2821 2273 2928 2325 sibi
2955 2277 3292 2342 potestatem
3321 2273 3602 2343 particeps

1913 2376 2138 2415 mecum
2166 2359 2368 2430 judicii
2395 2376 2508 2414 non
2557 2365 2762 2414 renuet
2789 2377 2968 2430 usque
2998 2361 3056 2413 in
3087 2361 3333 2414 reditum
3363 2377 3553 2414 meum
3587 2377 3599 2413 :

1915 2449 2079 2503 video
2110 2447 2264 2501 enim
2294 2447 2402 2501 hoc
2430 2451 2679 2501 vestrum
2710 2453 2993 2501 certamen
3021 2448 3249 2517 longius
3273 2463 3602 2518 progressu-

1919 2553 2070 2592 rum.
2105 2537 2329 2590 Etcum
2357 2535 2700 2589 discessisset
2736 2552 2749 2588 :
2779 2537 2941 2599 Quod
2988 2535 3028 2601 ⁸,
3063 2530 3252 2606 inquit
3303 2535 3604 2600 Licentius,

1917 2627 2133 2676 temere
2162 2637 2540 2688 concesseras,
2573 2624 2782 2692 profer.
2819 2624 2884 2676 Et
2911 2623 3039 2676 ille:
3068 2625 3301 2676 Temere
3333 2623 3479 2689 dedi,
3522 2624 3606 2676 in-

1917 2711 2060 2780 quit,
2121 2710 2452 2764 Ciceronem
2506 2711 2680 2764 fuisse
2739 2711 3074 2780 sapientem.
3132 2713 3356 2780 Ergone
3414 2711 3608 2765 Cicero

1918 2798 2140 2868 sapiens
2165 2814 2281 2852 non
2307 2797 2434 2864 fuit,
2466 2814 2499 2850 a
2527 2814 2641 2868 quo
2673 2798 2728 2850 in
2753 2798 2928 2851 latina
2956 2798 3150 2867 lingua
3176 2799 3539 2868 philosophia
3555 2803 3611 2851 et

1916 2885 2184 2938 inchoata
2211 2889 2314 2946 est,
2349 2889 2405 2938 et
2435 2884 2730 2954 perfecta?
2757 2884 2872 2937 Etsi
2903 2885 3230 2950 concedam,
3249 2885 3456 2954 inquit,
3488 2901 3608 2937 esse

1920 2969 2258 3040 sapientem,
2291 2986 2404 3024 non
2436 2969 2630 3024 omnia
2657 2974 2848 3023 tamen
2879 2970 3000 3039 ejus
3025 2970 3223 3039 probo.
3251 2970 3425 3039 Atqui
3451 2987 3612 3039 opor-

1920 3063 2002 3112 tet
2026 3059 2208 3135 multa
2239 3058 2358 3128 ejus
2387 3058 2498 3112 alia
2526 3058 2767 3124 refellas,
2789 3063 2854 3112 ut
2891 3073 3005 3111 non
3033 3057 3396 3128 impudenter
3415 3058 3521 3111 hoc
3541 3060 3609 3112 de

1923 3163 2037 3217 quo
2068 3147 2276 3217 agitur,
2294 3146 2619 3216 improbare
2648 3145 2913 3200 videaris.
2944 3146 3086 3209 Quid
3101 3146 3147 3199 si
3167 3147 3272 3200 hoc
3293 3147 3478 3199 solum
3500 3163 3611 3200 non

1925 3238 2076 3288 recte
2104 3234 2341 3288 sensisse
2369 3234 2533 3288 illum
2571 3234 2854 3287 afﬁrmare
2901 3238 3132 3303 paratus
3177 3235 3347 3287 sum?
3399 3236 3613 3300 Vestra,

1925 3329 1990 3378 ut
2018 3322 2244 3392 opinor,
2276 3321 2421 3375 nihil
2452 3321 2709 3390 interest,
2741 3321 2853 3375 nisi
2901 3322 3061 3390 cujus
3089 3325 3111 3357 ²
3139 3321 3407 3392 ponderis
3440 3323 3512 3375 ad
3559 3321 3616 3375 id

1929 3413 2066 3485 quol
2089 3413 2216 3466 volo
2247 3412 2637 3480 asserendum,
2659 3412 2907 3466 rationes
2935 3412 3188 3466 afferam.
3210 3415 3404 3482 Perge,
3430 3412 3620 3482 inquit

1928 3502 2046 3556 ille.
2076 3501 2222 3564 Quid
2252 3500 2428 3568 enim,
2478 3500 2686 3571 inquit,
2719 3501 2959 3554 audeam
3006 3504 3203 3554 contra
3232 3517 3384 3568 eum,
3417 3500 3515 3571 qui
3563 3516 3620 3553 se

1932 3586 2218 3640 Ciceronis
2249 3584 2637 3639 adversarium
2666 3585 3008 3655 proﬁtetur?

2005 3676 2058 3728 9.
2093 3672 2191 3726 Hic
2215 3671 2512 3742 Trygetius
2547 3688 2561 3726 :
2596 3673 2732 3725 Volo
2768 3671 3048 3733 attendas,
3085 3670 3182 3736 ait,
3215 3675 3275 3724 tu
3305 3671 3481 3740 judex
3515 3687 3621 3724 no-

1934 3763 2067 3827 ster,
2083 3760 2568 3830 quemadmodum
2583 3759 3076 3830 superiusbeatam
3096 3759 3268 3812 vitam
3292 3759 3578 3812 deﬁnieris
3607 3777 3619 3812 :

1933 3846 2122 3901 dixisti
2148 3862 2395 3916 namque
2427 3861 2560 3900 eum
2585 3847 2818 3900 beatum
2852 3861 2993 3914 esse,
3024 3845 3124 3916 qui
3153 3847 3465 3900 secundum
3497 3861 3622 3898 eam

1934 3938 2158 4006 partem
2189 3933 2368 3987 animi
2395 3934 2553 4002 vivit,
2586 3950 2757 4005 quam
2781 3933 2999 3988 caeteris
3029 3934 3294 3988 convenit
3316 3933 3622 4003 imperare.

1937 4024 2022 4078 Tu
2051 4027 2264 4089 autem,
2299 4021 2531 4088 Licenti,
2560 4023 2688 4075 volo
2719 4023 2805 4076 vel
2845 4038 2996 4076 nunc
3022 4021 3167 4075 mihi
3195 4023 3465 4076 concedas
3491 4023 3630 4091 (jam

1941 4111 2398 4181 enim.libertate,
2432 4109 2491 4162 in
2522 4126 2694 4180 quam
2724 4110 2968 4164 maxime
3000 4126 3101 4164 nos
3131 4109 3543 4164 vindicaturam
3576 4128 3632 4162 se

1940 4197 2656 4270 phi1050phiapollicetur,j
2669 4214 2842 4268 ugum
2858 4197 2996 4252 illud
3011 4198 3362 4251 auctoritatis
3376 4199 3634 4264 excussi).

1945 4287 2257 4360 perfectum
2288 4302 2403 4340 non
2431 4302 2550 4340 esse
2571 4285 2668 4356 qui
2689 4286 2872 4340 adhuc
2892 4285 3191 4339 veritatem
3205 4286 3478 4355 requirat.
3495 4287 3636 4338 Tum

1947 4376 2044 4429 ille
2073 4378 2202 4444 post
2230 4372 2566 4428 diuturnum
2608 4373 2894 4426 silentium
2932 4389 2946 4426 :
2979 4374 3105 4427 Non
3133 4373 3403 4439 concedo,
3433 4373 3640 4442 inquit.

1949 4464 2018 4518 Et
2044 4462 2343 4533 Trygetius
2373 4481 2389 4515 :
2427 4462 2554 4526 Cur,
2580 4477 2774 4532 quasso
2795 4463 2824 4514 ?
2853 4461 3090 4530 explica.
3122 4461 3294 4515 Isthic
3323 4477 3447 4514 sum
3467 4461 3644 4525 enim,
3695 4495 3702 4500 ο

1953 4556 2009 4605 et
2037 4567 2173 4604 aveo
2203 4549 2421 4617 audire,
2455 4566 2568 4620 quo
2607 4555 2771 4619 pacto
2802 4549 2983 4619 possit
3034 4554 3090 4602 et
3127 4549 3414 4618 perfectus
3473 4550 3646 4602 homo

1955 4656 2094 4706 esse,
2139 4643 2195 4692 et
2224 4640 2405 4693 adhuc
2436 4654 2690 4708 qumrere
2738 4637 3053 4691 veritatem.
3108 4637 3206 4690 Hic
3235 4637 3330 4690 ille
3363 4653 3376 4690 :
3411 4636 3518 4699 Qui
3583 4637 3650 4690 ad

1955 4728 2153 4792 ﬁnem,
2184 4726 2389 4795 inquit,
2438 4741 2553 4778 non
2601 4725 2880 4794 pervenit,
2930 4724 3112 4778 fateor
3166 4725 3319 4794 quod
3373 4724 3653 4794 perfectus

1957 4831 2075 4869 non
2107 4815 2200 4868 sit.
2232 4813 2542 4867 Veritatem
2573 4816 2764 4866 autem
2817 4812 2974 4865 illam
3026 4812 3209 4866 solum
3264 4814 3445 4866 Deum
3491 4829 3654 4865 nosse

1961 4902 2230 4968 arbitror,
2264 4905 2364 4954 aut
2390 4899 2535 4954 forte
2563 4899 2812 4953 hominis
2839 4899 3114 4966 animam,
3137 4916 3267 4954 cum
3298 4903 3403 4955 hoc
3432 4917 3654 4970 corpus,

1957 4993 2072 5046 hoc
2104 4995 2188 5043 est
2215 4988 2580 5042 tenebrosum
2619 5003 2925 5054 carcerem,
2956 4989 3344 5060 dereliquerit.
3402 4987 3657 5042 llominis

1964 5079 2154 5130 autem
2194 5073 2325 5126 ﬁnis
2358 5076 2459 5138 est,
2507 5072 2749 5141 perfecte
2789 5089 3046 5142 quaerere
3092 5074 3385 5128 veritatem
3419 5089 3431 5124 :
3467 5070 3658 5139 perfe—

1965 5167 2122 5218 ctum
2154 5161 2306 5215 enim
2337 5159 2670 5230 quzerimus,
2700 5160 2799 5214 sed
2827 5165 3022 5215 tamen
3063 5161 3376 5226 hominem.
3429 5160 3489 5210 Et
3519 5158 3660 5224 Try-

1973 5250 2159 5323 getius
2189 5266 2200 5302 :
2234 5250 2359 5303 Non
2380 5248 2558 5320 igitur
2575 5252 2765 5317 potest
2793 5249 2994 5303 beatus
3007 5266 3126 5303 esse
3152 5250 3344 5304 homo.
3368 5244 3661 5307 Quomodo

1971 5341 2147 5407 enim,
2174 5355 2304 5394 cum
2334 5338 2389 5393 id
2417 5338 2572 5410 quod
2621 5354 2970 5410 magnopere
3019 5334 3381 5406 concupiscit,
3441 5333 3663 5402 assequi

2038 5485 2054 5518 1
2087 5484 2146 5531 In
2176 5483 2233 5531 Β.
2259 5497 2270 5530 :
2299 5481 2360 5531 Et
2385 5494 2509 5532 cum
2540 5479 2784 5532 discessit
2813 5496 2823 5528 :
2863 5479 3016 5538 Quid.
3047 5492 3140 5542 par
3163 5478 3246 5526 Er.
3272 5476 3400 5532 Ven,
3437 5475 3580 5533 Lov.,
3613 5478 3665 5524 ei

1974 5558 2094 5598 cum
2127 5544 2482 5595 discessisset:
2510 5544 2672 5602 Quod.
2704 5544 2776 5591 M.

2038 5609 2059 5642 ²
2093 5609 2172 5658 ita
2197 5608 2318 5657 Mss.
2351 5607 2417 5655 At
2442 5605 2497 5654 in
2521 5599 2739 5655 'excusis
2773 5603 2983 5666 legitur,
3016 5600 3121 5653 nisi
3139 5600 3364 5662 alicujus
3393 5599 3670 5664 ponderis.
