4058 6382
389 335 483 386 911

387 449 676 522 nequeat?
709 450 898 502 Potest
923 450 1117 500 autem
1144 444 1318 499 homo
1359 443 1521 497 beate
1553 443 1760 510 vivere,
1791 441 2074 513 siquidem

386 540 571 606 potest
601 536 913 590 secundum
944 549 1066 588 eam
1098 537 1317 604 partem
1348 531 1525 585 animi
1553 531 1738 585 vivere
1768 547 1940 602 quam
1970 529 2080 584 do-

387 623 596 678 minari
624 623 680 677 in
713 624 944 677 homine
969 622 1052 676 fas
1082 625 1186 674 est.
1221 622 1407 674 Potest
1435 616 1454 652 ⁴
1488 619 1663 690 igitur
1690 636 1888 673 verum
1921 618 2076 672 inve-

384 711 528 766 nire.
559 713 671 765 Aut
708 711 938 779 colligat
963 724 1042 774 se,
1075 712 1130 762 et
1177 723 1292 761 non
1331 707 1691 776 concupiscat
1735 722 1953 771 verum,
2008 721 2076 758 ne

385 813 515 850 cum
544 796 602 850 id
632 796 855 867 assequi
884 811 998 848 non
1027 793 1297 864 potuerit,
1329 793 1649 847 necessario
1682 793 1856 847 miser
1884 793 1975 846 sit.
2009 794 2078 846 At

383 885 490 938 hoc
514 885 703 954 ipsum
733 888 817 937 est
844 883 1074 936 beatum
1100 881 1371 945 hominis,
1403 882 1482 934 ait
1512 881 1627 947 ille,
1647 882 1895 951 perfecte
1926 895 2076 950 quae-

383 989 508 1027 rere
537 972 832 1025 veritatem
864 987 876 1023 :
909 971 1016 1023 hoc
1048 973 1131 1023 est
1155 969 1307 1024 enim
1338 968 1638 1039 pervenire
1662 969 1729 1022 ad
1762 967 1952 1033 finem,
1989 967 2074 1019 ul-

382 1067 469 1114 tra
499 1075 667 1130 quem
700 1075 816 1112 non
846 1062 1032 1128 potest
1059 1057 1350 1128 progredi.
1407 1056 1670 1127 Quisquis
1721 1071 1855 1125 ergo
1886 1054 2075 1108 minus

381 1147 658 1201 instanter
687 1162 859 1218 quam
889 1150 1114 1215 oportet
1141 1145 1438 1198 veritatem
1471 1143 1697 1214 quaerit,
1723 1143 1771 1196 is
1801 1143 1870 1196 ad
1900 1142 2072 1196 tinem

379 1234 628 1289 hominis
658 1250 774 1288 non
804 1232 1064 1304 pervenit
1096 1249 1109 1286 :
1147 1232 1404 1302 quisquis
1433 1235 1624 1284 autem
1651 1233 1870 1285 tantum
1899 1246 2074 1301 quan-

376 1327 501 1376 tum
526 1323 699 1376 homo
728 1324 916 1391 potest
972 1336 1035 1372 ac
1065 1319 1247 1384 debet,
1303 1319 1400 1373 dat
1454 1333 1686 1389 operam
1715 1317 2072 1372 invenienda:

375 1409 619 1470 veritati,
651 1409 699 1463 is
724 1408 947 1463 etiamsi
977 1424 1102 1461 eam
1147 1423 1260 1460 non
1308 1406 1576 1472 inveniat,
1610 1407 1808 1460 beatus
1840 1410 1923 1460 est
1949 1425 1962 1472 ;
1991 1411 2072 1459 to-

379 1503 503 1552 tum
534 1497 689 1551 enim
710 1496 861 1563 facit,
893 1495 1042 1566 quod
1075 1498 1137 1548 ut
1158 1493 1343 1559 faciat,
1375 1493 1454 1547 ita
1480 1500 1649 1548 natus
1680 1497 1783 1547 est.
1815 1493 2071 1547 Iuventio

379 1590 571 1640 autem
605 1584 652 1637 si
678 1583 942 1649 defuerit,
984 1581 1042 1636 id
1091 1582 1273 1636 deerit
1311 1581 1463 1651 quod
1495 1586 1700 1635 natura
1728 1598 1845 1635 non
1894 1581 2069 1635 dedit.

376 1676 671 1727 Postremo
703 1688 830 1726 cum
862 1669 1154 1725 hominem
1187 1685 1411 1723 necesse
1442 1668 1514 1722 sit
1541 1673 1635 1723 aut
1678 1669 1910 1723 beatum
1952 1685 2071 1722 esse

375 1765 473 1815 aut
500 1761 797 1823 miserum,
831 1774 1023 1812 nonne
1056 1757 1337 1812 dementis
1352 1761 1576 1811 esteum
1599 1756 1830 1828 quidies
1855 1761 2070 1810 noctes-

376 1865 486 1920 que
517 1853 799 1919 quantum
830 1851 1022 1917 potest
1050 1845 1225 1899 instat
1254 1844 1661 1916 investigandas
1685 1844 1928 1911 veritati,
1963 1845 2069 1898 mi-

376 1953 564 1990 serum
595 1936 783 1990 dicere
809 1935 837 1990 7
871 1935 1074 1987 Beatus
1095 1933 1272 2003 igitur
1292 1933 1416 2005 erit.
1449 1932 1662 1987 Deinde
1689 1933 1787 1987 illa
1816 1932 2068 1987 definitio

376 2024 539 2091 mihi,
571 2027 637 2078 ut
665 2022 934 2088 arbitror,
966 2021 1200 2076 uberius
1229 2021 1574 2091 suffragatur
1599 2037 1612 2073 ε
1644 2037 1778 2074 nam
1800 2020 1845 2073 si
1873 2020 2071 2074 beatus

378 2116 480 2180 est,
513 2110 676 2165 sicuti
701 2113 804 2187 est,
837 2108 936 2180 qui
967 2109 1278 2163 secundum
1307 2125 1430 2162 eam
1460 2113 1680 2179 partem
1715 2107 1892 2161 animi
1913 2108 2066 2170 vivit,

375 2216 548 2271 quam
579 2213 819 2268 regnare
850 2197 1069 2251 caeteris
1098 2196 1383 2264 convenit,
1417 2201 1473 2250 et
1495 2197 1618 2250 haec
1647 2212 1776 2266 pars
1801 2196 1947 2250 ratio
1979 2196 2069 2250 di-

376 2288 558 2354 citur;
591 2302 786 2356 quer
821 2289 1012 2340 utrum
1043 2302 1158 2339 non
1210 2285 1518 2338 secundum
1569 2283 1847 2337 rationem
1896 2283 2068 2350 vivat,

377 2375 478 2446 qui
507 2373 710 2445 quaerit
736 2373 984 2444 perfecte
1016 2373 1352 2427 veritatem?
1379 2372 1538 2436 Quod
1563 2372 1607 2424 si
1634 2371 1941 2425 absurdum
1965 2375 2066 2439 est,

376 2463 512 2533 quid
545 2461 869 2516 dubitamus
923 2463 1154 2515 beatum
1198 2460 1494 2515 hominem
1547 2459 1732 2513 dicere
1783 2459 1900 2512 sola
1944 2459 2070 2529 ipsa

377 2548 745 2620 inquisitione
771 2548 1025 2603 veritatis
1045 2551 1072 2604 ?

769 2637 993 2690 CAPUT
1023 2636 1112 2689 IV.
1146 2665 1211 2673 —
1239 2633 1380 2699 Quid
1408 2636 1480 2686 sit
1510 2648 1679 2688 error.

453 2728 535 2780 10.
597 2724 754 2792 Mihi,
812 2723 910 2790 ait,
969 2722 1087 2787 ille,
1143 2737 1245 2774 nec
1293 2721 1604 2775 secundum
1657 2719 1933 2774 rationem
1988 2720 2066 2773 vi-

376 2830 526 2882 vere,
559 2831 663 2869 nec
691 2813 893 2868 beatus
923 2811 1179 2877 omnino,
1214 2809 1471 2880 quisquis
1497 2813 1646 2863 errat
1673 2809 1915 2863 videtur.
1969 2811 2065 2863 Er-

376 2907 464 2956 rat
489 2899 884 2956 autemomnis
899 2899 996 2969 qui
1022 2913 1247 2966 semper
1275 2896 1483 2968 quaerit
1513 2913 1614 2950 nec
1636 2896 1873 2952 invenit.
1911 2897 2066 2951 Unde

374 2989 474 3043 tibi
503 2988 804 3059 unumjam
821 2986 1089 3040 eduobus
1103 2984 1534 3039 monstrandum
1559 2989 2063 3038 estzauterrantem

374 3076 603 3130 beatum
631 3091 748 3129 esse
776 3089 968 3145 posse;
991 3075 1232 3126 autcum
1253 3070 1520 3142 quiquod
1535 3072 1744 3142 quaerit
1770 3088 2064 3141 nunquam

374 3163 610 3230 invenit,
634 3179 750 3216 non
770 3176 977 3214 errare.
1004 3160 1104 3214 Hic
1123 3159 1219 3213 ille
1246 3175 1258 3213 :
1289 3161 1488 3213 Beatus
1511 3175 1701 3213 errare
1725 3175 1838 3213 non
1859 3164 2063 3229 potest.

372 3252 435 3304 Et
464 3265 594 3303 cum
651 3249 749 3303 diu
777 3247 1024 3301 siluisset
1054 3264 1066 3301 :
1102 3248 1226 3300 Non
1255 3251 1444 3300 autem
1478 3251 1650 3316 errat,
1680 3246 1891 3317 inquit,
1935 3264 2062 3302 cum

373 3334 614 3404 quaerit;
644 3333 780 3404 quia
799 3336 998 3386 utnon
1025 3337 1194 3400 erret,
1215 3333 1462 3403 perfecte
1493 3334 1719 3403 quaerit.
1754 3336 1818 3388 Et
1845 3337 2063 3406 Thyge-

372 3423 487 3477 tius
519 3439 531 3476 :
569 3424 638 3476 Ut
664 3438 780 3476 non
807 3427 958 3476 erret
975 3421 1229 3492 quidem,
1254 3421 1461 3492 inquit,
1494 3423 1738 3492 quaerit;
1772 3424 1867 3478 sed
1891 3427 2060 3491 errat,

371 3526 500 3564 cum
531 3509 766 3564 minime
797 3509 1029 3564 invenit.
1060 3511 1143 3564 Ita
1175 3513 1363 3563 autem
1395 3509 1500 3562 tibi
1555 3510 1919 3580 profuturum
1955 3526 2062 3578 pu-

372 3598 522 3664 tasti,
568 3598 722 3668 quod
771 3613 960 3652 errare
997 3596 1092 3650 illo
1139 3613 1256 3650 non
1299 3597 1439 3662 vult,
1494 3596 1657 3667 quasi
1704 3613 1874 3651 nemo
1915 3602 2064 3650 erret

371 3685 601 3753 invitus,
634 3685 1049 3756 autquisquam
1081 3685 1317 3738 omnino
1348 3689 1517 3753 erret,
1545 3684 1654 3737 nisi
1674 3684 1900 3739 invitus.
1919 3686 2059 3740 Tum

371 3791 497 3845 ego,
529 3791 656 3828 cum
687 3774 782 3828 ille
813 3774 911 3828 diu
931 3777 1294 3827 cunctaretur
1321 3773 1461 3843 quid
1499 3774 1894 3842 responderet:
1914 3775 2059 3828 Deﬁ-

369 3863 640 3917 niendum
672 3861 828 3916 vobis
855 3866 959 3931 est,
1013 3861 1271 3932 inquam,
1305 3860 1440 3931 quid
1499 3860 1572 3914 sit
1600 3877 1761 3914 error
1789 3878 1802 3915 :
1839 3862 2061 3916 facilius

370 3950 521 4004 enim
549 3951 672 4020 ejus
699 3949 843 4003 ﬁnes
871 3948 1104 4018 potestis
1133 3948 1342 4008 videre,
1371 3947 1433 4000 in
1462 3962 1634 4018 quem
1660 3947 1780 4016 jam
1831 3948 2059 4018 penitus

367 4037 605 4110 ingressi
637 4037 794 4093 estis.
844 4038 980 4106 Ego,
1017 4036 1203 4105 inquit
1243 4034 1548 4101 Licentius,
1581 4035 1819 4089 delinire
1840 4036 2060 4106 aliquid

366 4125 607 4180 idoneus
634 4141 749 4178 non
779 4140 904 4178 sum
936 4140 948 4177 :
983 4123 1243 4193 quamvis
1273 4137 1530 4175 errorem
1553 4123 1792 4177 delinire
1820 4124 1890 4177 sit
1917 4124 2057 4178 faci-

365 4212 528 4265 cilius
558 4227 731 4281 quam
761 4209 946 4263 tinire.
976 4210 1110 4278 Ego,
1144 4208 1225 4262 ait
1249 4207 1364 4270 ille,
1400 4207 1703 4277 definiam;
1729 4210 1884 4281 quod
1913 4210 2057 4264 mihi

367 4299 700 4354 facillimum
728 4301 830 4364 est,
864 4313 977 4350 non
1007 4296 1266 4366 ingenio,
1299 4297 1395 4351 sed
1437 4313 1604 4351 causa
1645 4298 1880 4368 optima.
1915 4299 2056 4352 Nam

366 4403 556 4442 errare
582 4390 667 4440 est
690 4384 889 4455 utique
903 4402 1126 4455 semper
1145 4401 1422 4455 quaerere,
1451 4403 1747 4458 nunquam
1776 4387 2050 4442 invenire.

366 4477 499 4546 Ego,
533 4473 717 4545 inquit
746 4472 1051 4540 Licentius,
1083 4473 1130 4526 si
1159 4475 1245 4526 vel
1279 4473 1443 4528 istam
1471 4475 1864 4529 deﬁnitionem
1892 4475 2053 4529 facile

354 4581 583 4634 possem
612 4565 886 4631 refellere,
913 4563 1255 4633 jamdudum
1286 4581 1468 4618 causze
1500 4581 1642 4619 mea:
1688 4581 1806 4619 non
1836 4565 2047 4618 defuis-

359 4671 500 4708 sem.
532 4653 639 4707 Sed
670 4652 941 4723 quoniam
975 4658 1073 4706 aut
1102 4669 1191 4706 res
1222 4653 1349 4723 ipsa
1370 4670 1475 4723 per
1505 4670 1563 4707 se
1595 4653 1772 4707 ardua
1804 4659 1906 4718 est,
1950 4659 2047 4708 aut

359 4743 440 4795 ita
467 4740 611 4794 mihi
640 4743 910 4810 apparet;
937 4746 1070 4810 peto
1103 4757 1133 4794 a
1155 4742 1314 4795 vobis
1344 4747 1408 4795 ut
1439 4758 1618 4810 usque
1648 4741 1706 4794 in
1745 4740 2050 4795 crastinam

355 4831 540 4884 lucem
570 4828 808 4899 quaestio
838 4828 1148 4895 differatur,
1184 4829 1231 4882 si
1262 4830 1404 4884 nihil
1434 4829 1602 4882 hodie
1629 4828 1784 4899 quod
1813 4845 2047 4898 respon-

358 4920 546 4983 deam,
572 4917 822 4987 reperire
857 4921 1120 4988 potuero,
1152 4933 1280 4972 cum
1327 4917 1386 4971 id
1431 4915 1628 4970 sedulo
1674 4933 1896 4970 mecum
1930 4917 2049 4987 ipse

355 5008 598 5060 volvam.
627 5006 787 5070 Quod
825 5022 954 5059 cum
1005 5005 1430 5060 concedendum
1484 5008 1768 5074 putarem,
1813 5021 1929 5059 non
1970 5022 2050 5060 re-

353 5093 660 5149 nuentibus
691 5093 930 5159 caeteris,
971 5093 1399 5147 deambulatum
1427 5091 1510 5144 ire
1536 5091 1886 5146 surreximus
1909 5109 2044 5147 :no-

350 5184 551 5254 bisque
581 5183 730 5237 inter
757 5199 859 5236 nos
885 5183 1066 5235 multa
1092 5180 1362 5251 variaque
1389 5179 1918 5250 sermocinantibus,
1949 5181 2045 5237 ille

351 5269 412 5324 in
438 5270 782 5340 cogitatione
815 5269 1032 5323 deﬁxus
1056 5268 1184 5322 fuit.
1206 5268 1365 5331 Quod
1397 5284 1524 5322 cum
1542 5268 1750 5322 frustra
1775 5285 1894 5323 esse
1917 5286 2041 5324 sen-

351 5357 533 5425 sisset,
561 5359 815 5412 relaxare
847 5357 1105 5411 animum
1136 5357 1360 5426 maluit,
1394 5362 1450 5412 et
1477 5361 1670 5412 nostro
1703 5373 1762 5411 se
1791 5358 2044 5412 sermoni

349 5446 607 5500 miscere.
638 5448 840 5500 Postea
868 5461 996 5499 cum
1016 5445 1134 5514 jam
1164 5445 1669 5516 advesperasceret,
1693 5445 1755 5500 in
1775 5447 2040 5501 eumdem

412 5543 423 5575 ι
460 5542 594 5601 Pan,
612 5545 712 5592 aut
732 5545 894 5604 potest
914 5541 1081 5604 igitur
1099 5554 1278 5594 verum
1302 5543 1541 5594 invenire
1563 5557 1574 5591 :
1593 5545 1688 5595 aut
1707 5543 1943 5607 colligat.
1967 5545 2036 5594 M.

1469 322 1749 378 CONTRA
1787 318 2267 385 ACADEMICOS,
2311 319 2364 374 S.
2407 317 2795 374 AUGUSTINI

3784 315 3892 368 9l2

2187 440 2512 494 conﬂictum
2531 439 2836 493 redierant:
2857 437 2952 491 sed
2966 437 3202 491 modum
3215 435 3488 506 imposui,
3510 434 3889 505 persuasique

2188 532 2253 582 ut
2279 527 2337 582 in
2365 527 2541 582 alium
2575 527 2726 582 diem
2749 524 3328 595 ditferripaterentur.
3363 523 3499 577 Inde
3527 523 3594 578 ad
3623 522 3884 578 balneas.

2735 630 3037 669 DISPUTATIO
3067 629 3329 667 SECUNDA.

2263 707 2344 758 11.
2378 703 2654 758 Postridie
2683 707 2873 757 autem
2903 718 3034 756 cum
3086 701 3572 756 consedissemus:
3601 698 3882 766 Proferte,

2184 790 2439 860 inquam,
2472 791 2623 862 quod
2654 792 2778 846 heri
2807 791 3122 861 coeperatis.
3153 791 3298 844 Tum
3331 788 3653 843 Licentius:
3683 788 3886 842 Distu-

2185 879 2451 944 leramus,
2479 878 2687 950 inquit,
2733 877 3198 949 disputationem,
3254 875 3364 930 nisi
3420 875 3602 940 fallor,
3665 880 3876 944 rogatu

2187 982 2329 1029 meo,
2358 983 2484 1020 cum
2516 966 2722 1021 erroris
2752 965 3008 1020 detinitio
3042 964 3378 1020 difficillima
3405 963 3549 1016 mihi
3580 967 3740 1016 esset.
3785 964 3887 1016 llic

2183 1052 2374 1121 plane,
2397 1053 2656 1123 inquam,
2675 1069 2794 1107 non
2823 1069 2996 1118 erras,
3027 1052 3180 1123 quod
3201 1056 3266 1106 ut
3289 1051 3392 1106 tibi
3411 1068 3584 1106 omen
3608 1051 3682 1104 sit
3705 1051 3777 1104 ad
3802 1066 3885 1103 re-

2187 1141 2362 1210 liqua,
2389 1141 2632 1195 libenter
2662 1141 2974 1211 optaverim
3008 1140 3148 1210 (Lib.
3177 1143 3197 1194 1
3234 1141 3516 1208 Βρινιιοι.,
3548 1154 3593 1192 c.
3633 1142 3682 1206 1,
3714 1155 3773 1192 τι.
3806 1138 3880 1206 2).

2181 1227 2326 1282 Audi
2355 1245 2512 1300 ergo,
2535 1228 2740 1300 inquit,
2771 1230 2921 1300 quod
2950 1228 3075 1284 heri
3100 1227 3271 1282 etiam
3302 1227 3412 1280 nisi
3437 1226 3882 1292 intercessisses,

2183 1317 2565 1386 protulissem.
2601 1319 2768 1371 Error
2798 1317 2938 1371 mihi
2983 1317 3208 1370 videtur
3250 1331 3370 1369 esse
3426 1314 3554 1369 falsi
3596 1330 3702 1385 pro
3746 1329 3884 1367 vero

2184 1405 2514 1475 approbatio
2534 1425 2551 1471 ,-
2574 1405 2632 1458 in
2660 1421 2830 1476 quem
2844 1405 3002 1458 nullo
3028 1408 3190 1475 pacto
3208 1403 3428 1470 incidit,
3458 1401 3559 1474 qui
3581 1401 3884 1456 veritatem

2184 1492 2550 1562 quaerendam
2583 1509 2808 1564 semper
2836 1492 3120 1546 existimat
3149 1507 3163 1545 :
3197 1491 3402 1545 falsum
3452 1489 3604 1544 enim
3635 1490 3884 1560 probare

2183 1596 2299 1634 non
2325 1585 2531 1651 potest,
2565 1580 2664 1651 qui
2693 1581 2898 1652 probat
2922 1579 3064 1634 nihil
3091 1599 3106 1646 ;
3137 1578 3637 1649 nonigiturpotest
3665 1593 3881 1632 errare.

2185 1669 2390 1722 Beatus
2417 1674 2608 1722 autem
2635 1668 2905 1722 facillime
2938 1684 3057 1722 esse
3085 1671 3270 1738 potest
3302 1683 3315 1721 :
3343 1682 3502 1735 nam,
3533 1681 3604 1719 ne
3645 1665 3883 1736 longius

2184 1756 2406 1823 abeam,
2439 1757 2486 1810 si
2513 1757 2676 1811 nobis
2707 1756 2864 1826 ipsis,
2897 1760 2960 1810 ut
3017 1755 3140 1810 beri
3169 1755 3348 1822 licuit,
3405 1753 3661 1825 quotidie
3691 1753 3884 1807 vivere

2183 1843 2410 1910 liceret;
2440 1844 2584 1898 nihil
2613 1844 2757 1898 mihi
2784 1843 3028 1898 occurrit
3055 1859 3156 1898 cur
3208 1860 3312 1897 nos
3362 1843 3557 1897 beatos
3593 1841 3883 1912 appellare

2183 1931 2594 1986 dubitaremus.
2628 1931 2881 1986 Viximus
2911 1931 3063 1985 enim
3089 1946 3297 2002 magna
3324 1930 3532 1984 mentis
3555 1929 3882 2000 tranquilli-

2181 2024 2316 2086 tate,
2349 2019 2419 2073 ab
2450 2019 2607 2074 omni
2635 2019 2884 2091 corporis
2913 2019 3038 2073 labe
3087 2020 3344 2073 animum
3395 2018 3770 2084 vindicantes,
3824 2023 3881 2072 et

2183 2125 2214 2161 a
2240 2106 2616 2178 cupiditatum
2640 2108 2854 2162 facibus
2875 2107 3204 2178 longissime
3223 2106 3446 2173 remoti,
3468 2107 3686 2174 dantes,
3701 2122 3882 2178 quan-

2181 2200 2304 2250 tum
2339 2196 2561 2250 homini
2589 2196 2739 2265 licet,
2772 2211 3006 2266 operam
3029 2195 3271 2263 rationi;
3303 2195 3523 2262 hoeest,
3558 2195 3874 2250 secundum

2180 2284 2338 2338 illam
2369 2283 2619 2339 divinam
2648 2288 2868 2356 partem
2904 2283 3081 2337 animi
3108 2283 3381 2352 viventes,
3414 2299 3588 2355 quam
3644 2285 3872 2338 beatam

2180 2371 2350 2425 vitam
2382 2387 2502 2425 esse
2532 2372 2796 2426 hesterna
2811 2372 2960 2426 inter
2987 2389 3092 2426 nos
3112 2371 3442 2426 deﬁnitione
3471 2371 3766 2426 convenit:
3796 2379 3877 2427 at-

2181 2474 2313 2528 que,
2349 2463 2408 2512 ut
2462 2459 2687 2529 opinor,
2735 2459 2876 2513 nihil
2931 2459 3277 2527 invenimus,
3335 2460 3430 2514 sed
3476 2462 3879 2515 tantummodo

2181 2546 2544 2616 quaesivimus
2571 2548 2883 2601 veritatem.
2917 2549 3108 2602 Potest
3137 2549 3314 2619 igitur
3344 2549 3463 2602 sola
3503 2547 3878 2619 inquisitione

2179 2634 2446 2701 veritatis,
2471 2633 2692 2688 etiamsi
2723 2651 2848 2688 eam
2873 2636 3128 2690 invenire
3157 2635 3397 2691 minime
3427 2636 3622 2708 possit,
3646 2637 3878 2692 homini

2179 2721 2344 2776 beata
2370 2721 2485 2776 vita
2512 2722 2861 2793 contingere.
2895 2725 3034 2777 Nam
3065 2723 3322 2778 deﬁnitio
3344 2729 3442 2779 tua
3487 2724 3612 2778 vide
3660 2730 3878 2795 quanta

2177 2807 2445 2862 facilitate
2467 2808 2798 2863 excludatur
2825 2810 3055 2864 notione
3085 2810 3396 2864 communi.
3429 2811 3652 2864 Etenim
3684 2827 3878 2866 errare

2179 2895 2370 2949 dixisti
2400 2913 2542 2965 esse,
2571 2896 2808 2964 Semper
2837 2914 3112 2966 quaerere,
3161 2902 3217 2951 et
3246 2914 3544 2969 nunquam
3593 2898 3875 2954 invenire.

2177 2983 2321 3047 Quid
2352 2983 2397 3036 si
2429 2983 2734 3054 quisquam
2755 2985 2896 3038 nihil
2928 2990 3169 3056 quaerat,
3203 2990 3260 3039 et
3277 2985 3685 3056 interrogatus,
3713 2988 3875 3041 verbi

2177 3071 2380 3141 gratia,
2415 3077 2748 3126 utrumnam
2797 3074 2967 3128 modo
3013 3073 3132 3127 dies
3167 3073 3258 3140 sit,
3315 3079 3528 3129 temere
3561 3075 3876 3144 statimque

2177 3164 2397 3212 noctem
2431 3176 2550 3213 esse
2581 3160 2846 3230 opinetur
2899 3166 3068 3230 atque
3119 3162 3506 3232 respondeat?
3552 3178 3742 3216 nonne
3767 3165 3876 3217 tibi

2175 3246 2399 3300 videtur
2428 3262 2617 3301 errare
2639 3250 2667 3302 ?
2697 3249 2811 3301 Hoc
2830 3247 3008 3319 igitur
3033 3249 3241 3303 erroris
3266 3265 3447 3320 genus
3475 3251 3874 3306 velimmanis-

2176 3334 2407 3400 simum,
2440 3351 2558 3388 non
2584 3336 2880 3406 complexa
2909 3341 2994 3391 est
3013 3336 3272 3392 definitio
3304 3343 3421 3392 tua.
3453 3338 3599 3402 Quid
3628 3339 3676 3392 si
3695 3339 3873 3395 etiam

2176 3438 2288 3475 non
2318 3427 2570 3476 errantes
2595 3425 2887 3494 complexa
2905 3429 3008 3493 est,
3038 3429 3298 3495 potestne
3323 3425 3578 3480 deﬁnitio
3605 3427 3720 3481 ulla
3747 3444 3873 3483 esse

2173 3509 2428 3564 vitiosior
2446 3511 2475 3564 ?
2503 3512 2643 3564 Nam
2663 3512 2709 3564 si
2731 3512 2859 3582 quis
2882 3513 3286 3567 Alexandriam
3304 3518 3543 3584 quaerat,
3571 3519 3626 3568 et
3644 3515 3717 3568 ad
3741 3533 3872 3571 eam

2173 3604 2324 3654 recto
2354 3605 2557 3670 pergat
2583 3600 2785 3654 itinere
2811 3618 2824 3667 ;
2881 3618 3017 3668 non,
3051 3601 3274 3672 opinor,
3304 3606 3468 3671 potes
3508 3619 3641 3656 eum
3671 3621 3870 3660 erran-

2171 3691 2286 3741 tem
2316 3704 2534 3744 vocare.
2569 3689 2714 3752 Quid
2745 3689 2789 3742 si
2830 3689 3092 3743 eamdem
3141 3690 3312 3759 viam,
3347 3690 3517 3743 variis
3558 3691 3872 3762 impeditus

2171 3776 2374 3845 causis,
2406 3777 2578 3847 longo
2608 3782 2741 3848 agat
2763 3781 3043 3846 tempore,
3077 3781 3132 3831 et
3161 3777 3221 3830 in
3246 3794 3311 3831 ea
3339 3784 3523 3833 morte
3551 3783 3870 3848 praevenia-

2170 3869 2303 3932 tur;
2346 3882 2536 3920 nonne
2585 3871 2643 3920 et
2699 3881 2924 3936 semper
2977 3865 3256 3936 qumsivit,
3316 3871 3374 3920 et
3422 3883 3739 3942 nunquam.
3772 3871 3865 3924 iu-

2168 3952 2342 4015 venit,
2383 3969 2487 4006 nec
2530 3952 2739 4006 erravit
2782 3956 3024 4007 tamen?
3071 3955 3214 4022 Non,
3246 3953 3436 4024 inquit
3487 3955 3606 4024 ille,
3637 3974 3870 4029 semper

2170 4040 2454 4110 quaesivit.

2242 4131 2325 4182 12.
2374 4129 2544 4182 ltecte
2580 4127 2741 4194 dicis,
2789 4127 2865 4182 ait
2913 4128 3218 4196 Licentius,
3277 4134 3332 4184 et
3377 4129 3521 4186 bene
3568 4134 3860 4191 admones.

2169 4215 2306 4269 Inde
2338 4215 2492 4268 enim
2521 4231 2753 4285 prorsus
2784 4215 2928 4269 nihil
2955 4217 3026 4271 ad
3045 4233 3166 4271 rem
3196 4218 3447 4288 pertinet
3473 4220 3860 4279 deﬁnitiotua:

2167 4319 2279 4355 non
2312 4303 2464 4356 enim
2495 4319 2598 4373 ego
2627 4303 2854 4358 beatum
2892 4320 3012 4358 esse
3053 4304 3191 4370 dixi,
3225 4305 3323 4376 qui
3371 4323 3597 4378 semper
3635 4317 3864 4380 quaerat

2165 4389 2482 4444 veritatem.
2517 4391 2674 4454 Quod
2710 4409 2781 4445 ne
2811 4392 2935 4445 tieri
2965 4392 3201 4462 quidem
3229 4399 3416 4463 potest
3446 4412 3458 4449 :
3488 4396 3698 4466 primo,
3722 4400 3863 4468 quia

2164 4495 2279 4531 non
2304 4495 2527 4548 semper
2553 4480 2728 4534 homo
2760 4484 2880 4546 est;
2911 4479 3134 4546 deinde,
3165 4482 3302 4552 quia
3326 4498 3443 4536 non
3476 4500 3543 4536 ex
3570 4500 3683 4554 quo
3713 4489 3860 4540 tem-

2161 4582 2296 4635 pore
2339 4565 2541 4636 incipit
2582 4582 2702 4621 esse
2742 4568 2936 4633 homo,
2993 4584 3058 4622 eo
3105 4569 3225 4638 jam
3271 4574 3477 4640 potest,
3533 4576 3699 4626 aetate
3744 4573 3858 4626 im-

2160 4653 2445 4723 pediente,
2477 4670 2672 4708 verum
2701 4671 2978 4726 quaerere.
3010 4657 3122 4709 Aut
3150 4656 3197 4710 si
3224 4673 3452 4727 semper
3476 4657 3535 4712 id
3577 4664 3714 4730 puta
3757 4661 3852 4714 di-

2158 4741 2422 4809 cendum,
2452 4740 2496 4795 si
2523 4741 2664 4796 nihil
2694 4744 2966 4813 temporis
3015 4760 3127 4814 quo
3171 4745 3291 4814 jam
3334 4761 3590 4816 quaerere
3640 4752 3851 4817 potest,

2160 4831 2345 4901 perire
2376 4830 2624 4901 patitur;
2658 4847 2856 4886 rursus
2908 4831 3014 4885 tibi
3064 4831 3461 4886 Alexandriam
3493 4831 3854 4886 redeundum

2160 4920 2402 4973 est.-.Fac
2431 4920 2584 4973 enim
2613 4935 2984 4990 quemquam,
3016 4935 3083 4973 ex
3114 4936 3228 4990 quo
3261 4926 3518 4991 tempore
3545 4920 3655 4974 iter
3679 4935 3854 4990 agere

2157 5007 2243 5062 vel
2275 5011 2440 5062 aetate
2468 5007 2553 5061 vel
2583 5007 2814 5077 negotio
2845 5006 3070 5074 sinitur,
3101 5025 3342 5080 pergere
3385 5009 3644 5079 occipere
3691 5009 3852 5062 illam

2156 5094 2324 5162 viam,
2354 5099 2625 5166 atque,ut
2653 5110 2825 5164 supra
2845 5094 2982 5162 dixi,
3010 5111 3140 5150 cum
3171 5097 3676 5168 devietnusquam,
3698 5102 3855 5151 antc-

2157 5198 2330 5252 quam
2353 5181 2648 5253 perveniat
2671 5187 2864 5237 tamen
2890 5183 3007 5237 vita
3036 5185 3335 5252 excedere;
3369 5186 3615 5239 multum
3657 5187 3851 5256 profe-

2156 5276 2244 5325 cto
2275 5271 2508 5337 errabis,
2559 5269 2606 5323 si
2652 5269 2756 5324 tibi
2800 5288 3013 5326 errasse
3067 5272 3171 5327 iste
3225 5273 3531 5340 videbitur,
3589 5274 3854 5344 quamvis

2154 5357 2311 5420 omni
2337 5375 2451 5430 quo
2481 5357 2668 5429 potuit
2695 5363 2972 5430 tempore,
3003 5377 3108 5415 nec
3137 5377 3395 5432 quaerere
3440 5362 3692 5422 desierit.
3745 5379 3853 5417 nec

2153 5445 2407 5501 invenire
2431 5446 2683 5517 potuerit
2703 5463 2815 5519 quo
2836 5450 3128 5520 pergebat.
3157 5451 3541 5515 Quamobrem
3571 5451 3616 5504 si
3643 5455 3699 5504 et
3720 5467 3850 5506 mea

2151 5534 2452 5605 descriptio
2483 5551 2613 5592 vera
2636 5541 2737 5604 est,
2771 5542 2826 5593 et
2872 5538 3184 5594 secundum
3241 5554 3368 5595 eam
3419 5555 3536 5594 non
3567 5545 3722 5595 errat
3749 5539 3850 5596 ille
