4058 6338
203 288 311 338 913

202 404 306 475 qui
338 403 582 476 perfecte
611 404 837 476 quaerit,
867 404 1126 475 quamvis
1155 421 1272 459 non
1301 403 1553 459 inveniat
1579 404 1899 473 veritatem,

202 493 518 564 beatusque
541 497 626 546 est
655 493 726 546 ob
757 509 882 546 eam
914 509 1055 556 rem,
1090 494 1245 563 quod
1275 493 1586 548 secundum
1616 493 1895 547 rationem

198 581 368 649 vivit;
410 587 506 636 tua
543 597 673 634 vero
720 581 976 635 deﬁnitio
1027 585 1086 634 et
1125 581 1390 636 frustrata
1438 585 1541 648 est,
1586 586 1644 636 et
1691 582 1737 635 si
1785 597 1902 635 non

198 675 373 738 esset,
404 669 544 723 nihil
571 685 694 722 eam
719 685 916 723 curare
951 669 1237 735 deberem,
1268 668 1315 722 si
1344 685 1412 723 ex
1438 685 1504 723 eo
1535 670 1722 723 solum
1743 671 1897 741 quod

195 775 307 829 ego
332 757 583 824 deﬁnivi,
607 757 740 811 satis
757 773 925 810 causa
946 756 1170 811 ﬁrmata
1195 761 1314 811 est:
1347 774 1466 824 cur,
1503 774 1716 829 quaeso,
1757 774 1903 812 non-

198 848 342 901 dum
372 851 454 902 est
483 845 592 900 ista
621 846 769 900 inter
799 861 898 898 nos
930 845 1166 916 quaestio
1197 844 1513 900 dissoluta?

489 935 712 988 CAPUT
744 935 803 987 V.
832 963 900 974 --
932 933 1200 999 Quidnam
1225 935 1297 987 sit
1324 936 1615 1002 sapientia.

273 1027 357 1078 13.
396 1023 495 1077 Hic
525 1021 861 1093 Trygetius:
915 1023 1119 1090 Dasne,
1164 1020 1374 1092 inquit,
1425 1020 1768 1091 sapientiam
1803 1037 1900 1074 re-

197 1116 350 1165 ctam
397 1110 548 1164 viam
594 1109 724 1164 vita:
777 1111 939 1163 esse?
987 1111 1084 1176 Do,
1133 1109 1340 1178 inquit,
1391 1109 1511 1164 sine
1552 1109 1766 1164 dubio:
1802 1108 1901 1162 sed

196 1203 396 1253 tamen
423 1199 550 1252 volo
579 1197 720 1252 mihi
748 1197 1086 1267 sapientiam
1116 1197 1379 1266 delinias,
1408 1202 1472 1251 ut
1501 1197 1675 1250 sciam
1705 1201 1900 1250 utrum

199 1305 332 1358 quae
362 1287 524 1352 mihi,
575 1287 774 1340 eadem
809 1285 910 1339 tibi
934 1302 1054 1338 esse
1106 1284 1383 1339 videatur.
1427 1287 1494 1338 Et
1525 1285 1656 1339 ille:
1693 1286 1900 1338 Parum

199 1375 324 1438 tibi,
359 1374 459 1437 ait,
487 1374 710 1428 videtur
737 1373 971 1427 deﬁnita
999 1373 1108 1426 hoc
1147 1373 1268 1443 ipso
1297 1373 1449 1444 quod
1479 1389 1629 1426 nunc
1657 1373 1898 1426 interro-

201 1469 369 1534 gatus
398 1465 494 1517 es?
533 1463 712 1517 Etiam
751 1462 908 1532 quod
944 1461 1095 1514 volui
1137 1461 1482 1515 concessisti.
1516 1461 1574 1516 Si
1603 1461 1758 1514 enim
1786 1477 1899 1513 non

199 1551 391 1615 fallor,
433 1565 550 1603 non
581 1550 719 1602 falso
752 1553 903 1602 recta
945 1548 1035 1602 via
1063 1548 1194 1602 vitae
1224 1548 1501 1620 sapientia
1533 1548 1888 1602 nominatur.

198 1639 346 1693 Tum
381 1638 697 1691 Licentius:
724 1637 868 1690 Nihil
903 1636 1046 1690 mihi
1071 1640 1188 1690 tam
1225 1637 1549 1702 ridiculum,
1591 1653 1764 1706 quam
1793 1635 1899 1689 ista

198 1725 460 1780 deﬁnitio
500 1725 741 1791 videtur,
781 1724 987 1796 inquit.
1039 1726 1314 1789 Fortasse,
1346 1724 1425 1777 ait
1453 1725 1582 1778 ille:
1627 1725 1896 1794 pedeten—

199 1815 305 1868 tim
337 1820 531 1868 tamen
578 1830 793 1884 quaeso,
828 1817 889 1867 ut
929 1811 1075 1866 ratio
1122 1812 1434 1882 prmveniat
1469 1811 1650 1865 risum
1693 1816 1893 1865 tuum:

198 1902 348 1957 nihil
380 1901 535 1956 enim
564 1906 648 1956 est
679 1902 883 1956 foedius
925 1900 1044 1954 risu
1079 1899 1338 1954 irrisione
1371 1899 1720 1970 dignissimo.
1751 1899 1895 1963 Quid

199 1990 381 2057 enim,
411 1990 490 2044 ait
519 1990 632 2054 ille,
667 2005 858 2043 nonne
883 1988 1077 2043 fateris
1106 1988 1237 2042 vitae
1259 1993 1502 2042 mortem
1524 2003 1643 2042 esse
1671 1991 1895 2041 contra-

199 2079 393 2132 riam?
442 2080 662 2144 Fateor,
696 2078 791 2131 ait.
838 2077 972 2131 Mihi
1017 2077 1212 2147 igitur,
1259 2077 1446 2146 inquit
1484 2075 1602 2142 ille,
1635 2075 1723 2129 via
1769 2076 1896 2128 vitae

201 2168 364 2220 nulla
395 2165 576 2236 magis
603 2165 848 2231 videtur,
877 2181 1050 2236 quam
1083 2181 1150 2218 ea
1175 2181 1288 2235 qua
1315 2164 1556 2235 quisque
1581 2163 1788 2234 pergit,
1826 2179 1896 2217 ne

199 2254 262 2308 in
294 2258 537 2308 mortem
565 2253 796 2307 incidat.
846 2252 1272 2307 Assentiebatur
1311 2251 1629 2322 Trygetius.
1678 2253 1821 2321 Ergo
1851 2251 1897 2304 si

201 2343 387 2397 viator
410 2341 695 2414 quispiam
730 2341 1128 2395 diverticulum
1173 2340 1376 2407 vitans,
1411 2340 1562 2410 quod
1589 2356 1621 2392 a
1661 2339 1896 2393 latroni-

202 2433 313 2486 bus
342 2430 589 2485 obsideri
619 2429 881 2498 audierit,
909 2433 1059 2483 recta
1088 2430 1170 2482 ire
1209 2433 1430 2500 pergat,
1462 2433 1632 2499 atque
1664 2428 1742 2481 ita
1769 2443 1896 2481 eva-

202 2519 304 2573 dat
322 2517 652 2584 interitum;
686 2532 877 2570 nonne
909 2521 962 2570 et
987 2517 1138 2570 viam
1169 2516 1316 2583 vitae,
1345 2521 1403 2570 et
1429 2520 1641 2570 rectam
1673 2519 1897 2569 secutus

202 2611 318 2672 est;
369 2611 426 2660 et
472 2622 597 2659 eam
644 2603 982 2674 sapientiam
1025 2605 1286 2658 nominat
1335 2606 1552 2657 nemo?
1601 2601 1896 2666 Quomodo

202 2695 384 2766 igitur
413 2693 596 2747 omnis
638 2697 790 2746 recta
837 2692 965 2746 vitae
995 2691 1086 2746 via
1131 2692 1412 2763 sapientia
1463 2693 1592 2745 est?
1639 2688 1898 2744 Concessi

203 2782 363 2836 enim
392 2798 532 2848 esse,
564 2781 661 2835 sed
692 2797 805 2834 non
835 2781 1032 2835 solam.
1068 2780 1330 2834 Deﬁnitio
1355 2784 1545 2833 autem
1572 2778 1714 2832 nihil
1742 2794 1897 2831 com-

199 2870 376 2943 plecti
394 2869 607 2932 debuit,
629 2870 784 2940 quod
805 2873 952 2922 esset
971 2868 1242 2923 alienum.
1272 2869 1467 2939 Itaque
1483 2883 1678 2920 rursus
1702 2865 1898 2930 detini,

203 2959 250 3012 si
282 2959 485 3028 placet,
518 2956 658 3028 quid
689 2955 792 3010 tibi
821 2956 1046 3010 videtur
1073 2973 1192 3009 esse
1222 2955 1517 3026 sapientia.

281 3047 364 3101 14.
394 3045 502 3100 Diu
526 3045 620 3099 ille
660 3043 863 3111 tacuit;
905 3043 1145 3098 deinde:
1183 3045 1285 3112 En,
1325 3041 1532 3113 inquit,
1564 3041 1772 3094 iterum
1803 3039 1898 3093 dc-

203 3134 369 3204 tinio,
392 3133 438 3187 si
467 3133 574 3187 hoc
595 3135 656 3186 tu
683 3148 978 3203 nunquam
1009 3131 1175 3186 ﬁnire
1210 3130 1474 3185 statuisti.
1503 3127 1790 3200 Sapientia
1819 3130 1902 3181 est

203 3222 297 3276 via
326 3225 498 3286 recta,
544 3237 671 3292 qua;
718 3220 790 3273 ad
817 3220 1113 3274 veritatem
1143 3220 1334 3275 ducat.
1393 3217 1666 3272 Similiter
1696 3215 1900 3276 ethoc,

208 3309 402 3381 inquit
423 3309 538 3374 ille,
571 3307 846 3362 refellitur
870 3323 883 3362 :
906 3323 1038 3362 nam
1059 3307 1196 3361 dum
1216 3307 1366 3378 apud
1392 3304 1694 3377 Virgilium
1715 3305 1902 3357 Eneae

209 3399 429 3453 dictum
459 3401 544 3451 est
571 3412 605 3450 a
633 3401 814 3450 matre
841 3412 853 3450 :

352 3495 514 3556 Perge
544 3493 716 3553 modo,
744 3497 796 3542 et
824 3507 927 3557 qua
952 3495 1000 3542 te
1030 3491 1175 3540 ducit
1196 3490 1281 3539 via
1309 3489 1474 3552 dirige
1503 3501 1760 3552 gressum.

1201 3569 1427 3632 (te-nem.
1456 3573 1500 3628 1,
1527 3568 1654 3629 4ου.)

208 3677 456 3733 sequens
484 3661 629 3715 hanc
659 3661 808 3715 viam
837 3659 910 3714 ad
937 3659 994 3714 id
1021 3659 1175 3731 quod
1214 3659 1428 3713 dictum
1467 3661 1606 3727 erat,
1640 3656 1698 3711 id
1726 3660 1809 3710 est
1834 3657 1903 3712 ad

204 3766 408 3805 verum
449 3748 725 3820 pervenit.
771 3748 1078 3810 Contende,
1123 3747 1169 3802 si
1203 3747 1409 3818 placet,
1439 3745 1538 3800 ubi
1568 3745 1775 3816 pedem
1807 3745 1900 3798 ille

207 3838 480 3892 incedens
521 3835 736 3906 posuit,
789 3834 1128 3906 sapientiam
1173 3850 1336 3906 posse
1376 3833 1523 3888 dici:
1571 3849 1902 3904 quanquam

207 3927 383 3980 stulte
424 3940 655 3995 prorsus
701 3924 868 3978 istam
915 3922 1355 3993 descriptionem
1400 3925 1556 3975 tuam
1604 3921 1905 3990 effringere

207 4029 415 4079 conor;
449 4029 584 4066 nam
604 4028 832 4066 causam
860 4028 1047 4065 meam
1067 4011 1226 4065 nulla
1247 4011 1374 4082 plus
1405 4009 1650 4079 adjuvat.
1685 4008 1906 4063 Etenim

209 4100 552 4173 sapientiam
590 4116 708 4154 non
746 4099 929 4170 ipsam
971 4099 1286 4164 veritatem,
1337 4097 1437 4152 sed
1475 4097 1625 4152 viam
1664 4113 1793 4167 quae
1835 4097 1907 4150 ad

211 4207 341 4245 eam
370 4189 556 4252 ducat,
590 4205 711 4242 esse
737 4187 950 4242 dixisti.
999 4186 1265 4258 Quisquis
1293 4201 1428 4256 ergo
1458 4186 1563 4240 hac
1591 4185 1769 4239 utitur
1795 4183 1905 4249 via,

210 4276 498 4348 sapientia
523 4275 775 4346 profecto
816 4275 1023 4342 utitur;
1066 4280 1122 4329 et
1149 4274 1248 4345 qui
1278 4272 1559 4344 sapientia
1590 4273 1790 4341 utitur,
1822 4289 1909 4326 sa-

211 4367 379 4438 piens
409 4366 481 4419 sit
510 4380 735 4418 necesse
765 4368 882 4418 est:
911 4363 1135 4434 sapiens
1163 4362 1342 4432 igitur
1372 4361 1480 4415 erit
1508 4361 1627 4431 ille,
1659 4360 1759 4432 qui
1789 4377 1910 4431 per-

213 4457 358 4512 fecte
407 4453 696 4524 quaesierit
737 4453 1055 4518 veritatem,
1110 4449 1332 4504 etiamsi
1379 4449 1452 4503 ad
1490 4465 1616 4502 eam
1653 4450 1908 4503 nondum

215 4540 560 4612 pervenerit.
604 4542 746 4594 Nam
773 4539 864 4594 via
905 4555 1034 4610 quae
1082 4539 1236 4593 ducit
1257 4538 1328 4591 ad
1378 4537 1693 4603 veritatem,
1731 4539 1908 4603 nulla,

218 4630 301 4684 uti
325 4629 549 4700 opinor,
575 4628 913 4699 intelligitur
933 4627 1137 4682 melius
1159 4643 1333 4697 quam
1354 4625 1597 4696 diligens
1615 4625 1910 4696 inquisitio

217 4717 492 4774 veritatis.
545 4718 656 4771 Hac
695 4716 873 4788 igitur
919 4717 1038 4770 sola
1073 4716 1160 4768 via
1189 4719 1373 4777 utens,
1402 4715 1523 4785 jam
1552 4713 1659 4768 iste
1689 4714 1912 4784 sapiens

217 4806 323 4860 erit
349 4823 362 4860 :
397 4809 455 4859 at
483 4821 651 4859 nemo
677 4805 901 4875 sapiens
929 4803 1134 4869 miser;
1176 4802 1360 4856 omnis
1388 4805 1580 4855 autem
1599 4793 1782 4855 homo
1814 4806 1914 4855 aut

219 4895 415 4959 miser,
456 4897 557 4947 aut
597 4893 835 4947 beatus:
875 4893 1106 4947 beatum
1153 4890 1326 4962 igitur
1349 4889 1517 4944 faciet
1545 4905 1660 4942 non
1690 4893 1913 4944 tantum

220 4980 499 5049 inventio,
531 4981 626 5034 sed
656 4979 779 5050 ipsa
808 4996 909 5050 per
937 4996 993 5034 se
1023 4977 1382 5049 investigatio
1412 4977 1682 5031 veritatis.

295 5073 381 5123 l5.
421 5069 566 5122 Tum
614 5067 708 5121 ille
745 5067 1039 5122 arridens:
1091 5066 1286 5121 Merito
1335 5065 1498 5132 mihi,
1544 5064 1752 5136 inquit,
1807 5064 1916 5118 ista

219 5157 582 5227 contingunt,
644 5155 781 5210 dum
830 5155 1152 5210 adversario
1206 5154 1265 5208 in
1322 5170 1382 5207 re
1433 5169 1551 5207 non
1604 5151 1916 5206 necessaria

221 5245 469 5300 ﬁdenter
496 5243 773 5298 assentior
797 5259 809 5296 :
834 5243 995 5314 quasi
1023 5259 1156 5297 vero
1186 5258 1291 5314 ego
1319 5242 1427 5296 sim
1453 5257 1690 5312 magnus
1720 5239 1918 5295 deﬁni-

221 5339 333 5399 tor,
350 5337 452 5386 aut
470 5330 784 5402 quidquam
802 5331 862 5385 in
878 5331 1218 5402 disputando
1231 5330 1414 5400 magis
1435 5344 1919 5402 supervacaneum

221 5427 443 5492 putem.
475 5418 612 5482 Quis
640 5419 794 5472 enim
816 5420 1018 5474 modus
1039 5418 1166 5484 erit,
1199 5417 1246 5471 si
1275 5434 1381 5488 ego
1413 5434 1608 5472 rursus
1635 5418 1804 5471 velim
1834 5417 1919 5471 de-

220 5508 380 5565 ﬁniri
426 5508 526 5562 abs
573 5511 628 5560 te
671 5506 911 5578 aliquid,
951 5512 1007 5561 et
1033 5522 1230 5560 rursus
1274 5507 1525 5576 ejusdem
1573 5505 1920 5560 deﬁnitionis

1681 284 1894 340 LIBER
1935 284 2216 340 PRIMUS.

3605 293 3708 345 914

2013 401 2204 471 verba,
2240 411 2294 460 et
2323 408 2796 479 consequentium
2825 408 2965 462 item
2995 408 3328 480 singillatim
3359 411 3573 478 omnia,
3605 412 3712 466 ﬁn-

2012 510 2151 564 gens
2191 495 2343 566 quod
2385 495 2526 549 nihil
2568 495 2909 567 intelligam,
2952 496 3180 551 deﬁniri
3229 497 3519 567 ﬂagitem?
3564 500 3706 554 Nam

2012 582 2150 652 quid
2181 583 2581 653 planissimum
2629 601 2746 638 non
2793 601 2922 639 meo
2965 585 3097 656 jure
3145 585 3373 640 deﬁniri
3412 602 3630 657 cogam,
3660 588 3707 641 si

2003 668 2136 738 jure
2166 687 2199 723 a
2225 685 2314 724 me
2354 669 2644 739 sapientiae
2674 671 2928 726 deﬁnitio
2963 672 3321 743 postulatur?
3352 673 3524 744 Cujus
3552 673 3706 729 enim

2012 757 2167 812 verbi
2205 757 2265 812 in
2310 758 2516 812 animis
2554 759 2762 812 nostris
2798 761 3140 830 apertiorem
3179 762 3477 816 notionem
3505 766 3710 818 natura

2011 862 2131 899 esse
2175 845 2354 900 voluit
2391 862 2564 917 quam
2614 847 2945 916 sapientiae?
2995 849 3104 903 Sed
3152 848 3341 904 nescio
3391 850 3707 920 quomodo,

2012 950 2144 987 cum
2172 933 2378 988 mentis
2409 939 2621 988 nostrae
2654 935 2828 988 veluti
2857 940 3084 1005 portum
3124 937 3276 992 notio
3306 937 3430 1008 ipsa
3458 938 3707 1008 relique-

2010 1021 2104 1087 rit,
2159 1026 2214 1075 et
2255 1023 2560 1076 Verborum
2605 1021 2714 1076 sibi
2757 1023 2920 1093 quasi
2962 1024 3082 1077 vela
3131 1025 3457 1092 tetenderit,
3502 1040 3705 1079 occur-

2012 1112 2175 1162 rant1
2210 1110 2399 1164 statim
2431 1109 2847 1164 calumniarum
2873 1110 3029 1164 mille
3066 1112 3382 1182 naufragia.
3415 1111 3704 1177 Quamob-

2010 1213 2131 1251 rem
2162 1203 2262 1251 aut
2291 1197 2548 1251 deﬁnitio
2580 1198 2874 1267 sapientim
2904 1214 2976 1251 ne
3022 1197 3368 1268 requiratur,
3409 1203 3506 1253 aut
3527 1199 3705 1269 judex

2012 1289 2202 1338 noster
2231 1285 2291 1338 in
2312 1285 2434 1356 ejus
2463 1285 2843 1356 patrocinium
2875 1286 3144 1354 dignetur
3175 1285 3534 1342 descendere.
3562 1287 3706 1340 Tum

2009 1388 2136 1442 ego,
2168 1388 2298 1426 cum
2324 1373 2445 1442 jam
2475 1372 2668 1427 stilum
2691 1389 2802 1427 nox
2825 1372 3150 1443 impediret,
3181 1375 3237 1426 et
3265 1372 3430 1443 quasi
3460 1373 3528 1426 de
3557 1372 3706 1427 inte-

2008 1476 2110 1530 gro
2132 1477 2405 1530 magnum
2420 1461 2692 1531 quiddam
2713 1460 3111 1515 disserendum
3128 1460 3382 1514 viderem
3397 1459 3631 1528 oboriri,
3647 1459 3708 1513 in

2009 1547 2186 1602 alium
2214 1549 2367 1602 diem
2409 1549 2643 1602 distuli:
2683 1565 2814 1603 nam
2857 1549 3146 1620 disputare
3187 1564 3541 1619 cmperamus
3588 1548 3705 1601 sole

2003 1635 2124 1706 jam
2155 1636 2212 1690 in
2241 1653 2499 1689 occasum
2523 1637 2862 1699 declinante,
2887 1637 3120 1707 diesque
3146 1653 3293 1706 pene
3315 1640 3464 1690 totus
3493 1651 3621 1689 cum
3643 1635 3705 1688 in

2009 1725 2179 1779 rebus
2227 1724 2449 1778 rusticis
2496 1724 2847 1790 ordinandis,
2894 1728 3015 1778 tum
3046 1725 3108 1778 in
3155 1724 3481 1778 recensione
3530 1722 3704 1794 primi

2008 1814 2141 1868 libri
2173 1813 2392 1884 Virgilii
2420 1818 2681 1884 peractus
2711 1813 2836 1868 fuit.

2579 1917 2883 1955 DISPUTATIO
2921 1917 3130 1954 TERTIA.

2008 1991 2230 2046 CAPUT
2260 1991 2348 2044 VI.
2394 2019 2462 2030 —
2506 1991 2796 2058 Sapientiae
2842 1989 3082 2056 deﬁnitio
3124 1989 3290 2042 datur
3318 1993 3367 2043 et
3409 1991 3699 2057 impugna-

2454 2083 2561 2132 ίαν.
2590 2078 2852 2131 Albicerii
2878 2077 3256 2132 divinationes.

2081 2168 2164 2219 16.
2225 2164 2438 2219 Deinde
2494 2181 2628 2219 mox
2681 2170 2748 2219 ut
2800 2164 3001 2229 illuxit,
3056 2164 3135 2217 ita
3189 2163 3345 2218 enim
3399 2179 3489 2217 res
3541 2167 3706 2218 erant

2008 2253 2188 2323 pridie
2217 2253 2542 2307 constitutae
2581 2257 2644 2306 ut
2673 2253 2896 2322 largum
2933 2258 3076 2306 esset
3107 2252 3310 2320 otium,
3340 2251 3530 2305 statim
3562 2267 3695 2320 per-

2009 2344 2294 2413 agendum
2344 2342 2640 2413 negotium
2685 2346 3014 2412 susceptum
3057 2346 3162 2396 est.
3213 2343 3354 2395 Tum
3393 2357 3536 2411 ego:
3573 2341 3702 2394 Ileri

2008 2431 2329 2502 postulasti,
2380 2431 2638 2501 inquam,
2687 2429 2936 2501 Trygeti,
2971 2433 3036 2483 ut
3065 2446 3096 2482 a
3128 2428 3335 2499 judicis
3367 2444 3601 2482 munere
3631 2427 3703 2481 ad

2008 2519 2301 2590 sapientia;
2321 2518 2696 2588 patrocinium
2715 2518 3114 2571 descenderem
3134 2533 3147 2571 :
3173 2516 3336 2587 quasi
3354 2532 3486 2570 vero
3502 2531 3703 2587 quem-

2009 2623 2182 2677 quam
2211 2606 2270 2660 iu
2304 2623 2565 2661 sermone
2591 2609 2779 2660 vestro
2815 2605 3204 2660 adversarium
3233 2603 3512 2675 sapientia
3545 2607 3704 2674 pate-

2010 2699 2199 2760 retur;
2229 2698 2294 2748 ut
2319 2695 2438 2748 ullo
2464 2695 2801 2748 defendente
2841 2693 2918 2747 ita
2959 2693 3260 2758 laboraret,
3303 2695 3366 2746 ut
3394 2691 3574 2762 magis
3593 2691 3704 2744 im-

2009 2785 2231 2854 plorare
2261 2783 2494 2837 deberet
2521 2782 2817 2836 auxilium.
2861 2783 3001 2835 Nam
3033 2797 3218 2851 neque
3248 2781 3397 2834 inter
3424 2796 3521 2834 vos
3549 2779 3705 2832 aliud

2011 2871 2384 2942 quaerendum
2426 2873 2627 2923 natum
2665 2873 2769 2935 est,
2801 2885 2976 2939 quam
3005 2868 3144 2939 quid
3181 2866 3256 2921 sit
3292 2865 3611 2936 sapientia;
3644 2866 3705 2919 in

2012 2976 2123 3029 quo
2155 2975 2280 3012 eam
2309 2963 2562 3012 vestrum
2601 2960 2800 3010 neuter
2825 2959 3146 3027 oppugnat,
3169 2953 3304 3025 quia
3327 2957 3570 3023 uterque
3601 2953 3702 3006 de-

2013 3047 2242 3101 siderat.
2284 3047 2478 3116 Neque
2509 3045 2555 3098 si
2585 3049 2648 3098 tu
2677 3044 2737 3097 in
2767 3043 3093 3098 delinienda
3131 3041 3409 3112 sapientia
3435 3039 3705 3094 defecisse

2013 3141 2068 3190 te
2091 3140 2278 3206 putas,
2300 3139 2605 3204 propterea
2625 3132 2845 3203 reliqua
2868 3130 3122 3185 defensio
3145 3129 3438 3183 sententize
3469 3133 3580 3182 tua:
3601 3127 3706 3181 tibi

2014 3220 2326 3275 deserenda
2354 3224 2457 3274 est.
2499 3221 2694 3290 Itaque
2722 3236 2754 3271 a
2793 3234 2883 3271 me
2913 3217 3058 3271 nihil
3087 3216 3243 3271 aliud
3271 3215 3502 3270 habebis
3531 3230 3705 3286 quam

2014 3308 2411 3364 deﬁnitionem
2454 3307 2766 3378 sapientiae,
2818 3322 2946 3377 quas
2977 3321 3080 3359 nec
3126 3321 3255 3358 mea
3296 3320 3400 3359 nec
3429 3319 3576 3358 nova
3602 3308 3706 3369 est,

2014 3398 2114 3453 sed
2135 3402 2190 3452 et
2210 3397 2527 3467 priscorum
2547 3394 2870 3460 hominum,
2892 3399 2949 3448 et
2972 3410 3146 3464 quam
3170 3410 3268 3447 vos
3294 3392 3469 3446 mirer
3489 3408 3606 3446 non
3628 3407 3705 3444 re-

2014 3485 2256 3540 cordari.
2295 3485 2420 3539 Non
2449 3484 2605 3538 enim
2634 3499 2787 3537 nunc
2817 3482 3072 3554 primum
3097 3481 3327 3548 auditis,
3360 3479 3709 3551 Sapientiam

2015 3590 2134 3628 esse
2165 3589 2358 3628 rerum
2387 3573 2768 3627 humanarum
2801 3571 3235 3641 divinarumque
3259 3569 3577 3624 scientiam.

2091 3667 2174 3717 t7.
2228 3661 2326 3716 Hic
2369 3661 2673 3727 Licentius,
2723 3675 2894 3730 quem
2937 3663 3069 3729 post
3110 3658 3276 3712 istam
3315 3656 3710 3712 deﬁnitionem

2017 3749 2112 3804 diu
2137 3749 2412 3820 putabam
2449 3748 2826 3819 quaasiturum
2869 3762 2989 3800 esse
3029 3746 3181 3816 quod
3210 3745 3442 3812 diceret,
3470 3743 3710 3813 subjecit

2017 3838 2242 3892 statim:
2296 3837 2408 3891 Cur
2455 3851 2589 3906 ergo
2635 3851 2771 3901 non,
2821 3850 3032 3904 quzeso,
3084 3833 3402 3902 sapientem
3443 3847 3709 3885 vocamus

2017 3923 2522 3995 flagitiosissimum
2553 3922 2716 3976 illum
2746 3921 3061 3988 hominem,
3094 3936 3266 3990 quem
3297 3919 3407 3990 ipsi
3432 3919 3578 3972 bene
3608 3935 3708 3971 no-

2015 4013 2201 4067 vimus
2218 4028 2322 4082 per
2348 4010 2652 4064 innumera
2682 4012 2862 4062 scorta
2885 4007 3066 4061 solere
3083 4005 3337 4070 dissolvi;
3364 4004 3710 4060 Albicerium

2016 4101 2140 4156 dico
2169 4100 2354 4165 illum,
2390 4098 2488 4170 qui
2517 4097 2670 4168 apud
2695 4095 3094 4166 Carthaginem
3128 4096 3336 4149 multos
3367 4109 3546 4148 annos
3576 4108 3710 4146 con-

2019 4188 2336 4242 sulentibus
2361 4186 2507 4240 mira
2528 4186 2794 4258 quadam
2819 4189 2874 4239 et
2902 4188 3056 4239 certa
3083 4183 3415 4254 respondit?
3447 4183 3714 4236 Innume-

2019 4276 2222 4332 rabilia
2250 4291 2700 4330 commemorare
2725 4290 2974 4345 possem,
3000 4272 3110 4326 nisi
3132 4277 3189 4326 et
3215 4271 3368 4339 apud
3396 4287 3492 4325 eos
3521 4271 3716 4341 loque-

2020 4378 2112 4416 rer
2139 4363 2238 4433 qui
2259 4363 2478 4433 experti
2500 4366 2649 4429 sunt,
2677 4366 2735 4416 at
2758 4361 2952 4434 paucis
2971 4378 3124 4416 nunc
3143 4360 3276 4415 satis
3296 4359 3370 4414 sit
3389 4360 3458 4413 ad
3477 4359 3534 4413 id
3561 4358 3716 4430 quod

2019 4452 2168 4505 volo.
2215 4452 2414 4506 Nonne
2453 4451 2835 4506 cochlearium
2876 4450 3040 4520 (mihi
3077 4453 3268 4502 autem
3296 4448 3557 4516 dicebat)
3585 4463 3716 4500 cum

2019 4539 2176 4594 domi
2205 4556 2318 4593 non
2347 4539 2726 4606 inveniretur;
2760 4543 2856 4592 tuo
2879 4539 3044 4608 jussu
3063 4541 3447 4608 percontatus,
3477 4551 3594 4589 non
3624 4551 3716 4589 so-

2020 4629 2140 4682 lum
2171 4627 2308 4698 quid
2337 4631 2704 4698 quaereretur,
2750 4643 2949 4680 verum
2987 4625 3158 4679 etiam
3188 4623 3526 4678 nominatim
3556 4624 3718 4694 cujus

2022 4732 2111 4769 res
2134 4719 2301 4778 esset,
2326 4721 2384 4770 et
2410 4715 2510 4770 ubi
2529 4716 2750 4782 lateret,
2769 4713 3036 4768 citissime
3056 4711 3462 4783 verissimeque
3484 4727 3719 4782 respon-

2024 4803 2144 4858 dit?
2170 4805 2310 4857 Item
2338 4819 2429 4857 me
2455 4806 2756 4874 prmsente,
2792 4801 2994 4856 omitto
3027 4801 3166 4854 illud
3196 4799 3350 4871 quod
3381 4798 3445 4852 in
3470 4815 3537 4853 eo
3565 4796 3717 4869 quod

2023 4891 2333 4962 rogabatur
2371 4890 2514 4945 nihil
2558 4890 2794 4944 omnino
2825 4890 2998 4943 falsus
3027 4893 3130 4956 est,
3163 4887 3262 4942 sed
3291 4903 3422 4942 cum
3450 4902 3594 4957 puer
3621 4885 3721 4956 qui

2025 4995 2290 5033 nummos
2319 4979 2554 5033 ferebat.
2583 4982 2794 5032 certam
2819 4993 3020 5031 eorum
3053 4980 3298 5047 partem,
3329 4991 3461 5028 cum
3490 4974 3562 5027 ad
3586 4987 3718 5026 eum

2024 5082 2414 5137 pergeremus,
2453 5066 2672 5120 furatus
2706 5069 2877 5131 esset;
2920 5080 3117 5118 omnes
3147 5062 3254 5116 sibi
3285 5058 3573 5116 numerari
3594 5058 3721 5128 jus-

2027 5154 2118 5222 sit,
2150 5152 2450 5224 coegitque
2496 5153 2662 5207 illum
2711 5158 2840 5207 ante
2878 5153 3072 5207 oculos
3103 5155 3322 5204 nostros
3351 5163 3494 5218 quos
3521 5145 3720 5199 abstu-

2027 5243 2173 5296 lerat
2215 5241 2471 5308 reddere,
2525 5241 2858 5312 priusquam
2899 5239 3133 5294 omnino
3179 5239 3300 5307 ipse
3347 5239 3446 5287 aut
3490 5231 3718 5286 eosdem

2029 5345 2295 5385 nummos
2324 5328 2576 5396 vidisset,
2605 5334 2704 5384 aut
2732 5335 3007 5401 quantum
3037 5327 3144 5382 sibi
3163 5326 3397 5379 allatum
3417 5319 3590 5375 fuerit
3618 5337 3718 5375 au-

2031 5418 2202 5475 disset
2223 5434 2252 5471 e
2273 5417 2456 5472 nobis.

2096 5515 2110 5547 ¹
2145 5514 2204 5561 In
2235 5514 2311 5574 B.,
2347 5516 2642 5563 occurrent.
2681 5513 2793 5561 Par.
2824 5511 2908 5561 Er.
2943 5510 3070 5559 Ven.
3102 5508 3245 5566 Lov.,
3280 5504 3584 5556 occurrant.
3652 5503 3721 5552 M.
