4058 6352
371 221 472 272 915

451 343 540 393 18.
584 339 734 403 Quid
772 341 925 410 quod
962 340 1354 397 doctissimum
1390 347 1446 398 et
1485 345 1860 401 clarissimum
1897 348 2080 404 virum

385 427 749 479 Flaccianum
773 427 969 482 mirari
997 428 1229 482 solitum
1252 446 1370 485 esse
1393 433 1492 486 abs
1522 437 1575 486 te
1606 434 1961 504 accepimus?
1982 435 2082 506 qui

389 527 519 564 cum
551 514 623 566 de
650 513 823 567 fundo
850 516 1090 569 emendo
1112 521 1257 572 esset
1276 519 1517 589 locutus,
1539 521 1609 574 ad
1637 521 1800 574 illum
1826 521 2081 576 divinum

390 613 511 650 rem
541 598 623 651 ita
667 599 886 667 detulit,
917 607 980 657 ut
1005 603 1145 673 quid
1175 606 1401 674 egisset,
1435 608 1480 660 si
1506 607 1656 676 potis
1688 613 1855 674 esset,
1889 610 2078 664 edice-

391 688 495 738 ret.
527 687 716 755 Atque
763 688 860 743 ille
904 691 1093 745 statim
1131 709 1246 746 non
1287 695 1456 747 modo
1498 694 1714 764 negotii
1755 712 1953 765 genus,
1987 699 2084 752 sed

394 772 585 840 etiam,
634 773 694 827 in
741 792 855 846 quo
896 778 992 832 ille
1035 780 1395 834 vehementer
1445 781 1727 835 clamabat
1773 784 2077 852 admirans,

395 859 583 928 ipsum
603 860 766 916 fundi
797 880 1006 918 nomen
1031 866 1438 934 pronuntiavit,
1463 883 1593 921 cum
1611 868 1690 922 ita
1711 876 1856 924 esset
1885 873 2082 926 absur-

394 946 551 1006 dum,
587 951 647 1001 ut
699 950 788 1002 vix
829 951 949 1020 ejus
999 951 1320 1004 Flaccianus
1368 952 1486 1022 ipse
1535 957 1906 1013 meminisset.
1959 961 2083 1014 Jam

396 1033 537 1087 illud
558 1033 678 1088 sine
701 1041 931 1106 stupore
951 1037 1126 1089 animi
1147 1053 1261 1091 non
1289 1054 1435 1108 queo
1475 1041 1682 1112 dicere,
1725 1047 1878 1116 quod
1898 1047 2082 1102 amico

398 1124 592 1174 nostro
617 1121 890 1190 discipulo
920 1126 1015 1174 tuo
1042 1137 1159 1174 sese
1191 1124 1406 1178 volenti
1435 1128 1740 1198 exagitare,
1773 1131 2084 1202 ﬂagitanti-

398 1223 508 1276 que
539 1207 864 1274 insolenter,
891 1212 956 1261 ut
980 1208 1190 1263 diceret
1215 1211 1353 1280 quid
1375 1229 1567 1268 secum
1587 1215 1708 1286 ipse
1737 1219 1939 1272 tacitus
1966 1221 2083 1274 vol-

397 1298 568 1358 veret,
618 1293 835 1361 Virgilii
872 1310 1099 1348 versum
1139 1312 1272 1351 eum
1308 1300 1557 1370 cogitare
1590 1306 1908 1374 respondit.
1943 1308 2083 1361 Cum

396 1380 490 1432 ille
517 1380 934 1448 obstupefactus
975 1398 1182 1453 negare
1220 1401 1335 1439 non
1368 1395 1580 1457 posset,
1627 1394 1884 1460 perrexit
1925 1411 2083 1464 qum-

399 1481 521 1517 rere
548 1465 810 1534 quisnam
841 1483 1030 1521 versus
1056 1475 1224 1527 esset.
1264 1474 1375 1527 Nec
1403 1475 1735 1547 Albicerius,
1770 1479 1869 1550 qui
1894 1497 2085 1551 gram-

399 1552 589 1605 matici
619 1553 870 1607 scholam
906 1556 995 1609 vix
1024 1558 1307 1613 transiens
1335 1561 1568 1618 vidisset
1595 1566 1924 1636 aliquando,
1955 1585 2086 1622 ver-

400 1655 526 1692 sum
556 1639 743 1710 ipsum
768 1658 997 1697 securus
1024 1650 1078 1698 et
1101 1649 1363 1716 garrulus
1384 1665 1586 1706 canere
1606 1653 1901 1710 dubitavit.
1938 1657 2087 1711 Num

397 1725 574 1796 igitur
602 1732 699 1780 aut
726 1745 813 1782 res
842 1731 1109 1786 humanae
1139 1750 1255 1788 non
1284 1742 1465 1804 erant,
1494 1738 1563 1792 de
1589 1740 1798 1810 quibus
1826 1743 1921 1796 ille
1952 1759 2086 1798 con-

400 1815 718 1882 sulebatur;
774 1822 872 1872 aut
913 1819 1035 1874 sine
1078 1837 1273 1876 rerum
1313 1824 1634 1881 divinarum
1671 1829 1926 1897 scientia,
1971 1835 2088 1886 tam

400 1909 552 1956 certa
589 1906 1017 1962 consulentibus
1054 1914 1108 1964 et
1144 1926 1278 1964 vera
1311 1913 1643 1983 respondit?
1677 1919 1749 1970 At
1778 1923 2088 1990 utrumque

401 1989 711 2043 absurdum
742 1996 845 2045 est.
889 1995 1031 2048 Nam
1069 2001 1126 2049 et
1152 1996 1421 2052 humanas
1463 2015 1554 2053 res
1582 2001 1728 2056 nihil
1758 2009 1892 2058 sunt
1930 1989 2090 2060 aliud

401 2093 574 2147 quam
612 2093 701 2131 res
738 2079 1068 2148 hominum;
1110 2087 1175 2136 ut
1216 2090 1537 2154 argentum,
1575 2090 1818 2156 nummi,
1856 2093 2086 2160 fundus,

399 2168 686 2234 postremo
707 2166 829 2235 ipsa
850 2167 1022 2221 etiam
1047 2169 1315 2239 cogitatio
1339 2187 1352 2224 :
1383 2177 1438 2226 et
1462 2189 1550 2226 res
1583 2175 1801 2230 divinas
1821 2179 1948 2249 quis
1971 2196 2089 2234 non

400 2255 549 2304 recte
593 2252 901 2306 arbitretur
937 2269 1073 2320 esse,
1117 2271 1221 2324 per
1249 2273 1390 2327 quas
1416 2260 1640 2315 homini
1669 2263 1936 2319 divinatio
1967 2267 2091 2336 ipsa

399 2339 714 2408 contingit?
748 2340 979 2410 Sapiens
1010 2357 1144 2411 ergo
1179 2344 1287 2398 fuit
1313 2346 1643 2416 Albicerius,
1677 2351 1723 2403 si
1750 2353 2091 2422 sapientiam

402 2442 597 2479 rerum
626 2429 1008 2482 humanarum
1038 2429 1474 2504 divinarumque
1503 2436 1796 2492 scientiam
1825 2439 1924 2495 illa
1953 2442 2091 2496 deli-

403 2515 621 2568 nitione
647 2515 1023 2570 concedimus.

405 2603 628 2656 CAPUT
683 2605 797 2657 VII.
845 2633 913 2644 —-
966 2606 1292 2661 Vindicatur
1339 2609 1472 2665 data
1501 2615 1782 2681 sapientiae
1826 2616 2088 2684 deﬁnitio.

480 2697 562 2746 19.
603 2693 702 2746 Hic
745 2694 880 2749 ille:
924 2695 1135 2765 Primo,
1174 2697 1420 2769 inquiti,
1475 2717 1579 2772 ego
1625 2704 1923 2760 scientiam
1972 2723 2088 2762 non

405 2783 649 2850 appello,
691 2781 751 2834 in
803 2798 916 2852 qua
960 2783 1056 2837 ille
1109 2785 1208 2855 qui
1252 2803 1377 2841 eam
1418 2791 1738 2857 proﬁtetur,
1787 2795 2090 2866 aliquando

402 2869 637 2923 fallitur.
669 2870 910 2924 Scientia
950 2872 1105 2926 enim
1153 2890 1266 2928 non
1296 2877 1482 2932 solum
1516 2883 1958 2952 comprehensis,
1993 2885 2091 2939 sed

402 2955 484 3010 ita
526 2959 948 3028 comprehensis
985 2961 1155 3015 rebus
1186 2969 1421 3032 constat,
1470 2971 1534 3021 ut
1564 2983 1749 3039 neque
1778 2970 1839 3024 in
1869 2988 1934 3026 ea
1964 2972 2091 3043 quis

407 3061 659 3117 unquam
689 3063 900 3116 errare,
933 3064 1035 3102 nec
1057 3050 1404 3119 quibuslibet
1425 3055 1851 3112 adversantibus
1874 3059 2090 3130 impul-

403 3151 495 3188 sus
527 3138 724 3187 nutare
755 3135 974 3189 debeat.
1015 3137 1168 3190 Unde
1207 3140 1498 3194 verissime
1529 3160 1562 3196 a
1591 3144 1928 3214 quibusdam
1964 3148 2090 3217 phi-

402 3222 652 3290 losophis
690 3222 913 3289 dicitur,
957 3223 1020 3275 in
1049 3225 1205 3278 nullo
1240 3241 1367 3280 eam
1405 3245 1569 3297 posse
1599 3231 1710 3284 nisi
1747 3233 1808 3286 in
1836 3234 2090 3304 sapiente

402 3309 675 3387 inveniri;
708 3310 806 3380 qui
850 3326 965 3362 non
991 3313 1163 3366 modo
1209 3321 1545 3385 perceptum
1589 3318 1798 3374 habere
1837 3321 2004 3376 debet
2031 3323 2090 3377 id

404 3398 557 3468 quod
587 3402 781 3451 tuetur
823 3414 884 3451 ac
911 3400 1189 3468 sequitur,
1233 3418 1429 3456 verum
1472 3405 1644 3460 etiam
1691 3407 2088 3464 inconcussum

405 3489 612 3538 tenere.
674 3485 891 3538 Scimus
938 3491 1129 3540 autem
1172 3489 1332 3543 illum
1387 3507 1558 3561 quem
1607 3498 2086 3564 commemorasti,

404 3574 580 3626 multa
609 3589 755 3643 saepe
793 3573 934 3628 falsa
971 3574 1176 3629 dixisse
1201 3594 1214 3630 :
1249 3579 1401 3648 quod
1429 3596 1547 3634 non
1575 3583 1761 3638 solum
1791 3585 1915 3639 aliis
1945 3587 2090 3641 mihi

402 3661 778 3714 referentibus
839 3665 1110 3734 comperi,
1176 3667 1272 3719 sed
1323 3684 1573 3737 praesens
1616 3671 1925 3743 aliquando
1969 3675 2090 3747 ipse

402 3751 649 3819 percepi.
701 3751 913 3804 Eumne
953 3751 1129 3822 igitur
1175 3754 1448 3823 scientem
1493 3775 1707 3826 vocem,
1759 3778 1890 3816 cum
1938 3780 2090 3834 saepe

398 3838 537 3892 falsa
565 3838 800 3904 dixerit;
834 3855 1006 3909 quem
1031 3857 1146 3894 non
1172 3859 1450 3912 vocarem,
1476 3846 1522 3900 si
1552 3854 1885 3904 cunctanter
1904 3856 1926 3888 ²
1953 3869 2089 3908 vera

403 3925 674 3980 dixisset?
706 3929 818 3980 Iloc
847 3944 938 3982 me
972 3929 1041 3982 de
1080 3933 1430 4001 aruspicibus
1467 3939 1522 3988 et
1562 3936 1630 3989 de
1669 3939 2002 4008 auguribus,
2036 3947 2091 3996 et

401 4017 468 4070 de
493 4017 580 4069 his
611 4015 877 4069 omnibus
915 4017 1014 4086 qui
1045 4018 1230 4071 sidera
1269 4023 1590 4076 consulunt.
1624 4028 1680 4077 et
1705 4025 1774 4079 de
1803 4028 2088 4098 conjecto-

400 4104 558 4158 ribus
579 4104 928 4157 somniorum
954 4104 1158 4158 dixisse
1175 4111 1448 4174 putatote.
1474 4111 1585 4162 Aut
1609 4112 1860 4183 aliquem
1888 4132 1952 4170 ex
1982 4117 2090 4172 hoc

400 4208 606 4262 genere
639 4191 940 4244 hominum
979 4193 1243 4261 proferte,
1277 4195 1324 4248 si
1360 4198 1618 4266 potestis,
1649 4201 1748 4269 qui
1776 4205 2085 4273 consultus,

404 4296 701 4349 nunquam
755 4281 824 4332 de
890 4281 1174 4348 responsis
1227 4283 1341 4335 suis
1385 4284 1741 4350 dubitaverit,
1793 4307 2088 4363 nunquam

402 4370 689 4434 postremo
733 4365 870 4417 falsa
923 4367 1295 4435 responderit.
1356 4371 1498 4424 Nam
1553 4373 1620 4426 de
1667 4375 1889 4430 vatibus
1942 4380 2088 4434 nihil

403 4453 545 4506 mihi
587 4458 725 4522 puto
772 4468 890 4506 esse
949 4454 1346 4526 laborandum,
1391 4458 1492 4529 qui
1533 4466 1720 4516 mente
1775 4465 2089 4536 loquuntur

405 4541 606 4593 ahena.

469 4631 556 4680 20.
620 4627 830 4682 Deinde
890 4645 979 4683 res
1037 4631 1317 4686 humanas
1374 4651 1493 4688 esse
1540 4640 1602 4690 ut
1654 4640 1959 4696 concedam
2000 4659 2087 4697 res

399 4717 722 4784 hominum,
741 4717 1054 4789 quidquam
1078 4725 1140 4774 tu
1171 4721 1452 4776 existimas
1473 4728 1730 4780 nostrum
1761 4744 1900 4795 esse,
1933 4733 2088 4801 quod

401 4806 564 4859 nobis
609 4805 694 4857 vel
745 4805 876 4858 dare
924 4808 1010 4860 vel
1061 4809 1279 4879 eripere
1326 4827 1487 4865 casus
1533 4818 1759 4882 potest?
1799 4819 1911 4871 Aut
1956 4835 2085 4874 cum

463 4891 755 4968 {Victorini
776 4892 923 4968 _Cdd.
948 4908 1088 4968 cum.
1109 4896 1223 4944 aliis
1259 4899 1424 4968 tribus
1462 4901 1584 4968 Mss.
1621 4901 1819 4952 habent
1848 4907 1944 4954 Hic
1971 4921 2086 4968 ego:

399 4952 600 5021 Primo,
632 4955 874 5021 inquam.
903 4958 1195 5021 scientiam,
1236 4964 1354 5018 etc.,
1385 4962 1654 5021 mendose,
1686 4969 1746 5012 ut
1773 4952 2082 5018 sati—srin't'el;

396 5015 578 5086 ﬂgitur
593 5027 666 5084 .ex
693 5019 954 5086 postremo
976 5019 1160 5079 capite,
1184 5021 1271 5068 ubi
1298 5015 1407 5070 haec
1431 5015 1700 5086 responsio
1722 5040 1830 5075 non
1861 5015 2084 5080 obscure

396 5075 639 5136 Trygetio
668 5076 986 5124 attribuitur.

456 5141 474 5171 ³
497 5139 558 5208 ¹Ιι]
591 5137 975 5208 p_1'ius_excusis,
1007 5143 1428 5208 constanternln
1445 5146 1676 5208 quinque
1704 5149 1847 5208 Mss.,
1878 5152 2085 5202 incunc-

391 5201 589 5268 tanter.
615 5200 671 5245 In
699 5199 813 5268 aliis
835 5213 924 5268 sex
945 5202 1154 5268 optimas
1173 5208 1314 5268 notas
1333 5199 1522 5266 legitur
1535 5199 1872 5268 cunctanter.
1897 5217 1948 5261 et
1968 5199 2082 5263 me—

394 5259 512 5306 lius.
536 5261 810 5332 'l‘rygeti-us
831 5259 1131 5332 quippehic
1156 5259 1475 5332 Albicerium
1493 5271 1544 5316 et
1563 5269 1608 5329 ej
1620 5283 1678 5317 us
1695 5259 1899 5332 generis
1910 5259 2083 5324 homi-

394 5334 486 5384 nes
519 5336 624 5398 no‘n
651 5322 760 5370 vult
789 5322 1036 5398 appellari
1062 5325 1300 5397 scientes,
1323 5329 1473 5398 qu_od_
1492 5322 1673 5398 eorum
1695 5322 1883 5398 nullus
1909 5336 1976 5384 sit
1993 5322 2082 5398 qni

393 5386 656 5460 consultus
673 5397 950 5460 quitquam
970 5385 1031 5433 de
1042 5390 1302 5460 responsis
1317 5385 1425 5438 suis
1441 5389 1785 5454 dubitaverit,
1799 5385 2081 5460 nunqudm

389 5448 566 5504 postrc
577 5458 656 5494 mo
680 5446 824 5506 falsa
853 5446 1199 5509 responderit.

1474 221 1756 279 CONTRA
1797 224 2268 294 ACADEMICOS,
2313 228 2367 283 S.
2425 225 2809 285 AUGUSTINI

3789 238 3893 289 916

2189 370 2384 408 rerum
2430 354 2815 410 humanarum
2855 354 3092 410 scientia
3132 354 3360 425 dicitur,
3401 375 3468 413 ea
3496 358 3725 427 dicitur,
3779 377 3894 432 qua

2192 443 2495 514 quisquam
2524 442 2655 497 novi
2681 443 2769 496 vel
2799 446 2960 513 quot,
2985 443 3073 497 vel
3091 443 3286 513 quales
3304 444 3512 499 fundos
3539 446 3856 502 habeamus
3879 469 3893 515 ;

2192 530 2330 600 quid
2357 530 2499 592 auri,
2539 529 2676 601 quid
2715 530 2958 600 argenti,
2999 529 3250 602 quidque
3291 531 3536 603 denique
3567 534 3892 591 alienorum

2191 610 2511 671 carminum
2563 617 2915 688 cogitemus?
2971 617 3074 671 Illa
3119 621 3219 689 est;
3252 617 3637 674 humanarum
3692 638 3892 677 rerum

2193 704 2442 772 scientia,
2489 721 2618 776 quae
2663 706 2821 760 novit
2861 705 3057 760 lumen
3103 705 3448 776 prudentize,
3485 710 3888 779 temperantiae

2190 793 2380 860 decus,
2430 792 2778 846 fortitudinis
2828 793 3019 860 robur,
3059 792 3296 863 justitiaa
3335 795 3711 850 sanctitatem.
3757 797 3891 850 Haec

2191 883 2347 936 enim
2376 885 2527 950 sunt,
2558 898 2688 952 qua:
2716 883 2931 935 nullam
2954 881 3241 935 fortunam
3272 886 3592 936 metuentes
3621 899 3754 939 vere
3785 900 3890 938 no-

2192 975 2306 1024 stra
2327 970 2513 1024 dicere
2546 969 2820 1023 audemus
2844 985 2856 1022 :
2890 985 3019 1040 qua:
3048 968 3094 1021 si
3114 968 3426 1023 Albicerius
3451 970 3548 1024 ille
3577 970 3891 1040 didicisset,

2192 1073 2512 1126 nunquam,
2547 1056 2689 1110 mihi
2729 1057 2914 1123 crede,
2950 1061 3069 1110 tam
3112 1056 3397 1110 luxuriose
3437 1057 3892 1129 deformiterque

2194 1144 2437 1198 vixisset.
2487 1143 2650 1208 Quod
2694 1148 2887 1198 autem
2933 1143 3094 1210 dixit,
3149 1159 3323 1216 quem
3360 1159 3588 1198 versum
3633 1146 3893 1199 volveret

2194 1234 2383 1289 animo
2415 1235 2509 1289 ille
2540 1251 2572 1289 a
2599 1252 2711 1306 quo
2739 1236 3171 1304 consulebatur;
3203 1252 3387 1308 neque
3416 1237 3525 1292 hoc
3553 1242 3695 1308 puto
3739 1238 3895 1292 inter

2193 1338 2283 1376 res
2313 1327 2530 1376 nostras
2559 1339 2681 1378 esse
2708 1324 3166 1378 numerandum:
3199 1341 3316 1378 non
3345 1341 3457 1395 quo
3479 1341 3685 1396 negem
3705 1326 3889 1381 hone-

2195 1410 2468 1464 stissimas
2492 1410 2817 1482 disciplinas
2839 1412 2908 1466 ad
2935 1411 3346 1482 possessionem
3370 1414 3680 1484 quamdam
3709 1414 3895 1468 nostri

2195 1499 2372 1552 animi
2398 1499 2702 1568 pertinere,
2739 1500 2836 1554 sed
2863 1501 2994 1570 quia
3027 1515 3254 1554 versum
3293 1500 3547 1554 alienum
3576 1501 3749 1555 etiam
3780 1501 3894 1555 im-

2195 1585 2556 1656 peritissimis
2612 1602 2812 1642 canere
2859 1603 2923 1641 ac
2977 1587 3351 1658 pronuntiare
3404 1604 3739 1643 concessum
3787 1593 3897 1645 est.

2194 1674 2439 1744 Ideoque
2469 1674 2601 1728 talia
2628 1691 2759 1728 cum
2786 1675 2848 1728 in
2877 1675 3214 1729 memoriam
3244 1680 3497 1730 nostram
3525 1676 3898 1746 incurrerint,

2197 1776 2314 1815 non
2341 1761 2553 1815 mirum
2583 1766 2689 1829 est,
2721 1762 2768 1815 si
2798 1762 2994 1816 sentiri
3024 1767 3260 1832 possunt
3290 1763 3360 1818 ab
3389 1763 3563 1834 hujus
3592 1765 3739 1818 aeris
3769 1766 3899 1818 ani-

2197 1849 2441 1903 malibus
2471 1849 2810 1920 quibusdam
2839 1850 3146 1916 vilissimis,
3177 1866 3318 1921 quos
3343 1851 3638 1906 dmmonas
3667 1852 3900 1922 vocant,

2198 1954 2230 1991 a
2257 1937 2462 2008 quibus
2489 1954 2590 1992 nos
2616 1938 2871 2009 superari
2902 1939 3163 1993 acumine
3190 1955 3253 1993 ac
3275 1939 3589 1995 subtilitate
3617 1957 3897 1996 sensuum

2197 2041 2361 2096 posse
2405 2025 2670 2092 concedo,
2716 2025 2935 2080 ratione
2982 2029 3174 2080 autem
3217 2042 3405 2097 nego;
3453 2031 3625 2099 atque
3665 2029 3725 2083 id
3768 2030 3899 2083 ﬁeri

2199 2113 2386 2167 nescio
2418 2129 2530 2182 quo
2560 2114 2728 2167 modo
2771 2113 3147 2167 secretissimo
3193 2119 3363 2185 atque
3394 2130 3428 2168 ει
3464 2115 3675 2170 nostris
3705 2117 3898 2171 sensi-

2197 2201 2304 2254 bus
2349 2201 2744 2255 remotissimo.
2797 2203 2918 2255 Non
2959 2201 3134 2268 enim,
3175 2201 3224 2254 si
3281 2202 3561 2256 miramur
3605 2204 3896 2274 apiculam

2198 2290 2366 2343 melle
2395 2289 2599 2360 posito,
2631 2289 2819 2342 nescio
2849 2305 2962 2360 qua
2980 2289 3280 2359 sagacitate
3303 2307 3417 2360 qua
3441 2291 3737 2347 hominem
3767 2294 3895 2348 vin-

2200 2377 2294 2439 cit,
2346 2376 2494 2430 unde
2541 2377 2831 2444 advolare;
2877 2377 3004 2431 ideo
3052 2393 3177 2431 eam
3216 2378 3382 2432 nobis
3409 2395 3769 2451 praeponere,
3798 2387 3902 2436 aut

2200 2464 2400 2518 saltem
2430 2480 2759 2534 comparare
2798 2465 3090 2519 debemus.

2270 2555 2356 2606 21.
2392 2554 2586 2622 Itaque
2629 2553 2834 2606 vellem
2875 2552 3055 2622 magis
3085 2551 3188 2607 iste
3214 2553 3548 2620 Albicerius,
3585 2555 3655 2609 ab
3695 2571 3762 2610 eo
3795 2558 3900 2627 qui

2202 2641 2415 2694 discere
2463 2645 2714 2710 cuperet,
2756 2642 3135 2711 interrogatus
3181 2641 3306 2713 ipsa
3347 2647 3531 2697 metra
3578 2644 3895 2714 docuisset;

2200 2731 2289 2783 vel
2319 2733 2544 2783 coactus
2576 2745 2608 2782 a
2635 2729 2908 2799 quopiam
2939 2730 3346 2798 consultorum,
3379 2732 3448 2786 de
3475 2748 3538 2786 re
3568 2732 3676 2787 sibi
3706 2733 3903 2789 statim

2198 2816 2488 2886 proposita
2534 2825 2728 2870 versus
2771 2817 3030 2887 proprios
3073 2818 3388 2874 cecinisset.
3428 2819 3587 2884 Quod
3624 2821 3896 2877 eumdem

2202 2902 2558 2956 Flaccianum
2610 2919 2761 2973 saepe
2805 2902 3012 2958 dixisse
3060 2904 3204 2958 soles
3253 2922 3724 2978 commemorare,
3765 2925 3899 2964 cum

2198 2987 2342 3043 illud
2365 2989 2731 3044 divinationis
2750 3007 2929 3062 genus
2948 3008 3156 3064 magna
3183 2993 3389 3048 mentis
3409 2995 3714 3050 altitudine
3733 2997 3892 3052 deri-

2199 3076 2356 3131 deret
2385 3083 2555 3149 atque
2584 3079 2919 3150 despiceret,
2948 3081 3118 3151 idque
3149 3081 3337 3136 nescio
3369 3083 3459 3137 cui
3489 3083 3894 3154 abjectissimae

2199 3165 2489 3233 animulae,
2517 3165 2594 3220 sic
2622 3167 2778 3220 enim
2823 3167 3062 3238 dicebat,
3108 3169 3405 3232 tribueret,
3456 3186 3569 3240 quo
3597 3171 3694 3225 ille
3724 3173 3892 3243 quasi

2199 3252 2401 3322 spiritu
2428 3253 2750 3309 admonitus
2780 3257 2867 3309 vel
2896 3255 3125 3310 inﬂatus
3153 3257 3277 3311 haec
3303 3259 3645 3327 respondere
3686 3260 3894 3315 solitus

2200 3345 2363 3395 esset.
2404 3341 2705 3404 Quaerebat
2745 3342 2902 3397 enim
2938 3343 3023 3397 vir
3050 3344 3146 3398 ille
3177 3345 3535 3420 doctissimus
3566 3348 3636 3403 ab
3679 3348 3748 3402 iis
3791 3351 3895 3421 qui

2198 3427 2333 3482 talia
2357 3427 2720 3497 mirarentur,
2752 3447 2893 3485 num
2922 3433 3351 3502 grammaticam
3381 3435 3467 3488 vel
3489 3436 3768 3490 musicam
3799 3439 3892 3492 vel

2199 3517 2616 3586 geometriam‘
2657 3519 2970 3574 Albicerius
3010 3526 3202 3590 posset
3239 3523 3478 3577 docere?
3521 3523 3656 3587 Quis
3699 3530 3896 3580 autem

2198 3605 2362 3659 illum
2390 3611 2597 3674 nosset,
2626 3611 2681 3661 et
2701 3624 2816 3662 non
2840 3608 3082 3664 istorum
3109 3610 3367 3666 omnium
3395 3612 3896 3683 imperitissimum

2197 3693 2504 3748 fateretur?
2553 3696 2932 3760 Quamobrem
2962 3697 3030 3751 ad
3069 3701 3390 3753 extremum
3437 3700 3791 3769 hortabatur,
3826 3708 3896 3758 ut

2199 3782 2420 3836 animos
2467 3798 2594 3836 suos
2625 3781 2665 3835 ii
2714 3783 2813 3854 qui
2858 3785 2994 3838 talia
3039 3785 3384 3855 didicissent,
3428 3787 3512 3842 illi
3553 3789 3895 3845 divinationi

2199 3870 2320 3924 sine
2360 3870 2714 3926 dubitatione
2759 3873 3113 3943 praeferrent,
3164 3875 3476 3946 darentque
3524 3893 3760 3947 operam
3803 3879 3895 3933 his

2199 3958 2509 4029 disciplinis
2531 3958 2808 4014 instruere
2829 3966 2997 4031 atque
3014 3961 3412 4017 adminiculari
3432 3980 3593 4018 suam
3610 3971 3890 4035 mentem,

2197 4045 2403 4116 quibus
2423 4047 2634 4101 aeriam
2649 4048 2815 4102 istam
2833 4048 3204 4104 invisibilium
3223 4049 3602 4107 animantium
3621 4058 3893 4111 naturam

2196 4134 2502 4200 transilire,
2530 4141 2588 4190 et
2615 4151 2742 4190 eam
2768 4138 3128 4207 supervolare
3155 4139 3532 4210 contingeret.

2197 4222 2421 4276 CAPUT
2462 4224 2602 4277 VIII.
2647 4255 2713 4264 -—
2749 4227 3002 4280 Hariolus
3050 4243 3120 4281 an
3167 4231 3404 4298 sapiens,
3434 4234 3484 4283 et
3530 4229 3667 4299 quid
3694 4233 3769 4285 sit
3797 4247 3891 4285 sa-

2263 4312 2437 4378 piens.
2461 4312 2753 4379 Sapientiae
2772 4313 3061 4384 descriptio
3083 4316 3290 4370 tuendae
3308 4317 3752 4374 Academicorum
3773 4323 3892 4390 Opi-

2264 4401 2416 4452 nioni
2443 4401 2859 4458 accommodata.

2265 4489 2352 4540 22.
2380 4488 2503 4540 Jam
2532 4503 2622 4540 res
2671 4487 2877 4542 divinae
2916 4506 3068 4560 cum,
3117 4491 3382 4547 omnibus
3419 4495 3889 4562 concedentibus,

2196 4573 2457 4627 meliores
2500 4576 2967 4649 augustioresque
3004 4581 3184 4635 multo
3228 4597 3402 4652 quam
3440 4581 3708 4637 humanae
3740 4584 3891 4653 sint;

2195 4677 2306 4733 quo
2334 4666 2498 4732 pacto
2531 4663 2625 4717 ille
2655 4681 2747 4718 eas
2773 4667 2995 4738 assequi
3015 4673 3255 4737 poterat,
3285 4669 3383 4740 qui
3415 4670 3551 4740 quid
3571 4675 3719 4725 esset
3742 4673 3888 4741 ipse,

2193 4750 2525 4807 nesciebat?
2561 4751 2678 4806 Nisi
2716 4753 2859 4808 forte
2898 4755 3183 4810 existimas
3223 4757 3428 4824 sidera,
3472 4775 3599 4829 quae
3633 4760 3893 4830 quotidie

2191 4839 2664 4909 contemplemur,
2704 4856 2977 4910 magnum
3019 4844 3290 4912 quiddam
3333 4861 3451 4899 esse
3496 4846 3557 4899 in
3589 4863 3893 4917 compara-

2191 4925 2343 4980 tione
2372 4927 2650 4982 verissimi
2680 4933 2736 4983 et
2764 4931 3122 4985 secretissimi
3145 4934 3264 5003 Dei,
3292 4951 3462 5005 quem
3493 4951 3622 4989 raro
3653 4937 3892 4991 fortasse

2188 5012 2529 5082 intellectus,
2561 5032 2757 5070 sensus
2787 5022 2978 5072 autem
3016 5020 3208 5075 nullus
3237 5021 3503 5092 attingit:
3538 5022 3660 5077 haec
3689 5028 3887 5079 autem

2189 5107 2396 5172 praesto
2426 5107 2556 5157 sunt
2582 5103 2760 5157 oculis
2784 5106 3008 5163 nostris.
3045 5108 3155 5161 Nec
3183 5109 3292 5163 ista
3313 5109 3491 5180 igitur
3513 5115 3646 5164 sunt
3675 5111 3774 5166 illa
3806 5112 3891 5167 di—

2188 5190 2319 5243 vina
2349 5191 2540 5260 qualia
2570 5207 2628 5246 se
2669 5192 2790 5246 sola
2818 5193 2958 5247 scire
2997 5196 3276 5266 sapientia
3304 5197 3606 5267 proﬁtetur
3631 5213 3644 5252 :
3677 5204 3892 5254 caetera

2189 5281 2379 5330 autem
2400 5278 2604 5347 quibus
2624 5279 2742 5349 isti,
2765 5281 2955 5336 nescio
2983 5284 3082 5353 qui
3101 5284 3440 5352 divinantes,
3469 5285 3557 5340 vel
3579 5286 3652 5340 ad
3673 5303 3884 5342 vanam

2181 5365 2534 5436 jactantiam,
2564 5368 2652 5421 vel
2682 5369 2751 5423 ad
2782 5375 3062 5440 quaestum
3084 5373 3420 5444 abutuntur,
3447 5390 3567 5443 prae
3599 5374 3888 5430 sideribus

2257 5463 2267 5489 ι
2293 5463 2351 5508 ῐιι
2376 5463 2855 5524 B.,geometricam.
2881 5467 2994 5515 Par.
3018 5468 3100 5517 Er.
3126 5469 3253 5518 Ven.
3273 5469 3416 5530 Lov.,
3437 5473 3789 5530 geometriam
3817 5473 3887 5522 Μ.
