4058 6414
121 334 215 386 917

124 453 373 524 profecto
395 449 604 505 viliora
632 453 783 504 sunt.
820 449 942 504 Non
960 448 1138 520 igitur
1161 447 1474 504 Albicerius
1497 463 1692 503 rerum
1703 448 1812 501 hu-

121 555 424 594 manarum
453 554 516 592 ac
544 538 869 592 divinarum
899 536 1150 590 scientiae
1204 537 1486 607 particeps
1541 534 1666 601 fuit,
1699 534 1812 588 fru-

119 632 350 698 straque
388 626 488 680 abs
516 629 573 679 te
602 625 709 678 isto
739 624 907 678 modo
937 623 1193 678 deﬁnitio
1218 628 1412 678 nostra
1446 625 1664 677 tentata
1709 625 1812 674 est.

122 717 411 770 Postremo
443 729 576 768 cum
613 711 894 783 quidquid
933 716 1144 782 praeter
1187 728 1279 766 res
1323 712 1604 766 humanas
1646 713 1814 779 atque

121 803 340 858 divinas
386 806 487 868 est,
530 817 633 854 nos
679 799 1014 854 vilissimum
1058 800 1262 853 ducere
1305 803 1360 852 et
1407 797 1642 852 omnino
1685 812 1816 850 eon-

124 897 380 947 temnere
411 892 706 960 oporteat;
742 903 938 958 quaero
969 886 1029 940 in
1045 886 1254 957 quibus
1276 886 1448 940 rebus
1474 889 1692 955 quaerat
1718 885 1814 937 ille

124 986 249 1034 tuus
269 978 498 1048 sapiens
526 975 863 1031 veritatem?
888 976 954 1028 In
977 973 1204 1042 divinis,
1225 974 1304 1028 ait
1323 973 1417 1027 ille
1443 990 1456 1027 :
1486 989 1621 1027 nam
1638 972 1815 1028 virtus

125 1069 294 1123 etiam
325 1067 386 1120 in
400 1066 635 1120 homine
663 1064 783 1118 sine
797 1063 1151 1118 dubitatione
1173 1055 1363 1116 divina
1393 1066 1494 1116 est.
1511 1063 1619 1115 Has
1640 1060 1816 1132 igitur

126 1155 440 1211 Albicerius
463 1155 588 1224 jam
621 1151 853 1218 sciebat,
886 1167 1026 1222 quas
1057 1155 1188 1204 tuus
1224 1150 1449 1222 sapiens
1478 1165 1704 1220 semper
1733 1149 1816 1202 in-

127 1244 351 1316 quiret?
386 1243 532 1296 Tum
563 1239 847 1295 Licentius
878 1255 890 1293 :
925 1237 1170 1302 Divinas,
1203 1237 1302 1304 ait,
1349 1242 1406 1292 et
1434 1238 1526 1291 ille
1556 1241 1812 1302 noverat,

129 1335 221 1388 sed
251 1349 371 1386 non
393 1347 487 1385 eas
516 1345 644 1400 quae
663 1345 696 1382 a
715 1327 968 1399 sapiente
982 1326 1307 1397 quaerendae
1335 1329 1486 1378 sunt.
1506 1325 1642 1388 Quis
1663 1325 1816 1378 enim

127 1437 234 1474 non
265 1421 484 1472 evertat
526 1412 1079 1484 omnem-loquendi
1119 1411 1612 1477 consuetudinem,
1665 1411 1711 1464 si
1756 1411 1809 1464 ei

131 1505 539 1562 divinationem
569 1501 860 1566 concedat,
897 1499 1110 1553 adimat
1134 1502 1152 1535 ί
1184 1515 1272 1553 res
1298 1499 1534 1564 divinas,
1563 1515 1593 1551 e
1613 1499 1818 1569 quibus

133 1593 404 1651 divinatio
435 1589 728 1646 nominata
759 1593 844 1644 est
861 1589 890 1641 ?
921 1589 1105 1652 Quare
1137 1586 1235 1640 illa
1255 1592 1438 1640 vestra
1458 1586 1736 1652 deﬁnitio,
1760 1585 1819 1638 ni

129 1685 311 1747 fallor,
331 1680 521 1736 nescio
550 1678 690 1749 quid
719 1677 875 1732 aliud
905 1676 1057 1746 quod
1087 1675 1157 1729 ad
1189 1674 1527 1744 sapientiam
1556 1689 1672 1728 non
1694 1689 1818 1744 per-

129 1773 356 1838 tineret,
385 1767 636 1822 inclusit.

191 1861 282 1913 23.
334 1859 480 1911 Tum
535 1847 883 1924 Trygetius':
931 1849 1338 1904 Deﬁnitionem
1388 1848 1576 1911 istam,
1607 1848 1817 1918 inquit,

129 1941 410 2007 defendet,
444 1940 491 1994 si
515 1938 733 2005 libebit,
761 1938 856 1992 ille
873 1937 974 2008 qui
992 1937 1250 2008 protulit.
1269 1939 1429 1991 Nunc
1443 1936 1585 1990 mihi
1609 1941 1668 1990 tu
1691 1936 1818 1990 volo

127 2029 490 2100 respondeas,
520 2032 588 2083 ut
613 2027 843 2081 tandem
874 2027 943 2080 ad
972 2025 1031 2079 id
1061 2027 1216 2096 quod
1260 2025 1470 2095 agitur,
1500 2024 1815 2080 veniamus.

131 2118 297 2172 lsthic
327 2132 477 2178 sum,
510 2114 702 2186 inquit
727 2114 824 2168 ille
862 2130 875 2167 :
909 2115 1093 2168 Dasne
1123 2113 1220 2180 ait,
1264 2112 1613 2166 Albicerium
1655 2112 1820 2166 scisse

130 2204 365 2259 verum?
400 2205 502 2268 Do,
529 2201 744 2272 inquit.
780 2200 978 2254 Melior
1006 2199 1183 2269 igitur
1210 2203 1310 2252 tuo
1341 2197 1615 2268 sapiente.
1650 2198 1818 2252 Nullo

131 2293 320 2355 modo,
353 2291 433 2345 ait
459 2290 589 2344 ille:
613 2305 746 2343 nam
776 2288 928 2358 quod
960 2303 1140 2357 genus
1167 2286 1286 2341 veri
1313 2285 1538 2356 sapiens
1557 2285 1820 2356 inquirit,

132 2398 246 2436 non
274 2380 467 2433 solum
500 2377 598 2432 ille
636 2377 848 2431 delirus
877 2375 1157 2443 hariolus,
1208 2374 1304 2429 sed
1335 2390 1406 2428 ne
1436 2373 1558 2444 ipse
1589 2373 1824 2444 quidem

133 2469 360 2540 sapiens
388 2468 531 2522 dum
561 2466 624 2520 in
650 2466 758 2520 hoc
795 2479 1034 2535 corpore
1075 2463 1228 2518 vivit.
1273 2462 1591 2532 assequitur
1621 2478 1634 2516 :
1669 2463 1825 2532 quod

135 2563 323 2612 tamen
351 2560 579 2610 tantum
602 2557 706 2620 est,
739 2556 800 2607 ut
823 2552 1002 2606 multo
1043 2552 1112 2604 sit
1139 2550 1518 2621 praestabilius
1545 2551 1652 2604 hoc
1677 2566 1824 2604 sem—

135 2663 231 2718 per
260 2659 546 2716 quterere,
579 2657 754 2712 quam
784 2639 928 2694 illud
947 2639 1258 2709 aliquando
1285 2638 1560 2693 invenire.
1593 2639 1827 2692 Necesse

137 2738 232 2802 est,
265 2734 350 2788 ait
377 2729 698 2802 Trygetius,
731 2733 795 2790 ut
822 2727 967 2782 mihi
1011 2727 1073 2780 in
1106 2726 1385 2797 angustiis
1433 2725 1687 2780 deﬁnitio
1729 2725 1828 2780 illa

137 2819 451 2877 subveniat.
486 2819 625 2882 Quae
650 2816 696 2870 si
725 2820 1031 2886 propterea
1050 2814 1155 2868 tibi
1183 2814 1384 2869 vitiosa
1412 2813 1530 2867 visa
1559 2817 1662 2880 est,
1695 2813 1829 2883 quia

137 2909 432 2979 complexa
460 2911 548 2960 est
577 2921 708 2960 eum
728 2920 901 2976 quem
922 2919 1037 2958 non
1059 2919 1362 2973 possumus
1377 2918 1574 2956 vocare
1603 2902 1825 2972 sapien-

137 3003 245 3051 tem
274 3017 291 3064 ;
323 3009 523 3066 quaero
553 2997 751 3046 utrum
783 3007 910 3046 eam
933 2991 1163 3061 probes,
1195 2989 1241 3043 si
1271 2989 1605 3060 sapientiam
1634 3003 1829 3042 rerum

139 3087 524 3140 humanarum
575 3079 1014 3150 divinarumque
1061 3076 1355 3132 scientiam
1402 3077 1677 3141 dicamus,
1733 3075 1831 3129 sed

138 3189 334 3228 earum
365 3186 495 3242 qua:
527 3169 596 3223 ad
620 3169 845 3223 beatam
899 3168 1073 3220 vitam
1123 3165 1467 3236 pertineant.
1501 3166 1614 3231 Est,
1645 3164 1833 3235 inquit

137 3255 246 3322 ille,
297 3258 360 3309 et
394 3254 506 3308 ista
549 3251 847 3323 sapientia,
872 3252 969 3306 sed
1010 3267 1130 3305 non
1175 3251 1295 3304 sola
1327 3266 1340 3304 :
1372 3249 1526 3304 unde
1571 3248 1832 3319 superior

138 3343 396 3400 deﬁnitio
431 3342 642 3397 invasit
670 3341 941 3408 alienum,
971 3341 1096 3394 haec
1125 3342 1316 3394 autem
1339 3338 1635 3409 proprium
1670 3338 1831 3392 dese-

137 3433 248 3487 ruit
271 3450 284 3488 :
310 3448 494 3502 quare
519 3431 619 3485 illa
644 3428 918 3498 avaritiae,
949 3428 1057 3483 ista
1085 3427 1339 3501 stultitiae
1365 3427 1596 3497 coargui
1624 3429 1828 3497 potest.

140 3521 364 3577 Etenim
393 3525 460 3575 ut
488 3520 610 3590 ipse
634 3520 754 3590 jam
785 3517 1064 3590 explicem
1093 3514 1423 3571 deﬁnitione
1439 3515 1592 3586 quod
1623 3513 1828 3579 sentio,

137 3609 419 3681 sapientia
442 3609 584 3663 mihi
612 3608 834 3662 videtur
867 3621 986 3660 esse
998 3620 1189 3659 rerum
1213 3604 1595 3658 humanarum
1622 3601 1836 3656 divina-

138 3712 402 3767 rumque,
447 3711 579 3767 quae
609 3695 681 3750 ad
704 3694 931 3748 beatam
950 3692 1126 3747 vitam
1155 3691 1500 3762 pertineant,
1517 3706 1635 3744 non
1661 3689 1836 3742 scien-
1861 3689 1868 3774 ξ

137 3785 211 3838 tia
231 3786 444 3853 solum,
478 3784 576 3838 sed
608 3784 780 3837 etiam
809 3782 1050 3853 diligens
1078 3779 1395 3852 inquisitio.
1423 3779 1604 3842 Quam
1636 3777 1836 3832 descri—
1861 3779 1866 3806 -‘

139 3873 398 3944 ptionem
441 3873 489 3926 si
516 3871 719 3942 partiri
747 3871 906 3937 velis,
956 3869 1145 3941 prima
1187 3884 1320 3938 pars
1369 3883 1497 3937 quae
1539 3865 1836 3919 scientiam

139 3966 311 4028 tenet,
347 3959 454 4015 Dei
481 3965 601 4026 est;
633 3959 756 4013 haec
785 3961 978 4012 autem
1003 3974 1131 4028 quae
1159 3955 1533 4027 inquisitione
1573 3957 1839 4008 contenta

142 4055 237 4116 est,
270 4047 552 4104 hominis.
586 4048 688 4101 Illa
714 4046 891 4117 igitur
912 4047 1079 4111 Deus,
1103 4045 1209 4099 hac
1237 4048 1428 4097 autem
1448 4043 1621 4096 homo
1640 4042 1838 4095 beatus

139 4143 235 4194 est.
265 4139 418 4192 Tum
445 4136 569 4189 ille:
589 4135 777 4200 Miror,
800 4133 1008 4204 inquit,
1029 4133 1522 4203 sapientemtuum
1550 4129 1838 4200 quomodo

141 4241 362 4279 asseras
382 4229 406 4261 ²
436 4223 648 4278 frustra
673 4237 906 4293 operam
933 4235 1287 4274 consumere.
1317 4218 1632 4284 Quomodo,
1655 4217 1843 4286 inquit

143 4311 461 4375 Licentius,
505 4311 715 4364 frustra
757 4324 992 4380 operam
1039 4321 1374 4361 consumere
1418 4310 1459 4372 ³,
1510 4320 1636 4358 cum
1684 4308 1843 4358 tanta

142 4400 409 4455 mercede
430 4397 770 4469 conquirat?
791 4397 932 4451 Nam
958 4397 1067 4450 hoc
1086 4395 1209 4465 ipso
1232 4410 1344 4464 quo
1376 4392 1602 4464 quaerit,
1619 4391 1843 4461 sapiens

142 4493 255 4554 est;
319 4491 382 4540 et
433 4501 549 4556 quo
600 4484 843 4554 sapiens,
895 4498 963 4536 eo
1008 4481 1410 4535 beatuszcum
1459 4479 1528 4532 ab
1579 4478 1843 4532 omnibus

144 4573 460 4630 involucris
490 4571 747 4643 corporis
776 4574 1026 4626 mentem
1058 4573 1337 4640 quantum
1365 4572 1572 4638 potest,
1617 4565 1842 4632 evolvit,

143 4667 194 4718 et
224 4664 488 4734 seipsum
523 4661 586 4714 in
616 4659 986 4730 semetipsum
1012 4656 1264 4726 colligit;
1303 4672 1434 4710 cum
1463 4672 1521 4709 se
1547 4671 1663 4708 non
1711 4670 1846 4725 per-

144 4751 313 4806 mittit
345 4748 762 4820 cupiditatibus
809 4746 1163 4811 laniandum,
1215 4744 1310 4798 sed
1357 4743 1417 4797 in
1463 4759 1521 4796 se
1569 4746 1737 4812 atque
1787 4741 1848 4794 in

147 4841 322 4895 Deum
356 4853 593 4907 semper
620 4835 963 4907 tranquillus
991 4831 1308 4888 intenditur
1339 4847 1352 4886 :
1386 4834 1450 4884 ut
1478 4834 1533 4884 et
1555 4829 1665 4896 hic,
1700 4828 1848 4899 quod

146 4929 378 4983 beatum
419 4942 544 4981 esse
575 4941 747 4994 supra
795 4924 947 4978 inter
990 4938 1095 4976 nos
1142 4918 1423 4986 convenit,
1466 4918 1685 4972 ratione
1719 4933 1849 4987 per-

144 5017 367 5072 fruatur
398 5036 415 5083 ;
451 5019 508 5068 et
536 5019 784 5067 extremo
815 5011 905 5065 die
950 5009 1081 5065 vitae
1147 5009 1216 5063 ad
1246 5008 1303 5062 id
1332 5007 1484 5077 quod
1532 5004 1852 5074 concupivit

146 5103 595 5176 adipiscendum
625 5099 942 5170 reperiatur
988 5102 1256 5168 paratus;
1285 5097 1619 5165 fruaturque
1651 5093 1852 5148 merito

148 5193 343 5247 divina
372 5189 758 5253 beatitudine,
787 5187 887 5258 qui
915 5187 1168 5240 humana
1199 5185 1270 5239 sit
1298 5189 1429 5239 ante
1459 5183 1778 5254 perfruetus
1807 5183 1852 5237 ⁴.

205 5286 217 5318 ¹
244 5285 316 5332 Et
339 5280 578 5334 adimat,
611 5276 760 5338 juxta
793 5277 907 5338 Par.
935 5274 1028 5338 Er.
1054 5274 1197 5338 Ven_._
1219 5274 1343 5323 Lov.
1378 5271 1445 5320 Μ.

206 5343 486 5399 9Asseris,
517 5336 673 5399 juxta
696 5339 810 5386 Par.
847 5337 976 5399 Ven.
1009 5337 1133 5384 Lov.
1154 5336 1221 5383 M.

206 5391 371 5454 ἔτεῶῐί
391 5391 653 5452 omittunt
667 5399 753 5447 hic
781 5398 913 5459 loci,
932 5407 1146 5459 operam
1171 5406 1480 5446 consumere
1510 5407 1521 5440 :
1549 5397 1745 5459 et_mox
1769 5391 1851 5459 ha:

152 5453 289 5525 bent,
319 5477 451 5514 cum
474 5463 691 5525 tantam
708 5453 999 5525 mercedem
1025 5459 1335 5525 conquirat;
1363 5454 1706 5525 exceptohBad
1717 5453 1852 5525 ._,.qui

153 5515 424 5577 cum'Mss.
458 5523 689 5578 praefert,
718 5523 867 5570 tanta
899 5515 1150 5568 τηεν-θείω.
1183 5543 1243 5554 -
1277 5517 1360 5565 Sic
1389 5515 1543 5566 etiam
1570 5517 1689 5566 Par.
1720 5515 1790 5564 M.

207 5594 226 5625 δ
250 5591 329 5638 Ita
362 5588 423 5637 in
456 5578 607 5644 Mss.,
635 5597 730 5646 pro
753 5582 934 5645 quoin
965 5581 1092 5630 Edd.
1121 5578 1443 5643 perfruilus.

1587 326 1801 381 LIBER
1860 327 2142 384 PRIMUS.

3508 329 3610 381 9l8

2387 448 2611 504 CAPUT
2640 449 2725 502 IX.
2768 477 2836 486 --
2872 449 3157 516 Epilogus.

1995 538 2084 591 24.
2119 536 2264 589 Tum
2293 551 2422 605 ego,
2469 552 2600 590 cum
2643 536 2942 607 Trygetius
2986 535 3124 606 quid
3170 535 3276 589 sibi
3331 540 3476 590 esset
3522 551 3610 589 re-

1925 623 2324 693 spondendum
2354 623 2451 677 diu
2483 630 2764 694 quaereret
2797 641 2809 678 :
2845 626 2968 680 Non
3011 628 3174 694 puto,
3217 623 3475 693 inquam,
3516 623 3609 676 Li-

1926 711 2098 780 centi,
2133 711 2307 765 etiam
2334 717 2672 781 argumenta
2699 713 2831 766 huic
2877 714 3163 781 defutura,
3195 711 3241 765 si
3272 727 3404 766 eum
3433 711 3613 765 otiose

1925 815 2184 870 quarere
2209 799 2606 870 permittamus
2639 815 2652 853 :
2684 801 2820 869 quid
2852 801 3007 854 enim
3049 800 3101 855 ei
3131 801 3327 870 quovis
3355 801 3480 854 loco
3510 800 3612 854 de-

1925 888 2033 941 fuit
2061 888 2128 942 ad
2160 889 2671 958 respondendum?
2695 888 2838 942 Nam
2867 891 3054 959 primo
3083 891 3205 960 ipse
3234 888 3445 954 intulit,
3471 905 3613 958 quo-

1924 976 2082 1029 niam
2099 976 2170 1030 de
2193 975 2358 1029 beata
2386 975 2500 1029 vita
2528 975 2765 1046 quaestio
2782 982 2914 1030 nata
2943 981 3044 1044 est,
3075 982 3131 1032 et
3159 977 3389 1031 beatum
3429 977 3612 1029 solum

1925 1079 2155 1118 necesse
2185 1067 2270 1118 est
2308 1080 2428 1118 esse
2460 1064 2797 1133 sapientem,
2829 1065 3110 1135 siquidem
3161 1065 3398 1120 stultitia
3439 1064 3613 1117 etiam

1927 1154 2232 1206 stultorum
2259 1152 2475 1222 judicio
2506 1153 2716 1206 misera
2769 1156 2892 1218 est;
2937 1154 3252 1222 perfectum
3299 1153 3615 1222 sapientem

1927 1255 2048 1293 esse
2104 1240 2329 1304 debere,
2372 1257 2488 1294 non
2531 1244 2724 1293 autem
2769 1240 3086 1310 perfectum
3135 1257 3252 1292 esse
3301 1241 3399 1307 qui
3433 1241 3615 1293 adhuc

1927 1344 2127 1382 verum
2158 1328 2296 1399 quid
2323 1327 2644 1397 sitinquirit
2668 1347 2682 1393 ;
2710 1328 2862 1382 unde
2889 1344 2960 1381 ne
2980 1327 3214 1381 beatum
3243 1327 3491 1396 quidem.
3516 1327 3615 1379 Cui

1928 1416 2051 1469 loco
2083 1420 2146 1469 tu
2175 1431 2304 1468 cum
2333 1415 2542 1468 molem
2576 1414 2942 1475 fauctoritatis
2987 1415 3281 1484 objiceres,
3329 1415 3564 1467 moleste
3599 1411 3619 1443 ¹

1928 1504 2289 1574 aliquantum
2326 1503 2611 1558 Ciceronis
2660 1503 2891 1557 nomine
2927 1503 3312 1572 perturbatus,
3340 1507 3530 1556 tamen
3561 1519 3619 1554 se

1929 1592 2124 1645 statim
2155 1592 2352 1657 erexit,
2388 1597 2444 1645 et
2471 1608 2746 1661 generosa
2763 1592 3011 1661 quadam
3031 1591 3387 1645 contumacia
3417 1591 3475 1644 in
3501 1607 3620 1644 ver-

1929 1679 2101 1732 ticem
2133 1679 2414 1733 libertatis
2435 1679 2662 1745 cxsiliit,
2690 1695 3034 1750 rursumque
3050 1679 3292 1748 arripuit
3320 1678 3472 1748 quod
3502 1683 3622 1731 erat

1930 1767 2000 1822 de
2034 1767 2294 1821 manibus
2314 1768 2590 1821 violenter
2637 1783 2934 1821 excussum
2966 1784 2979 1822 :
3015 1767 3386 1837 quaesivitque
3412 1766 3512 1819 abs
3540 1771 3618 1832 te,

1929 1859 2125 1910 utrum
2157 1855 2261 1908 tibi
2298 1855 2582 1925 perfectus
2611 1855 2710 1926 qui
2739 1855 2922 1909 adhuc
2959 1858 3259 1925 qumreret,
3292 1854 3618 1922 videretur;

1930 1948 1994 1999 ut
2023 1945 2069 1998 si
2096 1944 2352 1998 fatereris
2383 1960 2495 1997 non
2527 1960 2647 1998 esse
2676 1945 3010 2014 perfectum,
3051 1943 3121 1997 ad
3151 1945 3320 2013 caput
3371 1934 3622 1996 recurre—

1931 2037 2038 2100 ret,
2071 2033 2627 2102 demonstraretque,
2661 2032 2708 2084 si
2756 2036 2968 2102 posset,
3009 2047 3110 2101 per
3154 2031 3311 2084 illam
3340 2029 3622 2084 definitio-

1931 2138 2086 2188 nem,
2116 2121 2433 2190 perfectum
2463 2135 2581 2173 esse
2614 2120 2924 2185 hominem,
2961 2119 3061 2188 qui
3094 2119 3404 2172 secundum
3436 2118 3622 2186 legem

1932 2209 2142 2263 mentis
2164 2209 2338 2262 vitam
2352 2208 2697 2278 gubernaret
2722 2223 2734 2261 :
2764 2223 2825 2260 ac
2845 2224 2948 2276 per
2959 2209 3088 2273 hoc,
3111 2207 3340 2260 beatum
3364 2205 3475 2259 nisi
3499 2221 3624 2275 per-

1933 2296 2146 2350 fectum
2177 2312 2297 2350 esse
2328 2311 2444 2348 non
2470 2310 2654 2365 posse.
2689 2297 2736 2347 A
2766 2311 2879 2364 quo
2933 2298 2988 2347 te
3032 2295 3234 2364 laqueo
3272 2309 3400 2346 cum
3446 2308 3623 2362 expe-

1935 2385 2112 2439 disses
2141 2385 2361 2438 cautius
2396 2399 2570 2454 quam
2595 2383 2890 2452 putabam,
2916 2386 2972 2435 et
2994 2382 3307 2451 perfectum
3332 2379 3625 2433 hominem

1940 2472 2176 2540 diceres,
2210 2471 2610 2542 inquisitorem
2643 2467 3440 2540 diligentissimumveritatis;
3473 2467 3622 2536 ipsa-

1935 2577 2049 2631 que
2078 2561 2174 2613 illa
2205 2559 2561 2624 deﬁnitione,
2595 2575 2706 2628 qua
2735 2559 2961 2611 beatam
2989 2557 3167 2610 vitam
3203 2556 3362 2609 illam
3394 2555 3625 2608 demum

1939 2664 2060 2702 esse
2086 2648 2432 2714 dixeramus,
2476 2663 2606 2717 qua:
2650 2645 2962 2700 secundum
3011 2644 3294 2697 rationem
3338 2648 3623 2713 ageretur,

1936 2740 2001 2790 tu
2031 2735 2420 2807 przeﬁdentius
2451 2733 2818 2804 apertiusque
2845 2749 3158 2802 pugnasses
3183 2749 3196 2799 ;
3217 2733 3312 2785 ille
3341 2731 3444 2785 tibi
3459 2731 3628 2801 plane

1937 2824 2190 2895 reposuit
2207 2840 2220 2877 :
2237 2839 2371 2876 nam
2384 2822 2677 2891 occupavit
2704 2820 3033 2890 praasidium
3047 2825 3233 2886 tuum,
3255 2819 3407 2873 unde
3429 2819 3628 2888 pulsus

1938 2912 2176 2968 omnino
2201 2925 2483 2964 summam
2508 2925 2703 2962 rerum
2731 2907 3162 2973 amiseras,nite
3192 2907 3437 2960 induciae
3457 2922 3628 2974 repa-

1938 3003 2173 3054 rassent.
2209 2997 2314 3052 Ubi
2345 2997 2498 3050 enim
2528 3012 2715 3050 arcem
2746 2996 3072 3050 locaverunt
3101 2994 3440 3058 Academici,
3485 3009 3627 3063 quo-

1939 3104 2068 3142 rum
2105 3085 2280 3140 tueris
2324 3085 2682 3150 sententiam,
2730 3084 2842 3138 nisi
2888 3084 2948 3137 in
2996 3083 3204 3137 erroris
3247 3082 3630 3136 deﬁnitione?

1940 3178 2077 3240 Quae
2102 3175 2205 3229 tibi
2234 3173 2344 3228 nisi
2375 3177 2540 3227 noctu
2571 3173 2808 3226 fortasse
2836 3187 2941 3242 per
2989 3171 3280 3224 somnium
3316 3169 3529 3223 rediret
3570 3169 3630 3221 in

1940 3267 2215 3331 mentem,
2239 3263 2360 3331 jam
2391 3261 2526 3331 quid
2565 3261 2936 3330 responderes
2968 3275 3082 3312 non
3108 3258 3378 3322 habebas,
3412 3273 3543 3310 cum
3572 3256 3630 3309 in

1943 3350 2279 3421 exponenda
2309 3348 2592 3404 Ciceronis
2620 3347 2902 3401 sententia
2935 3347 3182 3416 idipsum
3228 3350 3292 3399 tu
3339 3346 3460 3415 ipse
3505 3348 3634 3398 ante

1943 3435 2497 3494 commemoraveris.
2532 3435 2744 3490 Deinde
2769 3439 3002 3489 ventum
3029 3439 3111 3488 est
3141 3434 3213 3487 ad
3241 3432 3633 3487 deﬁnitionem

1946 3525 2261 3597 sapientiae,
2295 3539 2468 3595 quam
2491 3539 2621 3576 cum
2651 3527 2808 3576 tanta
2840 3522 3147 3577 calliditate
3178 3521 3512 3575 labefactare
3543 3537 3633 3573 co-

1945 3615 2184 3679 nareris,
2211 3617 2277 3667 ut
2298 3616 2397 3666 tua
2424 3612 2573 3665 furta
2598 3627 2703 3664 nec
2742 3611 2866 3680 ipse
2919 3610 3215 3664 auxiliator
3260 3614 3392 3663 tuus
3421 3608 3637 3662 Albice-

1945 3703 2064 3756 rius
2094 3703 2330 3755 fortasse
2362 3699 2874 3769 comprehenderet
2899 3718 2914 3765 ;
2946 3701 3158 3767 quanta
3186 3695 3291 3748 tibi
3319 3694 3633 3764 vigilantia,

1945 3785 2172 3858 quantis
2200 3783 2415 3837 viribus
2442 3783 2697 3837 restitit?
2719 3798 2890 3852 quam
2928 3786 2982 3834 te
3013 3796 3157 3850 pene
3187 3779 3424 3833 involvit
3464 3782 3636 3847 atque

1948 3873 2261 3942 depressit;
2294 3871 2404 3924 nisi
2433 3876 2726 3941 postremo
2758 3877 2815 3924 te
2845 3874 2944 3923 tua
2972 3869 3303 3923 definitione
3333 3883 3481 3920 nova
3495 3871 3637 3919 tuta-

1946 3961 2108 4026 reris,
2141 3959 2471 4029 diceresque
2501 3959 2813 4012 humanam
2860 3973 2978 4011 esse
3019 3955 3356 4026 sapientiam
3399 3953 3639 4024 inquisi-

1946 4048 2166 4103 tionem
2193 4047 2466 4112 veritatis,
2501 4063 2564 4100 ex
2581 4050 2942 4116 quapropter
2958 4043 3133 4098 animi
3167 4041 3636 4112 tranquillitatem

1947 4135 2113 4189 beata
2127 4133 2241 4188 vita
2253 4132 2646 4203 contingeret?
2662 4131 2799 4185 Huic
2813 4132 2916 4184 iste
2933 4129 3227 4183 sententia:
3242 4145 3356 4182 non
3367 4132 3388 4162 ³
3403 4143 3639 4195 respon-

1951 4223 2129 4291 debit,
2161 4221 2478 4293 praesertim
2507 4221 2554 4274 si
2582 4220 2642 4273 in
2670 4219 3032 4290 proroganda
3059 4217 3170 4272 diei
3196 4217 3284 4270 vel
3313 4219 3473 4286 parte
3510 4230 3638 4285 qua:

1949 4315 2143 4376 restat,
2166 4310 2330 4364 reddi
2359 4309 2464 4363 sibi
2496 4308 2737 4378 gratiam
2769 4305 3100 4377 postulabit.

2021 4402 2111 4453 25..
2143 4398 2251 4453 Sed
2285 4413 2356 4452 ne
2388 4398 2621 4467 longum
2650 4395 2944 4460 faciamus,
2969 4395 3112 4464 jam,
3144 4392 3189 4445 si
3220 4392 3422 4463 placet,
3455 4405 3640 4444 sermo

1951 4488 2056 4541 iste
2089 4487 2405 4552 claudatur,
2452 4485 2510 4538 in
2559 4501 2673 4555 quo
2728 4481 3025 4537 immorari
3068 4481 3236 4534 etiam
3291 4480 3641 4548 superfluum

1952 4580 2118 4646 puto.
2157 4577 2413 4629 Tractata
2442 4573 2592 4627 enim
2623 4589 2714 4625 res
2743 4576 2827 4625 est
2853 4587 2958 4640 pro
2973 4572 3230 4637 suscepto
3251 4568 3476 4635 negotio
3490 4567 3644 4630 satis;

1957 4680 2086 4734 quae
2141 4667 2269 4732 post
2316 4677 2498 4732 pauca
2545 4659 2779 4714 omnino
2838 4662 3028 4728 posset
3080 4655 3252 4708 verba
3303 4653 3479 4719 ﬁniri,
3536 4653 3646 4707 nisi

1957 4766 2216 4805 exercere
2245 4766 2341 4804 vos
2375 4749 2592 4812 vellem,
2627 4761 2942 4815 nervosque
2962 4747 3175 4797 vestros
3204 4745 3262 4796 et
3289 4742 3496 4811 studia,
3519 4758 3648 4811 quas

1957 4839 2099 4894 mihi
2130 4854 2339 4907 magna
2379 4840 2461 4889 est
2490 4851 2646 4903 cura,
2674 4835 2969 4903 explorare
3001 4859 3010 4884 ε
3046 4846 3180 4884 nam
3207 4845 3337 4884 cum
3369 4829 3648 4884 instituis-

1958 4943 2077 4980 sem
2098 4942 2193 4980 vos
2214 4926 2283 4979 ad
2313 4923 2682 4994 quaerendam
2705 4922 2998 4975 veritatem
3027 4934 3377 4989 magnopere
3406 4916 3647 4982 hortari,

1960 5031 2243 5085 cmperam
2275 5030 2341 5067 ex
2369 5011 2530 5065 vobis
2568 5026 2823 5081 qumrere
2863 5011 3142 5078 quantum
3188 5005 3248 5059 in
3278 5023 3343 5059 ea
3373 5003 3649 5058 momenti

1959 5098 2250 5169 poneretis
2277 5115 2288 5152 :
2317 5111 2512 5151 omnes
2567 5098 2759 5148 autem
2801 5091 3069 5162 posuistis
3120 5094 3360 5150 tantum,
3413 5092 3475 5142 ut
3519 5088 3649 5156 plus

1963 5207 2078 5246 non
2110 5188 2448 5242 desiderem.
2482 5185 2625 5238 Nam
2655 5199 2783 5236 cum
2828 5182 2978 5236 beati
3015 5197 3132 5234 esse
3180 5179 3494 5247 cupiamus,
3529 5173 3649 5227 sive

1963 5281 2022 5336 id
2050 5277 2176 5334 ﬁeri
2204 5293 2322 5331 non
2349 5277 2534 5346 potest
2559 5273 2670 5327 nisi
2697 5272 2947 5340 inventa,
2975 5270 3089 5324 sive
3119 5283 3238 5322 non
3264 5264 3374 5320 nisi
3410 5260 3649 5330 diligen-

2028 5451 2042 5482 ¹
2075 5444 2573 5503 Editi,modeste.At
2591 5443 2903 5503 Mss.decem
2930 5433 3364 5503 liabentmoleste,
3383 5428 3648 5503 et‘m‘elius;

1969 5493 2718 5570 alluditnempeaugustinus
2747 5504 2811 5570 ad
2831 5502 2986 5570 illud2
3010 5497 3194 5547 molem
3222 5493 3566 5544 auctoritatis.

2028 5573 2048 5605 2
2071 5572 2205 5627 Par.,
2235 5563 2507 5619 εείήτεηιὶὧ
2532 5565 2876 5629 respondebit.
2941 5563 3008 5610 Μ.
