4058 6356
367 275 469 326 919

367 401 457 450 ter
518 393 757 464 quasita
812 390 1084 456 veritate;
1136 388 1467 460 postpositis
1521 388 1736 442 caeteris
1793 388 2057 442 omnibus

371 483 560 547 rebus,
592 479 778 546 nobis,
811 479 855 532 si
889 477 1038 532 beati
1068 493 1188 531 esse
1225 478 1506 547 volumus,
1537 475 1922 548 perquirenda
1952 480 2055 530 est.

374 569 755 634 Quamobrem
781 567 898 636 jam
923 566 1108 632 istam,
1135 570 1201 619 ut
1231 565 1366 631 dixi,
1391 565 1839 636 disputationem
1863 564 2058 618 termi-

375 675 598 724 nemus,
631 661 688 710 et
714 657 949 710 relatam
983 654 1044 708 in
1073 654 1289 707 litteras
1343 654 1656 719 mittamus,
1695 652 1928 720 Licenti,
1956 669 2061 723 po-

375 745 658 800 tissimum
714 743 862 814 patri
916 748 1034 808 tuo,
1086 743 1247 813 cujus
1298 758 1433 812 erga
1487 741 1909 812 philosophiam
1943 740 2063 810 jam

375 850 606 905 prorsus
652 832 905 886 animum
973 836 1155 885 teneo.
1217 831 1324 886 Sed
1379 831 1564 884 adhuc
1613 847 1742 900 qua
1781 829 2062 895 admittat,

379 937 574 992 quare
604 921 908 973 fortunam.
948 920 1177 974 lncendi
1215 923 1405 974 autem
1436 919 1494 972 in
1525 919 1645 972 bac
1687 917 1871 971 studia
1897 918 2064 971 vehe-

380 1009 626 1060 mentius
656 1007 886 1076 poterit,
913 1023 1041 1060 cum
1084 1006 1331 1076 teipsum
1377 1008 1499 1077 jam
1528 1007 1809 1060 intentum
1840 1020 2066 1059 mecum

1460 265 1739 320 CONTRA
1779 265 2249 331 ACADEMICOS,
2293 266 2347 321 S.
2389 264 2773 322 AUGUSTINI

3757 271 3864 323 920

2171 389 2249 443 sic
2275 389 2480 455 vivere,
2514 404 2630 442 non
2649 387 2932 442 audiendo
2961 387 3168 454 solum,
3197 403 3394 442 verum
3417 389 3588 442 etiam
3612 389 3864 459 legendo

2170 477 2280 531 ista
2311 477 2656 548 cognoverit.
2687 475 2812 530 Tibi
2850 480 3037 530 autem
3069 475 3136 543 si,
3191 480 3254 529 ut
3281 475 3485 542 sentio,
3537 475 3866 530 Academici

2170 567 2418 635 placent,
2467 566 2614 619 vires
2657 565 2727 619 ad
2776 581 2872 619 eos
2915 564 3298 619 defendendos
3334 563 3636 619 validiores
3684 580 3865 634 para;

2173 669 2307 707 nam
2335 653 2463 706 illos
2492 669 2596 724 ego
2625 669 2752 707 reos
2795 653 2970 708 citare
3018 652 3239 708 decrevi
3272 655 3312 707 ¹.
3345 653 3482 717 Qua
3511 668 3642 706 cum
3674 657 3870 706 essent

2175 739 2342 804 dicta,
2376 738 2680 808 prandium
2712 743 2973 810 paratum
3003 755 3124 793 esse
3136 737 3537 792 annuntiatum
3562 741 3666 805 est,
3691 743 3870 808 atque

2175 832 2542 871 surrexxmus.

2240 906 2256 938 1
2285 905 2525 967 Antiqua
2555 903 2829 967 editiones,
2845 920 2930 965 ego
2954 917 3210 954 (incusare
3231 904 3458 967 decrevi.
3491 903 3576 967 Sic
3591 904 3753 952 etiam
3777 904 3874 967 ali-

2177 970 2306 1028 quot
2320 966 2442 1029 Mss.
2459 966 2790 1025 vetustiores,
2803 969 2892 1029 qui
2911 967 3064 1029 paulo
3079 971 3198 1029 post
3214 980 3319 1014 non
3341 966 3536 1015 habent
3559 966 3673 1013 hac
3687 966 3870 1019 verba.

2175 1028 2461 1090 prandium
2485 1031 2747 1091 paratum
2772 1028 2876 1078 esse
2898 1028 3274 1078 annuntiatwn
3305 1031 3399 1086 est,
3429 1030 3614 1090 atque.

1367 1196 1881 1317 LIBER
1973 1187 2876 1316 SECUNDUS.

444 1361 838 1427 Romanianum
848 1362 1186 1427 Maecenatem
1203 1373 1358 1408 suum
1381 1360 1444 1408 ad
1463 1361 1883 1427 amplectendam
1901 1359 2286 1427 philosophiam
2306 1372 2485 1427 rursus
2506 1371 2627 1406 cum
2648 1357 2780 1427 grati
2801 1357 2962 1406 animi
2983 1355 3362 1427 signiﬁcatione
3380 1354 3638 1427 hortatur,
3656 1358 3871 1427 tresque

380 1423 456 1488 illi
490 1423 735 1488 describit
763 1423 1086 1488 eollationes,
1107 1421 1171 1488 in
1197 1435 1421 1488 quarum
1455 1418 1624 1484 prima
1660 1418 2686 1488 explicanturplacitaAcademicorum.
2725 1421 2783 1468 In
2813 1418 3050 1488 secunda
3075 1432 3227 1467 nova
3262 1431 3322 1488 ac
3351 1418 3874 1488 veteris__Acaden1ia

385 1485 688 1533 discrimina
712 1485 1038 1546 referuntur;
1071 1479 1122 1530 et
1135 1479 1940 1546 exploditur"sententia'horum
1958 1479 2418 1546 philosophorum,
2441 1481 2530 1546 qui
2551 1495 2669 1546 cum
2691 1494 2880 1546 verum
2902 1480 3043 1546 haud
3073 1493 3227 1546 posse
3256 1479 3574 1546 deprehendi
3601 1484 3873 1542 putarent,

382 1546 488 1596 veri
519 1551 693 1594 tamen
723 1545 890 1593 simile
920 1559 974 1594 se
1000 1541 1146 1607 sequi
1177 1541 1564 1606 profiterentur.
1597 1547 1658 1593 In
1688 1546 1839 1594 tertia
1869 1541 2060 1593 dicitur
2091 1541 2218 1606 quid
2248 1543 2323 1591 illi
2347 1541 2629 1591 verisimile
2654 1555 2744 1590 seu
2770 1542 3041 1604 probabile
3061 1541 3402 1604 appellarent.

386 1711 608 1765 CAPUT
645 1708 939 1763 PRIMUM.
985 1739 1043 1746 —
1100 1709 1297 1762 Contra
1353 1707 1806 1762 Academicorum
1839 1711 2074 1763 rationes

915 1797 1011 1850 Dei
1039 1797 1250 1848 auxilio
1281 1810 1414 1864 opus
1451 1801 1548 1849 est.

460 1889 508 1939 l.
560 1884 617 1938 Si
671 1899 842 1954 quam
893 1897 1124 1937 necesse
1182 1885 1267 1935 est
1321 1881 1623 1952 disciplina
1673 1886 1840 1953 atque
1896 1882 2076 1937 scien-

384 1971 466 2026 tia
491 1970 784 2041 sapientia
806 1985 1046 2024 vacuum
1079 1984 1198 2022 esse
1247 1984 1361 2021 non
1406 1985 1568 2038 posse
1599 1968 1931 2040 sapientem,
1959 1975 2078 2024 tam

388 2077 511 2114 eam
544 2076 769 2113 necesse
796 2063 945 2112 esset
971 2057 1376 2110 inveniredum
1405 2056 1713 2127 quaritur;
1743 2057 1929 2110 omnis
1950 2073 2079 2127 pro-

387 2148 534 2202 fecto
573 2145 1043 2200 Academicorum
1064 2144 1152 2197 vel
1182 2143 1486 2210 calumnia,
1521 2145 1607 2196 vel
1637 2144 1968 2213 pertinacia,
1991 2144 2076 2198 vel

387 2235 720 2306 pervicacia,
753 2234 864 2299 vel,
897 2238 961 2286 ut
982 2247 1087 2302 ego
1117 2231 1408 2285 interdum
1435 2231 1700 2298 arbitror,
1719 2247 1969 2302 congrua
1994 2231 2081 2286 illi

389 2321 635 2392 tempori
666 2320 832 2387 ratio,
863 2319 1033 2372 simul
1060 2333 1189 2371 cum
1209 2318 1332 2388 ipso
1358 2321 1635 2387 tempore,
1667 2323 1872 2372 etcum
1904 2319 2082 2390 ipsius

391 2407 692 2464 Carneadis
717 2405 1119 2473 Ciceronisque
1171 2405 1505 2475 corporibus
1532 2407 1752 2476 sepulta
1781 2407 1943 2460 foret.
1975 2407 2083 2462 Sed

393 2498 527 2568 quia
556 2497 670 2550 sive
709 2497 838 2549 vita
885 2495 1057 2564 hujus
1095 2493 1290 2548 multis
1336 2493 1618 2563 variisque
1660 2495 2081 2564 jactationibus,

392 2585 766 2652 Romaniane,
797 2587 862 2636 ut
889 2583 947 2636 in
988 2582 1190 2637 eodem
1217 2587 1273 2636 te
1301 2581 1531 2651 probas,
1563 2581 1677 2635 sive
1723 2581 2084 2653 ingeniorum

394 2673 644 2744 quodam
684 2676 934 2742 stupore,
983 2671 1068 2724 vel
1116 2669 1370 2724 socordia
1419 2671 1507 2723 vel
1550 2669 1813 2724 tarditate
1851 2674 2083 2741 torpen-

393 2760 560 2827 tium,
585 2759 701 2812 sive
728 2757 1122 2828 desperatione
1167 2756 1533 2823 inveniendi;
1584 2757 1717 2827 quia
1767 2773 1880 2811 non
1911 2773 2086 2829 quam

395 2847 556 2902 facile
588 2847 762 2901 oculis
791 2847 899 2900 ista
929 2847 1048 2912 lux,
1092 2849 1211 2899 tam
1254 2845 1418 2898 facile
1460 2845 1748 2898 mentibus
1793 2845 2087 2915 sapientia

395 2934 548 2988 sidus
575 2933 829 2988 oboritur
855 2954 869 3000 ;
899 2934 1014 2986 sive
1045 2932 1214 2986 etiam
1246 2933 1346 3002 qui
1390 2949 1549 2986 error
1594 2932 1851 2986 omnium
1907 2950 2088 3004 popu-

393 3021 580 3074 lorum
612 3025 715 3086 est,
749 3019 886 3074 falsa
932 3018 1203 3089 opinione
1249 3019 1499 3073 inventa
1531 3035 1564 3072 a
1593 3036 1650 3072 se
1672 3020 1942 3086 veritatis,
1983 3037 2086 3074 nec

394 3108 699 3178 diligenter
727 3107 984 3161 homines
1015 3112 1301 3177 quarunt,
1319 3106 1366 3159 si
1382 3107 1480 3176 qui
1497 3112 1777 3178 quarunt,
1811 3113 1866 3161 et
1889 3125 1921 3161 a
1937 3125 2089 3178 qua-

398 3196 554 3249 rendi
595 3196 887 3249 voluntate
924 3198 1291 3260 avertuntur;
1335 3195 1526 3248 evenit
1577 3200 1638 3248 ut
1682 3195 1915 3249 scientia
1959 3213 2087 3249 raro

397 3281 709 3352 paucisque
755 3285 1055 3350 proveniat
1099 3296 1112 3332 :
1153 3296 1336 3349 eoque
1383 3281 1465 3348 fit,
1515 3286 1576 3334 ut
1622 3283 2089 3338 Academicorum

397 3384 575 3434 arma,
609 3366 838 3437 quando
870 3381 1000 3419 cum
1031 3365 1112 3419 eis
1143 3366 1212 3420 ad
1243 3382 1447 3420 manus
1472 3368 1717 3437 venitur,
1750 3385 1854 3423 nec
1876 3370 2091 3424 medio-

398 3456 586 3510 cribus
610 3454 764 3520 viris,
819 3455 917 3522 sed
960 3453 1138 3506 acutis
1186 3458 1242 3507 et
1277 3455 1422 3509 bene
1467 3457 1726 3524 eruditis,
1773 3457 1981 3512 invicta
2034 3463 2091 3513 et

401 3543 564 3614 quasi
595 3541 867 3596 Vulcania
910 3541 1234 3596 videantur.
1282 3543 1668 3606 Quamobrem
1723 3550 1918 3600 contra
1963 3546 2090 3600 illos

400 3635 604 3686 fluctus
632 3631 1022 3700 procellasque
1051 3629 1318 3699 fortuna,
1346 3647 1474 3685 cum
1506 3633 1883 3688 obnitendum
1919 3633 2090 3687 remis

402 3719 908 3791 qualiumcumque
949 3717 1248 3785 virtutum,
1306 3724 1428 3773 tum
1477 3719 1537 3773 in
1582 3721 1781 3791 primis
1832 3721 2089 3776 divinum

400 3808 675 3863 auxilium
707 3806 865 3861 omni
893 3806 1188 3860 devotione
1219 3813 1388 3878 atque
1419 3808 1629 3878 pietate
1666 3810 2089 3881 implorandum

401 3903 519 3963 est;
555 3901 619 3950 ut
645 3895 884 3950 intentio
928 3895 1384 3949 constantissime.
1433 3898 1720 3952 bonorum
1770 3899 2088 3953 studiorum

400 3990 591 4040 teneat
618 4000 844 4039 cursum
868 3999 1055 4050 suum,
1087 3999 1120 4037 a
1149 4001 1261 4054 quo
1283 4000 1410 4038 eam
1432 3985 1624 4039 nullus
1643 4003 1802 4041 casus
1822 3987 2088 4052 excutiat,

402 4073 712 4144 quominus
762 4072 919 4126 illam
957 4071 1334 4142 philosophia
1386 4073 1702 4127 tutissimus
1745 4075 2092 4146 jucundissi-

402 4179 644 4233 musque
675 4165 876 4232 portus
905 4160 1163 4229 accipiat.
1206 4163 1334 4215 Hac
1380 4162 1567 4232 prima
1608 4167 1705 4216 tua
1751 4179 1918 4218 causa
1972 4168 2088 4230 est;

402 4251 536 4304 hinc
558 4249 661 4303 tibi
691 4253 903 4314 metuo,
936 4248 1068 4301 hinc
1102 4252 1158 4301 te
1181 4249 1346 4318 cupio
1376 4249 1624 4317 liberari,
1656 4250 1828 4318 hinc,-
1841 4251 1888 4305 si
1919 4252 2089 4306 modo

403 4338 612 4408 dignus
637 4336 744 4390 sim
776 4336 876 4406 qui
896 4336 1219 4406 impetrem,
1249 4337 1594 4407 quotidianis
1616 4339 1760 4392 votis
1789 4356 1955 4394 auras
1987 4341 2091 4394 tibi

401 4440 701 4497 prosperas
731 4439 892 4477 orare
922 4439 1039 4476 non
1067 4439 1222 4477 cesso
1250 4437 1264 4492 ;
1297 4440 1395 4478 oro
1433 4431 1624 4479 autem
1673 4426 1854 4496 ipsam
1881 4430 2090 4482 summi

404 4513 506 4568 Dei
534 4512 810 4565 Virtutem
837 4515 1005 4580 atque
1052 4511 1416 4581 Sapientiam.
1449 4513 1594 4576 Quid
1619 4521 1702 4569 est
1730 4515 1884 4570 enim
1913 4518 2086 4584 aliud,

403 4617 573 4672 quem
601 4599 870 4670 mysteria
897 4599 1060 4653 nobis
1087 4601 1321 4654 tradunt
1350 4601 1449 4655 Dei
1479 4602 1683 4656 Filium
1701 4605 1730 4656 ?

473 4693 524 4743 2.
559 4689 793 4743 Multum
816 4691 1008 4741 autem
1037 4704 1129 4742 me
1155 4689 1446 4761 adjuvabis
1459 4707 1562 4760 pro
1589 4696 1643 4746 te
1669 4691 2086 4763 deprecantem,

403 4777 448 4830 si
464 4794 577 4831 non
592 4793 692 4830 nos
705 4775 962 4830 exaudiri
978 4793 1142 4846 posse
1158 4776 1444 4846 desperes,
1460 4778 1774 4850 nitarisque
1795 4782 2090 4836 nobiscum

401 4870 458 4919 et
486 4870 548 4919 tu
575 4881 691 4919 non
720 4866 905 4918 solum
934 4865 1094 4931 votis,
1129 4865 1226 4918 sed
1257 4865 1429 4919 etiam
1459 4868 1766 4936 voluntate,
1800 4875 1970 4941 atque
1997 4871 2091 4924 illa

399 4958 500 5008 tua
527 4953 773 5008 naturali
804 4953 1010 5006 mentis
1037 4953 1354 5020 altitudine,
1387 4960 1620 5026 propter
1652 4973 1823 5028 quam
1856 4963 1910 5012 te
1940 4976 2095 5030 qua-

400 5059 484 5109 ro,
518 5058 631 5113 qua
655 5041 1017 5111 singulariter
1057 5041 1324 5108 delector,
1357 5059 1528 5113 quam
1558 5061 1782 5115 semper
1819 5048 2090 5113 admiror,

401 5147 529 5201 qua
556 5130 616 5184 in
644 5135 720 5196 te,
754 5130 897 5200 proh
928 5129 1084 5183 nefas
1108 5129 1120 5183 !
1155 5130 1266 5183 illis
1288 5148 1479 5185 rerum
1507 5133 1945 5188 domesticarum
1985 5153 2090 5188 nu-

398 5217 564 5272 bibus
593 5216 754 5288 quasi
808 5217 1027 5271 fulmen
1081 5218 1406 5285 involvitur,
1439 5224 1496 5273 et
1545 5220 1774 5286 multos,
1823 5237 1887 5274 ac
1940 5238 2088 5290 pene

399 5322 595 5360 omnes
625 5306 763 5360 latet
791 5321 804 5359 :
837 5321 929 5358 me
959 5309 1169 5371 autem,
1203 5310 1258 5359 et
1286 5307 1483 5374 alium,
1515 5308 1603 5361 vel
1633 5307 1888 5373 tertium,
1920 5309 2086 5362 fami-

398 5394 875 5458 liarissimostuos
905 5393 1079 5448 latere
1104 5410 1220 5448 non
1247 5400 1455 5465 potest,
1470 5395 1569 5466 qui
1589 5411 1739 5465 sape
1764 5411 1878 5448 non
1900 5397 2084 5450 solum

399 5487 610 5537 attente
639 5483 958 5537 audivimus
991 5499 1284 5538 murmura
1318 5493 1436 5550 tua,
1468 5484 1565 5537 sed
1600 5483 1771 5539 etiam
1801 5487 2080 5542 nonnulla

2183 1708 2413 1777 fulgura
2436 1706 2773 1760 fulminibus
2798 1706 3066 1777 propiora
3085 1705 3502 1776 conspeximus.
3532 1707 3668 1770 Quis
3687 1706 3875 1776 enim,

2187 1799 2247 1848 ut
2276 1799 2480 1848 caetera
2505 1811 2607 1866 pro
2625 1799 2883 1864 tempore
2911 1799 3126 1848 taceam
3140 1798 3386 1848 etunum
3403 1810 3875 1862 commemorem;

2185 1882 2335 1954 quis,
2363 1883 2619 1954 inquam,
2652 1889 2770 1937 tam
2801 1882 2987 1936 subito
3024 1898 3272 1953 unquam
3320 1886 3542 1937 tantum
3597 1883 3876 1949 intonuit,

2186 1976 2525 2042 tantumque
2557 1971 2772 2025 lumine
2797 1971 3006 2025 mentis
3035 1970 3288 2037 emicuit,
3322 1978 3387 2026 ut
3427 1971 3530 2025 sub
3561 1987 3678 2025 uno
3709 1975 3722 2008 ¹
3768 1973 3879 2026 fre-

2187 2059 2328 2112 mitu
2365 2059 2624 2130 rationis,
2656 2065 2713 2113 et
2739 2059 2991 2131 quodam
3029 2059 3416 2113 coruscamine
3456 2061 3876 2130 temperantia,

2185 2163 2303 2200 uno
2337 2146 2538 2201 dieilla
2563 2147 2746 2218 pridie
2760 2147 3064 2201 saevissima
3083 2147 3311 2218 penitus
3331 2147 3504 2202 libido
3526 2153 3882 2203 moreretur?

2189 2237 2409 2305 Ergone
2423 2251 2540 2289 non
2557 2239 2818 2306 erumpet
2828 2235 3136 2307 aliquando
3155 2236 3262 2290 ista
3277 2236 3468 2302 virtus,
3486 2241 3541 2290 et
3563 2237 3880 2291 multorum

2191 2323 2613 2393 desperantium
2638 2323 2783 2377 risus
2811 2324 2872 2377 in
2900 2324 3192 2378 horrorem
3215 2329 3621 2402 stuporemque
3643 2341 3881 2379 convcr-

2189 2416 2268 2465 tet
2291 2427 2304 2477 ;
2338 2416 2393 2465 et
2422 2411 2606 2465 locuta
2624 2411 2684 2464 in
2696 2411 2864 2464 terris
2886 2411 3045 2482 quasi
3073 2413 3335 2482 quadam
3354 2412 3677 2467 futurorum
3690 2413 3880 2484 signa,

2191 2515 2387 2553 rursus
2415 2500 2670 2569 projecto
2691 2499 2862 2554 totius
2893 2500 3146 2570 corporis
3175 2516 3349 2554 onere
3394 2505 3647 2554 recurret
3678 2501 3736 2554 in
3775 2518 3886 2555 co:-

2193 2588 2358 2641 lum?
2388 2589 2608 2658 Ergone
2639 2588 2986 2658 Augustinus
3028 2589 3096 2642 de
3137 2589 3490 2642 Romaniano
3531 2589 3744 2643 frustra
3773 2589 3886 2643 ista

2192 2675 2377 2730 dixit?
2404 2677 2529 2729 Non
2557 2675 2704 2729 sinet
2740 2675 2835 2729 ille
2856 2676 2947 2730 cui
2984 2692 3075 2731 me
3106 2681 3286 2730 totum
3330 2677 3481 2743 dedi,
3515 2694 3686 2749 quem
3719 2694 3882 2731 nunc

2193 2779 2593 2833 recognoscere
2624 2762 2983 2834 aliquantum
3015 2764 3180 2834 coepi.

2194 2868 2416 2922 CAPUT
2447 2869 2518 2922 ll.
2545 2897 2607 2906 —
2640 2869 2981 2923 Romaniano
3020 2872 3169 2935 grati
3194 2873 3366 2924 animi
3401 2871 3713 2938 obsequium
3733 2872 3888 2926 caehi-

2443 2955 2544 3024 bet,
2575 2971 2796 3024 eumque
2825 2957 2899 3010 ad
2924 2958 3322 3028 phiIOSOphiam
3360 2960 3630 3015 hortatur.

2267 3064 2318 3117 3.
2353 3062 2499 3131 Ergo
2531 3061 2841 3132 aggredere
2899 3079 3125 3116 mecum
3168 3063 3626 3134 philosophiam:
3669 3065 3761 3119 hic
3803 3069 3891 3120 est

2196 3149 2474 3219 quidquid
2503 3154 2557 3202 te
2587 3149 2818 3204 anxium
2845 3166 3014 3221 sape,
3076 3157 3246 3222 atque
3304 3153 3660 3207 dubitantem
3707 3153 3888 3207 mira-

2195 3236 2386 3290 biliter
2415 3237 2561 3290 solet
2589 3253 2836 3292 movere.
2873 3239 2996 3292 Non
3026 3239 3179 3292 enim
3213 3245 3406 3294 metuo
3439 3247 3537 3295 aut
3567 3258 3598 3295 a
3627 3241 3888 3295 socordia

2195 3340 2445 3390 morum,
2471 3325 2882 3379 autatarditate
2902 3326 3121 3398 ingenii
3141 3327 3243 3382 tui.
3267 3327 3403 3392 Quis
3415 3328 3568 3383 enim
3581 3334 3635 3384 te
3656 3330 3889 3400 quando

2197 3413 2556 3483 aliquantum
2587 3413 2868 3484 respirare
2897 3431 3227 3470 concessum
3270 3420 3373 3481 est,
3417 3417 3475 3470 in
3525 3418 3891 3472 sermonibus

2190 3500 2371 3554 notris
2397 3500 2764 3571 vigilantior?
2795 3501 2922 3572 quis
2936 3503 3470 3572 acutiorapparuit?
3499 3505 3722 3575 Ergone
3769 3504 3888 3575 [tibi

2197 3588 2436 3659 gratiam
2467 3604 2584 3642 non
2612 3590 2969 3659 repensabo?
2989 3607 3061 3644 an
3099 3591 3338 3646 fortasse
3363 3593 3661 3661 paululum
3679 3593 3890 3648 debeo?

2197 3678 2275 3730 Tu
2311 3692 2400 3730 me
2420 3677 2909 3732 adolescentulum
2930 3694 3242 3748 pauperem
3275 3679 3346 3734 ad
3367 3680 3893 3751 peregrina'studia

2196 3770 2552 3835 pergentem,
2585 3770 2641 3820 et
2657 3766 2824 3820 domo
2843 3771 2898 3820 et
2927 3772 3180 3837 sumptu,
3209 3772 3284 3833 et,
3309 3768 3463 3838 quod
3483 3768 3612 3839 pius
3633 3775 3740 3834 est,
3765 3770 3892 3824 ani-

2196 3867 2292 3905 mo
2323 3851 2609 3922 excepisti.
2655 3854 2737 3906 Tu
2783 3858 2942 3923 patre
2974 3854 3234 3907 orbatum
3281 3855 3531 3909 amicitia
3569 3859 3893 3912 consolatus

2198 3955 2279 4007 es,
2309 3940 2628 3993 hortatione
2679 3939 2963 4005 animasti,
3005 3957 3110 4012 ope
3157 3942 3439 4012 adjuvisti.
3482 3945 3564 3997 Tu
3603 3943 3664 3997 in
3699 3949 3892 4000 nostro

2197 4027 2318 4097 ipso
2348 4027 2682 4098 municipio,
2705 4029 2917 4095 favore,
2947 4029 3349 4097 familiaritate,
3372 4033 3892 4088 communicatione

2199 4115 2402 4169 domus
2431 4120 2543 4169 tua
2565 4133 2708 4186 pene
2738 4122 2922 4171 tecum
2948 4118 3163 4172 clarum
3192 4118 3611 4191 primatemque
3644 4137 3734 4174 me
3758 4121 3890 4176 feci-

2197 4203 2285 4257 sti.
2317 4205 2400 4258 Tu
2417 4205 2814 4275 Carthaginem
2840 4205 3169 4259 illustrioris
3197 4207 3570 4277 profeSsionis
3600 4209 3786 4278 gratia
3806 4226 3894 4263 re-

2199 4296 2506 4358 meantem,
2535 4308 2662 4346 cum
2693 4292 2796 4346 tibi
2834 4293 2938 4346 soli
2970 4297 2990 4328 ³
3013 4297 3066 4347 et
3096 4310 3359 4348 meorum
3401 4295 3545 4349 nulli
3591 4297 3890 4351 consilium

2198 4396 2391 4434 meum
2421 4397 2693 4451 spemque
2724 4381 3091 4450 aperuissem,
3120 4383 3379 4452 quamvis
3407 4383 3766 4454 aliquantum
3797 4385 3893 4440 illo

2199 4468 2304 4522 tibi
2334 4468 2526 4534 insito,
2558 4469 2692 4539 quia
2717 4469 2798 4522 ibi
2821 4470 2941 4538 jam
2964 4470 3257 4536 docebam,
3289 4471 3491 4541 patria
3529 4488 3722 4526 amore
3753 4490 3891 4528 cun-

2199 4561 2377 4610 ctatus
2407 4572 2464 4609 es
2499 4573 2511 4609 :
2544 4561 2734 4610 tamen
2770 4557 2869 4611 ubi
2897 4557 3153 4612 evincere
3189 4559 3563 4614 adolescentis
3606 4561 3892 4632 cupidita-

2199 4649 2336 4713 tem,
2366 4644 2436 4697 ad
2465 4660 2532 4698 ea
2562 4661 2690 4714 qua
2713 4644 3050 4699 videbantur
3075 4646 3314 4702 meliora
3345 4648 3652 4715 tendentis,
3686 4651 3891 4721 nequi-

2201 4733 2303 4798 sti;
2334 4749 2400 4785 ex
2432 4733 2793 4787 dehortatore
2828 4734 2886 4787 in
2916 4735 3239 4804 adjutorem
3295 4736 3440 4790 mira
3476 4737 3892 4793 benevolentia

2200 4821 2588 4876 moderatione
2644 4838 2944 4876 conversus
2991 4838 3066 4876 es.
3122 4825 3206 4876 Tu
3254 4825 3583 4879 necessariis
3624 4827 3891 4881 omnibus

2201 4910 2309 4964 iter
2338 4909 2754 4964 adminiculasti
2772 4926 2983 4964 meum.
3011 4911 3094 4964 Tu
3113 4911 3324 4965 ibidem
3347 4929 3561 4979 rursus,
3596 4913 3694 4984 qui
3717 4931 3890 4968 cuna-

2201 4997 2353 5063 bula,
2379 5001 2435 5050 et
2464 4997 2623 5067 quasi
2655 4996 2853 5050 nidum
2875 4996 3193 5052 studiorum
3225 5015 3483 5054 meorum
3509 5000 3746 5068 foveras,
3768 5003 3889 5073 jam

2199 5083 2389 5137 volare
2420 5084 2680 5137 audentis
2709 5085 3035 5139 sustentasti
3064 5086 3408 5142 rudimenta.
3439 5089 3523 5143 Tu
3553 5089 3728 5143 etiam
3757 5107 3889 5145 cum

2198 5174 2252 5224 te
2276 5171 2506 5226 absente
2546 5175 2715 5242 atque
2744 5172 3042 5242 ignorante
3072 5175 3450 5245 navigassem,
3478 5176 3623 5231 nihil
3653 5195 3890 5232 succen-

2263 5312 2274 5346 ¹
2309 5311 2543 5368 Quatuor
2563 5312 2704 5370 Mss,
2742 5313 2857 5364 illo.

2255 5373 2276 5439 {’-
2306 5374 2362 5439 l_n
2391 5373 2514 5439 Mss.
2547 5376 2868 5439 pervetustis
2893 5377 3036 5426 deest
3060 5391 3181 5432 vox.
3210 5383 3514 5439 peregrina.

2190 5434 2563 5545 ,0;,_S§ﬁj“m
2589 5449 2772 5484 omnes
2800 5438 2952 5498 Edd-v
2985 5444 3172 5503 Ρτίεδθν
3203 5434 3278 5502 Βον
3301 5434 3354 5489 ili
3392 5443 3586 5506 Quibus
3625 5444 3889 5495 omittitur
