4058 6406
916 238 933 263 ι

165 339 261 390 921
1600 330 1814 386 LIBER
1851 326 2237 385 SECUNDUS.

165 458 327 512 sensi
342 455 496 527 quod
516 468 635 509 non
654 457 845 509 tecum
855 453 1369 508 communicassem
1389 457 1453 507 ut
1476 453 1739 515 solerem,
1772 456 1856 505 at-

165 560 280 616 que
314 543 468 598 aliud
497 542 724 614 quidvis
753 558 926 613 quam
956 540 1372 597 contumaciam
1402 540 1673 612 suspices,
1706 555 1862 593 man-

165 632 293 687 sisti
340 632 709 686 inconcussus
744 630 806 684 in
859 629 1142 696 amicitia;
1185 646 1287 684 nec
1329 630 1457 701 plus
1499 634 1631 683 ante
1670 628 1862 681 oculos

166 723 299 775 tuos
330 719 495 773 liberi
523 718 734 774 deserti
787 734 819 771 a
869 717 1167 788 magistro,
1202 733 1375 789 quam
1415 721 1623 771 nostra:
1654 714 1862 770 mentis

166 807 484 879 penetralia
521 806 854 878 puritasqne
881 810 1100 860 versata
1129 810 1239 861 est.

240 898 294 951 4.
330 898 622 950 Postremo
652 892 931 966 quidquid
963 894 1033 948 de
1066 893 1181 947 otio
1225 909 1352 947 meo
1407 893 1574 947 modo
1604 891 1861 963 gaudeo;

168 984 327 1055 quod
373 1000 405 1037 a
441 982 862 1054 superfluarum
909 982 1287 1053 cupiditatum
1338 981 1580 1036 vinculis
1627 979 1859 1045 evolavi,

168 1072 325 1143 quod
354 1071 627 1143 depositis
655 1071 926 1125 oneribus
949 1075 1307 1125 mortuarum
1322 1068 1861 1139 curarum,respiro,

170 1158 468 1228 resipisco,
492 1158 664 1212 redeo
692 1158 761 1212 ad
784 1173 904 1223 me;
939 1157 1095 1227 quod
1119 1174 1315 1229 quaero
1344 1157 1755 1211 intentissimus
1772 1171 1863 1208 ve-

172 1246 423 1312 ritatem,
469 1245 627 1317 quod
669 1244 928 1299 invenire
959 1245 1080 1315 jam
1126 1244 1437 1314 ingredior,
1487 1244 1643 1314 quod
1674 1258 1765 1297 me
1795 1241 1863 1295 ad

174 1350 468 1388 summum
492 1333 682 1404 ipsum
700 1333 935 1387 modum
962 1337 985 1370 ¹
1010 1337 1417 1402 perventurum
1447 1347 1568 1386 esse
1598 1330 1824 1385 confido
1848 1347 1864 1392 ;

174 1427 242 1476 tu
269 1422 556 1489 animasti,
588 1426 649 1476 tu
678 1420 979 1492 impulisti,
1010 1425 1072 1475 tu
1100 1420 1306 1475 fecisti.
1340 1420 1512 1491 Cujus
1541 1425 1731 1474 autem
1762 1417 1866 1470 mi~

176 1509 358 1565 nister
401 1510 596 1577 fueris,
637 1510 765 1581 plus
805 1509 987 1564 adhuc
1018 1508 1127 1562 fide
1159 1508 1412 1579 concepi,
1448 1523 1618 1578 quam
1651 1505 1869 1560 ratione

178 1597 609 1668 comprehendi.
641 1597 783 1652 Nam
812 1612 944 1651 cum
974 1611 1224 1667 prtesens
1267 1593 1539 1666 prin-senti
1565 1592 1667 1647 tibi
1698 1608 1869 1662 expo-

177 1686 421 1740 suissem
450 1683 751 1739 interiores
791 1688 975 1738 motus
1003 1683 1181 1737 animi
1206 1683 1320 1737 mei
1348 1682 1448 1751 (a),
1476 1682 1871 1737 vehementer-

177 1790 293 1845 que
323 1790 386 1827 ac
414 1773 621 1844 saepius
648 1788 980 1838 assererem,
1005 1772 1223 1826 nullam
1250 1769 1392 1825 nﬁhi
1422 1769 1598 1825 videri
1641 1784 1874 1839 prospe-

176 1878 304 1917 ram
334 1862 644 1928 fortunam,
676 1860 785 1914 nisi
814 1877 943 1932 qum
988 1860 1171 1915 otium
1200 1858 1645 1929 philosophandi
1674 1858 1870 1923 daret;

177 1950 401 2005 nullam
427 1950 655 2004 beatam
683 1948 880 2018 vitam,
912 1948 1023 2002 nisi
1056 1964 1168 2019 qua
1191 1947 1251 2001 in
1279 1940 1640 2018 philosophia
1658 1943 1873 1996 vivere-

175 2044 311 2093 tur:
344 2038 441 2092 sed
479 2053 571 2092 me
602 2041 759 2092 tanto
787 2051 1051 2091 meorum
1081 2052 1275 2101 onere,
1316 2050 1560 2106 quorum
1591 2048 1656 2087 ex
1687 2028 1875 2085 officio

180 2141 313 2179 meo
344 2124 459 2178 vita
493 2124 790 2194 penderet,
822 2122 1132 2193 multisque
1157 2120 1601 2187 necessitatibus,
1629 2118 1717 2171 vel
1746 2113 1874 2169 vani

180 2213 299 2268 mei
338 2212 594 2283 pudoris,
622 2212 709 2266 vel
733 2210 942 2282 inepta:
972 2225 1234 2265 raeorum
1274 2207 1519 2263 miseria:
1560 2203 1873 2260 refrenari:

185 2308 305 2355 tam
333 2315 543 2371 magno
590 2315 650 2354 es
689 2300 870 2353 elatus
898 2298 1126 2368 gaudio,
1160 2302 1275 2350 tam
1311 2300 1506 2350 sancto
1534 2294 1706 2364 hujus
1751 2291 1879 2345 vitae

182 2388 576 2443 inﬂammatus
619 2387 842 2456 ardore,
888 2390 954 2441 ut
996 2390 1051 2440 te
1099 2384 1333 2452 diceres,
1384 2385 1433 2437 si
1461 2387 1525 2437 tu
1552 2382 1622 2436 ab
1652 2381 1880 2435 illarum

184 2477 652 2548 importunarnm
666 2474 855 2529 litium
872 2474 1108 2528 vinculis
1123 2472 1318 2544 aliquo
1340 2472 1508 2526 modo
1531 2468 1878 2533 eximercris,

189 2563 388 2619 omnia
404 2578 531 2617 mea
550 2562 774 2617 vincula
802 2561 976 2616 etiam
1004 2558 1335 2631 patrimonii
1365 2558 1449 2614 tui
1470 2573 1693 2613 mecum
1711 2556 1883 2628 parti-

189 2652 477 2724 cipatione
506 2656 829 2722 rupturum.

264 2746 318 2797 5.
352 2741 548 2812 Itaque
596 2755 727 2793 cum
773 2738 1001 2793 admoto
1057 2736 1223 2792 nobis
1271 2735 1468 2791 fomite
1516 2732 1881 2799 discessisses,

191 2844 492 2901 nunquam
523 2827 866 2882 cessavimus
912 2825 1202 2880 inhiantes
1236 2824 1297 2878 in
1326 2822 1769 2895 philosophiam,
1801 2824 1886 2873 at-

193 2934 306 2990 que
334 2916 493 2971 illam
520 2915 695 2970 vitam
726 2931 855 2987 quin
883 2914 1148 2968 internos
1175 2912 1388 2984 placuit
1405 2916 1574 2981 atque
1602 2907 1886 2969 convenit,

189 3021 429 3079 prorsus
456 3003 598 3059 nihil
628 3003 780 3058 aliud
806 3002 1057 3073 cogitare
1081 3018 1093 3055 :
1126 3004 1295 3071 atque
1326 2999 1384 3054 id
1413 3001 1740 3053 constanter
1759 2992 1889 3067 qui-

193 3096 349 3163 dem,
374 3093 472 3148 sed
497 3092 686 3147 minus
724 3090 931 3146 acriter
959 3089 1299 3161 agebamus;
1327 3088 1670 3158 putabamus
1699 3090 1889 3140 tamen

192 3183 332 3238 satis
357 3197 461 3236 nos
477 3196 666 3252 agere.
684 3181 747 3235 Et
759 3178 1031 3251 quoniam
1056 3177 1316 3231 nondum
1337 3175 1535 3230 aderat
1551 3190 1616 3229 ea
1636 3174 1887 3238 flamma,

193 3287 329 3343 qum
354 3285 578 3324 summa
590 3284 695 3323 nos
725 3271 1021 3338 arreptura
1046 3269 1200 3331 erat;
1226 3264 1500 3335 illamque
1522 3264 1676 3317 lenta
1695 3266 1894 3315 estna-

192 3361 424 3429 bamus,
441 3357 860 3412 arbitrabamur
875 3355 961 3409 vel
978 3370 1098 3408 esse
1120 3353 1449 3409 maximam.
1477 3352 1619 3407 Cum
1644 3366 1769 3405 ecce
1789 3348 1894 3403 tibi

196 3448 332 3503 libri
360 3446 594 3519 quidam
623 3444 797 3516 pleni,
830 3449 896 3497 ut
924 3443 1003 3497 ait
1031 3441 1305 3507 Celsinus,
1334 3441 1510 3495 bonas
1530 3456 1621 3494 res
1645 3438 1895 3492 arabicas

198 3538 301 3593 ubi
331 3536 671 3592 exhalarunt
697 3534 757 3589 in
786 3550 911 3601 nos,
945 3532 1044 3587 ubi
1073 3531 1159 3586 illi
1188 3531 1501 3585 ﬂammulas
1546 3529 1898 3584 instillarunt

200 3621 895 3697 pretiosissimiunguenti
912 3624 1100 3692 guttas
1123 3619 1489 3689 paucissimas
1509 3634 1522 3685 ;
1540 3615 1894 3681 incredibile,

202 3711 583 3777 Romaniane,
607 3708 959 3775 incredibile,
992 3712 1047 3761 et
1070 3708 1217 3761 ultra
1242 3722 1415 3778 quam
1441 3707 1508 3761 de
1541 3721 1631 3760 me
1660 3705 1897 3759 fortasse

202 3806 263 3856 et
291 3805 354 3855 tu
372 3799 589 3866 credis;
624 3798 760 3870 quid
793 3796 1037 3868 amplius
1060 3795 1242 3851 dicam
1264 3794 1292 3848 ?
1322 3794 1493 3849 etiam
1523 3793 1667 3847 mihi
1692 3792 1800 3863 ipsi
1829 3791 1898 3846 de

204 3888 427 3960 meipso
466 3886 801 3942 incredibile
843 3885 1171 3940 incendium
1221 3882 1601 3938 concitarunt.
1639 3880 1777 3945 Quis
1809 3896 1900 3934 me

204 3984 345 4033 tunc
369 3978 574 4042 honor,
600 3992 728 4046 qua;
758 3974 1058 4029 hominum
1083 3988 1319 4043 pompa,
1361 3987 1491 4042 quae
1520 3968 1705 4024 inanis
1733 3968 1901 4023 fama

206 4065 510 4137 cupiditas,
542 4064 696 4136 quod
725 4064 972 4134 denique
1008 4062 1181 4132 hujus
1210 4059 1467 4114 mortalis
1503 4057 1637 4113 vita:
1681 4056 1901 4110 fomen-

207 4161 337 4209 tum
365 4158 538 4224 atque
562 4152 941 4207 retinaculum
957 4149 1398 4205 commovebat?
1411 4148 1645 4201 Prorsus
1672 4150 1821 4200 totus
1844 4144 1905 4197 in

213 4259 305 4298 me
336 4241 548 4297 cursim
573 4240 852 4295 redibam.
877 4238 1117 4310 Respexi
1146 4240 1390 4303 tantum,
1415 4235 1709 4299 conﬁteor,
1744 4232 1907 4305 quasi

120 4340 127 4346 '
210 4331 282 4386 de
311 4329 515 4385 itinere
538 4328 594 4383 in
614 4327 772 4382 illam
801 4327 1162 4398 religionem,
1189 4342 1318 4397 quae
1338 4324 1531 4396 pueris
1550 4321 1717 4378 nobis
1739 4321 1909 4376 insita

213 4424 321 4486 est,
353 4422 408 4472 et
437 4417 766 4472 medullitus
797 4415 1122 4487 implicata:
1154 4429 1353 4468 verum
1395 4417 1588 4467 autem
1644 4411 1769 4482 ipsa
1816 4426 1909 4465 me

214 4508 289 4563 ad
335 4524 394 4561 se
445 4506 791 4561 nescientem
847 4503 1123 4574 rapiebat.
1176 4503 1372 4572 Itaque
1402 4500 1671 4567 titubans,
1702 4515 1908 4570 prepe-

283 4616 300 4648 ι
316 4613 432 4662 Am.
444 4612 529 4661 Er.
539 4609 805 4669 ,nonnihil
814 4620 1129 4667 succensens,
1142 4608 1334 4671 quibus
1345 4605 1702 4669 suffragantur
1712 4604 1912 4668 aliquot

216 4677 344 4726 Mss.
375 4674 607 4723 melioris
645 4677 801 4721 uotae.

282 4738 305 4772 ²
329 4737 480 4785 Er.et
491 4733 721 4793 Lov.,ad
733 4734 911 4796 ipsum
926 4744 1197 4796 summum
1221 4731 1425 4796 bonum.
1446 4728 1547 4779 Sed
1572 4726 1909 4796 meliuslsad.

218 4801 336 4848 Am.
367 4801 434 4848 et.
463 4797 585 4846 Mss.
613 4789 1275 4859 plerrique,g_ud_summ_um
1294 4794 1470 4859 ipsum.
1498 4789 1738 4859 modum,
1763 4789 1915 4859 idest

219 4861 287 4909 ad
317 4850 666 4922 sapientiam]
685 4850 1032 4922 juxta'illud,
1053 4854 1204 4922 quod
1227 4850 1361 4922 circa
1394 4852 1534 4922 idem
1572 4855 1777 4922 tempus
1806 4850 1913 4922 die:

221 4911 431 4971 serebat
456 4923 611 4983 Aug.,
636 4911 726 4969 lib.
739 4920 805 4968 de
818 4911 1116 4983 Beatavi_ta,_
1127 4918 1225 4983 sub
1249 4914 1405 4983 ﬁnem
1424 4928 1435 4962 :
1456 4911 1763 4983 «Sapientia
1782 4911 1915 4983 nihil

223 5005 247 5026 ιι
274 4987 359 5033 est
386 4973 717 5045 aliudvquam
745 4981 936 5029 modus
958 4973 1139 5045 animi,
1166 4978 1267 5045 hoc
1295 4981 1375 5026 est
1388 4989 1492 5039 quo
1504 4973 1616 5045 sese
1636 4973 1918 5045 animusli-

221 5064 248 5091 ‹‹
280 5046 416 5103 brat,
449 5047 508 5092 ut
531 5035 703 5106 neque
734 5046 975 5091 excurrat
1001 5041 1057 5089 in
1086 5035 1328 5106 nimium,
1374 5035 1543 5106 neque
1563 5035 1728 5106 -iufra
1757 5048 1915 5098 quam

222 5125 250 5153 α
287 5097 503 5167 plenum
526 5108 607 5167 est
618 5097 949 5153 ‘coarctetur.
981 5120 1010 5150 »
1038 5129 1097 5137 —
1122 5102 1208 5167 Sic
1230 5101 1388 5167 etiam
1420 5097 1535 5167 Par.
1563 5097 1634 5167 hi.

288 5160 363 5229 ζα)
393 5166 721 5215 Romaniano
737 5168 995 5228 praesente
1012 5178 1140 5229 usus
1151 5160 1604 5229 fueratMediolani
1615 5163 1736 5229 ante
1748 5171 1917 5207 annos

220 5220 431 5278 circiter
447 5229 601 5285 duos,
627 5220 991 5289 quo-tempore
1020 5226 1084 5289 de
1108 5224 1377 5289 communi
1400 5220 1766 5289 vita_iueunda
1793 5234 1916 5289 cum

223 5290 409 5339 amicis
425 5283 768 5348 deliberabat,
781 5283 919 5337 lib36
936 5287 1080 5336 Conf.
1096 5301 1141 5337 c.
1158 5289 1235 5336 14.
1269 5284 1658 5335 «Romanianus
1670 5283 1917 5348 maxime.

224 5370 252 5400 ‹‹
282 5351 679 5413 communiceps
702 5344 899 5413 noster,
912 5363 1069 5412 quem
1080 5352 1209 5397 tunc
1219 5361 1404 5413 graves
1416 5350 1575 5413 aestus
1586 5344 1920 5413 negotiorum

227 5435 255 5460 α
285 5427 503 5463 suorum
535 5404 918 5460 adcomitatum
928 5404 1272 5468 attraxerant,
1296 5410 1360 5458 ab
1381 5408 1599 5457 ineunte
1619 5404 1772 5456 astate
1792 5404 1920 5454 mihi

226 5494 253 5521 α
285 5473 731 5524 familiarissimus
747 5488 761 5533 ς
775 5473 866 5533 qui
890 5472 1118 5521 maxime
1131 5469 1496 5533 instabathuic
1506 5469 1600 5528 rei,
1612 5473 1664 5533 et
1675 5480 1919 5533 magnam

225 5555 253 5584 α
275 5538 329 5585 in
354 5535 639 5600 suadendo
658 5528 885 5600 habebat
903 5533 1291 5600 auctoritatem,
1320 5531 1458 5595 quod
1495 5531 1670 5594 ampla
1694 5528 1785 5579 res
1804 5528 1920 5591 ejus

230 5620 253 5645 (ι
288 5598 516 5653 multum
548 5595 752 5649 caeteris
777 5596 1030 5647 anteibat.
1065 5613 1082 5634 -

3561 334 3665 388 9‘22

1971 467 2124 514 rans,
2179 452 2446 507 haesitans
2495 452 2710 524 arripio
2765 452 3089 524 apostolum
3144 454 3404 509 Paulum.
3465 456 3658 528 Neque

1972 539 2125 593 enim
2146 556 2274 594 vere
2300 540 2408 605 isti,
2446 541 2699 613 inquam,
2722 545 2876 595 tanta
2903 540 3245 612 potuissent,
3275 541 3660 614 vixissentque

1972 627 2071 693 ita,
2106 632 2168 682 ut
2205 644 2304 682 eos
2332 629 2534 682 vixisse
2567 630 2929 684 manifestum
2965 635 3068 697 est,
3098 629 3145 683 si
3194 646 3393 684 eorum
3435 631 3661 685 Littera:

1971 720 2141 786 atque
2180 716 2424 770 rationes
2445 717 2577 771 huic
2597 722 2750 771 tanto
2771 719 2922 773 bono
2946 719 3403 775 adversarentur.
3440 719 3660 789 Perlegi

1974 809 2160 858 totum
2195 805 2571 860 intentissima
2610 811 2779 877 atque
2809 807 3132 862 cautissime
3164 819 3200 861 ι.

2044 894 2095 945 6.
2126 893 2281 946 Tunc
2309 910 2441 949 vero
2471 895 2993 966 quantulocumque
3019 896 3140 966 jam
3169 895 3386 950 lumine
3414 909 3661 966 asperso.

1975 986 2129 1037 tanta
2160 998 2218 1035 se
2246 982 2391 1036 mihi
2419 982 2790 1053 philosophiae
2821 983 2988 1037 facies
3030 985 3271 1054 aperuit,
3312 990 3377 1038 ut
3419 999 3536 1037 non
3572 981 3664 1037 di-

1975 1088 2097 1126 cam
2130 1070 2252 1137 tibi,
2286 1071 2385 1141 qui
2413 1071 2534 1140 ejus
2564 1070 2866 1140 incognitae
2897 1070 3042 1124 fame
3073 1088 3296 1143 semper
3326 1070 3534 1139 arsisti,
3566 1068 3666 1123 scd

1974 1161 2021 1215 si
2067 1161 2173 1231 ipsi
2204 1159 2523 1213 adversario
2554 1163 2672 1226 tuo,
2703 1175 2735 1213 a
2762 1174 2876 1229 quo
2908 1158 3095 1212 nescio
3120 1164 3312 1213 utrum
3342 1159 3473 1229 plus
3504 1173 3663 1212 excr-

1978 1249 2153 1302 cearis
2183 1263 2358 1318 quam
2388 1246 2737 1318 impediaris,
2762 1262 2885 1300 eam
2910 1246 3300 1300 demonstrare
3312 1246 3660 1316 potuissem;

1980 1354 2068 1391 nzn
2099 1337 2192 1391 ille
2213 1342 2270 1390 et
2298 1335 2477 1405 baias,
2505 1339 2562 1389 et
2594 1350 2820 1388 amoena
2848 1334 3108 1405 pomaria
3129 1332 3172 1400 ³,
3215 1338 3270 1387 et
3307 1333 3546 1388 delicata
3574 1331 3663 1385 ni-

1979 1426 2210 1497 tidaque
2239 1424 2515 1491 convivia,
2547 1428 2604 1478 et
2646 1421 2984 1477 domesticos
3021 1422 3348 1488 histriones,
3382 1425 3667 1492 postremo

1981 1513 2261 1585 quidquid
2297 1528 2430 1566 eum
2458 1511 2662 1567 acriter
2690 1515 3011 1565 commovet
3040 1510 3101 1564 in
3128 1524 3515 1581 quascumque
3536 1507 3673 1561 deli-

1981 1603 2112 1666 cias,
2146 1600 2418 1671 abjiciens
2461 1604 2516 1654 et
2541 1599 2892 1670 relinquens,
2927 1598 2991 1653 ad
3025 1598 3145 1669 ejus
3184 1594 3670 1668 pulchritudinem

1982 1690 2222 1745 blandus
2253 1692 2473 1743 amator
2499 1691 2555 1742 et
2574 1692 2821 1752 sanctus,
2843 1686 3078 1751 mirans,
3101 1685 3395 1750 anhelans,
3428 1687 3675 1736 aestuans

1983 1779 2289 1834 advolaret.
2324 1778 2498 1831 Habet
2532 1774 2686 1830 enim
2717 1779 2773 1830 et
2802 1775 2917 1843 ille,
2948 1774 3095 1845 quod
3144 1771 3535 1826 confitendum
3565 1772 3672 1837 est,

1985 1868 2273 1940 quoddam
2312 1867 2482 1920 decus
2525 1863 2721 1930 animi,
2768 1863 2853 1916 vel
2900 1862 3093 1933 potius
3133 1860 3352 1915 decoris
3384 1856 3548 1929 quasi
3586 1871 3673 1909 se-

1985 1959 2237 2011 mentem
2267 1960 2307 2021 ³,
2342 1952 2496 2025 quod
2534 1967 2835 2021 erumpere
2864 1950 2926 2004 in
2953 1965 3145 2023 veram
3188 1944 3675 2019 pulchritudinem

1987 2045 2192 2110 nitens,
2224 2047 2477 2097 tortuose
2507 2057 2571 2094 ac
2600 2037 2932 2094 deformiter
2957 2037 3107 2091 inter
3143 2036 3340 2091 scabra
3382 2034 3671 2095 vitiorum,

1988 2138 2044 2188 et
2072 2133 2222 2187 inter
2245 2129 2580 2203 opinionum
2608 2126 2896 2182 fallacium
2933 2126 3165 2180 dumeta
3205 2120 3509 2179 frondescit
3537 2136 3552 2175 :
3583 2125 3676 2173 ta-

1989 2237 2122 2276 men
2166 2237 2283 2274 non
2307 2222 2485 2273 cessat
2514 2216 2893 2281 frondescere,
2927 2218 2983 2268 et
3011 2212 3206 2284 paucis
3248 2215 3408 2266 acute
3447 2226 3512 2263 ac
3550 2206 3679 2263 dili-

1991 2315 2191 2382 genter
2219 2310 2278 2364 in
2303 2310 2477 2364 densa
2505 2305 2858 2361 intuentibus
2879 2306 3157 2374 quantum
3179 2300 3386 2354 sinitur
3406 2297 3679 2353 eminere.

1990 2398 2129 2453 lude
2160 2400 2243 2452 est
2269 2397 2369 2450 illa
2396 2393 2770 2465 hospitalitas,
2804 2392 2935 2447 inde
2965 2391 3026 2445 in
3068 2388 3338 2444 conviviis
3366 2386 3548 2441 multa
3575 2385 3682 2439 hu-

1994 2484 2283 2541 manitatis
2303 2483 2693 2546 condimenta,
2713 2481 2844 2536 inde
2860 2482 2983 2551 ipsa
3003 2475 3492 2550 elegantia,nitor,
3516 2489 3683 2527 mun-

1995 2572 2228 2628 dissima
2254 2572 2424 2627 facies
2454 2586 2646 2625 rerum
2674 2569 2953 2634 omnium,
2983 2566 3301 2636 etuudique
3331 2566 3531 2619 cuncta
3555 2577 3685 2632 per-

1994 2662 2239 2717 fundens
2268 2660 2620 2715 adumbrata:
2646 2656 2955 2712 venustatis
2985 2654 3295 2709 urbanitas.

1996 2750 2219 2805 CAPUT
2248 2749 2346 2803 III.
2375 2779 2441 2789 —-
2482 2747 2772 2801 Philocalia
2803 2750 2855 2799 ct
2894 2743 3258 2812 Philosophia.
3296 2739 3690 2796 Romanianum

2333 2850 2525 2890 rursus
2554 2835 2628 2888 ad
2651 2833 3053 2903 philosophiam
3081 2829 3340 2884 accendit.

2065 2931 2119 2980 '7.
2180 2923 2491 2979 Philocalia
2560 2922 2666 2975 ista
2714 2921 2883 2990 vulgo
2935 2917 3179 2973 dicitur:
3239 2932 3311 2969 ne
3361 2918 3691 2969 contemnas

1997 3030 2206 3070 nomen
2263 3014 2368 3067 hoc
2418 3027 2485 3065 ex
2539 3009 2695 3080 vulgi
2744 3007 3010 3062 nomine:
3073 3020 3207 3058 nam
3263 3001 3572 3074 philocalia
3637 3004 3693 3053 et

2000 3100 2363 3176 philosophia
2412 3115 2590 3171 prope
2638 3095 2898 3151 similiter
2945 3090 3361 3164 cognominata:
3427 3093 3583 3156 sunt,
3638 3092 3695 3141 et

2002 3173 2162 3262 quasi
2193 3188 2430 3260 gentiles
2462 3191 2482 3224 ⁸
2509 3186 2658 3240 inter
2698 3200 2757 3237 se
2797 3180 2977 3237 videri
3018 3180 3236 3245 volunt,
3269 3182 3327 3231 et
3355 3179 3512 3231 sunt.
3551 3173 3695 3237 Ouid

2003 3286 2089 3336 est
2116 3278 2271 3334 enim
2302 3273 2711 3349 philosophia?
2730 3275 2905 3326 Amor
2934 3267 3246 3340 sapientiai.
3272 3265 3419 3331 Quid
3448 3264 3698 3334 philoca-

2005 3369 2308 3425 lia‘IAmor
2334 3361 2798 3437 pulchritudinis.
2826 3359 3024 3424 Quaere
3047 3358 3117 3411 de
3148 3354 3373 3411 Graecis.
3401 3352 3697 3423 Quidergo

2004 3456 2284 3530 sapientia
2298 3458 2326 3510 ’ἰ
2350 3470 2540 3509 nonne
2561 3451 2687 3523 ipsa
2706 3466 2838 3504 vera
2858 3451 2941 3502 est
2960 3443 3321 3517 pulchritudo
3339 3442 3367 3495 ‘2
3403 3443 3699 3497 Germanic

2004 3546 2191 3618 igitur
2218 3546 2339 3599 ista:
2365 3546 2498 3597 sunt
2526 3555 2780 3612 prorsus,
2813 3541 2869 3591 et
2889 3535 3093 3590 eodem
3122 3536 3360 3604 parente
3390 3533 3700 3602 procreata:

2006 3615 2148 3704 (Ῐιίὸ.
2188 3636 2209 3687 1
2246 3635 2506 3695 Retract.,
2549 3644 2668 3697 cap.
2702 3631 2750 3694 l,
2784 3642 2841 3679 η.
2883 3624 2966 3693 3):
2999 3623 3096 3677 sed
3136 3621 3235 3675 illa
3266 3619 3416 3674 visco
3446 3615 3700 3672 libidinis

2008 3724 2261 3778 detracta
2288 3719 2428 3773 coelo
2459 3734 2583 3783 suo,
2607 3720 2664 3770 et
2688 3714 2906 3768 inclusa
2927 3727 3095 3765 cavea
3116 3706 3400 3780 populari,
3435 3704 3702 3760 viciniam

2008 3816 2201 3865 tamen
2231 3804 2483 3861 nominis
2514 3801 2716 3868 tenuit,
2739 3800 2811 3855 ad
2831 3796 3314 3853 commonendum
3337 3808 3616 3863 aucupem
3629 3808 3700 3846 ne

2010 3916 2067 3954 se
2097 3902 2118 3936 ⁸
2144 3898 2490 3953 contemnat.
2525 3893 2677 3947 Hauc
2698 3888 2872 3960 igitur
2887 3887 3010 3941 sine
3042 3883 3244 3955 pennis
3272 3880 3621 3936 sordidatam
3648 3884 3704 3934 et

2012 3990 2275 4059 egentem
2301 3984 2539 4038 volitans
2567 3980 2744 4033 libere
2774 3991 2936 4031 soror
2966 3989 3116 4045 saepe
3147 3969 3422 4042 agnoscit,
3445 3969 3542 4023 sed
3572 3984 3701 4021 raro

2014 4057 2249 4131 liberat:
2293 4088 2410 4127 non
2450 4068 2604 4124 enim
2647 4063 2951 4139 philocalia
2981 4062 3089 4115 ista
3119 4059 3270 4114 unde
3299 4073 3482 4129 genus
3535 4057 3705 4111 ducat

2014 4162 2286 4235 agnoscit,
2313 4159 2422 4214 nisi
2447 4154 2827 4229 philosophia.
2858 4153 3040 4216 Quam
3070 4154 3249 4204 totam
3271 4147 3521 4235 fabulam
3552 4145 3705 4235 (nam

2015 4231 2200 4307 subito
2248 4249 2489 4320 iEsopus
2536 4246 2715 4300 factus
2772 4241 2918 4312 sum)
2985 4237 3266 4294 Licentius
3301 4234 3405 4289 tibi
3456 4231 3706 4288 carmine

2017 4341 2244 4396 suavius
2271 4334 2577 4392 indicabit:
2606 4336 2773 4404 poeta
2802 4334 2886 4384 est
2907 4328 3060 4384 enim
3072 4341 3218 4398 pene
3232 4321 3534 4394 perfectus.
3562 4321 3705 4391 Ergo

2016 4431 2133 4495 illc,
2166 4428 2212 4483 si
2241 4442 2433 4482 veram
2461 4419 2947 4495 pulchritudinem
2977 4416 3139 4486 cujus
3159 4413 3315 4468 falsae
3346 4413 3566 4464 amator
3600 4410 3705 4477 est,

2018 4516 2229 4574 sanatis
2260 4512 2659 4583 renudatisque
2688 4507 2989 4581 paululum
3037 4501 3213 4559 oculis
3246 4503 3436 4571 posset
3476 4495 3708 4562 intueri,

2018 4609 2233 4678 quanta
2286 4603 2575 4672 voluptate
2615 4593 2993 4669 philosophia:
3022 4588 3241 4663 gremio
3270 4604 3331 4642 se
3359 4585 3712 4640 involverat?

2020 4675 2314 4760 Quomodo
2344 4690 2449 4745 tibi
2476 4692 2531 4742 te
2566 4685 2878 4757 cognitum,
2912 4682 3057 4736 sicut
3098 4692 3295 4732 verum
3323 4675 3559 4729 fratrem
3588 4689 3712 4726 am-

2020 4758 2364 4855 plecteretur
2399 4780 2428 4832 ?
2455 4775 2672 4833 Miraris
2704 4775 2848 4841 haec,
2898 4775 2955 4824 et
2980 4766 3219 4822 forsitan
3267 4760 3625 4826 rides..Quid
3663 4758 3711 4855 si

2022 4847 2143 4927 haec
2172 4869 2513 4940 explicarem
2543 4870 2606 4919 ut
2638 4861 2941 4918 volebam?
2990 4856 3126 4929 quid
3157 4855 3204 4909 si
3246 4854 3448 4907 saltem
3477 4866 3602 4915 vox,
3631 4847 3714 4901 si-

2090 5032 2104 5064 ι
2137 5026 2263 5085 Bad,
2298 5026 2418 5075 Am.
2457 5024 2546 5072 Er.
2583 5025 2636 5071 et
2664 5021 2791 5085 Mss:
2828 5014 3186 5085 quamplures,
3215 5015 3386 5085 ‘afque
3407 5008 3713 5085 castissime.

2027 5070 2416 5150 Paulo—postZ‘i—u
2438 5070 2692 5150 hactenus
2704 5070 2930 5150 vulgtitis
2957 5070 3010 5150 et
3032 5070 3234 5150 aliquot
3260 5070 3715 5150 hlssj_l£gint.l:l_r,.

2028 5135 2463 5221 éééfli‘5_félna;
2512 5135 2926 5221 ξυμᾼὶησοθῖιιιω
2963 5135 3143 5200 fama‘.
3184 5135 3284 5185 Sed
3326 5135 3625 5192 castigatius
3660 5135 3713 5174 in

2028 5206 2143 5262 aliis
2178 5206 2465 5268 codicibus,
2503 5206 2663 5270 fame.
2819 5267 2827 5270 _
2973 5262 2986 5270 _
3200 5258 3211 5268 ,
3329 5255 3526 5270 Van“
3568 5248 3686 5270 Mn,

2090 5252 2990 5343 ἶυυῦἶᾷιῖἑῖξέῖαίιῖᾇιῇὸιηαεηὶα,ινθι
3004 5252 3716 5343 ’ροιηενίαηρῼοξιζιιυρξλὶλξοντξ-

2030 5323 2182 5388 detur
2204 5352 2216 5397 ;
2247 5323 2374 5384 nam
2393 5323 2685 5397 h‘ic‘agitpr-
2698 5326 2970 5397 evidenter
2988 5323 3052 5373 de
3081 5323 3327 5386 pomariis
3343 5329 3459 5378 qua:
3483 5325 3583 5362 vox
3597 5323 3715 5363 sen-

2030 5414 2145 5449 sum
2176 5387 2394 5447 o'mnino
2423 5387 2583 5443 ιιιὶυῶ
2602 5391 2782 5441 habet.
2915 5387 2979 5434 Μ.

2093 5439 2696 5517 ἶ.ςξῆἶᾶἇιῖὶτῖῆιξξιιξιὰ
2725 5452 2843 5500 l’ar.
2876 5449 2958 5497 Er.
2993 5447 3124 5495 Ven.
3165 5443 3285 5493 Lov.
3317 5439 3384 5490 M.

2091 5525 2113 5558 ι
2142 5523 2202 5571 In
2232 5520 2465 5583 quinque
2492 5518 2636 5583 Mss”
2653 5524 2947 5583 germana:

2092 5589 2113 5622 δ
2143 5568 2307 5632 Ῑῖιαῖιη
2332 5568 2485 5644 juxta
2508 5568 2633 5626 Par:
2653 5568 2737 5624 Er.
2768 5574 2895 5621 Ven.
2922 5571 3046 5618 Lov.
3077 5568 3145 5616 Μ.
