4058 6358
138 273 242 325 925

136 397 196 450 in
241 395 666 467 conquisitione
715 396 832 450 veri
883 398 1170 468 explicari.
1214 402 1292 455 Ex
1338 418 1453 472 quo
1496 405 1720 475 conﬁci,
1772 411 1836 462 ut

137 483 288 538 nulli
315 483 491 538 etiam
519 484 605 538 rei
648 485 872 555 sapiens
901 488 1242 542 assentiatur
1270 505 1283 543 :
1337 498 1489 546 erret
1530 492 1685 548 enim
1731 511 1832 549 ne-

136 587 292 625 cesse
319 576 422 639 est,
452 572 610 642 quod
636 573 881 642 sapienti
908 575 1064 628 nefas
1080 581 1184 643 est,
1211 577 1258 630 si
1289 579 1633 636 assentiatur
1662 585 1834 636 rebus

137 658 392 712 incertis.
445 659 511 712 Et
547 658 740 712 omnia
777 658 992 713 incerta
1021 677 1142 717 esse
1174 678 1292 716 non
1319 664 1582 719 dicebant
1624 669 1832 734 solum,

138 762 344 800 verum
375 745 546 800 etiam
585 746 991 817 copiosissimis
1026 745 1044 780 ⁴
1074 749 1395 805 rationibus
1449 753 1832 810 afﬁrmabant.

139 835 250 888 Sed
281 850 478 888 verum
512 849 624 887 non
662 851 829 905 posse
861 837 1292 906 comprehendi,
1325 855 1393 893 ex
1423 840 1520 894 illa
1549 842 1709 896 stoici
1740 847 1836 898 Ze-

141 921 312 976 nonis
343 922 674 976 deﬁnitione
702 922 1009 994 arripuisse
1027 924 1402 995 ,videbantur,
1433 929 1532 998 qui
1558 929 1637 982 ait
1667 929 1724 984 id
1750 947 1840 985 ve-

141 1026 274 1064 rum
294 1009 513 1080 percipi
536 1026 722 1079 posse,
742 1012 898 1082 quod
918 1011 996 1066 ita
1019 1017 1165 1067 esset
1194 1013 1388 1068 animo
1405 1015 1750 1086 impressum
1771 1035 1839 1072 ex

143 1113 210 1152 eo
243 1097 397 1151 unde
439 1101 604 1164 esset,
655 1103 720 1152 ut
761 1115 882 1152 esse
927 1115 1046 1154 non
1083 1107 1276 1170 posset
1319 1119 1388 1156 ex
1433 1119 1499 1157 eo
1537 1105 1688 1158 unde
1720 1122 1839 1158 non

143 1190 307 1240 esset.
341 1185 501 1249 Quod
529 1185 756 1240 brevius
784 1186 1129 1258 planiusque
1170 1189 1250 1242 sic
1281 1188 1506 1256 dicitur,
1539 1191 1628 1245 his
1661 1192 1840 1262 signis

144 1290 345 1328 verum
383 1283 547 1345 poss'e
591 1275 1020 1345 comprehendi,
1078 1293 1207 1347 qua
1263 1277 1426 1347 signa
1477 1295 1595 1333 non
1651 1285 1841 1350 potest

145 1362 360 1416 habere
389 1362 543 1432 quod
570 1361 776 1416 falsum
807 1367 907 1417 est.
941 1365 1054 1416 Hoc
1078 1380 1308 1434 prorsus
1334 1381 1452 1419 non
1485 1383 1650 1437 posse
1680 1369 1838 1423 inve-

145 1449 278 1515 niri,
330 1448 826 1504 vehementissime
876 1453 936 1503 ut
983 1452 1386 1506 convincerent
1433 1453 1836 1509 incubuerunt.

148 1537 287 1590 Inde
333 1537 712 1591 dissensiones
741 1537 1240 1608 philosophorum,
1271 1540 1402 1595 inde
1433 1558 1704 1596 sensuum
1734 1543 1838 1597 fal-

147 1624 328 1691 lacia,
361 1623 491 1678 inde
537 1625 760 1678 somnia
805 1626 1161 1696 furoresque,
1203 1627 1336 1681 inde
1382 1630 1756 1698 pseudomeni
1786 1635 1842 1685 et

147 1713 338 1766 sorita
367 1713 427 1765 in
447 1711 602 1766 illius
628 1729 810 1766 causa
832 1714 1148 1783 patrocinio
1176 1715 1497 1785 viguerunt.
1524 1719 1588 1771 Et
1610 1735 1739 1773 cum
1770 1719 1839 1772 ab

147 1800 355 1855 eodem
404 1801 626 1855 Zenone
668 1801 1034 1872 accepissent,
1082 1801 1228 1856 nihil
1266 1819 1386 1857 esse
1415 1804 1641 1874 turpius
1668 1822 1840 1876 quam

148 1888 398 1958 opinari,
445 1889 811 1942 confecerunt
856 1889 1240 1952 callidissime,
1276 1896 1339 1945 ut
1368 1892 1417 1946 si
1446 1891 1589 1946 nihil
1623 1893 1840 1963 percipi

148 1982 363 2048 posset,
393 1980 450 2031 et
479 1981 623 2030 esset
645 1977 898 2047 opinatio
929 1977 1282 2048 turpissima,
1311 1979 1454 2034 nihil
1479 1996 1734 2052 unquam
1759 1998 1842 2036 sa-

151 2065 312 2136 piens
341 2064 697 2135 approbaret.

224 2155 310 2206 12.
350 2152 492 2206 Hinc
521 2151 602 2205 eis
631 2150 845 2205 invidia
873 2167 1081 2222 magna
1110 2154 1353 2207 conflata
1382 2157 1502 2209 est:
1548 2155 1842 2210 videbatur

152 2237 308 2292 enim
355 2253 476 2291 esse
516 2252 888 2308 consequens,
922 2243 985 2292 ut
1013 2238 1157 2292 nihil
1187 2244 1402 2308 ageret,
1436 2241 1535 2311 qui
1565 2242 1709 2295 nihil
1741 2259 1840 2313 ap-

151 2327 440 2398 probaret.
487 2325 643 2379 Unde
693 2325 1074 2380 dormientem
1128 2343 1375 2397 semper,
1425 2333 1481 2382 et
1523 2330 1843 2384 ofﬁciorum

153 2413 417 2468 omnium
449 2414 819 2481 desertorem,
848 2414 1163 2484 sapientem
1195 2431 1364 2469 suum
1392 2416 1716 2471 Academici
1745 2418 1842 2471 de-

155 2502 402 2556 scribere
433 2501 787 2568 videbantur,
816 2518 987 2572 quem
1008 2503 1151 2556 nihil
1176 2504 1492 2574 approbare
1516 2506 1840 2559 censebant.

153 2590 251 2644 llic
295 2589 380 2642 illi
427 2589 657 2644 inducto
689 2590 941 2660 quodam
985 2591 1291 2660 probabili,
1325 2593 1478 2662 quod
1505 2593 1676 2647 etiam
1704 2594 1844 2647 veri-

152 2677 339 2732 simile
389 2677 785 2743 nominabant,
839 2678 998 2732 nullo
1042 2679 1211 2732 modo
1261 2695 1479 2734 cessare
1528 2681 1845 2752 sapientem

151 2767 219 2821 ab
249 2765 453 2820 ofﬁciis
483 2766 826 2825 asserebant,
870 2783 1001 2820 cum
1039 2767 1272 2821 haberet
1302 2769 1435 2840 quid
1469 2775 1838 2840 sequeretur:

151 2855 357 2910 veritas
408 2860 596 2908 autem
647 2855 762 2908 sive
810 2861 1046 2926 propter
1088 2860 1306 2910 natura
1359 2858 1622 2912 tenebras
1676 2875 1845 2929 quas-

149 2944 303 3012 dam,
346 2941 462 2996 sive
507 2947 744 3013 propter
789 2942 1225 2998 similitudinem
1273 2961 1485 3011 rerum,
1539 2946 1625 2999 vel
1673 2948 1843 3000 obru-

148 3037 226 3098 ta,
278 3031 366 3084 vel
414 3031 644 3085 confusa
689 3030 952 3085 latitaret.
1005 3031 1272 3095 Quamvis
1330 3038 1385 3087 et
1434 3033 1618 3103 ipsam
1669 3035 1843 3088 refre-

147 3119 443 3174 nationem
471 3124 528 3174 et
556 3119 719 3190 quasi
747 3119 1175 3190 suspensionem
1205 3120 1546 3174 assensionis
1579 3137 1843 3192 magnam

146 3223 386 3280 prorsus
413 3205 693 3262 actionem
714 3207 982 3278 sapientis
1007 3224 1126 3262 esse
1156 3208 1435 3264 dicebant.
1470 3210 1674 3264 Videor
1702 3211 1844 3265 mihi

144 3295 400 3350 breviter
443 3298 648 3361 totum,
691 3300 757 3349 ut
795 3295 1042 3362 voluisti,
1076 3296 1420 3366 exposuisse,
1454 3297 1714 3370 nihilque
1754 3315 1842 3353 re-

147 3383 384 3438 cessisse
416 3400 449 3436 a
495 3382 947 3453 prascriptione,
995 3383 1184 3454 Alypi,
1229 3389 1364 3438 tua:
1401 3385 1457 3439 id
1509 3390 1593 3440 est
1642 3387 1842 3456 egisse,

149 3478 215 3526 ut
244 3471 474 3538 dicitur,
525 3472 674 3526 bona
715 3471 844 3526 ﬁde.
877 3471 934 3526 Si
976 3472 1130 3526 enim
1159 3473 1377 3544 aliquid
1405 3474 1493 3527 vel
1524 3491 1640 3528 non
1675 3476 1753 3529 ita
1780 3480 1846 3529 ut

149 3565 234 3615 est
275 3559 414 3624 dixi,
443 3561 531 3614 vel
561 3560 704 3614 forte
736 3576 851 3614 non
880 3559 1034 3627 dixi;
1069 3560 1211 3614 nihil
1244 3561 1534 3616 voluntate
1565 3579 1598 3615 a
1634 3579 1724 3616 me
1763 3563 1844 3617 fa-

149 3655 309 3704 ctum
349 3653 453 3703 est.
503 3649 659 3702 Bona
709 3664 844 3717 ergo
893 3649 1032 3702 ﬁdes
1076 3653 1179 3716 est,
1229 3665 1298 3703 ex
1328 3649 1507 3704 animi
1537 3651 1839 3704 sententia.

150 3738 382 3794 Homini
412 3737 566 3791 enim
610 3737 782 3790 homo
821 3737 992 3791 falsus
1030 3738 1334 3805 docendus,
1367 3739 1534 3792 fallax
1563 3739 1844 3793 cavendus

148 3825 324 3879 debet
341 3823 552 3879 videri:
577 3841 825 3896 quorum
845 3825 1006 3896 prius
1035 3826 1376 3896 magistrum
1399 3827 1636 3896 bonum,
1659 3831 1844 3897 poste-

149 3913 271 3969 rius
302 3913 645 3983 discipulum
675 3917 905 3968 cautum
932 3914 1230 3969 desiderat.

227 4005 313 4056 13.
363 4002 508 4056 Tum
547 4002 815 4072 Alypius:
863 4003 1116 4068 Gratum,
1150 4002 1358 4073 inquit,
1391 4001 1593 4069 habeo,
1628 4017 1756 4056 cum
1787 4007 1842 4056 et

151 4089 406 4144 Licentio
451 4106 484 4144 a
530 4093 585 4143 te
631 4089 979 4144 satisfactum
1011 4095 1114 4158 est,
1154 4093 1210 4144 et
1253 4105 1344 4143 me
1375 4105 1544 4143 onere
1575 4089 1842 4159 imposito

145 4175 434 4230 relevasti.
479 4177 603 4230 Non
663 4176 815 4230 enim
863 4176 1046 4247 magis
1098 4176 1202 4230 tibi
1244 4177 1560 4230 verendum
1598 4181 1739 4242 erat,
1773 4193 1844 4230 ne

147 4264 292 4336 quid
314 4263 640 4335 explorandi
671 4264 783 4318 mei
814 4280 982 4317 causa
1012 4264 1204 4319 minus
1234 4279 1266 4317 a
1295 4269 1348 4318 te
1381 4265 1660 4318 diceretur
1685 4266 1843 4336 (nam

147 4353 264 4408 alio
295 4353 466 4407 modo
507 4353 607 4424 qui
640 4352 765 4406 ﬁeri
807 4352 1088 4423 poterat?)
1122 4368 1294 4423 quam
1325 4352 1485 4419 mihi,
1522 4353 1567 4406 si
1601 4354 1660 4407 in
1694 4369 1844 4424 quo-

147 4455 330 4510 quam
353 4444 409 4492 te
442 4429 684 4510 prodere
706 4438 906 4493 fuisset
935 4455 1182 4492 necesse.
1213 4442 1396 4504 Quare
1428 4439 1588 4506 faxis,
1614 4444 1675 4494 ut
1705 4441 1843 4494 illud

147 4528 311 4599 quod
343 4527 515 4587 deest,
566 4544 678 4581 non
707 4531 824 4580 tam
868 4526 1307 4598 percontationi,
1359 4543 1532 4598 quam
1571 4528 1674 4599 ipsi
1714 4545 1846 4599 per-
1884 4524 1895 4535 ’

148 4615 430 4680 contanti,
463 4615 532 4670 de
562 4616 885 4671 diﬁ'erentia
933 4632 1093 4670 nova
1133 4633 1196 4671 ac
1243 4616 1450 4671 veteris
1497 4617 1840 4683 Academia,

147 4720 224 4758 ne
245 4707 303 4758 te
318 4703 507 4775 pigeat
528 4720 828 4774 exponere.
854 4706 1110 4770 Prorsus,
1142 4703 1402 4774 inquam,
1433 4703 1632 4772 fateor,
1665 4703 1841 4774 piget.

147 4793 339 4856 Quare
368 4791 706 4846 beneﬁcium
735 4792 958 4847 dederis
987 4793 1139 4863 (nam
1171 4796 1230 4846 et
1273 4792 1379 4845 hoc
1409 4792 1560 4862 quod
1595 4807 1843 4845 comme-

147 4895 363 4946 moras,
383 4881 452 4934 ad
476 4895 596 4934 rem
621 4881 861 4935 maxime
885 4881 1167 4952 pertinere
1194 4895 1402 4950 negare
1426 4895 1540 4932 non
1567 4884 1843 4950 possum),

146 4969 197 5023 si
238 4984 332 5022 me
362 4969 662 5038 paululum
690 4969 1152 5040 conquiescente,
1187 4969 1340 5040 apud
1373 4985 1464 5022 me
1495 4968 1845 5038 distinguere

144 5057 257 5111 ista
289 5056 543 5122 nomina,
591 5060 646 5109 et
685 5073 916 5112 causam
945 5073 1107 5111 nova
1147 5057 1467 5112 Academia
1497 5056 1718 5126 aperire
1746 5073 1844 5110 vo-

143 5143 344 5200 lueris.
384 5144 703 5211 Crederem,
738 5145 946 5216 inquit,
998 5161 1090 5200 me
1143 5161 1371 5216 quoque
1419 5162 1453 5198 a
1494 5144 1733 5215 prandio
1791 5149 1846 5198 te

144 5249 384 5290 avocare
431 5233 696 5298 voluisse,
743 5234 801 5286 ni
855 5239 910 5288 te
937 5232 961 5267 ²
990 5233 1172 5304 magis
1215 5251 1248 5287 a
1290 5232 1539 5289 Licentio
1586 5232 1846 5286 territum

144 5323 369 5378 dudum
397 5325 681 5393 putarem,
719 5326 775 5376 et
803 5321 924 5392 ejus
953 5321 1256 5392 postulatio
1281 5323 1358 5376 ita
1388 5321 1550 5376 nobis
1583 5321 1847 5392 prascri-

212 5449 228 5482 1
261 5446 321 5494 In
351 5445 474 5494 Mss.
507 5445 760 5507 quinque,
785 5443 1272 5507 perniciosissimis.

207 5509 228 5544 ε
259 5509 318 5556 ln
343 5509 421 5565 B.,
453 5505 707 5557 ethuxta
735 5519 917 5557 onmes
941 5506 1072 5554 alios
1108 5505 1258 5566 Edd.,
1289 5508 1352 5554 te.
1386 5507 1453 5557 Μ.

1566 281 1782 343 LIBER
1822 285 2218 344 SECUNDUS.

3539 293 3642 349 926

1942 409 2166 478 psisset,
2184 413 2248 464 ut
2276 409 2477 480 eilante
2504 409 2809 480 prandium
2833 408 3114 480 quidquid
3133 409 3302 479 hujus
3329 409 3636 466 involutio-

1943 497 2030 549 nis
2063 500 2224 560 esset,
2259 497 2634 568 expediretur.
2662 500 2726 551 Et
2744 514 2873 552 cum
2903 498 3122 568 reliqua
3139 497 3328 550 dicere
3353 499 3638 567 tenderet,

1944 588 2127 638 mater
2155 589 2348 638 nostra
2375 588 2524 653 (nam
2558 586 2712 640 domi
2733 586 2856 656 jam
2883 586 3128 654 eramus)
3162 585 3242 638 ita
3271 600 3375 638 nos
3406 586 3636 640 trudere

1942 671 2000 726 in
2028 671 2334 742 prandium
2363 672 2554 742 capit,
2578 679 2640 727 ut
2668 675 2838 727 verba
2854 673 3098 727 faciendi
3129 673 3284 726 locus
3313 688 3433 726 non
3461 678 3627 727 esset.

2481 775 2784 812 DISPUTATIO
2825 776 3067 813 SECUNDA
3079 802 3091 814 .

1946 846 2169 899 CAPUT
2207 846 2294 898 VI.
2346 876 2406 883 —
2444 845 2750 900 Academia
2792 861 2939 901 nova
2982 852 3031 900 et
3080 849 3274 900 veteris
3324 846 3634 900 discidium.

2021 935 2104 987 14.
2173 932 2412 1002 Deinde,
2481 949 2614 986 eum
2661 937 2885 986 tantum
2933 935 3336 989 alimentorum
3387 934 3636 1004 accepis-

1947 1034 2156 1085 semus,
2188 1023 2466 1088 quantum
2507 1021 2934 1090 compescenda:
2986 1021 3122 1075 fami
3160 1022 3294 1076 satis
3335 1027 3515 1084 esset;
3572 1021 3639 1075 ad

1945 1111 2173 1175 pratum
2235 1107 2504 1178 regressis
2561 1109 2744 1173 nobis,
2804 1107 3058 1178 Alypius,
3116 1111 3372 1172 Paream,
3431 1109 3638 1178 inquit,

1947 1195 2242 1248 sententia
2273 1200 2408 1257 tua,
2440 1211 2543 1248 nec
2573 1195 2758 1248 ausim
2789 1210 3069 1249 recusare.
3102 1195 3159 1250 Si
3188 1196 3342 1249 enim
3366 1195 3512 1249 nihil
3545 1212 3636 1249 me

1945 1281 2176 1351 fugerit,
2224 1283 2534 1352 gratabor1
2585 1299 2716 1337 cum
2764 1283 3035 1338 doctrina
3090 1288 3224 1350 tua,
3283 1287 3405 1336 tum
3455 1283 3630 1336 etiam

1948 1370 2238 1424 memoria
2259 1387 2420 1424 mea.
2439 1373 2508 1424 At
2530 1371 2577 1424 si
2600 1371 2659 1424 in
2686 1387 2978 1441 quoquam
3007 1371 3243 1425 fortasse
3273 1371 3640 1436 aberravero,

1946 1458 2236 1512 recurabis
2282 1458 2362 1525 id,
2416 1463 2479 1512 ut
2525 1459 2792 1528 deinceps
2839 1459 3172 1529 hujusmodi
3215 1458 3637 1528 delegationem

1947 1561 2063 1598 non
2116 1544 2535 1614 pertimescam.
2591 1547 2761 1600 Nova
2807 1547 3127 1600 Academia
3171 1546 3477 1600 discidium
3517 1562 3635 1598 non

1947 1637 2065 1686 tam
2095 1638 2294 1686 contra
2322 1637 2571 1687 veterem
2602 1639 2961 1704 conceptum,
2995 1650 3167 1704 quam
3193 1638 3392 1688 contra
3423 1634 3640 1688 Stoicos

1949 1721 2193 1774 arbitror
2221 1737 2341 1774 esse
2372 1726 2738 1775 commotum.
2775 1723 2886 1775 Nec
2915 1738 3049 1776 vero
3089 1721 3391 1776 discidium
3421 1726 3507 1774 est
3533 1737 3641 1790 pu-

1947 1808 2208 1873 tandum,
2248 1807 2531 1878 siquidem
2561 1825 2593 1862 a
2629 1811 2850 1861 Zenone
2879 1808 3098 1861 illatam
3135 1823 3336 1861 novam
3369 1806 3639 1877 quastio-

1948 1911 2082 1948 nem
2121 1895 2347 1949 dissolvi
2377 1895 2695 1966 discutique
2725 1896 3040 1965 oportebat.
3076 1896 3217 1948 Nam
3257 1895 3326 1948 de
3355 1910 3472 1948 non
3514 1910 3642 1963 per-

1949 1983 2230 2053 cipiendo,
2264 1983 2522 2053 quamvis
2552 1982 2722 2036 nullis
2753 1983 3268 2037 conflictationibus
3294 1981 3523 2052 agitata,
3557 1979 3641 2033 in-

1950 2072 2138 2124 colens
2185 2076 2378 2126 tamen
2420 2071 2588 2126 etiam
2631 2075 2890 2126 veterum
2919 2071 3390 2125 Academicorum
3421 2073 3641 2122 mentes

1950 2159 2232 2214 sententia
2257 2175 2372 2212 non
2397 2159 2761 2228 impudenter
2791 2160 3114 2214 existimata
3142 2163 3246 2214 est.
3281 2157 3439 2222 Quod
3469 2156 3641 2210 etiam

1951 2247 2128 2317 ipsius
2175 2247 2414 2300 Socratis
2461 2247 2829 2317 Platonisque
2876 2264 2939 2301 ac
2988 2247 3342 2317 reliquorum
3383 2249 3642 2299 veterum

1951 2335 2284 2388 auctoritate
2314 2334 2551 2404 probatu
2595 2333 2757 2390 facile
2788 2340 2893 2402 est,
2930 2335 3029 2404 qui
3060 2350 3117 2388 se
3148 2335 3424 2388 hactenus
3454 2331 3644 2386 credi-

1953 2423 2163 2476 derunt
2202 2423 2271 2476 ab
2303 2438 2494 2476 errore
2528 2438 2692 2492 posse
2730 2422 2980 2491 defendi,
3013 2422 3059 2476 si
3086 2437 3144 2476 se
3175 2421 3487 2476 assensioni
3524 2435 3645 2473 non

1952 2515 2167 2564 temere
2199 2509 2647 2563 commisissent:
2693 2509 2952 2580 quamvis
2994 2508 3285 2580 propriam
3328 2508 3396 2561 de
3438 2506 3544 2559 hac
3585 2521 3645 2558 re

1955 2596 2396 2666 disputationem
2430 2597 2489 2650 in
2519 2597 2738 2650 scholas
2767 2613 2894 2650 suas
2919 2613 3037 2650 non
3066 2595 3508 2660 introduxerint,
3543 2609 3646 2647 nec

1953 2684 2023 2738 ab
2063 2685 2177 2738 illis
2224 2686 2516 2738 enucleate
2565 2684 2875 2754 aliquando
2923 2683 3232 2754 quasitum
3264 2683 3358 2750 sit,
3402 2680 3643 2752 percipi,

1954 2789 2133 2826 necne
2165 2772 2370 2825 veritas
2408 2771 2602 2841 possit.
2635 2771 2798 2834 Quod
2835 2787 2962 2824 cum
2992 2773 3138 2824 Zeno
3171 2770 3310 2824 rude
3341 2785 3404 2823 ac
3430 2784 3643 2822 novum

1952 2859 2256 2925 intulisset,
2315 2859 2797 2929 contenderetque
2841 2858 2982 2911 nihil
3029 2857 3245 2926 percipi
3298 2873 3484 2927 posse,
3535 2855 3645 2909 nisi

1953 2949 2108 3018 quod
2136 2963 2334 3001 verum
2380 2947 2462 3000 ita
2504 2950 2670 3011 esset,
2712 2950 2774 3000 ut
2818 2945 3190 3000 dissimilibus
3234 2944 3386 2998 notis
3427 2960 3461 2998 a
3500 2944 3643 2997 falso

1954 3037 2388 3100 discerneretur,
2439 3050 2624 3104 neque
2671 3033 3060 3104 opinationem
3113 3031 3469 3086 subeundam
3523 3048 3644 3085 esse

1954 3124 2215 3194 sapienti,
2251 3128 2419 3193 atque
2448 3121 2507 3176 id
2535 3123 2853 3176 Archesilas
2884 3122 3110 3176 audiret
3134 3138 3148 3188 ;
3181 3120 3411 3190 negavit
3439 3121 3642 3190 hujus-

1953 3213 2109 3267 modi
2139 3211 2451 3282 quidquam
2475 3227 2639 3282 posse
2670 3211 2738 3264 ab
2781 3209 3016 3264 homine
3046 3207 3308 3280 reperiri,
3344 3224 3532 3278 neque
3559 3207 3646 3262 illi

1955 3299 2238 3372 Opinionis
2268 3299 2563 3368 naufragio
2603 3299 2874 3370 sapientis
2905 3298 3380 3352 committendam
3413 3313 3532 3350 esse
3560 3296 3643 3350 vi-

1953 3392 2092 3443 tam.
2158 3388 2316 3442 Unde
2369 3387 2540 3442 etiam
2593 3387 2889 3454 conclusit,
2945 3386 3091 3441 nulli
3144 3385 3230 3440 rei
3283 3401 3402 3440 esse
3457 3400 3642 3438 assen-

1952 3476 2232 3530 tiendum.

2028 3569 2111 3619 15.
2150 3566 2359 3619 Verum
2384 3580 2514 3618 cum
2541 3564 2619 3618 ita
2647 3579 2736 3617 res
2767 3578 2826 3616 se
2856 3562 3114 3628 haberet,
3147 3566 3213 3615 ut
3240 3564 3404 3614 vetus
3428 3559 3644 3613 Acade-

1952 3652 2068 3706 mia
2100 3653 2281 3722 magis
2301 3658 2481 3717 aucta,
2513 3667 2688 3723 quam
2716 3654 3051 3720 oppugnata
3077 3649 3402 3714 videretur;
3435 3646 3645 3700 exstitit

1953 3740 2208 3793 Philonis
2257 3739 2482 3792 auditor
2531 3738 2860 3803 Antiochus,
2903 3737 3022 3807 qui,
3077 3740 3136 3790 ut
3187 3733 3449 3788 nonnulli
3495 3733 3644 3786 visus

1953 3831 2058 3893 est,
2107 3827 2305 3897 gloria
2347 3826 2606 3897 cupidior
2653 3841 2826 3895 quam
2873 3821 3142 3888 veritatis,
3195 3822 3250 3875 in
3293 3822 3643 3875 simultatem

1954 3915 2190 3970 adduxit
2215 3914 2534 3969 Academia
2559 3913 2856 3982 utriusque
2878 3910 3206 3965 sententias.
3236 3909 3467 3963 Dicebat
3487 3907 3642 3961 enim

1952 4019 2074 4056 rem
2106 4003 2411 4068 insolitam,
2444 4007 2501 4056 et
2525 4001 2594 4055 ab
2618 4000 2888 4071 Opinione
2918 4003 3172 4052 veterum
3203 3996 3642 4050 remotissimam

1950 4091 2312 4144 Academicos
2344 4105 2516 4142 novos
2546 4093 2780 4142 conatos
2805 4087 3094 4140 inducere.
3125 4086 3187 4138 In
3213 4099 3385 4155 quam
3405 4099 3526 4136 rem
3551 4097 3644 4134 ve-

1951 4181 2139 4231 terum
2209 4176 2577 4246 physicorum
2635 4175 2994 4243 aliorumque
3052 4185 3397 4242 magnorum
3454 4168 3640 4239 philo-

1953 4265 2262 4335 sophorum
2283 4263 2627 4334 implorabat
2657 4262 2827 4316 ﬁdem
2852 4278 2865 4327 ;
2897 4260 3047 4330 ipsos
3075 4258 3247 4312 etiam
3276 4255 3644 4311 Academicos

1952 4368 2315 4422 oppugnans,
2368 4352 2467 4423 qui
2519 4368 2577 4406 se
2633 4349 2942 4405 verisimile
2996 4347 3404 4401 contenderent
3456 4343 3639 4414 sequi,

1952 4456 2083 4493 cum
2127 4440 2316 4511 ipsum
2362 4455 2560 4493 verum
2599 4455 2658 4493 se
2690 4437 2951 4508 ignorare
2991 4436 3322 4489 faterentur.
3357 4433 3642 4501 Multaque

1953 4531 2291 4597 argumenta
2326 4527 2654 4599 collegerat,
2706 4526 2914 4597 quibus
2966 4540 3117 4578 nunc
3157 4520 3644 4592 supersedendum

1954 4617 2232 4670 arbitror:
2269 4616 2414 4671 nihil
2442 4622 2637 4670 tamen
2660 4614 2841 4685 magis
2867 4612 3211 4667 defendebat
3247 4626 3419 4681 quam
3443 4624 3643 4663 verum

1952 4706 2245 4775 percipere
2289 4721 2455 4774 posse
2495 4705 2830 4774 sapientem.
2870 4704 3022 4756 Hanc
3068 4704 3207 4770 puto
3241 4699 3392 4753 inter
3428 4697 3641 4752 Acade-

1953 4794 2129 4846 micos
2167 4809 2339 4846 novos
2378 4809 2440 4846 ac
2478 4797 2692 4846 veteres
2721 4787 3164 4844 controversiam
3193 4787 3384 4841 fuisse.
3419 4786 3555 4848 Qua
3595 4784 3642 4836 si

1954 4897 2111 4934 secus
2155 4897 2211 4933 se
2261 4881 2450 4945 habet,
2505 4884 2570 4933 ut
2627 4878 2942 4933 Licentium
2983 4875 3315 4946 plenissime
3354 4873 3639 4930 informes,

1953 4986 2056 5039 pro
2081 4973 2326 5038 utroque
2359 4967 2786 5037 postulaverim.
2835 4965 2892 5019 Si
2920 4980 3051 5018 vero
3098 4963 3177 5016 ita
3219 4967 3325 5029 est,
3358 4966 3424 5015 ut
3455 4960 3640 5013 dicere

1953 5057 2134 5127 potui,
2163 5061 2483 5126 susceptam
2512 5053 2957 5124 disputationem
2988 5050 3264 5121 peragite.

2061 5145 2283 5198 CAPUT
2317 5144 2433 5196 VII.
2464 5171 2534 5182 —-
2561 5142 2838 5196 Adversus
2868 5140 3237 5194 Academicos.

2031 5235 2113 5285 16.
2175 5232 2318 5284 Tum
2374 5245 2515 5300 ego:
2584 5228 2888 5293 Quamdiu,
2953 5227 3212 5296 inquam,
3291 5218 3522 5287 Licenti,
3578 5216 3639 5268 in

1954 5320 2062 5375 isto
2110 5323 2306 5373 nostro
2362 5318 2622 5388 longiore
2675 5333 2847 5387 quam
2896 5315 3167 5386 putabam
3207 5322 3463 5364 sermone
3502 5320 3639 5359 con-

1956 5406 2195 5476 quiescis
2215 5407 2241 5460 ?
2271 5405 2491 5460 Audisti
2531 5405 2630 5475 qui
2659 5404 2770 5456 sint
2805 5398 3126 5456 Academici
3157 5395 3290 5452 tui?
3319 5397 3387 5448 At
3416 5392 3510 5446 ille
3541 5407 3638 5454 ves

2020 5506 2034 5537 ί
2063 5503 2144 5551 Sic
2179 5505 2300 5551 Mss.
2329 5505 2392 5553 At
2418 5503 2566 5559 Edd.,
2595 5499 2927 5565 gratulabor.
