4058 6356
409 303 508 355 927

412 420 660 475 recunde
711 419 984 485 arridens,
1033 424 1088 473 et
1133 419 1486 488 aliquantum
1523 417 1629 470 hac
1665 416 2094 487 compellatione

414 507 730 564 turbatior:
768 508 1009 562 Pcenitet
1039 523 1148 574 me,
1185 506 1392 576 inquit,
1441 510 1736 576 tantopere
1784 506 2094 560 afﬁrmasse

415 600 615 650 contra
641 595 990 665 Trygetium,
1022 595 1245 648 beatam
1273 592 1447 646 vitam
1483 593 1544 646 in
1570 593 1822 647 veritatis
1861 592 2096 663 inquisi-

414 683 571 738 tione
601 684 924 736 consistere.
961 683 1101 735 Nam
1141 697 1231 734 me
1261 681 1367 734 ista
1396 681 1633 750 quaestio
1663 681 1744 734 ita
1781 681 2094 752 perturbat,

419 777 484 825 ut
511 771 601 824 vix
631 787 744 824 non
777 771 946 824 miser
974 769 1103 838 sim,
1140 770 1237 839 qui
1265 774 1414 822 certe
1443 769 1619 834 vobis,
1652 770 1697 822 si
1726 769 1864 839 quid
1891 768 2097 822 huma-

420 859 612 914 nitatis
645 857 858 928 geritis,
903 857 1097 911 videor
1134 857 1508 911 miserandus.
1541 857 1658 924 Sed
1689 857 1826 927 quid
1856 873 1947 910 me
1977 856 2097 925 ipse

416 947 644 1016 ineptus
672 944 860 998 crucio
885 944 914 997 ‘l
943 949 1040 998 aut
1069 945 1205 1016 quid
1238 947 1512 999 exhorreo
1541 949 1699 999 tanta
1726 961 1910 998 causa;
1939 944 2098 998 boni-

416 1039 530 1087 tate
561 1031 880 1086 subnixus?
910 1035 1147 1086 Prorsus
1182 1049 1296 1086 non
1330 1034 1525 1087 cedam
1556 1033 1664 1086 nisi
1691 1032 1934 1086 veritati.
1967 1032 2100 1085 Pla-

419 1124 642 1185 eentne,
691 1119 950 1189 inquam,
1000 1118 1106 1173 tibi
1164 1120 1298 1172 novi
1352 1118 1716 1174 Academici?
1761 1119 2098 1185 Plurimum,

418 1208 624 1278 inquit.
647 1209 790 1277 Ergo
811 1222 1009 1261 verum
1033 1207 1297 1260 videntur
1317 1207 1419 1261 tibi
1440 1207 1624 1260 dicere
1645 1210 1674 1260 ?
1694 1209 1834 1260 Tum
1857 1207 1951 1260 ille
1970 1223 2100 1260 cum

413 1298 533 1366 jam
566 1302 713 1350 esset
743 1311 1092 1360 assensurus,
1128 1296 1402 1348 arrisione
1432 1295 1621 1365 Alypii
1651 1295 1868 1349 cautior
1899 1295 2098 1360 factus,

421 1385 586 1438 haesit
619 1384 996 1454 aliquantum.
1031 1385 1096 1438 Et
1123 1383 1364 1438 deinde:
1406 1384 1641 1454 Repete,
1689 1383 1897 1454 inquit,
1939 1400 2102 1453 roga-

418 1473 758 1527 tiunculam.
799 1473 1102 1539 Verumne,
1143 1471 1399 1542 inquam,
1441 1471 1543 1525 tibi
1587 1471 1848 1525 videntur
1887 1472 2102 1526 Acade-

421 1560 549 1614 mici
581 1559 808 1612 dicere?
856 1561 920 1613 Et
962 1576 1191 1613 rursum
1234 1575 1362 1613 cum
1408 1559 1504 1613 diu
1545 1560 1845 1613 tacuisset:
1882 1561 2102 1628 Utrum,

420 1648 514 1711 ait,
548 1663 747 1700 verum
786 1647 879 1713 sit,
925 1646 1114 1701 nescio
1145 1664 1156 1700 :
1207 1646 1503 1717 probabile
1543 1651 1627 1700 est
1664 1650 1878 1700 tamen.
1914 1648 2105 1717 Neque

419 1735 570 1789 enim
617 1735 745 1805 plus
797 1735 957 1788 video
1001 1734 1152 1804 quod
1199 1750 1421 1804 sequar.
1473 1733 1790 1802 Probabile,
1846 1734 2104 1804 inquam,

421 1822 602 1877 scisne
625 1821 692 1875 ab
724 1821 860 1891 ipsis
889 1821 1059 1876 etiam
1082 1821 1387 1875 verisimile
1416 1820 1740 1874 nominari?
1767 1822 1871 1888 Ita,
1897 1821 2106 1891 inquit,

419 1911 662 1964 videtur.
699 1911 865 1980 Ergo,
888 1911 1146 1981 inquam,
1175 1909 1498 1963 verisimilis
1528 1914 1612 1962 est
1641 1908 2106 1962 Academicorum

420 1998 718 2052 sententia.
753 2000 854 2064 Ita,
898 1997 1112 2069 inquit.
1149 2000 1272 2052 Jam
1324 2013 1514 2068 quaeso
1563 1997 1808 2064 attende,
1848 1997 2104 2068 inquam,

423 2085 776 2156 diligentius.
826 2085 883 2138 Si
930 2067 1237 2155 quisquam
1283 2086 1516 2138 fratrem
1569 2089 1732 2138 tuum
1769 2083 1954 2137 visum
2005 2101 2106 2154 pa-

422 2172 526 2227 tris
552 2172 635 2226 tui
664 2172 906 2225 similem
935 2188 1054 2225 esse
1080 2172 1342 2230 afﬁrmet,
1376 2171 1679 2242 ipsumque
1699 2176 1862 2225 tuum
1888 2177 2109 2242 patrem

426 2276 543 2314 non
574 2258 827 2325 noverit;
860 2275 1051 2312 nonne
1089 2258 1192 2311 tibi
1222 2259 1472 2325 insanus,
1506 2265 1604 2312 aut
1633 2259 1862 2328 ineptus
1891 2258 2107 2313 videbi-

423 2353 519 2401 tur
538 2350 564 2400 ‘2
592 2348 657 2400 Et
699 2347 788 2399 hic
818 2346 913 2400 diu
958 2346 1153 2400 tacuit.
1196 2348 1337 2400 Tum
1367 2347 1466 2412 ait,
1501 2349 1624 2400 Non
1651 2347 1792 2400 mihi
1819 2348 1924 2401 hoc
1953 2346 2111 2401 vide-

425 2440 518 2488 tur
545 2435 876 2488 absurdum.

503 2526 586 2576 t7.
622 2521 723 2576 Cui
754 2538 859 2590 ego
891 2537 1018 2574 cum
1069 2521 1414 2591 respondere
1454 2522 1748 2592 cmpissem
1775 2543 1789 2590 ;
1820 2522 2109 2593 Exspecta,

427 2608 641 2679 inquit,
669 2625 882 2679 quaeso,
911 2610 1227 2679 paululum.
1261 2613 1340 2663 Ac
1363 2613 1493 2680 post
1522 2609 1795 2675 arridens,
1825 2610 1922 2663 Dic
1947 2610 2109 2664 mihi.

431 2697 528 2763 ait,
554 2712 653 2750 oro
681 2701 755 2763 te,
775 2696 970 2766 jamne
997 2702 1181 2750 certus
1203 2714 1260 2750 es
1290 2698 1357 2751 de
1379 2697 1613 2751 victoria
1633 2697 1765 2751 tua?
1793 2697 1936 2750 Tum
1967 2714 2070 2768 ego
2096 2712 2109 2750 :

436 2785 540 2838 Fac
584 2799 698 2843 me,
747 2784 1006 2854 inquam,
1038 2789 1251 2838 certum
1286 2801 1443 2838 esse:
1498 2801 1613 2838 non
1656 2784 1784 2837 ideo
1825 2788 2018 2838 tamen
2051 2790 2115 2838 tu

430 2887 656 2925 causam
688 2876 842 2925 tuam
875 2871 1043 2926 debes
1075 2872 1348 2935 deserere,
1388 2871 1699 2942 praesertim
1730 2887 1858 2925 cum
1887 2871 2006 2925 haec
2033 2871 2114 2924 in-

435 2964 523 3013 ter
550 2976 652 3013 nos
681 2959 985 3030 disputatio
1018 2966 1276 3030 suscepta
1302 2961 1373 3013 sit
1411 2960 1706 3014 exercendi
1728 2959 1810 3012 tui
1841 2975 2030 3024 causa,
2061 2965 2118 3013 et

431 3048 501 3102 ad
559 3049 913 3102 elimandum
951 3049 1206 3102 animum
1247 3049 1608 3120 provocandi.
1662 3048 2113 3118 Numquidnam,

428 3136 638 3206 inquit,
671 3141 769 3190 aut
798 3136 1163 3190 Academicos
1190 3136 1325 3206 legi,
1376 3141 1473 3189 aut
1511 3141 1592 3190 tot
1636 3135 1950 3206 disciplinis
1981 3151 2118 3188 eru—

431 3224 583 3278 ditus
605 3239 754 3292 sum,
775 3223 984 3294 quibus
1010 3229 1070 3276 tu
1105 3225 1171 3278 ad
1194 3240 1284 3277 me
1306 3223 1614 3277 instructus
1643 3224 1954 3276 adventas?
1984 3227 2118 3275 Aca-

432 3311 699 3376 demicos,
727 3311 984 3380 inquam,
1039 3327 1144 3364 nec
1191 3310 1275 3364 illi
1317 3311 1570 3378 legerant
1607 3327 1640 3363 a
1686 3311 1892 3380 quibus
1930 3309 2117 3379 primo

433 3399 715 3452 sententia
743 3399 847 3452 ista
887 3399 1118 3453 defensa
1147 3407 1248 3453 est.
1285 3399 1533 3453 Eruditio
1567 3404 1756 3452 autem
1796 3399 2117 3469 disciplina-

433 3501 679 3555 rumque
705 3485 868 3555 copia
895 3485 941 3538 si
969 3491 1024 3538 te
1053 3485 1259 3552 deficit,
1287 3501 1402 3539 non
1430 3502 1610 3556 usque
1639 3486 1780 3539 adeo
1808 3489 2002 3539 tamen
2031 3485 2118 3539 in-

435 3572 670 3642 genium
710 3577 872 3626 tuum
911 3590 1030 3627 esse
1078 3573 1245 3627 debet
1289 3573 1627 3640 invalidum,
1671 3577 1737 3627 ut
1766 3573 1925 3627 nullo
1973 3573 2120 3627 facto

437 3661 656 3731 impetu
687 3661 1043 3730 paucissimis
1074 3661 1259 3716 verbis
1289 3661 1431 3714 meis
1460 3661 1966 3732 rogationibusque
1997 3678 2120 3716 suc-

435 3748 686 3803 cumbas.
722 3750 864 3804 lllud
913 3750 1067 3804 enim
1099 3751 1221 3821 jam
1264 3750 1445 3804 vereri
1487 3749 1652 3821 ccepi,
1702 3767 1771 3803 ne
1813 3749 1915 3804 tibi
1958 3751 2123 3804 citius

437 3854 608 3909 quam
647 3839 774 3892 volo
818 3839 1081 3892 succedat
1117 3839 1353 3909 Alypius
1393 3855 1505 3908 quo
1537 3839 1859 3893 adversario
1898 3855 2011 3892 non
2043 3839 2124 3893 ita

437 3943 667 3980 securus
734 3927 1057 3980 deambulo.
1119 3929 1263 3998 Ergo
1321 3927 1559 3992 utinam,
1594 3927 1782 3998 inquit
1823 3927 1939 3996 ille,
2004 3929 2123 3998 jam

437 4014 648 4076 vincar,
681 4019 745 4068 ut
774 4015 1082 4085 aliquando
1104 4032 1200 4068 vos
1232 4015 1459 4069 audiam
1494 4015 1853 4082 disserentes,
1888 4021 1944 4069 et
1971 4017 2123 4086 quod

436 4103 564 4172 plus
611 4108 713 4168 est,
750 4102 1012 4169 videam;
1061 4119 1174 4172 quo
1207 4104 1348 4157 mihi
1391 4104 1710 4173 spectaculo
1757 4103 1900 4156 nihil
1942 4109 2127 4174 potest

435 4189 656 4244 felicius
680 4190 956 4244 exhiberi.
990 4193 1129 4243 Nam
1160 4191 1433 4260 quoniam
1463 4191 1850 4260 placuitvobis
1871 4191 1978 4244 ista
1996 4192 2124 4245 fun-

442 4277 595 4345 dere,
625 4277 817 4346 potius
856 4294 1024 4348 quam
1057 4279 1344 4332 ell‘undere
1370 4295 1384 4344 ;
1416 4279 1698 4348 siquidem
1729 4295 1824 4332 ore
1862 4295 2124 4349 prorum-

442 4363 632 4434 pentia
676 4363 802 4417 stilo
853 4364 1128 4434 excipitis,
1173 4381 1277 4418 nec
1307 4365 1368 4418 in
1405 4369 1637 4431 terram,
1671 4370 1734 4418 ut
1762 4366 1989 4432 dicitur,
2030 4383 2123 4421 ca-

440 4452 574 4506 dere
617 4451 832 4519 sinitis;
878 4453 1067 4522 legere
1110 4452 1280 4506 etiam
1323 4469 1423 4506 vos
1471 4452 1747 4507 licebit‘:
1794 4455 1892 4508 sed
1935 4457 2125 4509 nescio

441 4539 748 4608 quomodo,
795 4556 924 4593 cum
969 4541 1346 4594 admoventur
1385 4539 1562 4594 oculis
1604 4540 1781 4594 iidem
1827 4541 1934 4611 ipsi
1987 4559 2126 4613 quos

440 4625 592 4679 inter
612 4644 797 4682 sermo
819 4629 1054 4682 caeditur
1085 4626 1109 4662 ²
1134 4649 1148 4696 ;
1173 4630 1321 4682 bona
1351 4628 1659 4699 disputatio
1692 4629 1737 4682 si
1768 4645 1880 4682 non
1908 4629 2123 4698 utilius,

440 4719 497 4767 at
526 4720 674 4769 certe
699 4716 880 4771 lmtius
906 4718 1194 4787 perfundit
1225 4718 1498 4771 animum.

517 4807 599 4857 t8.
647 4805 878 4858 Gratum
924 4806 1221 4872 habemus,
1264 4806 1497 4877 inquam
1528 4823 1541 4872 ;
1574 4807 1669 4860 sed
1699 4806 2000 4877 repentina
2023 4807 2130 4861 ista

436 4890 646 4961 gaudia
677 4896 772 4945 tua
801 4897 1013 4947 temere
1055 4894 1215 4948 illam
1267 4895 1608 4949 sententiam
1653 4896 1890 4949 evadere
1935 4912 2130 4966 coege-

442 4982 597 5043 runt,
645 4995 758 5049 qua
789 4980 997 5046 dixisti,
1032 4983 1257 5035 nullum
1305 4982 1407 5036 tibi
1458 4985 1838 5054 spectaculum
1881 4985 2132 5038 exhiberi

437 5083 602 5138 posse
635 5065 880 5121 felicius.
920 5067 1064 5131 Quid
1095 5069 1140 5122 si
1172 5069 1324 5123 enim
1351 5070 1513 5124 illum
1543 5076 1764 5141 patrem
1799 5075 1984 5135 tuum,
2017 5088 2129 5142 quo

438 5156 692 5227 profecto
739 5171 907 5209 nemo
933 5156 1358 5226 philosophiam
1392 5163 1474 5212 est
1503 5164 1631 5229 post
1660 5165 1775 5213 tam
1809 5161 2038 5229 longam
2069 5161 2131 5214 si-

507 5273 521 5305 ¹
553 5270 766 5332 Aliquot
791 5271 878 5329 M.,
906 5270 1048 5320 vobis
1076 5269 1265 5332 licebit.

505 5334 526 5398 ξ’
555 5331 669 5380 Am.
695 5333 867 5398 Er.__et
898 5333 1040 5398 Lo_v.,
1073 5331 1281 5398 ccli/ur;
1296 5331 1392 5398 sed
1413 5334 1559 5398 Mss,
1579 5334 1742 5398 nullg
1759 5334 1864 5384 fere
1893 5339 2128 5398 excepto,

440 5393 654 5448 habent,
686 5395 921 5443 cazdilur.
959 5395 1033 5442 lta
1062 5394 1220 5442 etiam
1254 5394 1375 5441 Bad.
1412 5395 1620 5443 Phrasis
1654 5409 1684 5443 a
1707 5396 1948 5445 Terentio
1976 5393 2129 5445 uéur-

443 5460 560 5517 pata
588 5460 668 5504 est
698 5456 749 5503 in
791 5458 975 5505 Heaut.
1006 5461 1102 5503 act.
1134 5459 1180 5514 2,
1211 5470 1352 5504 scen.
1377 5459 1403 5504 3
1429 5471 1440 5504 :
1486 5473 1512 5501 α
1542 5458 1732 5506 Verum
1771 5458 1969 5508 interea
2003 5459 2127 5506 dum

442 5530 713 5564 sermones
743 5519 1011 5566 caedimus.
1057 5537 1079 5557 ι»

1487 294 1769 350 CONTRA
1807 289 2278 358 ACADEMICOS,
2331 292 2384 345 S.
2445 286 2826 346 AUGUSTINI

3798 289 3907 340 928

2203 415 2308 468 tim
2337 415 2649 468 hausturus
2681 411 2998 480 ardentius,
3047 410 3342 464 nobiscum
3389 410 3497 464 ista
3541 414 3907 482 qnazrentem

2203 513 2268 552 ac
2297 497 2666 552 disserentem
2699 496 2952 562 videbis;
2987 513 3117 551 cum
3165 512 3270 566 ego
3321 512 3413 550 me
3459 497 3908 551 fortunatiorem

2202 602 2499 656 nunquam
2533 585 2766 656 putabo,
2815 584 2952 656 quid
3000 590 3054 639 te
3101 585 3332 638 tandem
3368 585 3577 638 sentire
3617 601 3686 642 ac,
3713 585 3910 640 dicere

2204 674 2470 728 convenit.
2487 676 2516 728 ?
2547 674 2646 727 Hic
2671 689 2803 726 vero
2827 673 2922 727 ille
2944 673 3308 742 aliquantum
3338 672 3685 742 lacrymavit,
3719 677 3778 726 et
3803 672 3912 725 ubi

2203 761 2361 831 loqui
2397 759 2604 831 potuit,
2659 764 2922 830 porrecta
2968 777 3144 813 manu
3185 761 3390 814 ccelum
3438 759 3799 830 suspiciens:
3843 761 3914 813 Et

2205 850 2435 918 quando
2474 865 2599 918 ego,
2631 848 2839 918 inquit,
2882 850 3047 914 Deus,
3078 849 3187 902 hoc
3215 847 3467 901 videbo?
3495 849 3594 902 sed
3635 848 3780 901 nihil
3819 852 3913 900 est

2205 936 2274 990 de
2306 941 2359 990 te
2389 936 2824 1006 desperandum.
2862 935 2963 989 Hic
3006 951 3136 989 cum
3178 951 3324 1006 pene
3367 951 3564 989 omnes
3609 935 3678 990 ab
3707 937 3909 990 inten-

2205 1024 2362 1078 tione
2407 1024 2810 1094 disputationis
2853 1024 3072 1078 remitti
3102 1024 3161 1077 in
3205 1025 3481 1093 lacrymas
3510 1024 3912 1095 coepissemus,

2207 1113 2497 1166 obluctans
2528 1129 2774 1180 mecum,
2824 1118 2880 1166 et
2927 1112 3019 1166 vix
3050 1128 3139 1168 me
3178 1112 3487 1182 colligens:
3529 1115 3648 1183 Age
3686 1113 3908 1183 potius,

2209 1200 2463 1270 inquam,
2498 1205 2555 1254 et
2570 1201 2629 1254 in
2647 1201 2794 1254 vires
2814 1205 2940 1254 tuas
2964 1200 3082 1254 redi
3109 1221 3123 1267 ;
3147 1217 3284 1271 quas
3303 1207 3366 1254 ut
3387 1217 3728 1272 congereres
3748 1201 3913 1254 unde

2208 1289 2361 1342 unde
2392 1305 2606 1358 posses,
2641 1293 2916 1359 patronus
2939 1287 3261 1342 Academias
3287 1288 3534 1354 futurus,
3569 1289 3738 1358 longe
3769 1292 3913 1341 ante

2208 1392 2547 1430 monueram
2572 1393 2585 1429 :
2619 1393 2735 1429 non
2765 1377 2970 1447 opinor
2998 1376 3126 1430 ideo
3155 1381 3218 1430 ut
3243 1377 3410 1430 modo
3434 1381 3557 1431 ante
3587 1377 3770 1431 tubam
3802 1382 3915 1429 treb

2209 1481 2326 1519 mor
2362 1469 2576 1533 occupet
2605 1470 2758 1519 artus
2789 1465 2996 1533 (Encid
3044 1465 3138 1519 lib.
3182 1469 3266 1526 lt,
3300 1482 3354 1518 v.
3392 1467 3519 1534 424)
3545 1485 3560 1531 ;
3591 1469 3690 1517 aut
3716 1468 3783 1517 ut
3822 1464 3914 1516 vi-

2212 1553 2399 1606 sendas
2427 1552 2627 1605 alienae
2654 1567 2862 1622 pugnzr
2886 1552 3191 1614 desiderio,
3220 1557 3336 1606 tam
3366 1553 3474 1605 cito
3508 1557 3562 1605 te
3593 1556 3753 1622 optes
3781 1568 3913 1604 esse

2213 1641 2518 1712 captivum.
2547 1640 2646 1693 Hic
2677 1640 2992 1709 Trygetius,
3022 1638 3121 1693 ubi
3143 1639 3276 1692 satis
3302 1639 3542 1692 attendit
3563 1639 3687 1709 jam
3715 1641 3918 1692 vultus

2214 1732 2435 1782 nostros
2477 1733 2802 1781 serenatos:
2853 1727 3060 1791 Quidni
3108 1726 3213 1780 iste
3261 1731 3437 1796 optet,
3483 1726 3689 1796 inquit,
3731 1727 3915 1780 homo

2214 1820 2332 1870 tam
2378 1820 2623 1881 sanctus,
2665 1820 2729 1868 ut
2763 1816 2871 1869 hoc
2915 1815 2968 1869 ei
3011 1816 3160 1868 Deus
3201 1819 3334 1869 ante
3364 1819 3492 1868 vota
3519 1814 3918 1868 concesserit?

2217 1905 2391 1959 Crede
2418 1904 2560 1974 jam,
2613 1903 2859 1970 Licenti;
2890 1919 3022 1957 nam
3072 1902 3172 1973 qui
3216 1919 3333 1956 non
3372 1902 3592 1956 invenis
3634 1902 3775 1972 quid
3819 1919 3915 1956 re-

2215 1992 2511 2063 spondeas,
2561 1997 2617 2045 et
2659 1992 2843 2045 adhuc
2893 1997 2952 2045 ut
3009 1990 3236 2045 vincere
3289 1997 3468 2062 optas,
3525 2007 3715 2061 parva:
3772 1989 3916 2044 ﬁdei

2216 2079 2357 2134 mihi
2404 2079 2631 2133 videris.
2690 2079 3020 2134 Arrisimus.
3080 2081 3222 2133 Tum
3276 2079 3590 2134 Licentius:
3648 2081 3915 2149 Loquere

2215 2167 2434 2234 beatus,
2487 2167 2693 2238 inquit,
2741 2183 2856 2220 non
2911 2167 3252 2221 inveniendo
3300 2183 3520 2234 verum,
3579 2167 3678 2220 sed
3732 2171 3913 2231 certe,

2217 2271 2331 2309 non
2361 2256 2692 2325 quaarendo.
3717 2265 3720 2269 ‘

2294 2347 2377 2397 19.
2423 2344 2543 2407 Qua
2573 2342 2859 2397 hilaritate
2900 2343 3452 2397 adolescentulorum
3485 2359 3614 2396 cum
3654 2358 3918 2396 essemus

2218 2431 2499 2496 latiores;
2543 2431 2801 2498 Attende,
2843 2431 3100 2500 inquam,
3133 2430 3512 2501 rogationem,
3556 2434 3611 2483 et
3655 2431 3715 2484 in
3755 2430 3916 2484 viam

2218 2518 2341 2573 redi
2370 2517 2592 2572 ﬁrmior
2621 2523 2676 2572 et
2707 2518 3007 2582 valentior,
3042 2517 3086 2570 si
3119 2524 3294 2588 potes.
3332 2519 3412 2571 En
3443 2519 3665 2587 adsum,
3694 2518 3914 2589 inquit,

2223 2611 2500 2676 quantum
2529 2622 2781 2675 possum.
2818 2606 2964 2669 Quid
2992 2606 3145 2659 enim
3187 2605 3234 2658 si
3273 2605 3369 2659 ille
3399 2606 3586 2659 fratris
3616 2605 3731 2660 mei
3761 2607 3920 2660 visor

2222 2696 2374 2748 fama
2401 2699 2759 2763 compertum
2813 2695 3020 2748 habeat
3060 2711 3193 2748 eum
3245 2710 3365 2749 esse
3416 2694 3664 2749 similem
3711 2696 3918 2765 patris,

2222 2787 2406 2853 potest
2432 2782 2666 2836 insanus
2703 2787 2801 2835 aut
2833 2782 3058 2853 ineptus
3088 2799 3230 2847 esse,
3276 2783 3321 2835 si
3347 2783 3568 2837 credit?
3596 2783 3918 2851 Stultusne,

2223 2871 2480 2941 inquam,
2533 2871 2731 2923 saltem
2762 2869 2872 2924 dici
2919 2870 3150 2940 potest?
3199 2871 3321 2924 Non
3363 2871 3653 2936 continuo,
3703 2871 3920 2942 inquit,

2227 2960 2335 3013 nisi
2383 2975 2441 3013 se
2486 2959 2544 3012 id
2583 2958 2725 3012 scire
2755 2958 3124 3012 contenderit.
3159 2959 3298 3012 Nam
3331 2958 3378 3011 si
3407 2964 3468 3012 ut
3496 2958 3790 3028 probabile
3825 2977 3920 3012 se-

2226 3048 2422 3118 quitur
2451 3047 2607 3118 quod
2653 3047 2850 3100 crebra
2878 3047 3030 3100 fama
3053 3047 3302 3117 jactavit,
3334 3047 3548 3101 nullius
3574 3047 3926 3102 temeritatis

2225 3134 2388 3205 argui
2421 3138 2626 3204 potest.
2661 3136 2802 3190 Tum
2847 3151 2984 3206 ego:
3029 3136 3171 3188 Rem
3201 3134 3385 3204 ipsam
3415 3135 3708 3206 paulisper
3735 3137 3925 3190 consi-

2225 3224 2509 3285 deremus,
2543 3226 2598 3276 et
2627 3223 2790 3293 quasi
2822 3227 2952 3276 ante
2983 3224 3173 3276 oculos
3203 3225 3631 3278 constituamus.
3665 3225 3805 3278 Eece
3833 3225 3926 3278 fac

2225 3311 2389 3364 illum
2419 3311 2609 3365 nescio
2637 3327 2809 3380 quem
2839 3310 3131 3364 hominem
3165 3328 3335 3380 quem
3367 3311 3762 3378 describimus,
3795 3329 3923 3367 esse

2226 3403 2603 3469 praesentem:
2645 3399 2872 3453 advenit
2916 3399 3174 3453 alicunde
3206 3399 3379 3454 frater
3427 3405 3599 3466 tuus;
3647 3399 3727 3454 ibi
3768 3400 3920 3455 iste:

2229 3487 2400 3558 Cujus
2437 3487 2530 3541 hic
2558 3503 2702 3558 puer
2747 3488 2945 3541 ﬁlius?
2979 3488 3413 3558 Respondetur:
3445 3488 3770 3558 ,Cujusdam
3803 3491 3922 3545 Ro-

2229 3574 2503 3628 maniani.
2538 3578 2608 3628 At
2626 3575 2717 3628 hic
2737 3592 2750 3629 :
2769 3576 2948 3639 Quam
2975 3575 3125 3646 patri
3146 3575 3347 3629 similis
3368 3581 3453 3630 est
3480 3582 3492 3630 1
3526 3593 3701 3648 quam
3731 3579 3800 3632 ad
3828 3595 3925 3633 me

2230 3663 2337 3717 hoc
2366 3680 2482 3717 non
2529 3668 2740 3717 temere
2788 3664 2941 3718 fama
2992 3664 3302 3719 detulerat!
3366 3665 3464 3718 Hic
3517 3670 3600 3731 tu,
3649 3667 3750 3720 vel.
3791 3669 3927 3738 quis

2232 3751 2411 3806 alius:
2466 3751 2621 3806 Nosti
2667 3751 2818 3806 enim
2871 3752 3310 3818 Romanianum,
3349 3753 3497 3807 bone
3544 3755 3764 3809 homo?
3797 3757 3929 3810 Non

2232 3840 2387 3906 novi,
2435 3839 2658 3911 inquit:
2699 3845 2892 3894 tamen
2933 3826 3135 3895 similis
3164 3841 3286 3912 ejus
3312 3841 3452 3896 mihi
3478 3842 3719 3898 videtur.
3754 3845 3928 3898 Pote-

2234 3929 2384 3982 ritne
2424 3928 2726 3999 quisquam
2774 3927 2956 3982 risum
2998 3930 3236 3984 tenere?
3271 3931 3437 3984 Nullo
3478 3931 3672 3996 modo,
3713 3931 3927 4003 inquit.

2234 4019 2399 4088 Ergo,
2431 4017 2689 4087 inquam,
2723 4017 2860 4086 quid
2906 4022 3174 4087 sequatur
3217 4017 3390 4072 vides.
3431 4018 3799 4083 Iamdudum,
3837 4020 3930 4074 in-

2233 4105 2375 4176 quit,
2409 4105 2606 4160 video.
2661 4105 2767 4159 Sed
2813 4109 3003 4158 tamen
3056 4105 3222 4158 istam
3266 4105 3684 4160 conclusionem
3725 4108 3826 4160 abs
3875 4114 3932 4162 te

2237 4193 2436 4247 audire
2482 4193 2646 4247 volo:
2697 4197 2922 4262 oportet
2956 4193 3124 4246 enim
3169 4194 3319 4247 alere
3351 4193 3605 4263 incipias,
3638 4211 3811 4266 quem
3844 4213 3933 4249 ce-

2236 4280 2392 4351 pisti.
2428 4280 2662 4349 Quidni,
2712 4279 2972 4351 inquam,
3025 4281 3401 4335 concludam?
3435 4283 3564 4353 lpsa
3600 4299 3690 4336 res
3721 4284 3934 4338 clamat

2236 4368 2502 4422 similiter
2523 4368 2791 4422 ridendos
2817 4385 2939 4422 esse
2962 4369 3328 4422 Academicos
3349 4374 3496 4438 tuos,
3527 4370 3625 4440 qui
3654 4388 3710 4425 se
3735 4371 3794 4424 in
3816 4372 3931 4425 vita

2235 4456 2355 4510 veri
2397 4455 2831 4510 similitudinem
2871 4456 3032 4528 sequi
3080 4456 3296 4528 dicunt,
3336 4473 3464 4511 cum
3508 4458 3696 4529 ipsum
3727 4477 3930 4514 verum

2237 4546 2374 4616 quid
2402 4545 2493 4615 sit,
2524 4545 2805 4616 ignorent.

2441 4684 2666 4739 CAPUT
2701 4684 2839 4738 VIII.
2867 4713 2936 4723 —
2962 4683 3406 4738 Academicorum
3433 4685 3729 4739 cavillatio.

2308 4811 2394 4862 ‘20.
2482 4810 2625 4862 Tum
2693 4807 3032 4878 Trygetius:
3093 4809 3285 4877 Longe
3355 4807 3520 4875 mihi,
3575 4808 3782 4880 inquit,
3852 4810 3932 4864 vi-

2240 4897 2408 4951 detur
2481 4895 2771 4950 dissimilis
2844 4895 3311 4949 Academicorum
3378 4896 3565 4949 cautio
3623 4897 3692 4950 ab
3758 4899 3933 4968 hujus

2241 5002 2412 5057 quem
2462 4983 2809 5054 deseripsisti
2839 4983 3077 5053 ineptia.
3129 4985 3214 5038 Illi
3257 4984 3405 5038 enim
3434 4984 3748 5039 rationibus
3780 5003 3936 5039 asse-

2241 5078 2498 5145 quuntur
2525 5072 2680 5140 quod
2701 5071 2900 5124 dicunt
2928 5087 3048 5125 esse
3070 5072 3376 5126 verisimile
3402 5089 3415 5126 :
3458 5072 3564 5127 iste
3594 5079 3787 5127 autem
3817 5074 3936 5128 ine-

2237 5167 2372 5231 ptus
2419 5161 2634 5214 famam
2665 5163 2890 5213 secutus
2920 5160 3034 5228 iest,
3085 5161 3246 5231 cujus
3292 5161 3626 5215 auctoritate
3672 5162 3815 5215 nihil
3849 5169 3936 5216 est

2237 5248 2426 5302 vilius.
2468 5247 2639 5312 Quasi
2687 5263 2840 5313 vero,
2892 5248 3147 5318 inquam,
3200 5265 3314 5302 non
3362 5249 3613 5320 ineptior
3667 5255 3829 5312 esset,
3889 5249 3936 5301 si

2240 5335 2474 5401 diceret,
2509 5337 2736 5388 Patrem
2775 5336 3009 5405 quidem
3046 5338 3167 5408 ejus
3199 5337 3434 5391 minime
3464 5337 3615 5402 novi,
3647 5353 3750 5390 nec
3780 5338 3937 5390 fama

2239 5423 2490 5492 comperi
2512 5439 2686 5493 quam
2709 5423 2783 5477 sit
2808 5423 3012 5478 similis
3035 5424 3232 5495 patris,
3266 5430 3322 5479 et
3346 5424 3486 5478 mihi
3509 5430 3701 5478 tamen
3729 5424 3937 5478 similis

2241 5510 2483 5566 videtur.
2537 5511 2790 5581 lneptior
2839 5519 3010 5581 certe,
3060 5513 3270 5584 inquit.
3327 5513 3432 5567 Sed
3464 5529 3740 5582 quorsum
3785 5512 3941 5568 ista?
