4058 6346
155 303 262 354 929

153 421 301 486 Quia
328 421 488 486 tales,
522 420 781 492 inquam,
813 424 965 487 sunt,
998 419 1098 491 qui
1128 420 1345 485 dicunt,
1378 423 1586 475 Verum
1615 421 1852 492 quidem

152 526 274 564 non
304 509 598 575 novimus;
637 509 734 562 sed
764 509 869 562 hoc
899 509 1052 579 quod
1083 509 1365 576 videmus,
1399 511 1524 580 ejus
1556 510 1711 580 quod
1736 527 1854 564 non

154 598 424 652 novimus
447 597 632 651 simile
651 602 753 651 est.
780 597 1100 661 Probabile,
1140 597 1346 668 inquit,
1374 597 1458 651 illi
1491 598 1712 652 dicunt.
1752 599 1855 654 Cui

151 702 296 756 ego:
333 686 626 749 Quomodo
674 685 818 739 istuc
856 685 1036 739 dicis?
1062 688 1148 739 An
1200 702 1372 756 negas
1418 702 1515 740 eos
1547 686 1852 742 verisimile

151 774 382 827 dicere?
413 775 477 827 Et
528 773 624 828 ille
679 773 904 844 inquit:
941 775 1054 842 Ego
1096 774 1165 826 ob
1197 773 1302 827 hoc
1347 774 1532 828 dicere
1567 775 1736 840 volui,
1789 779 1854 830 ut

151 863 312 915 illam
345 860 780 915 similitudinem
801 862 1180 916 excluderem.
1207 862 1518 916 Videbatur
1538 863 1691 917 enim
1712 863 1851 916 mihi

152 950 306 1003 fama
343 949 605 1020 improbe
642 949 874 1003 irruisse
905 949 964 1002 in
995 949 1369 1021 quaestionem
1409 955 1672 1015 vestram,
1720 967 1851 1005 cum

150 1037 476 1090 Academici
507 1053 579 1090 ne
611 1036 789 1090 oculis
809 1037 1041 1107 quidem
1065 1037 1297 1090 credant
1320 1037 1603 1105 humanis,
1635 1039 1849 1092 nedum

151 1127 320 1180 fanum
351 1127 507 1180 mille
539 1125 793 1196 quidem,
826 1130 890 1179 ut
917 1130 1099 1194 poetae
1127 1126 1373 1196 lingunt,
1395 1127 1488 1180 sed
1517 1125 1850 1180 monstrosis

151 1220 347 1266 tamen
383 1213 710 1266 luminibus.
745 1215 885 1267 Nam
916 1213 1044 1284 quis
1078 1230 1183 1283 ego
1215 1214 1445 1268 tandem
1480 1231 1604 1267 sum
1634 1214 1848 1268 Acade-

153 1300 284 1354 mise
316 1300 625 1353 defensor?
648 1302 736 1353 An
769 1299 828 1353 in
859 1300 1173 1371 quaestione
1204 1300 1314 1354 ista
1342 1300 1607 1354 invidetis
1638 1301 1849 1355 securi-

151 1389 255 1441 tati
286 1389 472 1441 meae?
503 1389 583 1441 En
612 1387 785 1441 habes
829 1389 1118 1458 Alypium,
1168 1388 1328 1458 cujus
1366 1388 1641 1443 adventus
1666 1389 1848 1456 nobis,

151 1492 371 1546 quaeso,
398 1474 568 1528 ferias
589 1474 826 1541 dederit,
860 1491 1032 1546 quem
1062 1475 1476 1544 tejamdudum
1500 1491 1615 1530 non
1642 1476 1852 1530 frustra

150 1563 463 1618 formidare
493 1563 858 1616 arbitramur.

224 1655 311 1706 2t.
365 1652 508 1705 Tum
556 1652 701 1704 facto
747 1650 992 1716 silentio,
1043 1653 1239 1705 oculos
1288 1653 1455 1706 ambo
1493 1652 1552 1705 in
1582 1651 1849 1723 Alypium

148 1741 536 1794 contulerunt.
586 1740 726 1793 Tum
775 1739 903 1793 ille:
945 1741 1182 1806 Vellem,
1230 1739 1440 1810 inquit,
1491 1739 1745 1811 quidem,
1788 1745 1851 1794 ut

150 1845 294 1884 mem
327 1829 472 1882 vires
511 1827 827 1898 patiuntur,
875 1827 1138 1881 auxiliari
1183 1828 1546 1900 aliquatenus
1593 1829 1848 1898 partibus

149 1918 370 1980 vestris,
423 1917 534 1970 nisi
574 1915 716 1970 mihi
755 1931 923 1970 omen
968 1921 1216 1970 vestrum
1265 1917 1471 1970 terrori
1516 1921 1684 1970 esset.
1740 1917 1849 1971 Sed

148 2007 296 2060 hanc
323 2005 712 2070 formidinem,
742 2004 916 2058 nime
947 2020 1074 2074 spes
1093 2003 1377 2068 fefellerit,
1409 2004 1572 2058 facile
1588 2005 1778 2074 fugem
1808 2005 1844 2059 ί.

148 2095 330 2148 Simul
362 2093 516 2148 enim
562 2093 780 2146 solatur
819 2108 933 2161 me,
986 2092 1139 2162 quod
1188 2107 1440 2162 praesens
1482 2092 1846 2146 Academico-

149 2198 274 2236 rum
309 2185 693 2252 Oppuguator,
743 2196 885 2232 onus
927 2179 1175 2250 Trygetii
1223 2179 1354 2232 victi
1401 2195 1546 2250 pene
1587 2179 1845 2248 subierit,

149 2275 205 2323 et
243 2287 397 2324 nunc
435 2285 567 2324 eum
617 2269 884 2322 victorem
930 2273 1117 2321 vestra
1162 2267 1512 2321 confessione
1553 2268 1846 2338 probabile

149 2364 252 2414 est.
289 2358 434 2412 lllud
463 2356 646 2426 magis
675 2372 894 2422 vereor,
927 2371 998 2409 ne
1031 2359 1085 2409 et
1115 2355 1324 2409 deserti
1353 2355 1524 2408 ofﬁcii
1550 2356 1846 2426 negligen-

149 2447 311 2514 tiam,
352 2449 409 2499 et
449 2444 628 2498 invasi
667 2442 1108 2512 impudentiam,
1151 2442 1398 2496 devitare
1439 2459 1555 2496 non
1594 2443 1836 2512 possim.

151 2534 274 2586 Non
305 2532 460 2586 enim
491 2547 586 2584 vos
608 2530 814 2584 oblitos
837 2529 1027 2598 credo,
1049 2529 1254 2600 judicis
1273 2529 1418 2583 mihi
1444 2546 1653 2584 munus
1673 2531 1846 2585 fuisse

149 2622 423 2676 delatum.
453 2619 550 2674 Hic
588 2618 924 2689 Trygetius:
958 2618 1124 2679 Illud,
1164 2617 1370 2688 inquit,
1400 2617 1577 2684 aliud,
1609 2619 1714 2672 hoc
1743 2636 1844 2672 au-

149 2715 262 2763 tem
294 2708 452 2762 aliud
481 2713 599 2774 est;
636 2723 811 2778 quare
852 2722 1202 2776 quaesumus,
1233 2710 1294 2759 ut
1321 2709 1376 2760 te
1402 2706 1708 2772 aliquando
1737 2722 1842 2775 pa-

149 2798 290 2850 tiare
339 2796 644 2867 privatum.
680 2796 759 2848 Ne
790 2793 1104 2859 renuerim,
1146 2792 1258 2860 ait;
1298 2793 1510 2847 nedum
1539 2793 1843 2863 impuden-

148 2885 286 2939 tiam
318 2885 404 2938 vel
438 2883 842 2954 negligentiam
884 2881 1061 2935 vitare
1091 2882 1277 2952 cupio,
1310 2880 1368 2934 in
1401 2881 1703 2951 superbiae,
1730 2898 1844 2952 quo

144 2973 282 3028 vitio
314 2972 456 3026 nihil
487 2976 570 3026 est
616 2971 945 3036 immanius,
997 2971 1230 3040 laqueos
1279 2969 1548 3034 incidam,
1582 2970 1628 3022 si
1660 2969 1845 3024 hono-

141 3079 265 3116 rem
298 3060 444 3114 mihi
477 3077 510 3112 a
548 3059 711 3114 vobis
753 3073 1103 3124 concessum,
1151 3057 1364 3111 diutius
1401 3073 1576 3127 quam
1606 3059 1842 3128 permit-

144 3151 264 3204 titis
294 3154 547 3203 teneam.

143 3256 372 3312 CAPUT
402 3255 488 3309 lX.
519 3283 588 3294 —
617 3255 691 3307 De
729 3251 1174 3307 Academicorum
1211 3253 1475 3305 sententia
1512 3253 1650 3306 serio
1688 3250 1843 3306 dei-n-

713 3356 832 3409 ceps
865 3339 1278 3408 disputandum.

213 3443 304 3493 22.
369 3435 614 3492 Proinde
683 3436 855 3490 velim
921 3435 1061 3489 mihi
1127 3451 1396 3504 exponas,
1464 3435 1612 3489 bone
1677 3451 1842 3490 accu-

143 3532 301 3581 sator
329 3524 815 3590 Academicorum,
862 3523 1115 3578 officium
1155 3527 1320 3576 tuum
1346 3540 1359 3589 ;
1389 3522 1446 3577 id
1476 3527 1577 3590 est,
1610 3523 1670 3576 in
1699 3540 1841 3594 quo-

141 3631 274 3669 rum
327 3613 714 3668 defensionem
766 3612 869 3666 hos
917 3627 1233 3682 oppugnes.
1294 3612 1477 3665 Metuo
1536 3611 1710 3678 enim,
1770 3628 1841 3665 ne

140 3701 510 3758 Academicos
551 3701 833 3766 refellens,
889 3698 1287 3754 Academicum
1317 3704 1374 3754 te
1411 3700 1653 3769 probare
1682 3699 1838 3755 velis.

140 3794 572 3857 Accusatorum,
616 3789 874 3858 inquam,
919 3792 981 3840 ut
1021 3787 1247 3858 opinor,
1294 3787 1407 3841 duo
1456 3803 1664 3858 genera
1720 3804 1839 3841 esse

141 3881 291 3933 bene
324 3878 473 3932 nosti
503 3895 515 3932 :
548 3893 663 3930 non
695 3876 847 3930 enim
883 3875 929 3928 si
961 3893 994 3929 a
1017 3875 1277 3929 Cicerone
1308 3875 1718 3929 modestissime
1748 3876 1839 3928 di-

139 3974 299 4023 ctum
327 3971 428 4032 est,
473 3966 554 4020 ita
582 3983 711 4019 eum
744 3965 932 4018 Verris
962 3981 1080 4018 esse
1133 3969 1535 4030 accusatorem,
1578 3969 1642 4018 ut
1679 3964 1838 4018 Sicu-

139 4059 334 4110 lorum
379 4054 642 4108 defensor
686 4057 835 4107 esset
877 4054 1092 4123 (Cicero
1133 4055 1191 4105 in
1243 4053 1478 4118 Verrem,
1529 4054 1734 4105 actione
1767 4053 1836 4121 t),
1909 4052 1924 4065 '

138 4148 445 4216 propterea
472 4157 699 4197 necesse
725 4146 829 4206 est,
859 4156 987 4195 eum
1037 4139 1136 4210 qui
1167 4139 1419 4210 aliquem
1459 4143 1702 4206 accusat,
1735 4140 1834 4192 ha-

136 4235 279 4288 bere
304 4233 544 4286 alterum
573 4246 746 4301 quem
767 4229 1050 4284 defendat.
1086 4230 1149 4282 Et
1177 4228 1271 4281 ille
1295 4244 1310 4281 :
1350 4228 1560 4282 Saltem
1586 4228 1836 4282 habesne

136 4328 204 4376 tu
239 4320 556 4392 quidquam
585 4319 646 4372 in
675 4335 788 4389 quo
819 4317 1098 4372 sententia
1119 4321 1217 4370 tua
1234 4317 1358 4386 jam
1378 4316 1613 4371 fundata
1633 4317 1837 4371 consti-

133 4409 314 4464 terit?
347 4408 528 4462 Facile
559 4412 660 4473 est,
701 4406 960 4476 inquam,
990 4404 1123 4459 huic
1153 4404 1439 4474 rogationi
1467 4405 1832 4474 respondere,

135 4497 286 4552 mihi
317 4495 633 4566 praesertim
665 4495 754 4549 cui
775 4493 1078 4564 repentina
1097 4509 1211 4546 non
1233 4497 1352 4546 est:
1376 4493 1496 4563 jam
1517 4492 1623 4546 hoc
1651 4497 1835 4547 totum

135 4601 369 4640 mecum
403 4584 513 4654 egi,
545 4589 599 4637 et
623 4583 721 4637 diu
752 4584 1113 4653 multumque
1138 4580 1353 4634 versavi
1384 4581 1597 4635 animo.
1625 4581 1837 4644 Quam-

136 4675 344 4728 obrem
391 4673 543 4738 audi,
593 4671 780 4742 Alypi,
831 4671 1003 4742 quod,
1053 4675 1119 4724 ut
1161 4669 1426 4734 arbitror,
1460 4670 1581 4739 jam
1620 4669 1834 4738 optime

135 4762 287 4815 scis:
321 4777 434 4814 non
473 4776 578 4831 ego
618 4759 785 4814 istam
824 4757 1266 4838 disputationem
1297 4755 1624 4826 disputandi
1654 4757 1834 4824 gratia

133 4854 463 4920 susceptam
492 4849 652 4914 volo;
686 4847 818 4901 satis
857 4847 930 4900 sit
957 4846 1108 4917 quod
1151 4860 1281 4899 cum
1311 4844 1433 4897 istis
1462 4843 1834 4898 adolescenti-

131 4940 248 4994 bus
277 4937 659 5008 praalusimus,
699 4934 796 4989 ubi
846 4935 1092 4989 libenter
1138 4932 1432 4986 nobiscum
1479 4931 1836 5002 philosophia

131 5025 305 5098 quasi
325 5025 512 5095 jocata
544 5028 646 5079 est.
679 5026 858 5088 Quare
878 5022 1208 5076 auferantur
1236 5021 1304 5075 de
1336 5020 1598 5074 inanibus
1629 5020 1835 5074 nostris

131 5113 363 5169 fabellae
383 5112 648 5183 pueriles.
677 5113 753 5165 De
777 5111 888 5165 vita
911 5115 1126 5177 nostra,
1160 5110 1228 5164 de
1248 5109 1527 5176 moribus,
1552 5109 1621 5162 de
1642 5108 1834 5162 animo

129 5219 229 5258 res
260 5201 484 5272 agitur;
514 5200 614 5272 qui
659 5215 717 5253 se
763 5204 1163 5270 superaturum
1207 5197 1536 5252 inimicitias
1579 5197 1834 5251 omnium

132 5289 514 5356 fallaciarum,
545 5294 602 5343 et
637 5287 874 5342 veritate
905 5287 1335 5358 comprehensa,
1367 5285 1528 5356 quasi
1559 5285 1617 5339 in
1641 5286 1836 5356 regio-

131 5396 271 5437 nem
303 5394 420 5433 θυαε
462 5377 703 5448 originis
747 5376 994 5444 rediens,
1021 5375 1513 5446 triumphaturum
1539 5375 1608 5430 de
1637 5373 1832 5430 libidi-

198 5540 213 5571 ί
250 5536 312 5585 In
342 5534 601 5584 hactenus
628 5531 874 5594 vulgatis,
903 5530 1060 5595 facile
1086 5491 1311 5594 ftigt'am.

1583 301 1796 357 LIBER
1855 300 2238 359 SECUNDUS.

3555 311 3659 364 930

1963 439 2153 507 nibus,
2196 445 2365 512 atque
2411 441 2489 495 ita
2518 441 2895 512 temperantia
2944 443 3100 497 velut
3143 445 3383 514 conjuge
3429 452 3658 518 accepta

1963 534 2336 596 regnaturum
2367 545 2485 584 esse
2514 531 2831 599 praesumit,
2861 531 3112 585 securior
3139 532 3421 586 rediturus
3448 535 3506 588 in
3536 552 3652 588 co:-

1962 615 2079 669 lum
2109 617 2250 682 (Lib.
2291 621 2309 671 l
2346 619 2603 683 Retract.,
2635 635 2754 688 cap.
2791 623 2839 681 l,
2872 635 2926 673 η.
2961 619 3033 688 3).
3060 619 3224 672 Vides
3250 620 3386 690 quid
3432 621 3655 676 dicam?

1959 704 2246 758 Tollamus
2263 705 2332 758 de
2355 705 2540 759 medio
2553 706 2673 775 jam
2695 711 2894 761 cuncta
2916 707 3054 762 ista:
3079 723 3234 762 arma
3255 712 3373 762 acri
3399 711 3657 776 facienda

1957 793 2076 845 viro
2123 791 2356 860 (Λεπρέα.
2410 795 2504 848 lib.
2549 797 2601 858 8,
2650 811 2701 847 v.
2748 797 2905 863 301i);
2952 811 3055 848 nec
3101 795 3417 867 quidquam
3466 797 3655 850 minus

1959 895 2184 949 semper
2231 881 2442 951 optavi,
2493 897 2666 951 quam
2708 881 2856 935 inter
2897 899 3010 948 eos,
3045 884 3143 952 qui
3185 900 3378 938 secum
3409 885 3654 938 multum

1957 967 2240 1034 vixerunt,
2274 970 2634 1039 multumque
2679 969 3040 1024 sermocinati
3081 976 3230 1036 sunt,
3267 973 3405 1026 oriri
3435 973 3650 1043 aliquid

1957 1057 2108 1110 unde
2146 1057 2306 1111 novis
2353 1058 2516 1128 quasi
2572 1057 2869 1111 conflictus
2913 1069 3201 1127 exsurgat.
3263 1061 3370 1114 Sed
3417 1067 3655 1131 propter

1958 1145 2317 1212 memoriam,
2360 1162 2488 1216 quae
2521 1145 2696 1199 inﬁda
2722 1152 2912 1199 custos
2943 1150 3028 1198 est
3058 1148 3531 1216 excogitatorum,
3564 1165 3654 1202 re-

1956 1232 2091 1285 ferri
2123 1232 2179 1286 in
2205 1233 2419 1286 litteras
2449 1233 2619 1297 volui,
2665 1234 2817 1303 quod
2855 1233 3004 1286 inter
3033 1249 3138 1286 nos
3164 1250 3314 1303 saepe
3342 1241 3654 1304 pertracta-

1957 1319 2162 1384 vimus,
2196 1320 2365 1372 simul
2394 1326 2456 1372 ut
2482 1319 2572 1372 isti
2604 1319 3006 1383 adolescentes,
3040 1323 3093 1372 et
3123 1318 3184 1372 in
3211 1319 3331 1374 haec
3365 1323 3654 1376 attendere

1959 1405 2263 1471 discerent,
2299 1411 2355 1460 et
2385 1406 2619 1476 aggredi
2650 1422 2713 1459 ac
2744 1407 2935 1460 subire
2965 1410 3273 1460 tentarent.

2025 1496 2114 1546 23.
2147 1495 2302 1547 Tunc
2330 1510 2466 1563 ergo
2517 1493 2720 1562 nescis,
2772 1494 2913 1547 nihil
2965 1510 3057 1547 me
3088 1499 3304 1549 certum
3335 1496 3524 1550 adhuc
3553 1497 3656 1551 ha-

1956 1580 2090 1634 bere
2123 1582 2274 1652 quod
2300 1582 2543 1636 sentiam
2573 1584 2674 1651 (a),
2707 1583 2798 1636 sed
2833 1583 2902 1636 ab
2933 1599 2998 1636 eo
3021 1584 3333 1652 quaerendo
3358 1585 3658 1640 Academi-

1956 1685 2151 1723 corum
2195 1669 2548 1740 argumentis
2602 1675 2770 1740 atque
2823 1669 3301 1740 disputationibus
3348 1671 3657 1742 impediri?

1957 1757 2155 1811 Nescio
2209 1758 2362 1811 enim
2393 1759 2681 1828 quomodo
2735 1759 2990 1810 fecerunt
3016 1757 3079 1810 in
3124 1759 3312 1811 animo
3346 1761 3652 1828 quamdam

1956 1845 2415 1916 probabilitatem
2449 1848 2530 1915 (ut
2557 1847 2626 1899 ab
2653 1861 2853 1898 eorum
2877 1845 3048 1898 verbo
3073 1846 3326 1900 nondum
3346 1847 3652 1918 recedam),

1957 1933 2106 2002 quod
2133 1933 2305 1986 homo
2336 1949 2533 1987 verum
2564 1932 2821 1986 invenire
2843 1949 2957 1986 non
2988 1933 3197 2004 possit:
3229 1934 3377 1988 unde
3408 1935 3571 2005 piger
3599 1941 3656 1990 et

1955 2036 2190 2091 prorsus
2220 2021 2408 2090 segnis
2448 2021 2675 2074 effectus
2714 2037 2892 2086 eram,
2925 2037 3026 2074 nec
3064 2037 3321 2091 quaerere
3349 2023 3650 2090 audebam,

1957 2109 2108 2179 quod
2140 2109 2480 2162 acutissimis
2519 2125 2583 2162 ac
2613 2108 2954 2162 doctissimis
2983 2109 3118 2162 viris
3150 2109 3402 2164 invenire
3434 2127 3552 2164 non
3583 2111 3654 2164 li-

1956 2197 2088 2252 cuit.
2122 2196 2240 2250 Nisi
2262 2213 2398 2267 ergo
2423 2196 2584 2267 prius
2604 2202 2722 2251 tam
2749 2197 2890 2250 mihi
2911 2213 3244 2267 persuasero
3268 2214 3464 2252 verum
3486 2216 3649 2269 posse

1955 2283 2220 2349 inveniri,
2250 2299 2421 2354 quam
2469 2284 2576 2337 sibi
2606 2283 2689 2337 illi
2719 2301 2835 2338 non
2864 2301 3029 2354 posse
3058 2292 3502 2354 persuaserunt;
3534 2303 3651 2341 non

1955 2372 2176 2426 audebo
2219 2388 2494 2443 quaarere,
2526 2389 2628 2427 nec
2672 2373 2853 2426 habeo
2891 2373 3108 2443 aliquid
3142 2375 3295 2444 quod
3324 2374 3646 2430 defendam.

1957 2460 2152 2530 Itaque
2194 2461 2364 2514 istam
2409 2460 2916 2532 interrogationem
2969 2476 3209 2527 remove,
3253 2461 3300 2514 si
3342 2462 3546 2532 placet,
3594 2469 3651 2517 et

1953 2548 2145 2617 potius
2177 2547 2542 2601 discutiamus
2575 2548 2724 2602 inter
2760 2565 2883 2610 nos,
2925 2565 3099 2619 quam
3134 2548 3411 2620 sagaciter
3449 2567 3650 2619 possu-

1956 2652 2103 2701 mus,
2138 2641 2468 2690 utrumnam
2505 2637 2684 2706 possit
2717 2652 2914 2690 verum
2959 2637 3228 2691 inveniri.
3270 2639 3334 2690 Et
3363 2655 3463 2708 pro
3493 2643 3652 2708 parte

1954 2739 2080 2776 mea
2103 2723 2305 2777 videor
2335 2723 2475 2776 mihi
2505 2724 2712 2777 habere
2735 2725 2860 2793 jam
2887 2724 3084 2789 multa,
3120 2724 3328 2794 quibus
3351 2731 3551 2780 contra
3573 2744 3653 2780 ra-

1951 2812 2168 2864 tionem
2196 2811 2666 2864 Academicorum
2704 2811 2811 2864 niti
2851 2812 3090 2865 molior:
3121 2812 3271 2866 inter
3300 2829 3444 2882 quos
3472 2818 3529 2868 et
3558 2831 3648 2868 me

1951 2900 2123 2953 modo
2150 2898 2380 2952 interim
2400 2899 2539 2952 nihil
2563 2900 2752 2963 distat,
2785 2898 2894 2952 nisi
2914 2900 3069 2969 quod
3099 2899 3210 2952 illis
3239 2901 3534 2970 probabile
3560 2902 3648 2955 vi-

1953 3003 2079 3040 sum
2118 2991 2221 3046 est,
2262 3002 2378 3040 non
2408 3002 2570 3056 posse
2607 2987 2850 3040 inveniri
2887 2987 3220 3054 veritatem;
3267 2987 3410 3042 mihi
3451 2994 3644 3043 autem

1951 3075 2192 3130 inveniri
2222 3093 2385 3146 posse
2425 3076 2716 3145 probabile
2751 3081 2851 3130 est.
2885 3077 3024 3130 Nam
3055 3077 3339 3146 ignoratio
3382 3077 3520 3143 veri,
3551 3082 3650 3133 aut

1953 3163 2116 3230 mihi,
2150 3163 2194 3216 si
2226 3163 2307 3218 illi
2346 3163 2656 3234 fingebant,
2688 3163 2989 3234 peculiaris
3029 3169 3133 3233 est,
3164 3168 3262 3218 aut
3290 3170 3440 3219 certe
3473 3166 3643 3219 utris-

1952 3268 2064 3324 que
2096 3251 2436 3305 communis.

1953 3359 2174 3414 CAPUT
2205 3360 2265 3412 Χ.
2299 3386 2360 3397 --
2400 3357 2690 3410 Verborum
2736 3360 3095 3424 controversia
3139 3374 3245 3412 non
3283 3364 3361 3414 est
3403 3376 3521 3429 quae
3551 3361 3646 3416 ha-

2290 3447 2442 3499 betur
2469 3461 2587 3499 cum
2615 3445 2956 3500 Academicis
2987 3447 3080 3499 sed
3110 3463 3309 3500 rerum.

2020 3545 2110 3596 24.
2155 3545 2300 3597 Tum
2343 3543 2611 3614 Alypius:
2651 3544 2797 3610 Jam,
2834 3542 3042 3613 inquit,
3090 3560 3316 3597 securus
3351 3544 3644 3600 incedam:

1950 3631 2113 3685 video
2158 3632 2312 3685 enim
2361 3636 2415 3684 te
2474 3647 2590 3684 non
2638 3635 2755 3684 tam
2807 3636 3213 3697 accusatorem,
3265 3648 3437 3702 quam
3481 3634 3644 3704 adju-

1950 3724 2133 3773 toretn
2182 3719 2318 3772 fore.
2371 3715 2586 3789 Itaque
2615 3735 2684 3771 ne
2731 3719 2958 3788 longius
3006 3719 3293 3783 abeamus,
3350 3720 3644 3776 videamus

1950 3823 2141 3878 quaeso
2168 3807 2322 3877 prius
2353 3821 2423 3858 ne
2447 3823 2550 3875 per
2579 3807 2723 3859 hanc
2752 3805 3129 3876 quaestionem
3158 3807 3217 3860 in
3263 3823 3376 3876 qua
3427 3825 3642 3862 succes-

1947 3895 2082 3947 sisse
2125 3894 2318 3947 videor
2360 3893 2427 3946 iis
2472 3893 2571 3963 qui
2620 3893 2721 3946 tibi
2761 3898 3066 3958 cesserunt,
3111 3893 3171 3946 in
3212 3894 3371 3948 verbi
3410 3901 3639 3950 contro-

1945 3983 2188 4036 versiam
2218 3981 2564 4046 decidamus,
2594 3981 2747 4050 quod
2777 3986 2831 4035 te
2855 3981 2976 4052 ipso
3001 3981 3326 4036 insinuante
3355 4000 3423 4037 ex
3452 3989 3641 4038 aucto-

1944 4071 2110 4124 ritate
2142 4070 2239 4123 illa
2282 4069 2542 4123 Tulliana
2585 4069 2979 4140 turpissimum
3027 4087 3166 4136 esse,
3217 4089 3366 4142 saepe
3397 4074 3639 4128 confessi

1945 4175 2161 4212 sumus.
2194 4159 2335 4213 Cum
2367 4157 2541 4225 enim,
2587 4157 2646 4210 ni
2677 4158 2860 4223 fallor,
2905 4158 3186 4212 Licentius
3215 4160 3496 4229 placuisse
3529 4162 3636 4216 sibi

1946 4247 2158 4301 diceret
2202 4247 2271 4300 de
2311 4245 2709 4316 probabilitate
2757 4245 3224 4301 Academicorum
3274 4251 3637 4317 sententiam,

1944 4333 2232 4405 subjecisti
2258 4335 2412 4406 quod
2443 4334 2536 4387 ille
2580 4335 2728 4388 haud
2771 4334 2942 4388 dubie
2980 4335 3362 4404 conﬁrmavit,
3395 4337 3636 4394 sciretne

1942 4424 2087 4477 hanc
2116 4423 2185 4477 ab
2214 4423 2429 4477 eisdem
2449 4423 2619 4476 etiam
2639 4422 3196 4478 verisimilitudinem
3229 4425 3538 4481 nominari.
3577 4429 3640 4482 Et

1942 4513 2086 4566 bene
2109 4511 2260 4578 novi,
2287 4511 2567 4582 siquidem
2599 4528 2664 4565 ex
2693 4517 2746 4565 te
2776 4511 2915 4564 mihi
2934 4516 3070 4565 nota
3088 4517 3240 4580 sunt,
3271 4530 3387 4567 non
3418 4515 3631 4586 absque

1941 4605 1996 4654 te
2045 4617 2163 4652 esse
2207 4599 2672 4652 Academicorum
2721 4599 2950 4667 placita.
3011 4599 3148 4662 Quae
3194 4616 3346 4666 cum,
3395 4606 3461 4656 ut
3498 4603 3633 4670 dixi,

1940 4689 2133 4741 animo
2163 4693 2262 4741 tuo
2293 4687 2466 4739 inﬁxa
2504 4687 2644 4749 sint;
2678 4685 2817 4755 quid
2839 4687 2856 4721 ¹
2896 4687 3066 4739 verba
3109 4688 3362 4757 secteris,
3395 4690 3628 4760 ignoro.

1942 4777 2068 4829 Non
2113 4779 2196 4828 est
2238 4774 2364 4840 ista,
2412 4773 2666 4843 inquam,
2725 4773 2866 4826 mihi
2923 4774 3111 4840 crede,
3163 4778 3491 4844 verborum,
3539 4781 3638 4834 sed

1941 4879 2132 4918 rerum
2164 4862 2415 4932 ipsarum
2458 4877 2666 4931 magna
2711 4862 3132 4916 controversia:
3175 4879 3294 4919 non
3322 4866 3480 4921 enim
3512 4867 3638 4922 illos

2010 4974 2022 5006 t
2051 4969 2359 5032 Qua',juxta
2388 4969 2502 5017 Par.
2536 4969 2617 5032 Er.
2652 4968 2779 5032 Ven.
2849 4969 2915 5017 Μ.

2003 5032 2078 5096 (α)
2102 5033 2192 5081 Hic
2213 5030 2389 5096 ﬁgura
2421 5030 2839 5096 quadamﬂutitur
2859 5031 3187 5096 Augustinus
3217 5034 3438 5083 solemni
3469 5035 3636 5084 dialo-

1943 5091 2129 5158 gorum
2160 5091 2321 5158 more.
2343 5091 2473 5140 Nam
2495 5091 2739 5140 nonnihil
2761 5091 2967 5141 certum
2986 5095 3212 5158 habebat
3236 5097 3375 5158 quod
3401 5097 3635 5150 sentiret.

1943 5155 2032 5228 qui
2053 5155 2592 5228 jamdudummmente
2630 5170 2658 5200 α
2678 5160 2987 5228 pervenerat
3017 5156 3081 5204 ad
3112 5157 3165 5228 id
3203 5155 3345 5228 quod
3378 5162 3518 5216 est,»
3563 5159 3636 5228 uti

1944 5216 2033 5266 lib.
2053 5216 2080 5266 Ἰ
2113 5217 2336 5281 Conf._c.
2371 5219 2426 5265 Π
2453 5216 2695 5281 legimus:
2724 5216 2787 5264 Et
2813 5218 3084 5281 perspicue
3115 5219 3169 5266 in
3197 5216 3434 5281 ejusdem
3465 5221 3638 5281 operis

1945 5281 2037 5328 lib.
2065 5283 2110 5338 8,
2129 5293 2174 5327 c.
2191 5282 2236 5336 ὅ,
2258 5278 2322 5326 de
2333 5293 2387 5326 se
2405 5279 2803 5327 conversionem
2817 5278 3091 5327 diffe'rente
3105 5278 3404 5327 conﬁtetur:
3425 5278 3634 5328 «Etnon

1947 5359 1974 5388 ‹‹
1993 5346 2104 5390 erat
2127 5342 2247 5404 jam;
2271 5340 2359 5389 illa
2381 5340 2670 5398 excusatio,
2704 5355 2808 5403 qua
2836 5341 2998 5404 videri
3024 5341 3150 5389 mihi
3163 5341 3404 5404 solebam
3427 5347 3636 5404 propte-

1947 5423 1972 5448 (ι
1995 5417 2080 5452 rea
2109 5401 2345 5466 nondum
2376 5416 2458 5451 me
2489 5401 2788 5466 contempto
2818 5403 3012 5466 saeculo
3041 5401 3233 5466 servire
3259 5401 3370 5466 tibi,
3402 5401 3636 5466 q’uiaiiu-

1947 5483 1973 5511 α
1995 5470 2134 5514 certa
2171 5464 2298 5513 mihi
2337 5469 2475 5514 esset
2503 5465 2764 5528 perceptio
2806 5464 3072 5513 veritatis:
3106 5463 3216 5523 jam
3253 5463 3394 5511 enim
3419 5463 3486 5513 'et
3524 5465 3636 5528 ipsa

1951 5545 1977 5572 ς(
1998 5531 2134 5576 certa
2166 5530 2292 5576 erat.
2315 5543 2341 5571 »
