4058 6350
402 331 499 384 931

400 451 552 504 viros
582 462 677 502 eos
713 443 885 500 fuisse
919 441 1182 507 arbitror,
1227 437 1324 509 qui
1366 437 1534 491 rebus
1557 435 1838 490 nescirent
1860 431 2096 487 nomina

403 538 723 606 imponere;
752 531 848 585 sed
891 529 1033 584 mihi
1075 529 1198 582 haec
1227 525 1500 581 vocabula
1534 524 1800 578 videntur
1833 519 2092 591 elegisse,

403 630 459 679 et
487 625 555 677 ad
599 619 991 676 occultandam
1034 614 1401 679 tardioribus,
1443 617 1499 666 et
1545 612 1615 665 ad
1663 609 2094 681 signiﬁcandam

405 706 852 778 vigilantioribus
887 704 1224 758 sententiam
1257 717 1437 755 suam.
1471 699 1635 763 Quod
1665 713 1841 768 quare
1872 702 1928 750 et
1955 714 2094 766 quo-

405 797 572 850 modo
601 793 745 848 mihi
772 793 1050 857 videatur,
1078 804 1379 860 exponam,
1412 803 1541 841 cum
1562 787 1722 856 prius
1750 785 1847 838 illa
1877 783 2098 837 discus-

403 901 549 950 sero,
584 899 712 953 quas
740 881 809 934 ab
857 881 938 934 eis
975 884 1246 948 tanquam
1289 874 1627 945 cognitionis
1675 873 1940 926 humanae
1984 871 2096 924 ini-

404 971 564 1026 micis
594 971 742 1024 dicta
785 967 1046 1022 homines
1086 968 1308 1034 putant.
1358 964 1554 1031 Itaque
1598 961 1949 1030 perlibenter
1992 959 2093 1011 ha-

406 1060 512 1112 beo
546 1060 840 1126 hucusque
873 1053 1042 1108 hodie
1083 1056 1342 1105 nostrum
1379 1047 1717 1118 processisse
1752 1061 2094 1109 sermonem,

406 1153 469 1202 ut
501 1147 634 1201 satis
663 1145 799 1215 quid
829 1144 977 1196 inter
1031 1157 1134 1194 nos
1186 1141 1556 1210 quaereretur,
1605 1138 1914 1204 aperteque
1966 1149 2097 1185 con-

407 1236 596 1287 staret.
630 1233 771 1286 Nam
803 1229 884 1282 illi
911 1227 1054 1282 mihi
1083 1226 1346 1279 videntur
1374 1238 1570 1293 graves
1597 1220 1830 1274 omnino
1861 1235 1924 1272 ac
1955 1235 2094 1288 pru-

410 1320 610 1374 dentes
657 1317 766 1370 viri
821 1315 1012 1370 fuisse.
1070 1313 1127 1368 Si
1178 1312 1315 1382 quid
1373 1314 1458 1364 est
1505 1313 1718 1375 autem,
1761 1307 1917 1378 quod
1946 1321 2097 1360 nunc

409 1405 824 1477 disputabimus
854 1403 1120 1456 adversus
1149 1417 1244 1453 eos
1273 1398 1441 1463 erit‘,
1478 1396 1578 1467 qui
1617 1394 1981 1450 Academicos
2008 1393 2098 1446 in-

410 1493 664 1548 ventioni
691 1490 939 1545 veritatis
983 1489 1243 1542 adversos
1289 1485 1461 1539 fuisse
1509 1483 1890 1538 crediderunt.
1935 1483 1999 1534 Et
2026 1497 2097 1533 ne

407 1597 498 1634 me
524 1579 789 1634 territum
818 1581 1005 1646 putes,
1037 1576 1210 1629 etiam
1238 1577 1435 1627 contra
1455 1589 1550 1626 eos
1569 1572 1721 1642 ipsos
1743 1585 1858 1624 non
1887 1568 2098 1622 invitus

408 1667 687 1727 armabor,
720 1666 765 1718 si
797 1681 909 1718 non
951 1663 1299 1716 occultandas
1335 1659 1631 1714 sententia:
1661 1675 1778 1712 sua:
1806 1674 1992 1721 causa,
2025 1672 2096 1710 ne

409 1756 478 1808 ab
509 1755 588 1807 eis
621 1758 834 1806 temere
877 1750 1110 1822 pollutis
1153 1748 1458 1814 mentibus,
1509 1752 1566 1801 et
1615 1746 1778 1817 quasi
1823 1744 2096 1815 profanis,

407 1841 669 1911 quaedam
713 1838 970 1894 veritatis
1009 1853 1166 1891 sacra
1210 1835 1620 1906 proderentur;
1669 1834 1763 1888 sed
1809 1850 1875 1886 ex
1905 1831 2097 1886 animo

408 1929 506 1982 illa
535 1945 664 1999 quae
692 1928 750 1981 in
779 1941 980 1980 eorum
1006 1926 1164 1978 libris
1191 1923 1454 1993 legimus,
1498 1922 1898 1976 defenderunt.
1935 1919 2100 1982 Quod

409 2016 575 2070 hodie
621 2016 887 2082 facerem,
939 2013 1046 2067 nisi
1095 2029 1194 2066 nos
1241 2011 1376 2064 solis
1419 2026 1647 2064 occasus
1693 2010 1814 2079 jam
1861 2007 2098 2062 domum

409 2105 590 2160 redire
621 2103 1005 2174 compelleret.
1039 2102 1318 2154 Hactenus
1357 2098 1453 2152 illo
1500 2097 1590 2152 die
1613 2095 1963 2166 disputatum
1992 2098 2096 2148 est.

978 2203 1284 2242 DISPUTATIO
1320 2203 1526 2240 TERTIA.

725 2278 949 2334 CAPUT
987 2278 1070 2330 XI.
1111 2305 1176 2317 —
1206 2274 1486 2328 Probabile
1521 2272 1655 2340 quid
1691 2274 1781 2326 sit.

477 2369 567 2421 25.
627 2364 908 2420 Postridie
961 2367 1150 2417 autem
1211 2360 1471 2432 quamvis
1525 2376 1644 2414 non
1690 2359 1882 2413 minus
1938 2358 2100 2412 blan-

413 2455 522 2508 dus
573 2452 1031 2524 tranquillusque
1098 2450 1217 2504 dies
1267 2448 1553 2512 illuxisset,
1621 2447 1712 2500 vix
1762 2452 1952 2501 tamen
2009 2446 2103 2500 do-

413 2542 660 2596 mesticis
699 2539 946 2611 negotiis
984 2538 1199 2592 evoluti
1240 2553 1454 2591 sumus.
1508 2538 1649 2590 Nam
1683 2551 1950 2605 magnam
1979 2534 2102 2604 ejus

412 2633 634 2700 partem
660 2629 720 2682 in
752 2628 1118 2698 epistolarum
1138 2625 1383 2679 maxime
1402 2624 1704 2694 scriptione
1733 2639 2099 2693 consumpse-

412 2734 624 2772 ramus.
665 2719 730 2770 Et
775 2732 904 2770 cum
927 2717 1050 2785 jam
1093 2714 1222 2768 duas
1268 2714 1424 2766 boraa
1471 2712 1560 2766 vix
1609 2712 1845 2783 reliquae
1892 2712 2099 2778 forent,

413 2807 480 2861 ad
527 2808 753 2876 pratum
802 2803 1203 2874 processimus.
1252 2803 1393 2855 Nam
1435 2800 1710 2854 invitabat
1749 2800 1874 2853 coeli
1923 2800 2102 2854 nimia

413 2894 705 2959 serenitas,
745 2892 1094 2962 placuitque,
1130 2894 1197 2944 ut
1233 2905 1304 2943 ne
1341 2888 1532 2958 ipsum
1570 2887 1800 2958 quidem
1827 2889 1981 2959 quod
2009 2904 2100 2942 re-

411 2982 630 3037 stiterat
657 2985 905 3050 tempus,
935 2979 1124 3049 perire
1149 2981 1494 3048 pateremur.
1528 2977 1722 3046 Itaque
1754 2992 1882 3029 cum
1911 2976 1978 3030 ad
2009 2992 2099 3030 ar-

412 3070 607 3124 borem
640 3068 864 3123 solitam
894 3071 1130 3120 ventum
1181 3069 1346 3131 esset,
1401 3069 1458 3118 et
1494 3064 1896 3118 mansissemus
1936 3064 2097 3117 loco:

414 3157 592 3210 Velim
624 3173 744 3224 vos,
777 3155 1035 3225 inquam,
1067 3151 1491 3214 adolescentuli,
1544 3151 1816 3222 quoniam
1862 3167 1978 3205 non
2016 3155 2101 3204 est

408 3244 580 3298 hodie
609 3259 818 3312 magna
845 3257 936 3295 res
961 3239 1362 3310 aggredienda,
1394 3239 1454 3292 in
1482 3239 1816 3292 memoriam
1846 3238 1987 3292 mihi
2015 3255 2102 3292 re-

409 3330 642 3394 vocetis,
679 3327 965 3399 quomodo
999 3327 1264 3380 hesterno
1295 3327 1386 3380 die
1415 3326 1823 3396 rogatiuncula!
1854 3342 1983 3396 quae
2003 3343 2100 3380 vos

411 3416 677 3484 turbavit,
723 3415 959 3486 Alypius
1010 3415 1383 3484 responderit.
1445 3414 1544 3468 Hic
1596 3414 1882 3468 Licentius
1918 3431 1931 3468 :
1964 3417 2099 3469 Tam

411 3507 578 3560 breve
607 3508 708 3569 est,
743 3503 952 3573 inquit,
984 3507 1048 3555 ut
1075 3501 1218 3555 nihil
1266 3501 1483 3572 negotii
1513 3502 1583 3554 sit
1628 3503 1734 3556 hoc
1775 3502 2096 3569 recordari;

410 3609 584 3664 quam
612 3593 732 3646 leve
763 3589 836 3644 sit
858 3594 1050 3644 autem
1080 3593 1142 3642 tu
1192 3588 1418 3642 videris.
1451 3590 1612 3655 Nam,
1647 3594 1709 3643 ut
1739 3589 1957 3660 opinor,
2001 3606 2100 3644 ve-

411 3681 521 3735 tuit
547 3685 623 3747 te,
658 3695 748 3734 res
778 3695 908 3734 cum
937 3681 1239 3742 constaret,
1269 3678 1338 3731 de
1356 3677 1541 3731 verbis
1571 3693 1795 3732 movere
1824 3679 2097 3749 quaestio-

411 3784 566 3824 nem.
600 3769 665 3822 Et
695 3784 798 3839 ego
835 3783 846 3821 :
883 3768 992 3820 Hoc
1021 3765 1233 3836 ipsum,
1267 3766 1524 3836 inquam,
1565 3765 1702 3837 quid
1733 3766 1824 3833 sit,
1858 3783 2100 3837 quamve

410 3857 618 3912 habeat
661 3855 800 3924 vim,
847 3854 981 3909 satis
1033 3853 1550 3908 animadvertistis?
1606 3839 1832 3920 Videor,
1889 3854 2098 3924 inquit,

409 3943 552 3996 mihi
573 3942 764 3998 videre
792 3942 930 4014 quid
951 3941 1054 4008 sit;
1083 3943 1179 3996 sed
1200 3957 1414 4012 quaeso,
1438 3945 1499 3994 tu
1529 3941 1588 3996 id
1614 3941 1904 4012 paulisper
1929 3958 2101 4013 expo-

409 4047 528 4085 nas.
565 4031 707 4085 Nam
728 4047 878 4102 swpe
901 4031 998 4085 abs
1025 4033 1081 4084 te
1111 4030 1319 4097 audivi,
1344 4034 1510 4099 turpe
1535 4047 1654 4084 esse
1683 4030 2103 4100 disputantibus

413 4118 472 4172 in
527 4119 836 4172 verborum
894 4117 1213 4188 quaestione
1266 4116 1587 4181 immorari,
1643 4133 1774 4171 cum
1815 4122 2102 4173 certamen

413 4207 635 4260 nullum
670 4206 739 4259 de
769 4205 939 4258 rebus
986 4203 1346 4258 remanserit.
1387 4204 1495 4258 Sed
1533 4205 1640 4257 hoc
1685 4205 1949 4259 subtilius
1997 4211 2100 4274 est,

411 4309 584 4364 quam
611 4296 674 4345 ut
693 4291 1093 4361 explicandum
1123 4308 1155 4343 a
1183 4306 1275 4343 me
1301 4291 1505 4344 debeat
1522 4291 1781 4361 ﬂagitari.

479 4384 568 4434 26.
602 4378 808 4432 Audite
836 4394 993 4448 ergo,
1027 4378 1288 4447 inquam,
1320 4377 1459 4448 quid
1481 4378 1572 4444 sit,
1624 4395 1740 4433 vos.
1783 4380 1843 4434 Id
1891 4381 2102 4451 proba-

412 4467 526 4522 bile
555 4467 644 4521 vel
689 4465 995 4520 verisimile
1040 4464 1360 4520 Academici
1406 4471 1628 4530 vocant,
1674 4469 1824 4538 quod
1876 4486 1979 4524 nos
2035 4471 2104 4525 ad

415 4555 702 4627 agendum
742 4554 863 4608 sine
893 4554 1215 4608 assensione
1243 4557 1429 4624 potest
1458 4555 1715 4609 invitare.
1760 4557 1891 4611 Sine
1921 4575 2106 4613 assen-

416 4646 578 4698 sione
603 4648 796 4698 autem
822 4643 968 4711 dico,
1001 4645 1070 4698 Ut
1099 4642 1152 4697 id
1188 4643 1340 4714 quod
1381 4643 1603 4713 agimus
1643 4660 1759 4700 non
1805 4646 2106 4718 opinemur

415 4748 614 4787 verum
647 4749 789 4799 esse,
819 4737 917 4786 aut
946 4748 1062 4786 non
1091 4731 1147 4786 id
1182 4731 1322 4786 scire
1354 4732 1732 4799 arbitremur;
1765 4751 2000 4804 agamus
2020 4741 2105 4791 ta-

417 4836 569 4874 men.
607 4821 678 4874 Ut
703 4819 860 4873 verbi
889 4837 1077 4886 causa,
1110 4823 1304 4874 utrum
1351 4821 1618 4874 hesterna
1663 4827 1825 4876 nocte
1873 4828 1988 4877 tam
2043 4825 2107 4879 li-

415 4907 590 4978 quida
619 4922 682 4960 ac
710 4923 875 4977 pura,
908 4906 1075 4961 hodie
1107 4911 1222 4960 tam
1254 4908 1417 4961 laetus
1456 4909 1538 4962 sol
1601 4914 1898 4964 exorturus
1937 4917 2103 4979 esset,

417 4995 464 5048 si
495 5011 598 5049 nos
627 4993 910 5065 quispiam
939 4998 1202 5065 rogaret;
1235 4996 1402 5049 credo
1432 4996 1580 5066 quod
1610 5012 1712 5051 nos
1734 4998 1790 5052 id
1818 4997 1958 5053 scire
2003 5016 2104 5055 ne-

417 5097 702 5154 garemus,
743 5081 1060 5135 diceremus
1088 5085 1280 5136 tamen
1326 5083 1405 5136 ita
1445 5083 1649 5139 videri.
1702 5085 1874 5154 Talia,
1917 5087 2108 5158 inquit

414 5169 803 5239 Academicus,
833 5168 976 5223 mihi
1004 5167 1267 5223 videntur
1295 5171 1491 5226 omnia
1527 5188 1656 5243 quae
1685 5175 1999 5244 probabilia
2019 5178 2107 5231 vel

415 5257 748 5314 verisimilia
775 5257 970 5328 putavi
999 5257 1386 5326 nominanda;
1415 5275 1544 5330 quae
1569 5265 1631 5314 tu
1661 5261 1708 5314 si
1737 5262 1847 5316 alio
1873 5265 2106 5320 nomine

414 5346 498 5400 vis
524 5363 743 5414 vocare,
772 5346 915 5400 nihil
943 5361 1225 5416 repugno.
1259 5347 1403 5401 Satis
1433 5347 1585 5403 enim
1615 5349 1756 5404 mihi
1783 5356 1884 5420 est,
1915 5356 1970 5406 te
1983 5353 2106 5424 jam

477 5472 497 5542 ξ
519 5469 657 5540 Pan,
687 5467 944 5542 siquidem
972 5468 1114 5533 quod
1141 5467 1540 5533 disputabimus,
1578 5477 1768 5526 contra
1801 5487 1888 5526 eos
1917 5477 2106 5542 dispu-

419 5530 674 5592 tabimus,
708 5530 826 5594 qui.
859 5532 929 5580 Μ.

1479 313 1761 371 CONTRA
1799 309 2275 376 ACADEMICOS,
2319 310 2372 364 S.
2417 310 2820 367 AUGUSTINI.

3802 313 3914 364 932

2203 431 2348 484 bene
2401 431 2679 501 accepisse
2709 430 2846 502 quid
2901 431 3106 498 dicam,
3137 430 3198 486 id
3229 435 3312 486 est
3340 430 3549 502 quibus
3578 433 3753 488 rebus
3784 433 3916 488 haec

2203 517 2440 571 nomina
2475 520 2789 588 imponam.
2825 517 2948 571 Non
2977 517 3133 571 enim
3163 519 3574 573 vocabulorum
3606 519 3906 590 opiﬁcem,

2205 606 2300 660 sed
2332 622 2525 659 rerum
2554 605 2948 676 inquisitorem
2980 606 3141 660 decet
3170 622 3290 660 esse
3321 605 3656 676 sapientem.
3681 608 3913 663 Satisne

2203 693 2574 760 intellexistis,
2625 695 2910 763 quomodo
2949 693 3092 746 mihi
3142 693 3357 747 ladicra
3407 694 3504 746 illa
3545 695 3760 764 quibus
3809 713 3914 749 vos

2206 781 2510 851 agitabam,
2539 781 2607 834 de
2657 781 2920 835 manibus
2965 797 3195 835 excussa
3227 781 3386 834 sint?
3415 781 3514 834 Hic
3555 798 3686 836 cum
3733 783 3911 837 ambo

2205 885 2263 922 se
2307 869 2648 922 intellexisse
2691 869 3137 938 respondissent,
3184 869 3462 939 vultuque
3510 867 3634 939 ipso
3670 885 3914 940 respon-

2205 957 2425 1010 sionem
2462 957 2820 1026 postularent
2861 972 3047 1009 meam
3079 972 3093 1009 :
3129 940 3291 1019 Quid.
3327 955 3563 1025 putatis,
3614 957 3858 1027 inquam
3882 959 3914 1012 ?

2205 1044 2532 1098 Ciceronem
2563 1045 2722 1114 cujus
2748 1044 2867 1097 hinc
2890 1044 3062 1097 verba
3099 1048 3251 1112 sunt,
3313 1043 3544 1111 inopem
3604 1045 3778 1099 fuisse
3821 1047 3912 1099 la-

2205 1132 2341 1185 tinae
2372 1131 2606 1201 linguae,
2651 1136 2716 1184 ut
2758 1131 2948 1185 minus
2992 1135 3124 1201 apta
3167 1131 3338 1186 rebus
3381 1131 3709 1202 inponeret,
3758 1149 3912 1204 quas

2205 1218 2501 1272 sentiebat.
2534 1218 2768 1272 nomina
2785 1221 2815 1272 ‘I

2275 1307 2498 1361 CAPUT
2536 1308 2648 1361 XII.
2680 1336 2750 1347 —
2775 1308 3017 1360 Rursum
3056 1306 3121 1360 de
3139 1307 3417 1376 probabili
3445 1312 3496 1362 et
3517 1310 3830 1363 verisimili.

2273 1398 2368 1450 27.
2429 1397 2571 1448 Tum
2627 1395 2924 1465 Trygetius
2953 1414 2970 1449 :
2999 1396 3144 1461 Jam,
3201 1394 3410 1466 inquit,
3469 1395 3656 1466 placet
3711 1397 3908 1463 nobis,

2203 1495 2334 1534 cum
2364 1495 2453 1534 res
2483 1486 2620 1534 nota
2666 1481 2754 1547 sit,
2807 1482 2876 1536 de
2924 1482 3110 1536 verbis
3152 1482 3339 1536 nullas
3387 1483 3702 1536 calumnias
3747 1499 3911 1537 com-

2205 1584 2452 1623 movere.
2513 1569 2698 1632 Quare
2750 1569 2877 1624 vide
2930 1570 3117 1640 potius
3171 1570 3307 1640 quid
3365 1570 3498 1625 huic
3553 1572 3914 1642 respondeas

2205 1656 2428 1726 quinos
2476 1656 2752 1722 liberavit,
2808 1658 2867 1710 in
2920 1673 3060 1727 quos
3108 1661 3166 1711 tu
3227 1658 3508 1728 impulsus
3561 1663 3750 1714 tentas
3808 1660 3914 1714 ite-

2207 1759 2335 1797 rum
2363 1743 2601 1798 irruere.
2637 1746 2702 1798 Et
2734 1743 3018 1798 Licentius
3048 1761 3062 1798 :
3101 1745 3280 1811 Mane,
3337 1744 3438 1811 ait,
3496 1761 3690 1816 quaeso
3726 1763 3739 1800 :
3771 1763 3913 1801 nam

2207 1832 2350 1886 mihi
2380 1833 2636 1886 sublucet
2665 1831 2855 1885 nescio
2887 1832 3044 1902 quid,
3079 1849 3192 1902 quo
3237 1833 3458 1886 videam
3505 1850 3621 1888 non
3648 1835 3754 1888 tibi
3786 1840 3909 1890 tam

2205 1921 2368 1975 facile
2399 1925 2624 1974 tantum
2652 1925 3058 1990 argumentum
3081 1920 3224 1990 eripi
3254 1921 3533 1978 debuisse.
3562 1924 3627 1976 Et
3655 1939 3787 1977 cum
3812 1925 3912 1978 de-

2207 2009 2350 2062 ﬁxus
2382 2009 2442 2062 in
2472 2009 2817 2080 cogitatione
2864 2007 3115 2062 siluisset
3160 2008 3519 2078 aliquantum
3555 2026 3566 2063 :
3600 2011 3782 2080 Rogo,
3818 2011 3910 2066 in-

2208 2095 2350 2166 quit,
2376 2095 2518 2149 nihil
2550 2095 2692 2149 mihi
2719 2095 2945 2149 videtur
2965 2111 3086 2150 esse
3117 2097 3443 2164 absurdius,
3477 2113 3650 2168 quam
3684 2099 3906 2164 dicere.

2209 2199 2266 2236 se
2292 2182 2598 2236 verisimile
2629 2183 2810 2254 sequi,
2846 2199 2976 2237 eum
3009 2184 3109 2254 qui
3138 2198 3335 2236 verum
3360 2183 3498 2255 quid
3527 2184 3598 2238 sit
3625 2184 3857 2254 ignoret
3891 2203 3907 2240 :

2209 2287 2314 2325 nec
2344 2271 2441 2324 illa
2465 2286 2556 2326 me
2595 2274 2696 2325 tua
2733 2269 3049 2324 similitudo
3081 2271 3406 2326 conturbat.
3445 2273 3585 2325 Nam
3615 2276 3767 2326 recte
3795 2288 3910 2342 ego

2209 2359 2613 2426 interrogatus,
2644 2363 2837 2413 utrum
2868 2374 2936 2412 ex
2984 2358 3091 2412 ista
3137 2359 3415 2428 temperie
3462 2359 3588 2412 caeli
3637 2361 3798 2413 nulla
3847 2361 3908 2413 in

2209 2445 2516 2499 crastinum
2544 2445 2736 2514 pluvia
2761 2449 3015 2515 cogatur,
3067 2445 3384 2514 respondeo
3414 2460 3535 2498 esse
3566 2444 3906 2509 verisimile,

2209 2536 2309 2606 qui
2339 2552 2428 2590 me
2451 2553 2569 2590 non
2598 2551 2744 2605 nego
2763 2551 2925 2590 nosse
2971 2535 3186 2605 aliquid
3231 2535 3373 2589 veri.
3422 2536 3563 2589 Nam
3594 2535 3708 2589 scio
3737 2536 3909 2590 arbo-

2210 2640 2331 2677 rem
2362 2624 2527 2678 istam
2559 2625 2728 2678 modo
2759 2627 3089 2694 argenteam
3120 2623 3246 2677 ﬁeri
3295 2639 3413 2677 non
3451 2639 3639 2693 posse,
3684 2625 3904 2678 multa-

2208 2727 2320 2782 que
2349 2712 2486 2766 talia
2512 2728 2646 2767 vera
2674 2729 2787 2767 non
2833 2712 3196 2782 impudenter
3237 2726 3330 2765 me
3374 2711 3514 2764 scire
3561 2712 3710 2778 dico,
3756 2729 3906 2783 quo-

2207 2818 2338 2857 rum
2367 2801 2529 2854 video
2550 2816 2669 2854 esse
2699 2799 2908 2854 similia
2937 2815 3004 2854 ea
3024 2815 3152 2870 qua:
3172 2799 3500 2854 verisimilia
3528 2801 3785 2854 nomino.
3820 2802 3907 2854 Tu

2207 2908 2360 2957 vero,
2396 2890 2734 2954 Carneades,
2762 2890 2850 2943 vel
2881 2905 3009 2959 quae
3023 2887 3133 2942 alia
3155 2903 3338 2958 graeca
3368 2888 3561 2959 pestis,
3593 2893 3659 2943 ut
3687 2890 3906 2942 nostris

2208 2995 2436 3050 parcam
2469 2978 2626 3048 (quid
2658 2977 2810 3032 enim
2844 2976 3099 3030 dubitem
3144 2976 3203 3029 in
3259 2976 3403 3030 hanc
3453 2979 3676 3046 partem
3722 2980 3910 3030 trans-

2207 3069 2290 3122 ire
2324 3067 2392 3121 ad
2424 3083 2554 3120 eum
2577 3065 2667 3119 cui
2695 3064 2947 3135 captivus
2963 3064 3175 3118 debeor
3189 3063 3318 3133 jure
3332 3063 3578 3117 victoriae
3598 3063 3738 3130 ?):tu
3763 3080 3905 3135 ergo

2207 3172 2335 3210 cum
2364 3159 2420 3209 te
2450 3154 2592 3208 nihil
2629 3153 2747 3207 veri
2777 3153 2917 3206 scire
2946 3151 3117 3218 dicas,
3146 3152 3298 3206 unde
3341 3152 3448 3206 hoc
3477 3151 3785 3206 verisimile
3818 3169 3904 3206 se-

2208 3243 2440 3319 queris?
2476 3245 2546 3296 At
2571 3241 2726 3296 enim
2754 3255 2968 3294 nomen
2980 3240 3032 3294 ei
3053 3255 3168 3293 non
3197 3239 3359 3310 potui
3389 3239 3545 3294 aliud
3576 3239 3901 3310 imponere.

2207 3331 2357 3396 Quid
2387 3346 2522 3400 ergo
2549 3328 2712 3383 nobis
2740 3328 3147 3398 disputandum
3179 3331 3264 3382 est
3292 3343 3421 3382 cum
3449 3343 3536 3391 eo,
3571 3327 3667 3399 qui
3697 3329 3902 3382 neclo-

2207 3419 2306 3491 qui
2335 3416 2569 3488 potest?

2278 3509 2368 3561 28.
2407 3507 2531 3559 Non
2585 3519 2713 3575 ego,
2756 3503 2944 3574 inquit
2987 3501 3243 3572 Alypius,
3282 3501 3552 3574 perfugas
3591 3506 3852 3559 metuam
3886 3522 3900 3560 :

2207 3597 2421 3666 quanto
2449 3593 2640 3646 minus
2664 3593 2760 3646 ille
2792 3591 3128 3655 Carneades,
3161 3590 3222 3644 in
3251 3606 3423 3661 quem
3467 3590 3657 3646 nescio
3702 3597 3902 3646 utrum

2200 3683 2442 3753 juvenili
2473 3699 2546 3736 an
2568 3681 2776 3752 puerili
2807 3681 3033 3734 levitate
3089 3683 3431 3745 commotus,
3463 3680 3766 3734 maledicta
3795 3698 3904 3752 po-

2208 3771 2318 3825 tius
2350 3787 2523 3842 quam
2547 3769 2966 3840 aliquodtelum
2985 3768 3198 3838 putasti
3227 3783 3346 3822 esse
3368 3766 3735 3838 jaciendum?
3758 3769 3905 3822 Nam

2206 3858 2290 3913 illi
2320 3859 2552 3930 quidem
2596 3858 2665 3912 ad
2699 3857 3084 3911 roborandam
3124 3855 3466 3910 sententiam
3525 3871 3708 3921 suam,
3768 3872 3904 3925 quas

2209 3963 2436 4017 semper
2463 3951 2630 4001 tenus
2647 3945 2932 4016 probabili
2951 3947 2967 3980 ί
2999 3945 3233 3999 fundata
3261 3944 3388 4011 fuit,
3412 3945 3522 3998 hoc
3549 3943 3781 3998 interim
3805 3944 3906 3998 ad-

2207 4050 2436 4090 versum
2462 4038 2518 4088 te
2558 4034 2719 4087 facile
2767 4032 3071 4099 suffecerit,
3106 4032 3184 4086 ita
3228 4047 3331 4086 nos
3362 4047 3395 4085 a
3422 4031 3541 4086 veri
3571 4031 3905 4087 inventione

2209 4125 2409 4194 procul
2439 4137 2560 4176 esse
2587 4120 2822 4192 positos,
2855 4125 2917 4174 ut
2946 4125 3010 4175 tu
3038 4119 3142 4175 tibi
3170 4119 3289 4190 ipse
3322 4135 3532 4191 magno
3562 4123 3905 4190 argumento

2209 4227 2329 4266 esse
2355 4211 2555 4281 possis,
2587 4209 2687 4281 qui
2715 4209 2794 4264 ita
2822 4225 2937 4263 una
2960 4208 3512 4278 interrogatiuncula
3549 4208 3676 4262 loco
3707 4212 3905 4262 motus

2209 4315 2288 4365 es,
2336 4305 2403 4353 ut
2447 4299 2550 4352 tibi
2597 4298 2863 4352 standum
2917 4301 3079 4362 esset,
3139 4296 3368 4367 penitus
3419 4296 3734 4367 ignorares.
3795 4296 3903 4350 Sed

2207 4387 2351 4454 haec,
2383 4391 2552 4457 atque
2583 4386 2874 4440 scientiam
2905 4389 3083 4451 tuam,
3112 4401 3284 4456 quam
3314 4385 3418 4439 tibi
3453 4385 3792 4456 impressam
3833 4384 3904 4440 de

2208 4475 2314 4529 hac
2346 4476 2547 4530 arbore
2574 4476 2744 4546 paulo
2775 4479 2903 4528 ante
2937 4475 3227 4528 confessus
3258 4491 3336 4540 es,
3369 4473 3429 4527 in
3476 4473 3632 4527 aliud
3674 4478 3906 4543 tempus

2209 4564 2556 4618 differamus.
2590 4563 2856 4628 Quamvis
2877 4563 3032 4617 enim
3059 4563 3179 4633 jam
3207 4563 3342 4615 alias
3371 4565 3561 4632 partes
3599 4560 3903 4631 delegeris,

2210 4657 2403 4706 tamen
2430 4653 2626 4706 sedulo
2659 4652 2948 4706 docendus
2980 4668 3038 4705 es
3085 4651 3221 4722 quid
3271 4651 3440 4720 paulo
3473 4653 3604 4703 ante
3635 4649 3901 4706 dixerim.

2213 4741 2474 4795 Nondum
2500 4741 2677 4810 enim,
2707 4744 2770 4794 ut
2798 4739 3018 4811 opinor,
3059 4739 3119 4793 in
3166 4754 3291 4792 eam
3345 4737 3746 4808 qumstionem,
3792 4754 3906 4807 qua

2212 4835 2408 4884 utrum
2435 4830 2676 4884 inveniri
2704 4845 2904 4884 verum
2935 4829 3116 4898 possit
3145 4829 3443 4900 quaeritur,
3475 4828 3764 4899 progressi
3781 4828 3903 4883 fue-

2211 4935 2404 4973 ramus
2437 4919 2569 4974 :sed
2607 4917 2744 4972 illud
2769 4921 2992 4971 tantum
3022 4916 3082 4970 in
3126 4915 3248 4987 ipso
3295 4915 3573 4971 vestibulo
3620 4917 3904 4971 defensio-

2212 5007 2299 5060 nis
2327 5022 2468 5060 meaa
2489 5021 2606 5076 prae
2635 5004 2994 5058 scribendum
3023 5004 3239 5074 putavi,
3259 5005 3316 5059 in
3345 5021 3458 5076 quo
3475 5005 3745 5059 telassum
3778 5021 3907 5075 pro-

2213 5099 2564 5164 stratumque
2591 5109 3000 5163 prospexeram
3025 5109 3038 5160 ;
3070 5093 3179 5148 hoc
3200 5097 3320 5161 est;
3351 5097 3543 5148 utrum
3571 5093 3902 5154 verisimile,

2213 5199 2284 5236 an
2315 5180 2632 5254 probabile,
2665 5197 2738 5235 an
2768 5181 2880 5235 alio
2911 5181 2958 5235 si
2984 5197 3096 5253 quo
3125 5182 3362 5237 nomine
3395 5180 3673 5252 appellari
3698 5184 3904 5251 potest,

2214 5271 2368 5341 quod
2398 5270 2505 5323 sibi
2532 5268 2852 5324 Academici
2883 5273 2969 5324 sat
2991 5286 3111 5324 esse
3141 5270 3352 5336 dicant,
3381 5270 3756 5341 querendum
3789 5285 3904 5323 non

2214 5372 2354 5409 esse.
2388 5356 2530 5409 Nam
2561 5355 2607 5409 si
2637 5359 2697 5410 tu
2738 5356 2989 5427 optimus
3040 5358 3161 5428 jam
3193 5357 3456 5412 inventor
3503 5356 3760 5412 veritatis
3803 5356 3906 5410 tibi

2213 5443 2442 5510 videris,
2466 5443 2608 5498 nihil
2639 5444 2712 5498 ad
2759 5461 2872 5500 me.
2921 5447 3128 5500 Postea
3166 5445 3214 5500 si
3258 5445 3516 5516 ingratus
3567 5461 3684 5500 non
3729 5444 3906 5500 fueris

2277 5543 2291 5576 ί
2319 5541 2431 5590 Par.
2464 5540 2549 5590 Er.
2581 5542 2733 5605 Ven.,
2755 5545 3059 5607 swpetenus
3069 5542 3339 5607 probabili
3358 5541 3581 5594 ratione.
3647 5543 3715 5592 M.
