4058 6412
184 349 291 402 933

184 466 323 521 huic
367 465 687 536 patrocinio
741 480 894 533 meo,
949 465 1151 520 eadam
1205 465 1441 520 fortasse
1489 481 1581 520 me
1621 466 1873 521 docebis.

183 555 412 609 CAPUT
466 555 603 608 XIII.
639 585 706 594 —
754 557 848 608 ,4η
875 554 1191 610 Academici
1220 554 1629 610 dissimularint
1653 570 1709 610 se
1747 557 1884 608 scire

944 658 1149 697 verum.

255 733 352 785 29.
429 730 529 784 Hic
593 746 734 802 ego,
790 745 919 784 cum
981 730 1299 784 verecunde
1359 729 1644 784 Licentius
1698 729 1885 800 Alypii

185 819 472 889 impetum
527 818 896 885 formidaret;
944 818 1150 872 Omnia
1205 819 1415 889 potius,
1459 821 1714 889 inquam,
1748 818 1884 887 Aly-

187 906 272 976 pi,
304 905 466 976 loqui
504 905 776 972 maluisti,
811 921 984 976 quam
1034 906 1518 976 quemadmodum
1565 905 1726 958 nobis
1757 921 1886 958 cum

190 993 284 1062 iis,
315 993 417 1064 qui
447 994 606 1064 loqui
636 993 907 1055 nesciant,
933 994 1340 1064 disputandum
1370 993 1462 1047 sit.
1485 996 1548 1047 Et
1575 994 1670 1047 ille
1696 1010 1708 1047 :
1737 993 1885 1056 Quo-

191 1081 350 1134 niam
377 1081 516 1135 olim
543 1086 668 1135 tum
698 1081 861 1148 mihi,
915 1085 1042 1135 tum
1097 1083 1362 1135 omnibus
1416 1087 1619 1136 notum
1673 1084 1776 1140 est,
1833 1085 1890 1134 et

193 1183 351 1222 nunc
381 1171 481 1221 tua
525 1167 874 1238 professione
903 1168 1039 1221 satis
1070 1168 1284 1222 indicas
1316 1173 1372 1222 te
1421 1168 1694 1238 loquendi
1739 1167 1888 1238 peri-

191 1260 318 1309 tum
347 1271 497 1319 esse;
558 1255 728 1309 velim
761 1255 1005 1325 explices
1039 1255 1340 1309 utilitatem
1386 1256 1572 1325 primo
1602 1256 1770 1324 hujus
1799 1255 1886 1307 in-

193 1343 521 1413 quisitionis
561 1360 679 1398 sua:
713 1346 753 1410 ί,
799 1360 928 1414 quae
966 1348 1066 1398 aut
1104 1343 1392 1414 superﬂua
1419 1348 1524 1409 est,
1568 1347 1634 1397 ut
1664 1343 1888 1412 opinor,

192 1435 252 1485 et
281 1431 335 1485 ei
364 1432 547 1485 multo
577 1431 759 1502 magis
800 1432 1144 1501 respondere
1175 1431 1528 1501 superﬂuum
1557 1435 1673 1497 est;
1719 1434 1816 1484 aut
1845 1429 1891 1482 si

193 1520 501 1575 commoda
519 1520 637 1573 visa
655 1519 847 1588 fuerit,
871 1523 928 1574 et
963 1536 994 1572 a
1015 1534 1106 1573 me
1132 1518 1402 1590 explicari
1432 1518 1734 1587 nequierit,
1769 1533 1891 1588 pre-

193 1608 350 1663 cario
380 1609 480 1662 abs
508 1611 565 1662 te
603 1608 929 1678 impetrem,
961 1611 1026 1660 ut
1079 1606 1338 1677 magistri
1370 1606 1622 1660 ofﬁcium
1652 1623 1723 1660 ne
1764 1621 1892 1676 gra-

195 1713 351 1751 vere.
389 1695 714 1762 Meministi,
748 1695 1007 1766 inquam,
1039 1695 1165 1749 heri
1194 1711 1285 1749 me
1315 1711 1436 1750 esse
1466 1695 1786 1765 pollicitum
1824 1694 1893 1748 de

198 1785 324 1839 istis
351 1784 641 1839 vocabulis
671 1788 800 1854 post
824 1789 1102 1837 acturum.
1160 1784 1226 1837 Et
1251 1799 1403 1837 nunc
1454 1783 1549 1836 ille
1580 1783 1664 1836 sol
1693 1782 1893 1836 admo-

195 1877 318 1938 net,
350 1877 415 1926 ut
443 1888 572 1943 quae
601 1871 822 1926 ludicra
848 1871 1042 1942 pueris
1093 1871 1384 1943 preposui,
1436 1870 1690 1940 redigam
1720 1870 1781 1924 in
1813 1870 1892 1923 ci-

198 1964 350 2027 stas;
382 1960 702 2031 prtesertim
733 1976 865 2014 cum
925 1975 992 2014 ea
1045 1959 1285 2014 ornandi
1307 1960 1426 2029 jam
1479 1959 1670 2029 potius
1719 1974 1893 2028 quam

197 2048 488 2103 vendendi
533 2048 716 2119 gratia
762 2064 1099 2119 proponam.
1154 2049 1314 2102 Nunc
1349 2051 1660 2118 antequam
1699 2047 1895 2100 stilum

197 2141 461 2191 nostrum
490 2136 741 2190 tenebrae
771 2139 1070 2206 occupent,
1093 2151 1221 2206 quae
1250 2138 1506 2204 patrona
1535 2133 1896 2188 Academico-

199 2240 332 2278 rum
391 2225 574 2278 solent
627 2239 766 2288 esse,
817 2225 943 2278 volo
996 2223 1146 2277 inter
1204 2238 1305 2276 nos
1341 2221 1510 2276 hodie
1566 2221 1896 2293 plenissime

201 2316 446 2379 constet,
493 2313 564 2366 ad
610 2328 784 2383 quam
849 2311 1228 2382 quaestionem
1293 2311 1455 2364 nobis
1502 2309 1896 2380 explicandam

201 2417 375 2456 mane
405 2401 758 2472 surgendum
783 2401 872 2455 sit.
899 2403 1095 2472 Itaque
1124 2400 1426 2470 responde,
1457 2415 1672 2470 quaeso,
1704 2403 1899 2453 utrum

203 2490 312 2544 tibi
338 2489 640 2544 videantur
675 2490 992 2544 Academici
1023 2488 1290 2543 habuisse
1318 2492 1530 2542 certam
1568 2488 1636 2542 de
1661 2488 1896 2541 veritate

207 2578 576 2645 sententiam,
608 2582 666 2632 et
694 2594 821 2632 eam
847 2582 1063 2632 temere
1108 2577 1320 2647 ignotis
1373 2576 1462 2629 vel
1493 2591 1610 2629 non
1639 2576 1896 2646 purgatis

202 2665 416 2720 animis
465 2667 706 2736 prodere
755 2666 1038 2731 noluisse;
1090 2681 1163 2718 an
1210 2680 1342 2719 vero
1376 2663 1454 2718 ita
1485 2663 1788 2728 senserint,
1835 2667 1900 2717 ut

197 2770 404 2808 eorum
428 2754 839 2825 disputationes
869 2771 928 2808 se
957 2754 1194 2808 habent.

263 2879 278 2911 ¹
313 2876 440 2926 Bad.
475 2877 560 2925 Er.
592 2881 643 2940 et
671 2879 815 2932 Lov.,
840 2875 1225 2940 inquisitionis.
1243 2876 1348 2925 tua:
1368 2873 1470 2924 Sed
1493 2873 1682 2923 melius
1701 2873 1815 2924 Am.
1850 2878 1902 2924 et

198 2939 324 2987 Mss.
351 2952 492 2998 suae;
524 2938 746 2988 refertur
766 2938 921 2988 enim
940 2939 1004 2988 ad
1031 2939 1342 2987 Licentium.

1645 344 1856 401 LIBER
1910 345 2236 402 TERTIUS.

3579 353 3682 405 934

2061 472 2147 523 30.
2176 470 2318 523 Tum
2349 468 2442 522 ille
2476 485 2489 523 :
2521 468 2668 533 Quid
2696 469 2808 524 illis
2860 469 3036 524 animi
3077 471 3267 539 fuerit,
3317 472 3526 544 inquit,
3561 491 3679 530 non

1989 562 2202 612 temere
2222 557 2590 612 confirmabo.
2625 559 2764 612 Nam
2795 563 3075 629 quantum
3097 575 3165 614 ex
3186 559 3347 614 libris
3375 562 3565 631 colligi
3587 564 3683 617 da-

1990 649 2104 714 tur,
2133 651 2197 700 tu
2227 645 2429 699 melius
2462 646 2609 699 nosti
2638 662 2765 716 quae
2809 646 2868 700 in
2915 647 3086 701 verba
3133 648 3471 702 sententiam
3521 665 3680 704 suam

1991 749 2255 803 promere
2279 733 2538 786 soleant:
2574 734 2655 787 Me
2684 739 2875 787 autem
2927 735 2996 788 de
3045 735 3263 806 meipso
3315 735 3362 790 si
3408 738 3679 802 consulis,

1993 821 2286 874 inventum
2308 821 2564 874 nondum
2578 836 2773 874 verum
2799 837 2920 874 esse
2949 827 3116 892 puto.
3156 823 3314 877 Addo
3334 823 3506 877 etiam
3526 824 3680 895 quod

1995 909 2063 962 de
2092 909 2440 963 Academicis
2468 908 2779 977 ﬂagitabas,
2813 925 2914 962 nec
2947 926 3107 979 posse
3154 911 3399 966 inveniri
3447 928 3538 965 me
3568 928 3674 982 pu-

1996 1001 2137 1062 tare,
2161 1013 2279 1050 non
2313 998 2496 1050 solum
2524 996 2740 1062 inolita,
2773 1012 2946 1065 quam
2980 1014 3205 1067 semper
3253 999 3370 1052 fere
3419 999 3680 1054 animad-

1995 1083 2215 1137 vertisti
2246 1084 2518 1153 opinione
2549 1099 2697 1150 mea,
2731 1083 2827 1136 sed
2859 1083 3030 1137 etiam
3070 1086 3403 1140 auctoritate
3441 1103 3681 1157 magno-

1997 1189 2124 1226 rum
2176 1171 2752 1241 cxcellentiorumque
2800 1171 3275 1240 philosophorum
3321 1174 3524 1243 quibus
3578 1190 3682 1228 nos

1996 1261 2252 1330 praebere
2279 1261 2420 1314 colla
2451 1258 2564 1312 sive
2592 1257 2951 1312 imbecillitas
3006 1263 3218 1320 nostra,
3260 1259 3372 1312 sive
3404 1261 3681 1330 sagacitas

1998 1349 2278 1419 ipsorum,
2321 1350 2469 1401 ultra
2507 1363 2679 1417 quam
2721 1345 2864 1399 nihil
2903 1346 3024 1415 jam
3074 1346 3316 1400 inveniri
3360 1364 3521 1417 posse
3565 1365 3684 1402 cre-

2000 1437 2250 1490 dendum
2284 1440 2384 1501 est,
2419 1435 2607 1488 nescio
2639 1434 2922 1505 quomodo
2953 1435 3260 1504 compellit.
3310 1437 3426 1488 Hoc
3468 1440 3571 1503 est,
3601 1436 3689 1489 in-

2001 1540 2193 1597 quam,
2231 1523 2384 1594 quod
2407 1522 2579 1576 volui.
2612 1523 2753 1575 Nam
2781 1522 3037 1588 verebar,
3073 1538 3141 1574 ne
3182 1537 3310 1576 cum
3331 1521 3433 1575 tibi
3462 1538 3692 1593 quoque

2001 1612 2060 1665 id
2089 1612 2381 1666 videretur
2408 1610 2566 1681 quod
2594 1610 2771 1676 mihi;
2799 1610 3106 1681 disputatio
3146 1615 3338 1664 nostra
3368 1627 3568 1664 manca
3602 1627 3692 1664 re-

2001 1703 2277 1766 maneret,
2312 1699 2468 1752 nullo
2498 1697 2768 1751 existente
2799 1698 2898 1768 qui
2928 1714 2993 1751 ex
3024 1698 3201 1750 altera
3248 1701 3408 1768 parte
3452 1714 3570 1751 rem
3604 1715 3692 1750 ve-

2001 1785 2126 1839 nire
2155 1786 2215 1839 in
2244 1801 2446 1839 manus
2475 1788 2719 1855 cogeret,
2749 1789 2810 1838 ut
2837 1784 3138 1854 diligenter
3166 1788 3446 1854 quantum
3495 1801 3691 1854 possu-

2004 1889 2130 1927 mus
2157 1876 2496 1927 versaretur.
2531 1874 2727 1942 Itaque
2755 1871 2801 1924 si
2830 1871 2888 1926 id
2917 1872 3212 1941 evenisset,
3255 1876 3486 1942 paratus
3531 1888 3687 1924 eram

2002 1964 2058 2015 te
2089 1976 2310 2030 rogare,
2359 1965 2425 2014 ut
2475 1959 2945 2014 Academicorum
2989 1964 3178 2029 partes
3221 1959 3301 2013 ita
3357 1959 3690 2029 susciperes,

2005 2048 2165 2120 quasi
2189 2048 2293 2102 tibi
2323 2065 2442 2101 non
2495 2048 2682 2101 solum
2715 2047 3047 2117 disputasse,
3094 2047 3192 2100 sed
3232 2048 3402 2101 etiam
3447 2050 3688 2101 sensisse

2005 2136 2351 2202 viderentur,
2384 2151 2582 2189 verum
2612 2151 2728 2188 non
2755 2151 2921 2204 posse
2951 2135 3377 2204 comprehendi.
3409 2134 3698 2198 Quaeritur

2007 2239 2144 2294 ergo
2174 2223 2325 2278 inter
2349 2239 2475 2289 nos,
2509 2227 2702 2276 utrum
2732 2222 2963 2276 illorum
3011 2225 3362 2292 argumentis
3398 2223 3696 2293 probabile

2007 2313 2079 2365 sit
2103 2311 2248 2366 nihil
2278 2311 2494 2382 percipi
2518 2325 2703 2381 posse,
2736 2326 2800 2364 ac
2829 2309 2973 2364 nulli
2993 2309 3076 2362 rei
3106 2326 3224 2364 esse
3247 2309 3693 2365 assentiendum.

2008 2401 2168 2465 Quod
2201 2400 2247 2453 si
2287 2399 2622 2468 obtinueris,
2671 2399 2864 2452 cedam
2905 2398 3156 2452 libenter
3196 2415 3209 2452 :
3259 2398 3306 2452 si
3351 2404 3543 2453 autem
3597 2399 3696 2452 de—

2008 2494 2328 2542 monstrare
2357 2491 2597 2557 potuero
2634 2485 2817 2539 multo
2873 2501 2992 2538 esse
3039 2485 3407 2554 probabilius,
3443 2490 3498 2540 et
3534 2502 3700 2556 posse

2009 2577 2081 2630 ad
2111 2576 2410 2631 veritatem
2455 2573 2752 2645 pervenire
2813 2573 3149 2642 sapientem,
3205 2577 3260 2627 et
3320 2573 3700 2628 assensionem

2010 2679 2130 2717 non
2187 2677 2411 2732 semper
2469 2677 2588 2715 esse
2645 2660 3021 2714 cohibendam
3070 2680 3084 2727 ;
3127 2660 3272 2714 nihil
3336 2660 3589 2728 habebis,
3639 2665 3704 2713 ut

2011 2751 2238 2820 opinor,
2269 2766 2369 2804 cur
2396 2765 2514 2803 non
2541 2753 2596 2803 te
2626 2748 2687 2802 in
2715 2763 2904 2802 meam
2948 2748 3287 2802 sententiam
3320 2748 3560 2802 transire
3608 2764 3703 2817 pa-

2009 2837 2187 2893 tiaris.
2239 2838 2397 2902 Quod
2441 2853 2571 2891 cum
2618 2837 2701 2890 iili
2749 2836 3054 2906 placuisset
3099 2842 3157 2890 et
3201 2837 3416 2890 caeteris
3447 2836 3545 2906 qui
3577 2836 3704 2888 ade-

2013 2929 2162 2992 rant,
2188 2925 2310 2995 jam
2338 2940 2571 2994 vespere
2594 2924 2920 2978 obumbrati
2949 2925 3179 2978 domum
3212 2923 3573 2978 revertimus.

1274 3156 1786 3278 LIBER
1878 3151 2636 3277 TERTIUS.

259 3341 490 3390 Exhibet
513 3341 894 3404 disputationes
934 3340 1084 3398 duas,
1117 3353 1340 3403 quarum
1371 3340 1523 3404 initio
1553 3339 2101 3404 sta_tuitur_for_tunam
2126 3337 2262 3404 nihil
2292 3335 2740 3404 sive__a_djumento
2767 3333 2875 3404 sive
2907 3330 3283 3404 impedimento
3309 3343 3422 3401 esse
3453 3326 3698 3404 sapienti.

198 3406 323 3454 Mox
357 3392 700 3467 Augustinus,
731 3407 1058 3467 repugnante
1075 3392 1182 3467 pro
1218 3402 1471 3467 susceptis
1509 3401 1744 3467 partibus
1773 3399 2216 3467 Alypio,_prob_at
2250 3392 2518 3467 nonnihil:
2537 3396 2732 3467 sciri_a
2761 3392 3022 3465 sapiente,
3053 3398 3235 3467 utpote
3275 3392 3588 3467 quipsal‘tem
3627 3405 3708 3462 sa:

199 3453 471 3530 pientiani’
496 3453 1209 3530 noveritlpeinvde‘Zenbnis
1248 3453 1630 3530 definitionem
1653 3453 1891 3530 discutit;
1911 3453 2094 3530 et'diio
2118 3461 2227 3530 illa
2258 3458 2527 3530 redarguit
2553 3453 2984 3530 Academicorum
3017 3453 3211 3530 placita
3233 3453 3712 3530 iiailtlihielﬂperlcipi

199 3516 358 3592 posse
379 3544 391 3589 ;
411 3545 438 3573 »
473 3531 542 3587 et,
576 3547 600 3570 «
626 3526 768 3575 Nulli
787 3527 862 3576 rei
892 3526 1080 3576 debere
1099 3525 1358 3574 assentiri.
1379 3541 1406 3571 »
1438 3525 1574 3573 Dicit
1601 3524 1816 3573 demum
1842 3516 2008 3571 videri
2031 3523 2131 3571 sibi
2161 3516 2500 3570 Academicos
2523 3533 2634 3569 non
2658 3519 2731 3568 ita
2758 3519 2984 3568 sensisse
3014 3516 3090 3566 uti
3127 3516 3286 3579 vulgo
3318 3516 3706 3564 existimantur.

795 3736 1100 3775 DISPUTATIO
1131 3736 1215 3774 PRI
1223 3735 1293 3772 MA
1302 3759 1316 3772 .

279 3811 508 3867 CAPUT
557 3810 849 3865 PRIMUM.
903 3839 973 3850 —
1027 3811 1352 3876 Magnopere
1382 3804 1673 3874 quaerenda
1699 3805 1904 3860 veritas

705 3899 846 3952 unde
872 3898 1066 3966 pendet
1089 3899 1207 3951 vita
1237 3897 1414 3950 beata.

284 3992 336 4042 1.
370 3988 513 4043 Cum
569 3989 700 4056 post
753 3986 918 4040 illum
961 3999 1284 4039 sermonem
1329 3997 1502 4053 quem
1534 3979 1814 4034 secundus
1842 3977 1906 4032 li-

203 4078 312 4132 ber
341 4078 616 4143 continet,
649 4075 761 4130 alio
793 4076 884 4130 die
909 4074 1359 4129 consedissemus
1389 4072 1450 4126 in
1475 4070 1734 4136 balneis;
1774 4083 1906 4122 nam

207 4169 335 4220 erat
363 4164 579 4219 tristior
607 4179 783 4234 quam
811 4167 876 4217 ut
906 4163 978 4216 ad
1014 4166 1242 4232 pratum
1299 4161 1502 4214 liberet
1531 4156 1904 4221 descendere;

208 4255 293 4309 sic
325 4269 562 4308 exorsus
591 4269 745 4306 sum:
779 4251 1037 4306 Arbitror
1083 4267 1184 4304 vos
1228 4251 1347 4320 jam
1383 4247 1517 4302 satis
1556 4245 1911 4300 animadver-

208 4342 351 4397 tisse
383 4357 497 4412 qua
526 4341 595 4396 de
640 4356 702 4394 re
732 4339 881 4393 inter
909 4354 1012 4392 nos
1043 4335 1396 4391 discutienda
1423 4333 1662 4405 quaestio
1693 4331 1909 4385 consti-

212 4435 343 4484 tuta
368 4429 457 4484 sit.
509 4429 620 4484 Sed
649 4431 957 4498 antequam
986 4425 1058 4480 ad
1083 4428 1274 4495 partes
1304 4439 1462 4478 meas
1490 4421 1747 4487 veniam;
1778 4435 1908 4490 quae

212 4518 291 4573 ad
332 4534 458 4572 eam
514 4517 805 4588 pertinent
859 4514 1268 4586 explicandam,
1322 4527 1522 4583 pauca,
1571 4525 1786 4581 quaeso,
1843 4508 1911 4562 de

209 4622 339 4676 spe,
378 4606 448 4660 de
475 4605 608 4672 vita,
637 4606 710 4660 de
735 4604 994 4658 instituto
1029 4606 1220 4656 nostro
1267 4617 1382 4655 non
1410 4601 1479 4654 ab
1506 4615 1565 4653 re
1594 4598 1910 4652 abhorren-

214 4695 297 4748 tia
327 4693 571 4748 libenter
599 4692 862 4748 audiatis.
901 4689 1206 4760 Negotium
1237 4694 1497 4742 nostrum
1523 4702 1642 4740 non
1669 4686 1787 4739 leve
1815 4687 1916 4737 aut

215 4781 598 4853 superﬂuum,
631 4782 730 4836 sed
759 4778 1142 4834 necessarium
1186 4793 1248 4830 ac
1281 4791 1574 4830 summum
1605 4789 1728 4827 esse
1760 4771 1916 4826 arbi—

215 4875 362 4935 tror,
403 4885 753 4940 magnopere
809 4883 1068 4939 quterere
1122 4865 1448 4920 veritatem:
1483 4865 1591 4917 hoc
1647 4861 1796 4914 inter
1823 4876 1914 4913 me

216 4962 397 5028 atque
434 4957 704 5028 Alypium
743 4954 1024 5010 convenit.
1081 4955 1224 5008 Nam
1264 4957 1321 5006 et
1366 4951 1558 5006 caeteri
1586 4947 1914 5020 philosophi

218 5045 543 5116 sapientem
574 5061 743 5100 suum
780 5060 908 5099 eam
960 5042 1244 5097 invenisse
1272 5043 1648 5112 putaverunt;
1681 5043 1738 5091 et
1776 5038 1916 5090 Aca-

217 5133 433 5191 demici
492 5133 738 5204 sapienti
804 5149 906 5188 suo
963 5147 1187 5186 summo
1241 5133 1452 5184 conatu
1513 5125 1918 5180 inveniendam

219 5239 345 5279 esse
374 5222 617 5294 professi
673 5226 827 5289 sunt,
880 5221 1055 5292 idque
1109 5219 1273 5273 illum
1303 5232 1473 5288 agere
1531 5215 1759 5280 sedulo;
1821 5213 1919 5267 sed

220 5313 502 5385 quoniam
531 5312 620 5367 vel
646 5311 848 5364 lateret
877 5310 1101 5376 obruta,
1149 5309 1237 5363 vel
1267 5307 1500 5361 confusa
1555 5321 1669 5358 non
1700 5303 1919 5357 emine-

220 5407 333 5469 ret,
357 5402 431 5456 ad
473 5400 756 5471 agendam
784 5398 959 5452 vitam
988 5397 1045 5451 id
1075 5412 1210 5451 eum
1253 5394 1414 5465 sequi
1445 5393 1596 5466 quod
1624 5391 1919 5463 probabile

221 5509 288 5547 ac
315 5489 626 5546 verisimile
657 5490 999 5542 occurreret.
1031 5485 1096 5540 Id
1127 5484 1302 5538 etiam
1329 5487 1515 5537 vestra
1543 5481 1785 5553 pristina
1814 5479 1921 5534 dis-

222 5579 552 5653 ceptatione
576 5577 903 5633 confectum
933 5580 1034 5632 est.
1069 5575 1210 5630 Nam
1239 5587 1370 5628 cum
1401 5572 1542 5628 alter
1569 5571 1800 5628 inventa
1825 5585 1920 5626 ve-

2013 3714 2178 3768 ritate
2223 3713 2454 3767 beatum
2493 3710 2620 3765 fieri
2667 3707 2970 3763 asseruerit
3009 3705 3322 3771 hominem,
3377 3705 3520 3758 alter
3559 3720 3696 3757 vero

2014 3805 2235 3855 tantum
2255 3800 2558 3870 diligenter
2585 3797 2851 3868 quaesita;
2877 3795 3022 3849 nulli
3043 3798 3304 3847 nostrum
3324 3792 3563 3846 dubium
3594 3796 3698 3854 est,

2017 3889 2160 3943 nihil
2192 3905 2313 3944 esse
2344 3886 2558 3942 anobis
2574 3885 2706 3939 huic
2734 3883 2960 3954 negotio
2990 3881 3464 3952 praeponendum,
3499 3879 3706 3942 Quam-

2018 3979 2215 4031 obrem
2280 3977 2509 4047 qualem
2564 3973 2719 4028 vobis
2765 3987 2983 4044 quaeso,
3029 3973 3360 4025 hesternum
3406 3967 3558 4022 diem
3631 3967 3714 4020 vi-

2019 4066 2222 4120 demur
2251 4063 2519 4119 duxisse?
2559 4060 2732 4116 Vobis
2782 4059 3016 4131 quidem
3055 4058 3115 4112 in
3149 4057 3349 4111 studiis
3386 4055 3584 4109 vestris
3622 4055 3705 4108 vi-

2017 4169 2147 4208 vere
2177 4152 2354 4206 licuit.
2389 4152 2530 4205 Nam
2561 4153 2616 4204 et
2650 4154 2736 4216 tu,
2776 4148 3025 4218 Trygeti,
3069 4145 3290 4216 Virgilii
3337 4148 3392 4198 te
3446 4143 3715 4198 carmini-

2019 4242 2126 4297 bus
2154 4240 2466 4307 oblectasti,
2499 4244 2555 4294 et
2584 4237 2864 4293 Licentius
2882 4235 3165 4307 ﬁngendis
3195 4233 3449 4288 versibus
3475 4233 3710 4298 vacavit,

2022 4346 2272 4402 quorum
2317 4344 2512 4384 amore
2550 4328 2628 4382 ita
2668 4327 2962 4397 perculsus
3009 4329 3113 4390 est,
3179 4329 3245 4377 ut
3289 4325 3526 4392 prepter
3582 4337 3713 4374 eum

2022 4420 2270 4474 maxime
2304 4417 2449 4472 mihi
2477 4417 2651 4471 istum
2674 4430 2994 4470 sermonem
3026 4411 3387 4466 inferendum
3423 4413 3710 4480 putarem,

2024 4507 2226 4579 quoin
2256 4507 2378 4577 ejus
2419 4505 2611 4559 animo
2660 4503 3026 4575 philosophia
3079 4503 3250 4571 (nunc
3295 4499 3447 4553 enim
3491 4503 3718 4568 tempus

2025 4597 2124 4665 est)
2159 4596 2438 4665 majorem
2468 4596 2711 4663 partem,
2756 4607 2871 4645 non
2900 4590 3071 4644 modo
3117 4605 3290 4659 quam
3333 4587 3579 4657 poetica,
3619 4586 3716 4640 sed

2026 4684 2240 4754 quaevis
2272 4683 2383 4736 alia
2405 4680 2705 4751 disciplina
2736 4679 2845 4733 sibi
2871 4681 3129 4747 usurpet,
3163 4692 3226 4730 ac
3245 4675 3518 4731 vindicet.
3612 4671 3615 4675 ’

2161 4791 2384 4846 CAPUT
2415 4791 2483 4843 II.
2520 4818 2588 4828 ——
2618 4790 2714 4841 An
2742 4790 2968 4854 fortuna
2998 4787 3234 4855 sapienti
3259 4787 3591 4839 necessaria.

2097 4890 2157 4942 2.
2220 4887 2329 4941 Sed
2381 4901 2574 4956 quaeso
2609 4901 2726 4952 vos,
2795 4899 2988 4937 nonne
3053 4882 3270 4936 miserti
3325 4879 3344 4914 ¹
3393 4883 3570 4936 nostri
3635 4897 3719 4934 es-

2028 4975 2119 5042 tis,
2155 4991 2285 5029 cum
2321 4973 2506 5044 pridie
2550 4973 2632 5027 ita
2671 4971 2926 5025 cubitum
2951 4971 3210 5034 issemus,
3261 4974 3326 5026 ut
3376 4971 3445 5025 ad
3493 4970 3724 5024 dilatam

2031 5063 2430 5136 quaestionem,
2464 5064 2520 5115 et
2566 5076 2800 5131 prorsus
2831 5059 2903 5114 ad
2950 5058 3094 5114 nihil
3139 5059 3292 5114 aliud
3341 5061 3714 5128 surgeretur;

2031 5152 2187 5224 quod
2214 5155 2373 5205 tanta
2398 5150 2465 5204 de
2488 5163 2548 5202 re
2572 5147 2841 5203 familiari
2869 5147 3186 5202 necessario
3216 5145 3542 5217 peragenda
3555 5141 3727 5198 exsti-

2033 5244 2243 5307 terunt,
2295 5243 2355 5292 ut
2395 5239 2485 5292 his
2531 5237 2760 5308 penitus
2801 5237 3078 5307 occupati,
3126 5236 3219 5289 vix
3267 5235 3405 5288 duas
3445 5236 3726 5287 extremas

2031 5329 2146 5384 diei
2174 5329 2344 5382 horas
2375 5327 2438 5381 in
2470 5325 2848 5398 nosmetipsos
2867 5325 3147 5396 respirare
3169 5338 3462 5394 possemus
3481 5321 3509 5373 ‘?
3538 5319 3726 5383 Quare

2097 5453 2113 5486 1
2143 5450 2288 5515 ΙηγΟ.
2311 5450 2584 5512 miserati,
2614 5465 2731 5515 quas
2761 5450 2918 5515 lectio
2950 5462 3119 5515 neque
3161 5446 3408 5515 adoptata
3434 5447 3528 5515 est.
3542 5443 3608 5491 ab
3643 5443 3727 5490 Er.

2001 5514 2162 5563 -Ven.
2208 5514 2354 5571 Lov.,
2397 5505 2581 5575 neque
2614 5505 2930 5574 adoptanda,
2960 5505 3140 5574 utpote
3186 5505 3403 5556 minime
3439 5505 3623 5565 latina,
3646 5517 3726 5554 se-

2035 5577 2229 5638 quente
2258 5587 2384 5625 casu
2413 5575 2668 5637 genitivo.
2694 5575 2762 5624 M.
