4058 6356
379 294 480 345 935

381 423 607 478 semper
641 405 749 460 fuit
778 404 1057 460 sententia
1088 421 1235 472 mea,
1283 403 1522 474 sapienti
1549 404 1666 473 jam
1715 403 1937 458 homini
1979 401 2065 456 ni-

380 497 461 550 hil
486 512 626 566 opus
657 510 813 560 esse;
847 498 910 547 ut
954 498 1141 547 autem
1190 491 1414 561 sapiens
1445 490 1564 556 fiat,
1613 491 1927 561 plurimum
1975 506 2072 544 nc-

381 583 681 638 cessariam
714 598 833 635 esse
858 581 1142 635 fortunam
1177 580 1313 646 (Lib.
1353 583 1371 632 l
1402 580 1645 633 Rctract.
1679 595 1796 648 cap.
1845 583 1892 643 1,
1919 595 1968 630 n.
2006 579 2067 642 l):

381 672 488 727 nisi
521 671 655 742 quid
692 671 842 723 aliud
875 670 1095 721 videtur
1149 667 1370 738 Alypio.
1419 669 1557 720 Tum
1607 667 1702 720 ille
1739 684 1750 720 :
1784 667 2070 730 Quantum

375 759 543 831 juris,
584 758 790 829 inquit,
837 758 1082 811 fortunae
1129 756 1364 821 tribuas,
1415 756 1668 809 nondum
1727 755 1871 808 bene
1917 753 2064 806 novi.

385 850 521 902 Nam
582 846 627 900 si
679 847 746 900 ad
795 844 1270 898 contemnendam
1314 845 1626 908 fortunam,
1674 844 1900 897 fortuna
1946 841 2068 912 ipsa

385 952 528 1005 opus
557 951 675 988 esse
718 933 1032 998 arbitraris,
1085 949 1176 986 me
1223 948 1451 1003 quoque
1500 931 1766 985 comitem
1823 930 1880 983 in
1921 930 2068 983 hanc

382 1023 718 1078 sententiam
755 1022 826 1075 do
851 1020 975 1075 tibi.
1009 1021 1107 1075 Sin
1136 1021 1378 1074 fortunae
1413 1020 1553 1072 nihil
1587 1018 1738 1072 aliud
1783 1017 2064 1083 concedis,

382 1126 554 1181 quam
585 1125 652 1162 ea
679 1126 806 1178 qua-
837 1108 1092 1178 corporis
1136 1107 1458 1162 necessitati
1505 1123 1617 1160 non
1667 1109 1924 1176 possunt,
1957 1104 2068 1157 nisi

382 1198 505 1268 ipsa
546 1197 787 1261 volente,
832 1199 1130 1265 suppetere
1166 1211 1179 1262 ;
1210 1210 1322 1247 non
1379 1195 1458 1247 ita
1505 1193 1707 1248 sentio.
1760 1196 1872 1246 Aut
1914 1191 2067 1246 enim

381 1286 511 1338 licet
556 1283 754 1338 eadem
801 1287 1156 1352 repugnante
1208 1287 1378 1352 atque
1426 1281 1622 1347 invita,
1673 1281 1930 1334 nondum
1979 1295 2067 1332 sa~

381 1373 582 1445 pienti,
615 1372 816 1442 cupido
848 1375 1040 1424 tamen
1072 1369 1387 1440 sapientiae,
1422 1386 1487 1423 ea
1516 1385 1742 1423 sumere
1771 1385 1898 1438 quae
1940 1369 2069 1421 vitae

382 1460 699 1514 necessaria
731 1459 1102 1525 conﬁtemur;
1157 1463 1253 1512 aut
1307 1457 1734 1512 concedendum
1786 1461 1871 1511 est
1899 1456 2070 1509 etiam

380 1550 442 1603 in
471 1549 630 1602 omni
659 1547 926 1618 sapientis
957 1547 1068 1601 vita
1098 1563 1220 1600 eam
1246 1546 1554 1612 dominari,
1585 1562 1713 1600 cum
1746 1549 1802 1598 et
1829 1544 1947 1615 ipse
1987 1560 2072 1596 sa-

382 1636 546 1708 piens
575 1636 644 1688 iis
675 1651 802 1706 quae
834 1634 1060 1704 corpori
1091 1633 1406 1688 necessaria
1454 1637 1606 1699 sunt,
1655 1649 1771 1686 non
1814 1630 2070 1701 indigere

379 1742 495 1779 non
527 1723 721 1795 possit.
1633 1777 1640 1785 ν

453 1816 503 1867 3.
539 1811 686 1866 Dicis
716 1827 872 1882 ergo,
903 1811 1163 1881 inquam,
1193 1810 1482 1864 fortunam
1525 1824 1647 1862 esse
1693 1805 2066 1862 necessariam

379 1901 633 1956 studioso
665 1899 1032 1970 sapientiam,
1065 1898 1310 1968 sapienti
1351 1913 1483 1950 vero
1513 1913 1714 1966 negas.
1757 1897 1878 1949 Non
1909 1894 1978 1948 ab
2010 1910 2070 1948 re

380 1995 465 2043 est
495 1989 690 2044 eadem
720 1992 996 2058 repetere,
1026 1987 1231 2058 inquit.
1266 1988 1463 2056 Itaque
1503 2002 1656 2040 nunc
1685 1984 1854 2038 etiam
1887 1983 1986 2037 abs
2014 1988 2069 2037 te

379 2094 592 2148 qumro,
628 2081 818 2130 utrum
867 2076 1154 2129 fortunam
1198 2074 1270 2129 ad
1307 2074 1552 2144 seipsam
1595 2072 2067 2127 contemnendam

377 2165 591 2235 aliquid
627 2165 821 2235 iuvare
856 2163 1120 2216 aestimes.
1171 2162 1331 2226 Quod
1377 2161 1424 2214 si
1463 2159 1776 2227 arbitraris,
1815 2159 1938 2214 dico
1975 2175 2069 2212 sa-

377 2252 611 2324 pientiae
637 2251 908 2322 cupidum
938 2266 1288 2320 magnopere
1319 2249 1582 2319 indigere
1621 2248 1872 2302 fortuna.
1902 2247 2066 2300 Arbi-

377 2346 518 2407 tror,
554 2340 811 2410 inquam,
843 2338 1124 2410 siquidem
1173 2354 1276 2408 per
1324 2337 1481 2390 illam
1529 2337 1636 2390 erit
1683 2336 1830 2402 talis,
1885 2335 2070 2406 qualis

378 2445 503 2482 eam
536 2428 713 2498 possit
742 2431 1127 2481 contemnere.
1159 2427 1269 2480 Nec
1308 2425 1615 2478 absurdum
1661 2428 1746 2478 est
1776 2440 1789 2477 :
1821 2439 1954 2477 nam
1991 2422 2071 2476 sic

380 2516 552 2569 etiam
608 2515 799 2584 parvis
854 2514 1018 2567 nobis
1064 2513 1243 2568 ubera
1285 2513 1602 2567 necessaria
1654 2517 1809 2578 sunt,
1864 2511 2071 2582 quibus

379 2603 642 2668 efficitur,
676 2606 738 2654 ut
767 2601 888 2654 sine
917 2601 1008 2655 his
1028 2605 1221 2671 postea
1246 2601 1452 2667 vivere,
1471 2616 1534 2653 ac
1560 2600 1744 2652 valere
1764 2599 2064 2670 possimus.

375 2688 716 2757 Sententias,
749 2688 846 2754 ait,
878 2693 1101 2742 nostras
1129 2689 1174 2741 si
1226 2687 1404 2741 animi
1451 2687 1746 2756 conceptio
1790 2702 1905 2739 non
1952 2685 2066 2738 dis-

376 2783 557 2843 sonat,
585 2777 928 2832 concordare
958 2776 1103 2830 mihi
1133 2777 1314 2846 liquet
1347 2793 1359 2829 :
1393 2775 1502 2828 nisi
1543 2775 1684 2829 forte
1735 2774 2066 2828 discernen-

374 2867 508 2920 dum
541 2866 805 2935 cuiquam
846 2864 1068 2917 videtur
1095 2864 1241 2934 quod
1271 2864 1355 2917 vel
1386 2862 1632 2916 fortuna:
1663 2862 1764 2930 ,Ivel
1805 2861 2067 2928 uberum,

373 2972 489 3009 non
521 2955 643 3025 ipsa
667 2954 841 3007 ubera
873 2969 974 3006 seu
1013 2952 1261 3021 fortuna,
1295 2951 1391 3005 sed
1424 2951 1532 3004 alia
1555 2967 1642 3004 res
1673 2951 1935 3021 quaedam
1966 2965 2069 3002 nos

372 3043 545 3096 faciat
571 3044 1008 3110 contemptores.
1043 3040 1194 3093 Nihil
1225 3056 1500 3110 magnum
1533 3044 1637 3105 est,
1666 3038 1924 3108 inquam,
1956 3037 2067 3090 alio

372 3130 544 3183 simili
569 3129 669 3183 uti.
707 3130 847 3182 Nam
888 3132 954 3180 ut
980 3127 1102 3180 sine
1151 3127 1300 3194 navi,
1351 3127 1438 3178 vel
1487 3125 1744 3195 quolibet
1784 3124 2064 3189 vehiculo,

373 3223 471 3272 aut
491 3217 750 3276 omnino.
800 3232 872 3268 ne
914 3216 1003 3269 vel
1046 3215 1236 3284 ipsum
1288 3214 1578 3268 Daedalum
1625 3213 1882 3279 timeam,
1934 3213 2056 3267 sine

372 3305 503 3358 ullis
531 3305 605 3358 ad
659 3305 804 3356 hanc
853 3319 976 3357 rem
1022 3302 1462 3355 accommodatis
1514 3301 1931 3364 instrumentis,
1967 3306 2066 3354 aut

369 3392 562 3462 aliqua
593 3390 897 3445 occultiore
926 3388 1203 3459 potentia.
1229 3391 1465 3459 Aigcum
1509 3405 1666 3443 mare
1691 3405 1859 3442 nemo
1888 3392 2067 3442 trans-

372 3479 583 3545 mittit;
615 3478 874 3549 quamvis
923 3477 1064 3532 nihil
1127 3476 1300 3541 aliud,
1360 3493 1536 3547 quum
1585 3476 1882 3546 pervenire
1923 3493 2064 3547 pro-

369 3574 579 3640 ponat;
613 3569 766 3640 quod
793 3584 924 3622 cum
956 3567 1010 3621 ei
1041 3566 1314 3633 evenerit,
1345 3566 1442 3619 illa
1473 3565 1666 3619 omnia
1713 3565 1918 3635 quibus
1960 3566 2065 3619 ad-

371 3662 560 3712 vectus
593 3661 696 3722 est,
731 3661 962 3726 paratus
1009 3655 1080 3708 sit
1122 3653 1366 3724 abjicere
1423 3657 1592 3724 atque
1649 3657 2013 3707 contemnere
2049 3669 2060 3706 :

368 3746 445 3800 ita
478 3746 738 3817 quisquis
768 3745 837 3799 ad
873 3743 1170 3815 sapientiae
1212 3747 1463 3813 portum,
1499 3747 1554 3795 et
1602 3742 1763 3812 quasi
1805 3741 2063 3795 ﬁrmissi—

367 3850 527 3888 mum
541 3837 596 3888 et
623 3833 1041 3905 quietissimum
1064 3833 1248 3886 solum
1279 3830 1577 3902 pervenire
1605 3830 1878 3896 voluerit;
1918 3847 2062 3900 quo-
2091 3891 2093 3894 η

366 3922 543 3989 niam,
575 3927 641 3977 ut
670 3922 782 3976 alia
814 3922 1094 3988 omittam,
1129 3919 1176 3974 si
1196 3936 1376 3974 caecus
1407 3935 1470 3972 ac
1501 3919 1705 3974 surdus
1725 3917 1914 3984 fuerit,
1948 3935 2063 3972 non

363 4015 568 4081 potest,
605 4011 756 4081 quod
787 4011 1044 4080 positum
1095 4013 1180 4063 est
1217 4009 1276 4062 in
1323 4011 1602 4078 potestate
1646 4007 1911 4072 fortunae,
1960 4022 2060 4060 ne-

363 4100 666 4153 cessariam
700 4097 843 4152 mihi
873 4098 1098 4151 videtur
1125 4097 1193 4150 ad
1225 4096 1304 4162 id,
1358 4095 1513 4165 quod
1558 4094 1899 4164 concupivit,
1955 4095 2059 4148 ha-

364 4188 500 4242 bere
529 4188 839 4240 fortunam.
875 4185 1034 4248 Quod
1048 4200 1176 4237 cum
1189 4183 1520 4247 obtinuerit,
1542 4182 1800 4252 quamvis
1830 4187 2064 4252 putetur

364 4274 624 4343 indigere
654 4272 996 4343 quibusdam
1042 4271 1211 4324 rebus
1243 4271 1310 4324 ad
1370 4270 1622 4340 corporis
1677 4269 2060 4324 valetudinem

363 4359 818 4431 pertinentibus;
870 4359 1008 4413 illud
1064 4363 1255 4411 tamen
1312 4361 1552 4423 constat,
1603 4373 1720 4410 non
1780 4357 1870 4410 his
1918 4375 2061 4428 opus

364 4464 486 4501 esse
516 4452 581 4501 ut
613 4446 836 4517 sapiens
870 4445 960 4512 sit,
991 4445 1086 4499 sed
1118 4450 1184 4498 ut
1211 4444 1360 4498 inter
1389 4442 1650 4498 homines
1699 4444 1863 4499 vivat.
1917 4447 2059 4514 Imo,

357 4537 436 4590 ait
465 4535 580 4598 ille,
620 4531 666 4587 si
698 4550 876 4588 caecus
925 4550 989 4588 ac
1021 4533 1226 4588 surdus
1269 4533 1378 4597 sit;
1432 4537 1488 4585 et
1543 4531 1877 4601 sapientiam
1941 4533 2059 4586 adi-

356 4622 708 4693 piscendam,
741 4627 797 4677 et
823 4623 1028 4694 {ipsam
1072 4622 1244 4676 vitam
1287 4625 1526 4692 propter
1563 4637 1736 4691 quam
1781 4621 2060 4691 sapientia

362 4710 663 4781 quaeritur,
690 4726 818 4765 mea
847 4710 1149 4776 sententia,
1177 4711 1304 4781 jure
1335 4713 1665 4764 contemnet
1694 4710 1732 4762 ¹.

429 4801 482 4851 4.
519 4799 748 4864 Tamen,
783 4798 1040 4869 inquam,
1074 4815 1206 4852 cum
1236 4799 1361 4869 ipsa
1391 4797 1506 4850 vita
1562 4800 1776 4863 nostra,
1827 4813 1941 4867 qua
1970 4797 2060 4850 hic

355 4886 616 4953 vivimus,
663 4886 733 4939 sit
776 4887 837 4939 in
882 4891 1161 4957 potestate
1209 4888 1491 4952 fortunae;
1547 4902 1650 4939 nec
1699 4886 1813 4939 nisi
1864 4886 2060 4940 vivens

355 4973 600 5045 quisque
631 4973 854 5044 sapiens
883 4975 1006 5028 fieri
1036 4976 1453 5046 possitmonne
1483 4975 1780 5029 fatendum
1812 4979 1894 5027 est
1917 4992 2060 5045 opus

355 5078 474 5116 esse
515 5063 636 5132 ejus
684 5062 892 5130 favore,
945 5079 1058 5133 quo
1115 5064 1186 5116 ad
1229 5062 1570 5133 sapientiam
1630 5064 2059 5132 pervellamur?

353 5150 463 5204 Sed
493 5166 622 5204 cum
675 5149 970 5220 sapientia,
1022 5151 1232 5221 inquit,
1283 5167 1399 5205 non
1452 5150 1566 5204 nisi
1621 5150 1940 5205 viventibus
1989 5151 2062 5204 sit

354 5239 688 5306 necessaria,
734 5242 1069 5309 remotaque
1117 5239 1230 5292 vita
1278 5239 1437 5292 nulla
1483 5239 1557 5291 sit
1603 5238 1919 5308 indigentia
1973 5256 2058 5293 sa-

352 5326 606 5396 pientiae,
638 5327 780 5382 nihil
810 5327 868 5380 in
900 5326 1276 5398 propaganda
1325 5326 1444 5380 vita
1497 5326 1837 5396 pertimesco
1889 5327 2062 5381 fortu-

352 5429 507 5468 nam.
541 5417 763 5470 Etenim
807 5415 942 5487 quia
978 5416 1125 5482 vivo,
1175 5419 1479 5486 propterea
1525 5415 1654 5469 volo
1695 5415 2055 5484 sapientiam,

416 5513 432 5544 ι
456 5511 570 5562 Par.
590 5513 676 5561 Er.
700 5514 831 5565 Ven.
857 5517 1157 5566 contemnit.
1184 5513 1250 5562 M.

1465 287 1745 342 CONTRA
1783 239 2255 350 ACADEMICOS,
2299 283 2354 340 S.
2397 283 2782 340 AUGUSTINI

3776 286 3882 340 936

2180 416 2298 454 non
2347 401 2496 472 quod
2543 400 2882 471 sapientiam
2935 400 3220 463 desidero,
3269 401 3399 454 volo
3461 400 3661 454 vitam.
3716 399 3882 453 Unde

2180 489 2409 542 fortuna
2438 489 2482 542 si
2502 488 2645 542 mihi
2676 488 2971 543 abstulerit
2998 490 3196 559 vitam,
3227 489 3449 543 auferet
3465 504 3697 543 causam
3724 503 3885 558 qure-

2181 577 2374 631 rendaa
2403 577 2716 647 sapientiae.
2752 577 2902 631 Nihil
2942 577 3120 647 igitur
3149 577 3352 643 habeo,
3384 593 3484 631 cur
3513 581 3575 630 ut
3615 576 3756 630 ﬁam
3789 592 3882 629 sa-

2179 667 2362 736 piens,
2401 672 2500 720 aut
2527 666 2776 720 favorem
2807 670 2999 737 optem
3029 667 3296 732 fortunae,
3328 671 3429 719 aut
3458 665 3882 736 impedimenta

2181 753 2504 820 formidem,
2561 753 2671 808 nisi
2726 755 2835 808 alia
2881 754 3119 809 fortasse
3170 754 3498 825 protuleris.
3541 756 3687 808 Tum
3738 768 3878 822 ego:

2180 843 2300 896 Non
2340 842 2519 911 igitur
2545 857 2740 896 censes
2793 843 3087 912 sapientiae
3117 843 3431 897 studiosum
3470 858 3640 912 posse
3689 859 3722 894 a
3752 841 3881 894 for-

2180 934 2333 996 tuna,
2387 946 2460 983 ne
2489 930 2557 984 ad
2589 930 2922 1001 sapientiam
2953 931 3265 1000 perveniat,
3313 930 3605 1001 impediri,
3647 928 3880 983 etiamsi

2179 1019 2228 1072 ei
2257 1035 2371 1072 non
2401 1019 2620 1073 auferat
2655 1018 2871 1074 vitam?
2896 1021 3018 1074 Non
3047 1019 3313 1085 arbitror,
3345 1018 3554 1088 inquit.

2180 1107 2404 1160 CAPUT
2440 1107 2538 1159 IlI.
2568 1136 2636 1146 --
2671 1107 2940 1174 Di/ferunt
2967 1110 3183 1176 sapiens
3235 1113 3283 1160 et
3313 1105 3610 1160 studiosus.
3643 1106 3876 1174 Sapien-

2314 1198 2415 1246 tem
2442 1195 2690 1247 nonnihil
2715 1196 2869 1261 scire,
2903 1197 3032 1262 quia
3051 1195 3240 1247 saltem
3260 1195 3361 1247 scit
3383 1195 3736 1262 sapientiam.

2358 1281 2516 1347 Volo,
2569 1281 2827 1352 inquam,
2892 1281 3036 1336 mihi
3082 1282 3381 1351 paululum
3430 1279 3677 1351 aperias,
3737 1279 3878 1351 quid

2179 1368 2284 1422 tibi
2340 1368 2491 1423 inter
2543 1369 2859 1439 sapientem
2917 1375 2972 1423 et
3052 1369 3460 1439 philosophum
3521 1369 3736 1422 distare
3793 1368 3879 1421 vi-

2183 1455 2420 1509 deatur?
2448 1455 2774 1526 Sapientem
2815 1474 2847 1509 a
2877 1457 3148 1522 studioso,
3199 1457 3293 1520 ait,
3345 1457 3506 1510 nulla
3553 1472 3615 1509 re
3645 1455 3880 1510 differre

2181 1543 2455 1612 arbitror;
2486 1543 2594 1598 nisi
2645 1545 2798 1615 quod
2829 1562 3071 1616 quarum
3125 1561 3318 1600 rerum
3366 1544 3427 1598 in
3456 1545 3714 1615 sapiente
3745 1544 3878 1614 qui-

2182 1631 2312 1684 dam
2342 1631 2568 1685 habitus
2623 1631 2790 1698 inest,
2843 1647 3040 1685 earum
3089 1635 3174 1685 est
3227 1630 3288 1684 in
3321 1631 3575 1684 studioso
3607 1632 3730 1685 sola
3761 1631 3881 1684 fla—

2181 1718 2420 1788 grantia.
2457 1719 2594 1783 Quae
2649 1724 2784 1773 sunt
2811 1719 3040 1774 tandem
3089 1719 3211 1772 ista:
3265 1734 3376 1786 res,
3417 1718 3700 1790 inquam?
3733 1721 3879 1773 Nam

2181 1807 2324 1861 mihi
2355 1806 2496 1860 nihil
2545 1807 2700 1861 aliud
2751 1807 2975 1861 videtur
3030 1806 3321 1873 interesse,
3354 1806 3466 1861 nisi
3517 1807 3674 1878 quod
3731 1808 3882 1861 alter

2183 1895 2285 1948 scit
2313 1895 2672 1964 sapientiam,
2727 1895 2871 1948 alter
2921 1894 3061 1948 seire
3109 1895 3411 1948 desiderat.
3441 1894 3499 1949 Si
3553 1895 3876 1960 scientiam,

2181 1983 2390 2053 inquit,
2431 1983 2684 2037 modesto
2717 1983 2830 2037 tiue
2881 1982 3244 2049 determines,
3277 1983 3462 2052 ipsam
3490 1999 3610 2037 rem
3645 1984 3878 2054 planius

2180 2071 2434 2125 elocutus
2465 2087 2540 2125 es.
2601 2074 2836 2142 Quoquo
2891 2071 3081 2137 modo,
3133 2071 3390 2142 inquam,
3441 2087 3567 2125 eam
3597 2072 3875 2126 determi-

2182 2176 2336 2227 nem,
2366 2159 2505 2213 illud
2536 2159 2800 2213 omnibus
2855 2159 3088 2229 placuit,
3123 2159 3419 2214 scientiam
3466 2159 3740 2214 falsarum
3778 2177 3878 2215 re-

2181 2263 2309 2300 rum
2340 2262 2460 2300 esse
2491 2262 2604 2299 non
2652 2262 2834 2315 posse.
2871 2248 2935 2299 In
2991 2246 3100 2300 hoc
3129 2246 3293 2312 mihi,
3353 2246 3540 2318 inquit
3593 2247 3714 2314 ille,
3754 2249 3877 2303 visa

2182 2334 2286 2388 fuit
2315 2334 2631 2404 objicienda
2660 2331 3030 2404 praescriptio,
3082 2349 3154 2387 ne
3182 2333 3600 2388 inconsiderata
3630 2351 3874 2389 consen-

2182 2423 2341 2475 sione
2369 2438 2498 2475 mea
2526 2421 2688 2475 facile
2713 2422 2772 2474 in
2801 2421 3131 2492 principalis
3162 2422 3317 2476 illius
3348 2422 3685 2493 quaestionis
3715 2439 3874 2477 cam-

2181 2510 2268 2580 pis
2297 2515 2394 2563 tua
2437 2510 2720 2580 equitaret
2750 2509 2949 2563 oratio.
2995 2510 3190 2578 Plane,
3234 2510 3491 2580 inquam,
3543 2511 3684 2565 mihi
3731 2512 3875 2566 nihil

2181 2599 2278 2653 ubi
2315 2599 2570 2669 equitare
2599 2614 2824 2668 possem
2853 2597 3156 2668 reliquisti.
3192 2599 3331 2652 Nam
3362 2598 3475 2652 nisi
3503 2599 3688 2662 fallor,
3723 2600 3876 2670 quod

2175 2687 2517 2757 jamdudum
2556 2686 2779 2753 molior,
2833 2687 2900 2740 ad
2948 2686 3138 2756 ipsum
3170 2686 3345 2741 ﬁnem
3397 2687 3783 2757 pervenimus.
3818 2687 3876 2742 Si

2182 2774 2358 2843 enim,
2388 2779 2451 2828 ut
2477 2774 2760 2828 subtiliter
2778 2790 3022 2846 vereque
3055 2775 3266 2840 dixisti,
3290 2775 3434 2828 nihil
3465 2776 3618 2830 inter
3646 2776 3875 2846 sapien-

2180 2862 2276 2915 tia:
2302 2861 2620 2916 studiosum
2677 2866 2733 2915 et
2763 2861 3075 2933 sapientem
3105 2862 3361 2928 interest,
3419 2863 3530 2917 nisi
3577 2865 3726 2934 quod
3767 2864 3876 2917 iste

2179 2953 2352 3018 amat,
2390 2949 2484 3004 ille
2515 2954 2705 3003 autem
2737 2950 2907 3004 habet
2937 2949 3230 3020 sapientia:
3277 2950 3668 3022 disciplinam;
3720 2953 3876 3006 unde

2180 3038 2350 3091 etiam
2382 3055 2592 3091 nomen
2621 3038 2836 3108 ipsum,
2868 3038 2926 3092 id
2954 3042 3057 3104 est,
3089 3038 3344 3092 habitum
3405 3039 3712 3110 quemdam
3773 3055 3875 3093 ex-

2178 3125 2426 3195 primere
2457 3142 2572 3178 non
2602 3131 2896 3180 cunctatus
2919 3142 3006 3190 es;
3039 3143 3206 3180 nemo
3234 3131 3426 3181 autem
3448 3128 3657 3182 habere
3699 3128 3875 3181 disci-

2176 3215 2395 3285 plinam
2426 3218 2614 3284 potest
2641 3214 2696 3267 in
2752 3213 2967 3282 animo,
3000 3214 3098 3285 qui
3151 3214 3290 3268 nihil
3324 3215 3549 3281 didicit;
3581 3214 3724 3268 nihil
3768 3222 3900 3269 au-'

2176 3308 2292 3356 tem
2327 3302 2545 3369 didicit,
2579 3302 2678 3372 qui
2716 3302 2861 3356 nihil
2907 3303 3092 3369 novit;
3149 3307 3204 3356 et
3233 3319 3398 3358 nosse
3452 3304 3659 3358 falsum
3689 3320 3872 3358 nemo

2177 3395 2392 3462 potest:
2426 3390 2585 3444 novit
2615 3390 2792 3461 igitur
2831 3391 3056 3460 sapiens
3112 3391 3430 3458 veritatem,
3483 3409 3656 3462 quem
3699 3391 3873 3446 disci-

2176 3476 2393 3545 plinam
2426 3476 2717 3546 sapientia:
2749 3477 2957 3532 habere
3013 3478 3072 3532 in
3121 3478 3332 3534 animo.
3387 3479 3445 3534 id
3497 3481 3874 3534 esthabitum

2169 3564 2290 3634 jam
2345 3564 2469 3634 ipse
2498 3565 2785 3618 confessus
2831 3582 2908 3622 es.
2940 3566 3158 3633 Nescio,
3212 3567 3422 3638 inquit,
3464 3568 3625 3638 cujus
3677 3567 3872 3638 impu-

2176 3652 2383 3706 dentiae
2414 3652 2545 3722 sim,
2599 3653 2645 3706 si
2673 3653 2933 3707 habitum
2973 3653 3361 3724 inquisitionis
3392 3654 3714 3709 divinarum
3764 3656 3875 3708 hu-

2179 3755 2595 3810 manarumque
2624 3757 2814 3795 rerum
2847 3757 2967 3795 esse
3025 3742 3084 3794 in
3141 3741 3394 3811 sapiente
3423 3742 3748 3796 confessum
3779 3760 3875 3796 me

2176 3845 2387 3899 negare
2439 3830 2695 3882 voluero.
2751 3829 2858 3883 Sed
2910 3829 3009 3900 qui
3057 3829 3163 3884 tibi
3201 3830 3460 3884 videatur
3506 3830 3872 3885 inventorum

2175 3917 2559 3987 probabilium
2607 3917 2836 3972 habitus
2892 3934 3006 3971 non
3037 3933 3178 3986 esse,
3209 3933 3326 3972 non
3356 3917 3548 3974 video.
3598 3919 3874 3974 Concedis

2175 4005 2619 4076 mihi,inquam,
2652 4005 2789 4059 falsa
2819 4005 3107 4060 neminem
3140 4005 3320 4060 scire?
3377 4007 3561 4060 Facile
3618 4007 3679 4060 id
3735 4008 3871 4079 qui-

2174 4094 2326 4162 dem,
2357 4093 2566 4164 inquit.
2619 4093 2719 4147 Dic
2760 4093 2881 4163 jam
2927 4094 2972 4147 si
3021 4098 3200 4164 potes,
3251 4094 3512 4165 inquam,
3551 4095 3871 4164 sapientem

2176 4182 2390 4236 nescire
2420 4181 2774 4251 sapientiam.
2827 4181 2971 4245 Quid
3018 4182 3193 4244 enim,
3255 4183 3349 4248 ait,
3393 4184 3502 4238 hoc
3529 4183 3710 4238 limite
3741 4184 3870 4238 uni-

2172 4286 2333 4323 versa
2358 4269 2670 4336 concludis,
2719 4275 2782 4324 ut
2834 4270 3011 4324 videri
3059 4271 3166 4324 sibi
3210 4287 3326 4325 non
3376 4270 3572 4342 possit,
3613 4288 3872 4342 compre-

2173 4358 2437 4412 hendisse
2471 4374 2530 4411 se
2562 4358 2938 4429 sapientiam?
2962 4359 3059 4423 Da,
3093 4358 3350 4430 inquam,
3385 4361 3696 4414 dexteram.
3725 4361 3869 4415 Nam

2173 4446 2217 4500 si
2245 4445 2573 4512 meministi,
2609 4447 2709 4500 hoc
2752 4451 2837 4500 est
2860 4447 3023 4516 quod
3073 4447 3198 4500 heri
3229 4463 3320 4501 me
3350 4447 3468 4502 dixi
3507 4448 3868 4515 effecturum,

2174 4534 2324 4604 quod
2356 4549 2507 4588 nunc
2535 4550 2652 4586 non
2684 4551 2712 4586 a
2746 4550 2836 4587 me
2867 4535 3216 4600 conclusum,
3249 4535 3345 4589 sed
3394 4553 3426 4588 a
3456 4541 3510 4590 te
3542 4537 3690 4590 ultro
3725 4536 3871 4590 mihi

2173 4622 2425 4675 oblatum
2459 4638 2580 4676 esse
2619 4622 2858 4691 gaudeo.
2894 4624 3033 4676 Nam
3063 4639 3192 4677 cum
3221 4623 3371 4676 inter
3400 4639 3491 4677 me
3549 4627 3606 4677 et
3651 4625 3867 4678 Acade-

2173 4710 2346 4764 micos
2369 4710 2473 4764 hoc
2503 4709 2774 4764 interesse
2805 4710 3092 4776 dixissem,
3127 4711 3279 4781 quod
3320 4711 3431 4764 illis
3459 4711 3757 4782 probabile
3785 4713 3869 4766 vi-

2171 4815 2295 4853 sum
2331 4804 2415 4852 est
2443 4799 2732 4853 veritatem
2767 4815 2880 4853 non
2909 4816 3073 4870 posse
3105 4800 3539 4870 comprehendi;
3587 4799 3732 4854 mihi
3775 4817 3872 4854 au-

2171 4892 2284 4941 tem
2318 4888 2577 4942 nondum
2607 4888 2839 4958 quidem
2871 4905 2900 4940 a
2926 4904 3017 4941 me
3055 4887 3365 4952 inventam,
3397 4887 3643 4942 inveniri
3674 4893 3872 4943 tamen

2170 4994 2337 5047 posse
2371 4995 2400 5030 a
2429 4977 2683 5047 sapiente
2710 4976 2998 5030 videatur:
3058 4994 3210 5031 nunc
3265 4982 3326 5031 tu
3369 4993 3498 5031 cum
3531 4993 3658 5031 mea
3687 4976 3868 5031 inter-

2174 5064 2470 5134 rogatione
2519 5063 2828 5134 urgereris,
2885 5069 3080 5118 utrum
3130 5065 3356 5136 sapiens
3383 5066 3600 5120 nesciat
3638 5065 3866 5136 sapien-

2172 5152 2333 5217 tiam,
2364 5152 2602 5205 Videtur
2645 5151 2752 5205 sibi
2799 5151 2962 5214 scire,
3025 5152 3234 5207 dixisti.
3289 5153 3433 5216 Quid
3486 5158 3611 5207 tum
3642 5158 3864 5224 postea,

2171 5238 2400 5308 inquit?
2449 5238 2592 5301 Quia
2652 5238 2699 5291 si
2732 5239 2959 5292 videtur
2988 5240 3114 5303 sibi,
3150 5241 3410 5311 inquam,
3442 5241 3586 5296 scire
3639 5241 3866 5312 sapien-

2172 5326 2331 5392 tiam,
2377 5341 2494 5378 non
2543 5323 2595 5378 ei
2640 5324 2865 5380 videtur
2913 5326 3056 5380 nihil
3105 5326 3246 5380 scire
3298 5343 3461 5396 posse
3511 5328 3858 5398 sapientem.

2171 5416 2280 5468 Aut
2313 5413 2359 5466 si
2385 5412 2662 5482 sapientia
2700 5413 2838 5468 nihil
2869 5419 2972 5482 est,
2999 5416 3130 5469 volo
3152 5415 3418 5470 affirmes.

2242 5505 2294 5556 6.
2354 5501 2650 5556 Crederem
2708 5518 2860 5570 vere,
2894 5503 3101 5575 inquit,
3143 5504 3213 5558 ad
3241 5504 3454 5560 calcem
3505 5520 3610 5559 nos
3661 5505 3866 5561 ﬁnem-
