4058 6364
142 288 246 341 937

147 425 262 480 que
293 409 556 476 venisse;
590 410 687 464 sed
714 413 952 481 repente
982 423 1112 466 cum
1140 411 1399 468 dexteras
1431 412 1848 483 interposuisti,

145 496 638 567 disjuuctissimos
679 515 782 552 uos
812 515 932 553 esse
962 503 1019 553 et
1049 499 1109 554 in
1140 500 1376 571 longum
1405 517 1736 572 progressos
1766 501 1850 554 vi-

145 585 292 640 deo:
338 585 600 640 videlicet
647 587 800 658 quod
846 587 1112 642 hesterno
1157 589 1248 643 die
1279 605 1313 642 a
1350 589 1518 644 nobis
1554 590 1711 643 nulla
1740 589 1850 643 alia

148 674 394 744 quaestio
426 675 734 728 constituta
761 675 1062 730 videbatur
1099 677 1208 730 nisi
1248 677 1398 748 quod
1432 678 1748 748 sapientem
1781 677 1846 730 ad

147 763 726 832 comprehensionem
768 765 886 817 veri
935 765 1233 834 pervenire
1289 781 1473 834 posse,
1531 765 1849 819 affirmante

150 855 231 920 te,
262 866 368 920 ego
401 866 781 921 negaveram:
829 868 982 906 nunc
1021 869 1152 907 vero
1183 853 1327 907 nihil
1353 869 1444 907 me
1475 853 1680 923 opinor
1708 869 1849 906 con—

147 939 387 993 cessisse
419 939 540 1005 tibi,
585 956 756 1010 quam
788 940 967 994 videri
995 957 1160 1011 posse
1186 941 1432 1011 sapienti
1458 941 1848 1012 probabilium

145 1042 342 1080 rerum
378 1043 435 1081 se
481 1031 846 1081 consecutum
881 1044 1002 1081 esse
1032 1027 1368 1098 sapientiam
1404 1045 1419 1080 :
1448 1044 1621 1099 quam
1654 1034 1845 1083 tamen

149 1114 496 1184 sapientiam
528 1114 585 1167 in
616 1114 1053 1185 investigatione
1084 1116 1402 1171 divinarum
1435 1119 1846 1172 humanarum-

149 1219 262 1273 que
295 1218 487 1256 rerum
513 1218 604 1257 me
633 1203 989 1258 constituisse
1021 1205 1165 1258 nulli
1189 1210 1442 1259 nostrum
1471 1206 1720 1260 arbitror
1747 1207 1848 1260 du-

147 1291 333 1344 bium.
387 1292 532 1360 Non,
577 1292 838 1362 inquam,
869 1292 998 1346 ideo
1045 1293 1180 1363 quia
1222 1293 1478 1358 involvis,
1520 1293 1792 1348 evolveris
1830 1309 1842 1347 :

146 1379 357 1433 videris
383 1379 536 1433 enim
561 1381 681 1450 jam
708 1380 852 1434 mihi
883 1381 1184 1435 exercendi
1212 1381 1294 1434 tui
1327 1397 1496 1434 causa
1522 1381 1838 1452 disputare.

148 1469 212 1522 Et
243 1467 382 1537 quia
427 1467 574 1522 bene
621 1469 772 1522 nosti
823 1468 959 1522 istos
1014 1470 1465 1523 adolescentulos
1516 1469 1606 1523 vix
1663 1470 1847 1524 adhuc

146 1571 315 1626 posse
349 1555 837 1627 discernere-qua:
867 1562 1028 1611 acute
1063 1573 1126 1611 ac
1156 1557 1440 1612 subtiliter
1467 1557 1843 1624 disseruntur,

149 1649 428 1714 tanquam
468 1643 728 1715 judicum
767 1645 1020 1699 abuteris
1053 1645 1398 1716 ignorantia,
1436 1650 1499 1700 ut
1526 1645 1631 1700 tibi
1660 1662 1847 1716 quau-

145 1733 418 1787 tumlibet
462 1733 620 1804 loqui
668 1733 826 1788 nullo
873 1733 1042 1788 liceat
1085 1735 1449 1789 reclamante.
1499 1735 1640 1788 Nam
1673 1736 1844 1805 paulo

151 1827 282 1876 ante
314 1821 524 1888 dixisti,
567 1838 696 1876 cum
728 1838 1046 1894 quaererem
1073 1827 1268 1876 utrum
1303 1821 1468 1876 sciret
1504 1823 1727 1892 sapiens
1757 1839 1845 1876 sa-

147 1911 450 1982 pientiam,
497 1911 639 1966 scire
681 1911 788 1966 sibi
818 1911 1018 1966 videri.
1067 1911 1168 1965 Cui
1202 1927 1337 1979 ergo
1365 1911 1589 1965 videtur
1617 1910 1844 1980 sapien-

149 2008 286 2064 tem,
320 1999 463 2054 scire
503 1999 864 2070 sapientiam,
895 2015 1013 2053 non
1052 1999 1250 2070 utique
1276 1999 1502 2054 videtur
1528 1998 1672 2053 nihil
1704 1999 1844 2053 scire

147 2089 487 2160 sapientem.
532 2090 646 2142 Hoc
677 2087 831 2142 enim
865 2087 1130 2144 contendi
1159 2104 1272 2141 non
1303 2090 1510 2157 potest,
1543 2086 1654 2140 nisi
1684 2087 1844 2157 quis-

147 2193 323 2248 quam
355 2175 542 2232 dicere
579 2176 800 2256 audeat,
850 2176 995 2230 nihil
1041 2192 1162 2230 esse
1213 2175 1572 2247 sapientiam.
1613 2177 1690 2230 Ex
1728 2191 1842 2246 quo

146 2266 233 2334 lit,
288 2269 357 2318 ut
403 2265 525 2335 jam
573 2265 682 2319 hoc
736 2263 862 2331 tibi,
911 2264 1064 2335 quod
1100 2263 1273 2318 etiam
1330 2263 1494 2329 mihi,
1544 2263 1843 2331 videatur;

143 2369 280 2407 nam
333 2352 477 2407 mihi
531 2352 756 2408 videtur
822 2353 1137 2423 sapientem
1187 2369 1306 2406 non
1357 2352 1501 2406 nihil
1559 2353 1726 2420 scire,
1789 2357 1847 2408 et

146 2441 275 2508 tibi,
331 2441 557 2511 opinor,
617 2441 708 2495 cui
755 2441 961 2512 placet,
1004 2440 1183 2495 videri
1229 2439 1469 2512 sapienti
1527 2440 1846 2512 sapientem

151 2530 299 2584 scire
353 2530 714 2601 sapientiam.
764 2532 906 2585 Tum
961 2529 1079 2594 ille,
1137 2530 1262 2583 Non
1310 2529 1495 2598 magis
1540 2544 1632 2582 me
1680 2527 1844 2598 inge-

153 2619 321 2674 nium
391 2635 652 2674 exercere
723 2619 866 2673 velle
939 2633 1109 2690 quam
1176 2621 1254 2687 te,
1327 2617 1607 2683 arbitror;
1675 2622 1733 2670 et
1785 2616 1846 2671 id

151 2707 353 2774 miror,
386 2723 502 2761 non
541 2707 692 2761 enim
724 2706 827 2760 tibi
871 2707 986 2759 ulla
1015 2706 1074 2759 in
1104 2705 1249 2759 hanc
1291 2721 1412 2758 rem
1443 2703 1844 2759 exercitatione

146 2812 294 2866 opus
315 2799 418 2850 est.
452 2795 594 2853 Nam
618 2794 760 2849 mihi
782 2793 962 2848 adhuc
986 2793 1224 2848 fortasse
1251 2808 1396 2847 caeco
1425 2792 1646 2847 videtur
1675 2791 1848 2846 inter—

148 2899 268 2938 esse
313 2883 465 2938 inter
510 2882 689 2937 videri
736 2882 844 2937 sibi
891 2880 1054 2948 scire,
1123 2885 1178 2936 et
1222 2881 1395 2948 scire;
1455 2884 1512 2934 et
1565 2879 1716 2934 inter
1756 2895 1846 2932 sa-

145 2972 428 3043 pientiam
459 2988 589 3043 quae
625 2970 684 3025 in
714 2969 1148 3040 investigatione
1190 2969 1378 3040 posita
1408 2972 1512 3037 est,
1545 2972 1599 3022 et
1633 2967 1846 3033 verita-

147 3067 294 3116 tem:
325 3077 455 3132 quse
483 3077 513 3114 a
544 3060 708 3115 nobis
742 3076 869 3114 cum
901 3060 1176 3114 alterutra
1205 3057 1486 3123 dicantur,
1513 3056 1619 3112 sibi
1648 3073 1846 3127 quem-

61 3159 64 3162 ί
147 3149 464 3205 admodum
511 3149 795 3221 quadrent
844 3164 963 3203 non
1018 3146 1266 3202 invenio.
1321 3148 1465 3201 Tum
1530 3161 1654 3216 ego,
1713 3161 1845 3199 cum

137 3241 263 3312 jam
307 3239 378 3293 ad
417 3237 723 3310 prandium
774 3252 1144 3304 vocaremur;
1201 3236 1348 3302 Non,
1397 3233 1657 3304 inquam,
1703 3233 1846 3288 mihi

147 3327 301 3400 quod
333 3331 557 3381 tantum
597 3325 856 3381 reniteris
888 3325 1185 3397 displicet:
1219 3327 1317 3380 aut
1350 3322 1504 3377 enim
1543 3322 1712 3377 ambo
1743 3338 1846 3376 ne-

145 3415 361 3470 scimus
395 3415 536 3485 quid
591 3415 916 3486 loquamur,
964 3416 1020 3468 et
1059 3411 1247 3467 danda
1277 3415 1362 3466 est
1403 3426 1578 3482 opera
1611 3426 1684 3464 ne
1724 3413 1844 3464 tam

144 3508 345 3575 turpes
391 3501 602 3569 simus;
646 3505 746 3554 aut
793 3516 938 3554 unus
975 3503 1255 3564 nostrum,
1301 3497 1450 3568 quod
1489 3496 1626 3551 item
1675 3495 1845 3551 relin-

148 3607 330 3664 quere
361 3594 533 3662 atque
570 3589 861 3660 negligere
894 3603 1011 3643 non
1035 3586 1226 3641 minus
1254 3578 1420 3656 turpe
1446 3589 1532 3639 est
1563 3601 1576 3639 :
1605 3585 1700 3638 sed
1738 3600 1844 3656 po-

146 3679 485 3736 meridianis
513 3678 674 3733 horis
694 3677 983 3733 rediemus
1003 3674 1073 3730 ad
1095 3673 1359 3729 invicem.
1382 3672 1517 3728 Mihi
1537 3672 1690 3727 enim
1713 3688 1844 3726 cum

144 3769 440 3824 videretur
484 3768 604 3840 jam
671 3783 775 3822 nos
836 3765 906 3821 ad
966 3764 1176 3818 calcem
1220 3760 1566 3834 pervenisse,
1620 3777 1844 3832 pugnos

144 3859 318 3914 etiam
343 3855 640 3912 miscuisti.
672 3854 775 3910 Hic
801 3870 930 3908 cum
956 3852 1296 3918 arrisissent,
1320 3849 1697 3906 discessimus.

695 3959 1000 3998 DISPUTATIO
1039 3956 1301 3996 SECUNDA.

145 4036 396 4094 CAPUT.
437 4063 504 4076 —
535 4035 743 4089 Rursus
773 4031 917 4102 quod
949 4031 1165 4100 sapiens
1195 4043 1302 4082 non
1327 4031 1407 4082 est
1429 4027 1526 4095 qui
1553 4026 1691 4081 nihil
1717 4028 1838 4082 scit.

214 4131 269 4181 '7.
308 4126 374 4179 Et
419 4138 549 4178 cum
597 4119 960 4186 redissemus,
1004 4116 1326 4171 invenimus
1371 4114 1704 4179 Licentium,
1751 4114 1844 4169 cui

145 4223 452 4280 nunquam
498 4206 714 4262 sitienti
761 4206 996 4262 Helicon
1036 4203 1411 4271 subvenisset,
1456 4203 1842 4274 excogitandis

142 4297 407 4353 versibus
450 4291 791 4350 inhiantem.
849 4296 992 4349 Nam
1041 4293 1112 4348 de
1151 4292 1340 4348 medio
1382 4308 1530 4363 pene
1575 4291 1840 4362 prandio,

144 4386 412 4459 quamvis
440 4385 620 4439 nostri
669 4382 897 4455 prandii
945 4381 1100 4438 idem
1133 4381 1363 4436 initium
1408 4381 1508 4452 qui
1536 4379 1667 4434 ﬁnis
1712 4378 1840 4444 fuit,

144 4477 296 4531 clam
349 4477 696 4542 surrexerat,
747 4471 1008 4542 nihilque
1057 4469 1299 4525 biberat.
1359 4469 1462 4524 Cui
1518 4484 1644 4539 ego,
1698 4469 1842 4539 Opto

142 4563 402 4634 quidem,
450 4561 710 4632 inquam,
739 4559 847 4614 tibi
893 4563 958 4614 ut
985 4557 1153 4612 istam
1192 4556 1474 4628 poeticam
1505 4572 1678 4628 quam
1708 4573 1842 4611 con-

142 4650 376 4722 cupisti,
409 4647 802 4721 complecteris
831 4645 1171 4719 aliquando:
1215 4662 1332 4700 non
1361 4645 1517 4717 quod
1552 4661 1644 4698 me
1671 4644 1845 4698 nimis

143 4740 391 4795 delectet
445 4738 555 4792 ista
598 4736 913 4808 perfectio;
965 4734 1058 4789 sed
1108 4734 1262 4805 quod
1304 4733 1472 4788 video
1517 4735 1574 4787 te
1618 4736 1844 4788 tantum

143 4827 446 4894 exarsisse,
491 4829 557 4880 ut
598 4825 709 4880 nisi
746 4823 973 4880 fastidio
1006 4822 1241 4877 evadere
1271 4822 1342 4876 ab
1370 4821 1477 4875 hoc
1505 4837 1697 4875 amore
1726 4837 1845 4876 non

141 4915 371 4989 possis;
418 4914 572 4986 quod
612 4912 837 4969 evenire
872 4915 1004 4984 post
1043 4909 1455 4983 perfectionem
1484 4909 1647 4963 facile
1679 4910 1841 4964 solet.

142 5005 368 5060 Deinde
396 5019 523 5058 cum
557 5001 633 5057 sis
660 5002 806 5057 bene
835 5016 1100 5068 canorus,
1129 4998 1329 5055 malim
1365 4997 1597 5053 auribus
1633 4997 1846 5052 nostris

143 5093 403 5148 inculces
448 5095 577 5145 tuos
621 5106 864 5158 versus;
906 5104 1081 5161 quam
1131 5091 1197 5144 ut
1238 5087 1298 5142 in
1339 5086 1451 5141 illis
1493 5085 1692 5158 graecis
1729 5090 1845 5141 tra-

145 5179 374 5254 goediis,
437 5195 597 5234 more
644 5177 997 5233 avicularum
1054 5192 1197 5248 quas
1250 5175 1310 5231 in
1366 5175 1548 5231 caveis
1602 5174 1848 5230 inclusas

145 5270 434 5334 videmus,
475 5266 648 5322 verba
686 5283 814 5338 qua;
854 5282 973 5321 non
1011 5263 1283 5335 intelligis
1319 5267 1526 5319 cantes.
1555 5263 1848 5318 Admoneo

147 5365 348 5414 tamen
372 5361 438 5412 ut
464 5371 673 5428 pergas
719 5360 943 5427 potum,
993 5354 1040 5408 si
1074 5353 1245 5422 voles,
1279 5356 1336 5408 et
1363 5352 1435 5408 ad
1466 5353 1719 5408 scholam
1756 5369 1847 5408 re-

155 5449 291 5504 deas
321 5449 606 5514 nostram,
639 5441 687 5498 si
714 5449 908 5499 tamen
942 5441 1160 5514 aliquid
1184 5441 1306 5512 jam
1335 5441 1403 5496 de
1431 5444 1488 5496 te
1517 5441 1850 5497 Hortensius

152 5542 210 5593 et
237 5532 611 5609 philosophia
635 5536 908 5600 meretur,
929 5531 1020 5587 cui
1043 5528 1394 5587 dulcissimas
1421 5530 1705 5601 primitias
1727 5531 1849 5602 jam

460 5639 742 5705 PATROL.
793 5636 1038 5703 XXXII.

1608 289 1822 346 LIBER
1869 289 2202 347 TERTIUS.

3545 302 3649 355 938

1957 417 2141 468 vestro
2170 414 2266 469 illo
2297 431 2556 470 sermone
2586 415 2797 481 libasti,
2834 415 2932 488 qui
2961 419 3018 471 te
3046 416 3438 474 vehementius
3471 437 3644 492 quam

1957 497 2063 552 ista
2107 500 2330 570 poetica
2374 502 2706 557 incenderat
2759 504 2828 557 ad
2875 519 3217 574 magnarum
3265 509 3320 558 et
3360 522 3486 559 vere
3526 509 3643 561 fru-

1957 593 2284 642 ctuosarum
2335 605 2526 644 rerum
2577 591 2889 646 scientiam.
2937 592 3047 646 Sed
3100 592 3237 646 dum
3287 593 3358 647 ad
3409 593 3646 650 istarum

1959 675 2411 746 disciplinarum,
2472 678 2679 748 quibus
2737 681 3075 734 excoluntur
3127 680 3324 744 animi,
3385 681 3644 736 circum'

1957 780 2218 818 revocare
2244 782 2344 819 vos
2387 765 2554 836 cupio
2581 783 2594 832 ;
2628 772 2821 821 metuo
2851 785 2922 822 ne
2952 768 3112 822 vobis
3141 769 3497 838 labyrinthus
3527 771 3647 838 ﬁat,

1957 857 2014 907 et
2043 869 2218 923 prope
2262 869 2354 908 me
2395 854 2635 924 poenitet
2673 856 2743 908 ab
2785 856 2882 909 illo
2930 861 2986 910 te
3033 856 3253 926 impetu
3289 859 3646 927 repressisse.

1956 941 2196 995 Erubuit
2223 942 2338 1004 ille,
2374 942 2742 1012 discessitque
2771 947 2835 996 ut
2864 943 3102 999 biberet.
3139 945 3278 999 Nam
3317 950 3374 999 et
3403 947 3649 1001 multum

1954 1029 2199 1098 sitiebat,
2266 1034 2322 1084 et
2399 1029 2615 1084 occasio
2675 1030 2916 1084 dabatur
2989 1031 3237 1087 evitandi
3292 1049 3405 1100 me,
3480 1036 3650 1105 plura

1953 1117 2188 1172 fortasse
2219 1122 2389 1188 atque
2419 1119 2703 1188 asperiora
2737 1119 3040 1172 dicturum.

2025 1208 2078 1260 8.
2112 1207 2176 1260 Et
2217 1222 2346 1260 cum
2396 1206 2674 1272 rediisset,
2724 1206 2958 1260 intentis
2999 1206 3282 1272 omnibus,
3329 1209 3407 1262 sic
3450 1212 3594 1281 cmpi
3629 1229 3642 1266 :

1955 1295 2111 1348 Itane
2159 1299 2262 1357 est,
2311 1295 2499 1365 Alypi,
2553 1299 2615 1348 ut
2665 1294 2817 1348 inter
2865 1311 2972 1348 nos
3010 1295 3079 1348 de
3124 1311 3185 1347 re
3222 1296 3364 1366 jam,
3403 1303 3468 1352 ut
3505 1301 3646 1354 mihi

1954 1382 2195 1449 videtur,
2243 1382 2702 1436 manifestissima
2748 1399 2863 1437 non
2893 1382 3236 1437 conveniat?
3273 1385 3395 1439 Non
3435 1387 3647 1442 mirum

1955 1475 2058 1537 est,
2092 1470 2299 1542 inquit,
2326 1470 2373 1524 si
2408 1471 2557 1542 quod
2587 1471 2689 1524 tibi
2725 1471 2784 1524 in
2810 1476 3085 1542 promptu
3115 1488 3235 1524 esse
3259 1473 3479 1540 asseris,
3504 1476 3647 1529 mihi

1955 1559 2260 1612 obscurum
2291 1559 2362 1612 sit
2392 1575 2406 1612 :
2447 1558 2729 1629 siquidem
2767 1559 3042 1630 pleraque
3080 1559 3400 1627 manifesta,
3431 1563 3649 1632 possint

1953 1647 2078 1700 aliis
2142 1647 2545 1714 manifestiora,
2597 1651 2654 1701 et
2696 1647 2836 1701 item
2884 1648 3122 1702 obscura
3181 1649 3466 1718 qumdam,
3509 1668 3649 1706 non-

1954 1735 2126 1790 nullis
2156 1736 2482 1790 obscuriora
2513 1752 2651 1790 esse.
2707 1736 2847 1788 Nam
2893 1735 2940 1788 si
2989 1739 3044 1789 et
3084 1735 3190 1790 hoc
3218 1737 3321 1790 tibi
3364 1754 3494 1792 vere
3525 1757 3645 1794 ma-

1953 1825 2224 1879 nifestum
2279 1829 2380 1890 est,
2445 1824 2588 1878 mihi
2631 1824 2816 1890 crede,
2874 1838 2995 1877 esse
3067 1823 3242 1877 alium
3294 1841 3644 1897 quemquam

1953 1911 2045 1966 cui
2083 1917 2138 1966 et
2166 1912 2274 1966 hoc
2320 1912 2687 1965 manifestum
2713 1916 2877 1965 tuum
2909 1910 3264 1965 manifestius
3291 1913 3397 1980 sit;
3423 1919 3478 1968 et
3506 1915 3645 1969 item

1953 1999 2130 2054 alium
2181 1999 2272 2054 cui
2319 2015 2512 2054 meum
2565 2000 2870 2054 obscurum
2929 2000 3224 2053 obscurius
3259 2000 3355 2057 sit.
3412 2001 3519 2057 Sed
3574 2020 3645 2057 ne

1951 2101 2044 2140 me
2075 2102 2500 2156 perpugnacem
2529 2087 2744 2142 diutius
2770 2091 2958 2156 putes,
3001 2088 3414 2144 obsecraverim
3445 2095 3509 2145 ut
3537 2091 3646 2146 hoc

1952 2173 2317 2228 manifestum
2352 2174 2710 2228 manifestius
2749 2174 3044 2228 edisseras.
3083 2176 3342 2244 Attende,
3385 2176 3644 2249 inquam,

1952 2279 2148 2333 quaeso
2213 2262 2537 2333 diligenter,
2591 2267 2647 2316 et
2702 2262 2865 2332 quasi
2923 2261 3169 2332 seposita
3209 2265 3507 2332 paululum
3556 2283 3646 2322 re-

1953 2350 2275 2420 spondendi
2319 2366 2474 2404 cura.
2521 2349 2579 2404 Si
2609 2350 2763 2404 enim
2793 2350 2938 2404 bene
2972 2366 3062 2404 me
3089 2355 3261 2422 atque
3303 2355 3358 2406 te
3400 2353 3533 2407 novi
3561 2355 3645 2408 fa-

1953 2438 2058 2492 cile
2089 2438 2220 2492 data
2248 2454 2422 2508 opera
2450 2437 2687 2492 clarebit
2716 2438 2870 2508 quod
2909 2437 3058 2507 dico,
3086 2442 3141 2492 et
3171 2441 3316 2494 alter
3340 2441 3503 2495 alteri
3541 2443 3650 2497 cito

1951 2528 2341 2599 persuadebit.
2402 2528 2678 2582 Dixistine
2730 2529 2985 2598 tandem,
3045 2545 3115 2584 an
3170 2530 3405 2585 fortasse
3447 2533 3648 2588 obsur-

1952 2617 2210 2683 dueram,
2250 2616 2426 2671 videri
2457 2616 2698 2687 sapienti
2736 2633 2793 2670 se
2827 2616 2970 2671 scire
2997 2617 3334 2688 sapientiam
3356 2621 3382 2674 Τ
3410 2622 3648 2677 Annuit.

1955 2705 2322 2772 Omittamus,
2354 2704 2612 2775 inquam,
2644 2705 2945 2776 paululum
2977 2705 3150 2760 istum
3183 2709 3522 2778 sapientem.
3566 2712 3650 2765 Tu

1952 2793 2073 2864 ipse
2115 2792 2341 2864 sapiens
2389 2810 2468 2859 es,
2503 2809 2575 2846 an
2609 2795 2770 2847 non?
2800 2793 2969 2859 Nihil,
3015 2793 3225 2865 inquit,
3265 2795 3474 2851 minus.
3509 2799 3648 2852 Volo

1951 2887 2167 2948 tamen,
2200 2881 2457 2952 inquam,
2491 2881 2839 2951 respondeas
2887 2881 3032 2935 mihi
3078 2883 3213 2952 quid
3268 2883 3388 2954 ipse
3437 2885 3649 2940 sentias

1954 2971 2022 3026 de
2053 2969 2309 3040 sapiente
2338 2969 2675 3024 Academico
2703 2989 2718 3036 ;
2741 2973 3069 3023 utrumnam
3095 2970 3198 3024 tibi
3219 2971 3477 3026 videatur
3501 2973 3645 3027 scire

1954 3057 2336 3129 sapientiam?
2378 3059 2576 3112 Utrum
2627 3056 2756 3124 sibi,
2805 3057 3016 3128 inquit,
3074 3059 3214 3113 scire
3267 3059 3526 3114 videatur
3574 3078 3646 3116 an

1953 3145 2110 3214 sciat,
2143 3161 2400 3200 unumne
2448 3161 2520 3198 an
2568 3144 2855 3199 diversum
2895 3146 3111 3216 putas?
3155 3147 3340 3202 Metuo
3384 3149 3537 3203 enim
3575 3167 3647 3204 ue

1951 3233 2076 3289 haec
2131 3233 2387 3288 confusio
2431 3233 2699 3304 cuiquam
2729 3237 2986 3287 nostrum
3029 3233 3338 3306 suffugium
3373 3238 3646 3307 przebeat.

2025 3325 2080 3376 9.
2112 3323 2228 3376 Hoc
2277 3325 2380 3388 est,
2425 3320 2684 3392 inquam,
2728 3322 2973 3375 Tuscum
3013 3321 3155 3377 illud
3194 3323 3453 3394 jurgium
3493 3327 3647 3397 quod

1951 3409 2061 3465 dici
2091 3411 2255 3474 solet,
2289 3426 2417 3464 cum
2454 3409 2761 3480 quaestioni
2795 3408 3091 3464 intentata
3121 3427 3238 3465 non
3268 3414 3390 3483 ejus
3419 3415 3645 3483 solutio,

1952 3498 2051 3554 sed
2077 3498 2311 3552 alterius
2329 3497 2574 3568 objectio
2595 3497 2819 3552 videtur
2838 3498 3077 3554 mederi.
3104 3499 3262 3564 Quod
3284 3501 3456 3556 etiam
3478 3507 3648 3573 poeta

1950 3591 2145 3642 noster
2167 3587 2254 3656 (ut
2277 3601 2366 3640 me
2396 3585 2754 3656 aliquantum
2779 3586 3016 3640 Licentii
3036 3588 3272 3642 auribus
3298 3589 3525 3659 dedam)
3557 3592 3649 3646 de-

1951 3678 2143 3728 center
2181 3675 2242 3727 in
2281 3673 2540 3727 Bucolico
2569 3673 2821 3728 carmine
2860 3673 2968 3728 hoc
3000 3675 3354 3731 rusticanum
3385 3682 3440 3732 et
3477 3681 3648 3749 plane

1950 3760 2316 3834 pastoricium
2339 3777 2458 3814 esse
2466 3761 2763 3830 judicavit,
2798 3777 2929 3815 cum
2950 3762 3116 3817 aliter
3135 3764 3379 3819 alterum
3399 3765 3644 3822 interro-

1950 3854 2064 3921 gat,
2114 3848 2213 3902 ubi
2241 3847 2367 3902 caeli
2398 3847 2645 3918 spatium
2675 3863 2792 3902 non
2822 3849 3071 3919 amplius
3114 3866 3286 3921 quam
3318 3857 3432 3907 tres
3479 3855 3645 3910 ulnas

1947 3941 2141 4009 pateat
2163 3953 2176 3990 :
2203 3936 2299 3990 ille
2328 3940 2546 4000 autem,

2165 4034 2260 4083 Dic
2283 4033 2476 4096 quibus
2496 4034 2552 4082 in
2571 4034 2725 4084 terris
2749 4033 2993 4098 inscripti
3023 4036 3241 4086 nomine
3263 4050 3445 4101 regum

2086 4173 2090 4176 _
2165 4115 2459 4164 Nascantur
2483 4115 2655 4164 ﬂores.

2538 4197 2723 4258 (Virg.,
2754 4195 2954 4260 Ecloga
2985 4199 3036 4258 3,
3067 4211 3151 4249 υυ.
3185 4201 3289 4256 106,
3324 4201 3453 4264 107.)

1950 4284 2112 4350 Quod
2140 4299 2359 4356 quaeso,
2403 4284 2593 4355 Alypi,
2627 4300 2700 4339 ne
2744 4284 2807 4339 in
2837 4284 2972 4340 villa
3007 4285 3169 4341 nobis
3212 4287 3384 4342 licere
3413 4289 3648 4345 arbitre-

1950 4373 2065 4428 ris:
2107 4377 2257 4427 certe
2285 4373 2375 4427 vel
2403 4372 2525 4428 ista:
2563 4372 2840 4428 balneolee
2871 4373 3123 4446 aliquam
3149 4375 3365 4431 decoris
3403 4393 3646 4448 gymna-

1952 4463 2167 4518 siorum
2198 4461 2406 4517 faciant
2443 4461 2897 4518 recordationem
2923 4478 2936 4517 :
2969 4462 3042 4517 ad
3071 4463 3161 4530 id;
3185 4464 3232 4518 si
3256 4465 3461 4535 placet,
3493 4469 3645 4538 quod

1949 4566 2114 4622 rogo,
2189 4549 2488 4621 responde.
2551 4549 2859 4605 Videturne
2905 4549 3009 4604 tibi
3064 4551 3292 4621 sapiens
3344 4555 3647 4611 Academi-

1950 4654 2148 4694 corum
2179 4638 2321 4692 scire
2352 4636 2743 4708 sapientiam?
2785 4638 2865 4692 Ne
2901 4637 3074 4692 verba
3101 4639 3286 4694 verbis
3323 4642 3645 4713 referendo,

1951 4726 2158 4798 inquit,
2190 4725 2252 4780 in
2299 4727 2537 4798 longum
2579 4741 2796 4791 eamus,
2827 4725 3055 4780 videtur
3093 4726 3276 4782 videri
3325 4729 3451 4787 sibi.
3479 4734 3642 4790 scire.

1953 4815 2188 4870 Videtur
2217 4829 2378 4884 ergo,
2428 4814 2689 4884 inquam,
2739 4813 2844 4868 tibi
2889 4813 3151 4871 nescire?
3188 4817 3313 4872 Non
3353 4820 3508 4876 enim
3541 4839 3646 4893 ego

1952 4919 2149 4975 quare
2189 4901 2329 4974 quid
2371 4903 2475 4958 tibi
2509 4901 2767 4957 videatur
2801 4901 2980 4958 videri
3024 4904 3285 4974 sapienti,
3315 4907 3413 4963 sed
3452 4914 3647 4967 utrum

1951 4991 2056 5047 tiri
2115 4990 2375 5046 videatur
2429 4989 2658 5060 sapiens
2712 4989 2854 5044 scire
2922 4990 3284 5062 sapientiam.
3341 4998 3526 5060 Potes,
3585 5003 3650 5054 ut

1953 5079 2176 5152 opinor,
2221 5079 2314 5134 hic
2355 5082 2454 5133 aut
2494 5078 2667 5144 aiere,
2701 5083 2800 5134 aut
2827 5094 3058 5151 negare.
3087 5081 3130 5137 Ο
3161 5083 3399 5148 utinam,
3439 5087 3644 5157 inquit,

1955 5173 2054 5224 aut
2099 5167 2180 5222 ita
2225 5165 2368 5221 mihi
2407 5167 2569 5221 facile
2616 5171 2762 5222 esset
2815 5171 2880 5222 ut
2928 5168 3052 5237 tibi,
3103 5175 3203 5225 aut
3248 5171 3328 5226 ita
3383 5172 3488 5226 tibi
3535 5175 3644 5230 dif-

1955 5256 2102 5312 ficile
2149 5259 2214 5310 ut
2242 5255 2419 5312 mihi!
2456 5272 2561 5311 nec
2591 5259 2710 5312 tam
2765 5256 3042 5313 molestus
3091 5275 3262 5330 esses,
3306 5276 3409 5315 nec
3449 5261 3509 5315 in
3556 5264 3647 5318 his

1957 5344 2273 5417 quidquam
2302 5361 2578 5417 sperares.
2613 5347 2757 5401 Nam
2785 5361 2915 5401 cum
2946 5363 3039 5402 me
3069 5347 3468 5420 interrogares,
3509 5352 3648 5423 quid

1956 5433 2098 5490 mihi
2128 5433 2198 5490 de
2240 5433 2576 5490 Academico
2622 5434 2879 5506 sapiente
2917 5436 3211 5502 videatur;
3245 5438 3532 5508 respondi,
3559 5441 3649 5497 vi-

2025 5537 2192 5588 tEditi
2206 5538 2427 5600 habent,
2444 5538 2724 5591 circulum.
2741 5537 2841 5588 Sed
2865 5538 3054 5588 melius
3071 5538 3192 5597 Mss,
3207 5538 3408 5602 decem,
3424 5544 3649 5598 circum.

3008 5635 3320 5720 (Trente.)
