4058 6356
419 309 521 362 939

421 429 544 484 deri
569 427 712 481 mihi
735 425 891 496 quod
921 424 1184 478 videatur
1212 421 1320 476 sibi
1346 419 1490 474 scire
1515 419 1869 488 sapientiam,
1906 435 1978 474 ne
2008 424 2111 474 aut

421 521 634 571 temere
673 530 765 569 me
812 513 953 568 scire
998 511 1377 575 afﬁrmarem,
1412 512 1507 564 aut
1547 507 1708 562 illum
1748 523 1865 561 non
1895 506 2111 575 minus,

420 609 636 660 temere
667 603 807 657 scire
838 602 1104 655 dicerem.
1139 602 1246 653 Pro
1278 613 1506 668 magno,
1539 596 1796 666 inquam,
1827 596 2113 650 beneﬁcos

422 693 566 746 mihi
595 693 823 746 obsecro
869 689 1141 743 concedas
1194 687 1404 756 primo,
1446 689 1510 739 ut
1561 685 1631 738 ad
1690 684 1746 737 id
1787 683 1940 754 quod
1981 698 2108 752 ego,

422 797 541 834 non
566 781 635 834 ad
664 779 723 832 id
754 778 905 849 quod
936 782 997 830 tu
1029 780 1084 829 te
1116 775 1433 843 interrogas
1463 771 1809 852 respondere
1837 770 2108 840 digneris.

425 869 636 923 Deinde
667 872 731 921 ut
760 881 918 936 spem
961 880 1171 930 meam,
1214 877 1387 932 quam
1427 860 1531 915 tibi
1565 876 1680 914 non
1714 859 1904 913 minus
1937 875 2108 922 curaa,

424 972 595 1026 quam
632 959 789 1008 tuam
831 969 952 1007 esse
991 954 1144 1005 certo
1176 949 1310 1013 scio,
1352 964 1505 1002 nunc
1532 947 1832 1017 paululum
1864 945 2112 998 omittas.

425 1045 585 1098 Certe
626 1042 672 1094 si
701 1058 793 1095 me
823 1040 930 1093 ista
973 1036 1422 1107 interrogatione
1458 1035 1756 1104 decepere,
1787 1033 1898 1087 cito
1929 1037 2114 1086 trans-

423 1131 515 1185 ibo
572 1131 630 1182 in
700 1134 858 1183 tuam
914 1131 1159 1197 partem,
1215 1123 1770 1192 controversiamque
1826 1120 2112 1174 ﬁniemus.

423 1223 716 1274 Postremo
764 1221 827 1270 ut
874 1217 1039 1286 pulsa
1085 1213 1276 1267 nescio
1320 1227 1434 1282 qua
1473 1209 1880 1278 sollicitudine,
1919 1225 2034 1280 qua
2061 1212 2115 1261 te

421 1307 580 1375 tangi
617 1305 808 1369 video,
854 1301 1188 1372 diligentius
1218 1300 1656 1365 animadvertas,
1690 1314 1802 1369 quo
1833 1298 1994 1352 facile
2025 1296 2114 1350 in-

421 1393 649 1462 telligas
692 1391 830 1463 quid
877 1390 1020 1444 mihi
1071 1389 1167 1443 abs
1195 1393 1250 1442 te
1298 1387 1632 1458 responderi
1663 1387 1854 1440 velim.
1915 1385 2118 1439 Dixisti

424 1481 578 1536 enim
609 1481 735 1534 ideo
767 1485 819 1534 te
861 1495 977 1532 non
1019 1481 1118 1531 aut
1155 1477 1307 1531 aiere
1346 1480 1444 1530 aut
1472 1491 1704 1546 negare,
1737 1475 1889 1546 quod
1920 1474 2116 1543 utique

423 1569 746 1624 faciendum
795 1573 880 1622 est
928 1566 1000 1620 ad
1039 1565 1097 1619 id
1130 1565 1282 1636 quod
1329 1581 1495 1635 rogo,
1537 1580 1609 1618 ne
1640 1568 1850 1618 temere
1882 1567 1936 1616 te
1977 1561 2117 1614 scire

426 1657 575 1710 dicas
607 1657 757 1727 quod
789 1655 971 1709 neseis
995 1673 1012 1708 :
1065 1654 1228 1724 quasi
1266 1669 1400 1708 vero
1449 1668 1556 1723 ego
1605 1652 1743 1723 quid
1790 1651 1929 1705 scias
1959 1666 2116 1720 quaa-

425 1745 638 1812 sierim,
674 1750 728 1798 et
757 1760 872 1797 non
902 1742 1038 1813 quid
1082 1741 1188 1796 tibi
1217 1741 1490 1795 videatur.
1537 1742 1732 1811 Itaque
1776 1756 1928 1793 nunc
1966 1738 2118 1792 idem

423 1833 650 1904 planius
691 1832 761 1901 (si
791 1837 988 1886 tamen
1016 1831 1244 1901 planius
1273 1829 1386 1883 dici
1414 1829 1619 1900 potest)
1649 1829 1976 1898 interrogo:
2018 1826 2118 1879 Vi-

351 1983 356 1988 η
424 1923 663 1977 deturne
691 1921 795 1975 tibi
841 1920 983 1974 scire
1031 1919 1370 1990 sapientiam
1400 1917 1645 1989 sapiens,
1688 1934 1760 1972 an
1807 1933 1923 1972 non
1969 1915 2121 1970 vide-

425 2015 565 2066 tur?
605 2011 663 2066 Si
702 2009 968 2076 inveniri,
1017 2009 1226 2080 inquit,
1277 2008 1504 2078 sapiens
1535 2009 1763 2079 qualem
1794 2007 1938 2061 ratio
1987 2022 2122 2076 pro-

429 2101 529 2166 dit,
563 2103 735 2170 queat
760 2119 774 2166 ;
804 2102 992 2169 potest
1020 2097 1164 2150 mihi
1194 2095 1372 2150 videri
1398 2096 1539 2151 scire
1561 2094 1919 2166 sapientiam.
1956 2094 2121 2149 Ratio

425 2190 623 2259 igitur,
653 2187 914 2257 inquam,
945 2184 1116 2239 talem
1148 2183 1252 2238 tibi
1281 2183 1476 2254 prodit
1501 2200 1620 2238 esse
1653 2183 1988 2253 sapientem,
2022 2181 2121 2253 qui

427 2277 768 2348 sapientiam
810 2291 929 2330 non
964 2274 1233 2344 ignoret:
1281 2276 1338 2327 et
1383 2277 1534 2328 recte
1572 2271 1776 2327 isthuc.
1807 2273 1935 2327 Non
1964 2270 2121 2327 enim

429 2368 595 2422 aliter
626 2365 864 2421 decebat
887 2362 1069 2418 videri
1098 2361 1223 2416 tibi.

504 2459 588 2509 10.
621 2455 826 2518 Quaero
875 2467 1010 2522 ergo
1051 2451 1194 2521 jam,
1252 2451 1447 2503 utrum
1495 2448 1672 2519 possit
1709 2448 1931 2518 sapiens
1970 2448 2124 2503 inve-

428 2543 562 2597 niri.
604 2541 662 2595 Si
694 2541 848 2594 enim
891 2543 1097 2609 potest,
1147 2540 1336 2608 potest
1377 2535 1550 2591 etiam
1581 2535 1720 2591 scire
1762 2536 2118 2607 sapientiam,

431 2630 732 2700 omnisque
761 2627 1000 2700 quaestio
1032 2627 1183 2681 inter
1228 2642 1335 2680 nos
1373 2626 1648 2680 dissoluta
1693 2629 1794 2680 est.
1845 2625 1900 2680 Si
1934 2630 2124 2680 autem

429 2737 546 2775 non
563 2735 728 2790 posse
754 2718 913 2784 dicis,
939 2718 1060 2788 jam
1087 2733 1204 2771 non
1229 2719 1519 2787 quaeretur
1542 2720 1737 2770 utrum
1767 2714 1994 2786 sapiens
2025 2716 2127 2769 ali-

431 2807 569 2879 quid
601 2807 758 2873 sciat,
809 2807 905 2862 sed
953 2810 1146 2861 utrum
1186 2804 1410 2876 sapiens
1439 2804 1744 2875 quisquam
1775 2819 1894 2858 esse
1924 2803 2122 2874 possit.

431 2897 554 2960 Quo
584 2895 912 2964 constituto,
936 2895 1058 2965 jam
1087 2893 1471 2949 recedendum
1501 2892 1608 2945 erit
1642 2892 1712 2946 ab
1751 2891 2119 2958 Academicis,

431 2989 489 3039 et
530 2989 718 3038 tecum
762 2983 868 3037 ista
913 2983 1154 3055 quaestio
1195 2985 1473 3053 quantum
1504 2981 1778 3047 valemus,
1820 2980 2126 3051 diligenter

432 3077 708 3142 cauteque
729 3072 1022 3126 versanda.
1052 3069 1192 3125 Nam
1215 3070 1325 3123 illis
1345 3069 1582 3140 placuit,
1605 3069 1694 3123 vel
1722 3069 1912 3140 potius
1943 3069 2125 3122 visum

434 3165 540 3229 est,
571 3166 627 3214 et
677 3176 798 3214 esse
844 3176 1010 3230 posse
1038 3159 1332 3213 hominem
1376 3157 1714 3228 sapientem,
1756 3159 1811 3209 et
1838 3161 2033 3211 tamen
2064 3157 2126 3210 in

434 3248 730 3303 hominem
758 3247 1055 3301 scientiam
1083 3247 1281 3301 cadere
1309 3261 1426 3299 non
1456 3261 1642 3315 posse.
1687 3245 1872 3309 Quare
1910 3244 1994 3298 illi
2038 3261 2125 3298 sa-

433 3338 690 3408 pientem
733 3336 877 3390 nihil
921 3335 1062 3389 scire
1103 3335 1484 3388 afﬁrmarunt.
1524 3332 1650 3387 Tibi
1679 3336 1875 3386 autem
1903 3331 2127 3386 videtur

436 3425 578 3479 scire
607 3423 969 3494 sapientiam,
998 3423 1154 3492 quod
1183 3438 1297 3475 non
1325 3425 1409 3475 est
1438 3420 1636 3491 utique
1661 3420 1806 3474 nihil
1845 3419 2005 3474 scire.
2040 3420 2125 3475 Si-

433 3514 556 3568 mul
587 3513 740 3567 enim
781 3511 994 3582 placuit
1020 3511 1171 3565 inter
1202 3527 1326 3575 nos,
1359 3510 1511 3580 quod
1549 3509 1723 3563 etiam
1750 3509 1900 3563 inter
1925 3525 2126 3565 omnes

434 3606 671 3668 veteres,
705 3601 967 3672 interque
997 3599 1150 3669 ipsos
1181 3598 1568 3668 Academicos,
1601 3597 1742 3652 scire
1769 3598 1910 3652 falsa
1940 3599 2124 3652 nemi-

433 3706 568 3744 nem
597 3706 795 3761 posse:
827 3689 980 3743 unde
1020 3688 1160 3742 illud
1202 3688 1323 3759 jam
1366 3691 1562 3748 restat,
1594 3691 1658 3742 ut
1692 3691 1790 3742 aut
1816 3688 2127 3742 contendas

433 3779 574 3833 nihil
602 3795 722 3833 esse
748 3777 1104 3850 sapientiam,
1133 3781 1232 3831 aut
1261 3777 1433 3830 talem
1465 3775 1784 3847 sapientem
1811 3776 1880 3830 ab
1909 3776 2124 3831 Acade-

430 3868 595 3922 micis
624 3868 888 3937 describi,
919 3867 1149 3939 qualem
1178 3866 1323 3920 ratio
1345 3881 1460 3918 non
1492 3865 1684 3932 habet,
1716 3865 1963 3919 fatearis.

574 3958 799 4012 CAPUT
829 3957 892 4010 V.
923 3987 992 3995 —
1019 3955 1465 4010 Academicorum
1493 3956 1655 4009 inane
1684 3953 1984 4022 suffugium

1082 4043 1463 4113 pv'wcluditur.

506 4138 590 4191 11.
621 4137 687 4190 Et
713 4134 801 4188 his
838 4132 1064 4188 omissis
1094 4132 1413 4186 consentias
1445 4135 1511 4184 ut
1551 4145 1898 4200 qumramus,
1929 4134 2124 4184 utrum

431 4223 611 4294 possit
640 4221 858 4275 homini
888 4220 1014 4274 talis
1052 4218 1352 4289 provenire
1393 4216 1693 4286 sapientia,
1725 4217 1953 4287 qualem
1991 4233 2124 4287 pro-

432 4311 518 4364 dit
552 4310 716 4362 ratio.
769 4310 891 4362 Non
938 4307 1094 4360 enim
1147 4306 1318 4360 aliam
1350 4306 1641 4370 debemus,
1679 4309 1777 4359 aut
1813 4321 2124 4376 possumus

432 4403 580 4452 recte
609 4413 805 4450 vocare
836 4395 1192 4466 sapientiam.
1224 4393 1338 4448 Etsi
1368 4393 1699 4459 concedam,
1732 4393 1938 4463 inquit,
1972 4395 2125 4464 quod

433 4491 486 4540 te
516 4501 864 4555 magnopere
891 4483 997 4537 niti
1029 4483 1214 4550 video,
1249 4482 1378 4537 sciri
1409 4500 1442 4537 a
1480 4482 1733 4552 sapiente
1765 4483 2121 4553 sapientiam,

431 4579 487 4628 et
515 4573 727 4644 aliquid
756 4573 904 4627 inter
933 4589 1037 4626 nos
1066 4572 1488 4643 deprehensum
1514 4571 1664 4641 quod
1695 4571 1919 4640 sapiens
1948 4572 2126 4641 possit

428 4663 722 4734 percipere
749 4679 760 4716 :
786 4667 977 4717 tamen
995 4678 1361 4733 nequaquam
1387 4660 1532 4715 mihi
1553 4661 1798 4714 occurrit
1827 4659 2124 4714 Academi-

429 4767 625 4806 corum
655 4751 988 4806 labefactata
1014 4750 1200 4805 omnis
1230 4750 1492 4804 intentio.
1530 4748 1816 4820 Prospicio
1843 4748 1998 4803 enim
2027 4749 2123 4803 de-

427 4839 699 4895 fensionis
730 4840 811 4894 eis
855 4841 1042 4893 locum
1087 4856 1206 4894 non
1260 4839 1569 4892 minimum
1609 4842 1982 4904 reservatum,
2021 4854 2125 4891 nec

427 4930 586 4983 illam
628 4928 968 4982 assensionis
1004 4928 1434 4998 suspensionem
1479 4943 1601 4982 esse
1641 4927 1960 4998 praecisam,
1994 4943 2124 4980 cum

427 5019 535 5071 hoc
565 5017 686 5087 ipso
717 5032 899 5070 causm
929 5033 1046 5069 sua:
1069 5017 1262 5070 deesse
1283 5032 1398 5070 non
1421 5015 1666 5087 possint,
1689 5031 1804 5086 quo
1836 5015 2122 5068 convictos

428 5111 607 5177 putas.
663 5105 860 5158 Dicent
905 5104 1057 5158 enim
1103 5105 1431 5175 usqueadeo
1483 5103 1629 5158 nihil
1688 5103 2120 5174 comprehendi,

395 5195 684 5268 [nullique
714 5192 798 5246 rei
829 5192 1214 5246 assensionem
1264 5192 1654 5262 prmbendam,
1708 5196 1770 5245 ut
1800 5192 1974 5245 etiam
2014 5192 2123 5245 hoc

426 5285 494 5338 de
533 5284 679 5337 nihil
720 5281 1108 5353 percipiendo,
1152 5281 1305 5352 quod
1338 5284 1454 5334 tota
1486 5280 1593 5333 sibi
1622 5295 1769 5349 pene
1800 5281 1913 5333 vita
1943 5295 2122 5350 usque

429 5374 498 5426 ad
528 5378 582 5426 te
612 5371 986 5442 probabiliter
1004 5373 1425 5442 persuaserant,
1453 5385 1605 5422 nunc
1627 5369 1733 5421 ista
1758 5368 2120 5422 conclusione

423 5461 531 5514 sibi
561 5464 848 5515 extortum
878 5460 987 5526 sit;
1031 5463 1092 5513 ut
1134 5459 1247 5512 sive
1281 5461 1435 5520 tunc,
1471 5457 1585 5512 sive
1618 5473 1767 5511 nunc
1813 5457 1985 5527 hujus
2036 5472 2122 5510 ar-

424 5549 684 5619 gumenti
732 5549 812 5603 vis
870 5548 1136 5604 tarditate
1180 5547 1398 5618 ingenii
1437 5547 1570 5610 mei,
1621 5547 1738 5600 sive
1789 5561 1984 5602 revera
2013 5561 2116 5600 suo

1503 296 1785 354 CONTRA
1825 293 2295 365 ACADEMICOS,
2344 297 2397 352 S.
2441 295 2825 354 AUGUSTINI

3819 304 3925 358 940

2221 419 2423 474 robore
2450 419 2658 473 invicta
2685 419 2776 486 sit,
2821 435 2914 473 eos
2953 411 3075 473 loco
3125 435 3355 474 movere
3397 435 3514 475 non
3543 422 3745 492 possit,
3791 439 3926 477 cum

2221 509 2485 563 audacter
2512 508 2797 562 afﬁrmare
2814 508 2999 562 adhuc
3017 509 3263 576 valeant,
3285 524 3358 563 ne
3380 523 3531 563 nunc
3553 509 3794 581 quidem
3820 493 3924 564 ulli

2221 597 2305 650 rei
2335 597 2800 651 consentiendum
2831 613 2969 651 esse.
3006 598 3169 651 Forte
3200 598 3356 651 enim
3387 597 3698 668 aliquando
3719 603 3925 652 contra

2224 686 2330 739 hoc
2367 702 2590 756 quoque
2620 685 2879 738 nonnihil
2911 687 2997 739 vel
3027 703 3060 740 a
3100 701 3158 740 se
3195 687 3282 740 vel
3310 702 3343 740 a
3371 686 3645 756 quopiam
3679 687 3925 756 reperiri

2223 790 2407 844 posse,
2437 769 2596 844 quod
2629 777 2787 827 acute
2825 773 3310 844 probabiliterque
3343 774 3563 828 dicatur
3591 791 3602 828 :
3638 791 3924 845 suamque

2224 863 2534 932 imaginem
2564 866 2619 917 et
2646 862 2807 932 quasi
2835 863 3128 932 speculum
3159 863 3446 934 quoddam
3477 863 3537 917 in
3568 864 3776 918 Proteo
3827 865 3926 918 illo

2226 949 2599 1004 animadverti
2629 954 2911 1020 oportere,
2942 949 3040 1020 qui
3071 949 3316 1005 traditur
3343 967 3410 1005 eo
3433 951 3617 1005 solere
3649 951 3778 1022 capi
3810 969 3926 1023 quo

2225 1038 2462 1093 minime
2516 1042 2829 1109 caperetur,
2875 1037 3420 1110 investigatoresque
3453 1040 3576 1110 ejus
3616 1056 3924 1112 nunquam

2226 1126 2489 1180 eumdem
2505 1127 2771 1189 tenuisse,
2799 1126 2908 1180 nisi
2932 1126 3116 1181 indice
3139 1127 3538 1198 alicujusmodi
3559 1129 3803 1183 numine
3826 1129 3924 1200 (α).

2226 1215 2387 1278 Quod
2417 1215 2463 1269 si
2510 1215 2674 1281 adsit,
2718 1219 2774 1269 et
2801 1215 2960 1268 illam
2989 1213 3152 1269 nobis
3191 1215 3490 1270 veritatem
3529 1233 3658 1287 quae
3699 1222 3928 1270 tantum

2227 1319 2377 1357 curm
2409 1306 2492 1357 est
2521 1303 2910 1357 demonstrare
2949 1303 3234 1373 dignetur,
3276 1319 3383 1374 ego
3415 1320 3642 1377 quoque
3668 1305 3756 1359 vel
3792 1305 3933 1375 ipsis

2227 1391 2438 1460 invitis,
2470 1393 2622 1464 quod
2650 1391 2888 1446 minime
2923 1407 3070 1460 reor,
3110 1391 3238 1448 illos
3269 1398 3563 1464 superatos
3597 1410 3720 1448 esse
3748 1395 3932 1449 conﬁ-

2227 1481 2407 1535 tebor.

2305 1572 2386 1624 i2.
2440 1569 2587 1623 Bene
2630 1568 2820 1633 habet,
2867 1568 3146 1640 inquam;
3192 1585 3424 1641 prorsus
3477 1570 3621 1626 nihil
3675 1571 3930 1644 amplius

2229 1657 2444 1727 optavi.
2482 1657 2624 1710 Nam
2650 1657 2858 1726 videte,
2885 1673 3098 1728 qumso,
3120 1657 3269 1712 bona
3297 1659 3442 1713 mihi
3467 1664 3609 1730 quot
3628 1664 3684 1714 et
3712 1666 3932 1731 quanta

2228 1747 2612 1818 provenerint.
2659 1746 2914 1801 Primum
2963 1752 3069 1815 est,
3119 1748 3273 1818 quod
3313 1749 3635 1804 Academici
3677 1750 3803 1820 jam
3849 1752 3932 1804 sic

2232 1835 2474 1891 convicti
2502 1851 2620 1889 esse
2651 1835 2936 1902 dicuntur,
2971 1840 3030 1889 ut
3058 1835 3203 1890 nihil
3241 1836 3321 1891 eis
3348 1842 3521 1892 restet
3549 1838 3620 1892 ad
3652 1839 3932 1894 defensio-

2232 1941 2382 1988 nem,
2417 1923 2530 1978 nisi
2567 1925 2720 1994 quod
2749 1923 2874 1978 ﬁeri
2908 1940 3024 1979 non
3065 1929 3271 1995 potest.
3309 1926 3445 1990 Quis
3495 1927 3652 1982 enim
3682 1927 3790 1982 hoc
3830 1934 3936 1982 aut

2233 2013 2550 2083 intelligere
2599 2014 2714 2066 ullo
2753 2012 2947 2079 modo,
2984 2017 3080 2067 aut
3125 2013 3357 2069 credere
3399 2016 3602 2085 valeat,
3647 2032 3781 2070 eum
3831 2018 3934 2088 qui

2231 2102 2412 2156 victus
2452 2101 2542 2168 sit,
2590 2117 2654 2156 eo
2699 2100 2821 2172 ipso
2870 2117 2982 2172 quo
3034 2101 3208 2156 victus
3250 2107 3354 2170 est,
3398 2103 3674 2160 victorem
3718 2121 3775 2159 se
3808 2121 3934 2160 esse

2233 2189 2515 2261 gloriari?
2547 2189 2760 2245 Deinde
2790 2189 2833 2243 si
2861 2191 2998 2260 quid
3019 2191 3139 2261 jam
3160 2195 3417 2246 remanet
3446 2208 3578 2246 cum
3608 2194 3696 2248 his
3724 2195 3933 2248 conﬁi-

2233 2279 2455 2346 ctionis,
2488 2295 2603 2333 non
2634 2294 2698 2332 ex
2725 2294 2791 2333 eo
2835 2283 2922 2332 est
2954 2280 3107 2350 quod
3142 2279 3360 2346 dicunt,
3390 2280 3535 2336 nihil
3567 2282 3697 2336 sciri
3739 2300 3931 2354 posse,

2234 2368 2333 2422 sed
2363 2385 2426 2423 ex
2473 2385 2537 2422 eo
2569 2367 2722 2439 quod
2760 2368 2904 2422 nulli
2951 2367 3036 2422 rei
3076 2369 3504 2424 assentiendum
3543 2387 3663 2425 esse
3694 2377 3936 2427 conten-

2234 2456 2395 2511 dunt.
2425 2457 2583 2511 Nunc
2605 2457 2796 2527 itaque
2822 2457 3124 2512 concordes
3151 2473 3373 2514 sumus.
3405 2460 3548 2514 Nam
3579 2464 3641 2514 ut
3660 2459 3826 2523 mihi,
3852 2461 3936 2515 ita

2235 2547 2407 2601 etiam
2437 2545 2549 2599 illis
2593 2545 2835 2613 videtur,
2883 2546 3196 2617 sapientem
3237 2547 3378 2602 scire
3425 2548 3786 2620 sapientiam.
3821 2550 3933 2605 Sed

2234 2638 2426 2688 tamen
2447 2633 2515 2687 ab
2537 2633 2858 2688 assensione
2879 2634 2964 2688 illi
2987 2636 3428 2705 temperandum
3455 2643 3710 2693 monent.
3739 2639 3936 2693 Videri

2236 2723 2392 2777 enim
2420 2723 2528 2776 sibi
2569 2726 2793 2777 tantum
2829 2723 3064 2792 dicunt;
3095 2725 3236 2780 scire
3283 2730 3475 2780 autem
3519 2728 3677 2782 nullo
3715 2729 3890 2783 modo
3919 2746 3933 2784 :

2238 2811 2400 2882 quasi
2427 2827 2531 2881 ego
2562 2827 2653 2865 me
2685 2811 2824 2866 scire
2844 2812 3136 2882 proﬁtear.
3168 2813 3302 2868 Mihi
3322 2831 3549 2886 quoque
3569 2815 3750 2871 videri
3774 2817 3936 2872 istud

2237 2901 2361 2955 dico
2387 2917 2398 2954 :
2427 2916 2554 2954 sum
2584 2900 2736 2954 enim
2755 2903 2979 2968 stultus,
3011 2905 3078 2956 ut
3102 2901 3273 2956 etiam
3304 2901 3433 2974 ipsi,
3467 2904 3513 2958 si
3544 2905 3810 2960 nesciunt
3840 2923 3936 2960 sa-

2234 2988 2532 3059 pientiam.
2562 2989 2893 3060 Approbare
2921 2994 3113 3044 autem
3144 3005 3248 3044 nos
3279 2990 3484 3045 debere
3513 2991 3735 3062 aliquid
3764 2997 3937 3062 puto,

2236 3078 2293 3132 id
2327 3083 2428 3144 est,
2473 3079 2790 3133 veritatem.
2828 3081 2903 3132 De
2936 3095 3048 3150 quo
3073 3095 3168 3133 eos
3198 3079 3432 3133 consulo
3466 3084 3657 3134 utrum
3701 3087 3937 3152 negent;

2237 3165 2295 3220 id
2327 3171 2427 3232 est,
2477 3170 2672 3221 utrum
2704 3166 2786 3220 eis
2825 3167 3044 3238 placeat
3081 3167 3302 3222 veritati
3346 3168 3778 3224 assentiendum
3812 3185 3941 3223 non

2239 3271 2374 3310 esse.
2415 3257 2721 3327 Nunquam
2750 3257 2858 3310 hoc
2896 3256 3104 3325 dicent,
3137 3257 3231 3311 sed
3261 3273 3387 3311 eam
3422 3273 3538 3312 non
3567 3258 3817 3312 inveniri
3846 3276 3939 3313 as—

2238 3346 2595 3401 severabunt.
2623 3346 2767 3416 Ergo
2797 3349 2852 3400 et
2879 3345 2971 3399 hic
2992 3362 3058 3400 ex
3087 3348 3365 3401 nonnulla
3393 3351 3555 3418 parte
3582 3347 3803 3402 socium
3837 3365 3936 3402 me

2237 3438 2451 3498 tenent,
2476 3433 2629 3504 quod
2654 3433 2911 3504 utrisque
2929 3450 3046 3488 non
3061 3434 3340 3506 displicet,
3374 3439 3543 3505 atque
3571 3435 3710 3489 adeo
3741 3451 3940 3489 neces-

2237 3524 2385 3578 sario
2416 3523 2617 3595 placet,
2666 3523 3139 3578 consentiendum
3187 3540 3307 3578 esse
3363 3523 3604 3579 veritati.
3657 3524 3763 3579 Sed
3803 3527 3939 3596 quis

2239 3629 2364 3668 eam
2415 3612 2846 3681 demonstrabit,
2879 3612 3187 3684 inquiunt?
3221 3612 3323 3666 Ubi
3354 3629 3460 3684 ego
3501 3629 3630 3667 cum
3669 3613 3779 3666 illis
3813 3630 3938 3668 non

2238 3702 2446 3756 curabo
2476 3705 2690 3756 certare
2715 3718 2727 3768 ;
2755 3701 2887 3754 satis
2916 3701 3057 3756 mihi
3079 3705 3164 3756 est
3184 3702 3338 3773 quod
3352 3702 3472 3773 jam
3492 3701 3786 3772 probabile
3811 3719 3935 3757 non

2238 3795 2341 3856 est,
2368 3789 2510 3844 nihil
2543 3789 2684 3844 scire
2714 3789 3054 3858 sapientem,
3077 3806 3149 3844 ne
3185 3806 3307 3844 rem
3334 3790 3804 3844 absurdissimam
3852 3793 3937 3846 di-

2237 3894 2364 3933 cere
2395 3883 2690 3949 cogantur,
2731 3883 2831 3932 aut
2861 3878 3004 3932 nihil
3031 3895 3150 3932 esse
3180 3878 3538 3950 sapientiam,
3571 3883 3672 3934 aut
3700 3879 3934 3950 sapien-

2237 3969 2375 4021 tiam
2407 3968 2621 4022 nescire
2651 3967 2988 4038 sapientem.

2239 4056 2462 4110 CAPUT
2491 4055 2580 4108 VI.
2611 4085 2680 4094 —
2722 4056 3014 4108 Veritatem
3046 4056 3158 4109 nisi
3184 4055 3376 4110 divina
3413 4071 3509 4126 ope
3547 4071 3652 4110 non
3688 4059 3936 4127 percipi.

2311 4147 2394 4198 t3.
2446 4143 2580 4208 Quis
2612 4147 2804 4197 autem
2854 4159 3054 4197 verum
3106 4143 3285 4214 possit
3332 4144 3652 4211 ostendere,
3714 4145 3810 4198 abs
3861 4152 3940 4214 te,

2237 4232 2424 4302 Alypi,
2458 4231 2672 4286 dictum
2720 4235 2824 4303 est,
2868 4249 2901 4286 a
2947 4249 3060 4304 quo
3101 4248 3174 4286 ne
3223 4232 3554 4287 dissentiam
3585 4249 3938 4305 magnopere

2235 4320 2379 4376 mihi
2425 4321 2798 4376 laborandum
2847 4325 2948 4376 est.
2983 4321 3206 4375 Etenim
3252 4337 3468 4376 numen
3516 4322 3750 4393 aliquod
3806 4323 3939 4377 aisti

2238 4411 2420 4464 solum
2445 4427 2612 4480 posse
2626 4410 2920 4464 ostendere
2932 4409 3151 4464 homini
3173 4409 3310 4481 quid
3333 4410 3404 4464 sit
3423 4427 3646 4481 verum,
3664 4411 3938 4465 cumbre-

2237 4499 2399 4565 viter,
2431 4502 2553 4552 tum
2597 4499 2770 4553 etiam
2819 4499 2932 4569 pie.
2979 4498 3130 4553 Nihil
3184 4499 3376 4571 itaque
3415 4499 3475 4554 in
3514 4499 3621 4553 hoc
3669 4517 3935 4554 sermone

2237 4591 2431 4641 nostro
2477 4587 2747 4640 libentius
2777 4585 2986 4653 audivi,
3019 4585 3162 4640 nihil
3194 4586 3442 4657 gravius,
3482 4587 3627 4641 nihil
3661 4588 3936 4658 probabi-

2235 4675 2366 4737 lius,
2399 4679 2468 4737 et,
2515 4675 2561 4728 si
2608 4675 2664 4728 id
2708 4692 2922 4730 numen
2972 4679 3034 4730 ut
3079 4674 3302 4730 conﬁdo
3343 4675 3509 4744 adsit,
3540 4675 3686 4728 nihil
3716 4677 3931 4730 verius.

2238 4765 2378 4818 Nam
2406 4768 2463 4818 et
2500 4765 2737 4818 Proteus
2785 4764 2880 4818 ille
2929 4767 3140 4834 quanta
3170 4763 3266 4818 abs
3298 4767 3352 4818 te
3377 4764 3587 4817 mentis
3623 4763 3931 4819 altitudine

2237 4857 2736 4924 commemoratus,
2756 4855 2971 4923 quanta
2992 4851 3308 4906 intentione
3336 4852 3393 4906 in
3423 4852 3708 4923 optimum
3740 4853 3935 4923 philo-

2236 4943 2453 5015 sophiae
2479 4959 2660 5014 genus
2680 4944 2708 4996 ?
2739 4944 2974 4996 Proteus
3001 4941 3154 4995 enim
3187 4942 3302 5010 ille,
3336 4947 3398 4996 ut
3427 4959 3522 4996 vos
3541 4943 3936 4997 adolescentes

2234 5049 2352 5087 non
2377 5032 2606 5102 penitus
2651 5035 2846 5102 poetas
2883 5047 2915 5084 a
2943 5031 3307 5102 philosophia
3337 5033 3786 5087 contemnendos
3812 5049 3933 5086 esse

2235 5121 2493 5188 videatis,
2524 5121 2584 5174 in
2628 5119 2937 5189 imaginem
2979 5120 3233 5174 veritatis
3281 5119 3595 5176 inducitur.
3640 5121 3930 5186 Veritatis,

2235 5209 2494 5279 inquam,
2545 5209 2781 5262 Proteus
2821 5207 2882 5262 in
2924 5207 3271 5263 carminibus
3302 5213 3546 5264 ostentat
3578 5209 3936 5280 sustinetque

2235 5313 2560 5368 personam,
2589 5313 2760 5367 quam
2797 5297 3054 5351 obtinere
3089 5314 3256 5352 nemo
3286 5302 3493 5369 potest,
3524 5298 3571 5352 si
3601 5297 3756 5352 falsis
3785 5299 3937 5352 ima-

2235 5385 2462 5458 ginibus
2487 5384 2756 5455 deceptus
2787 5386 3308 5458 comprehensionis
3336 5385 3516 5441 nodos
3545 5387 3634 5442 vel
3660 5385 3942 5442 laxaverit

2297 5550 2368 5611 (α)
2401 5549 2567 5613 llujus
2587 5550 2687 5601 loci
2707 5551 2906 5603 mentio
2926 5551 2983 5603 ﬁt
3006 5551 3096 5602 lib.
3122 5553 3151 5601 2
3171 5550 3234 5601 de
3257 5550 3471 5613 Ordine,
3499 5565 3544 5601 c.
3573 5555 3649 5611 15,
3678 5566 3732 5601 n.
3762 5555 3844 5604 45.
