4058 6406
181 362 277 414 941

181 482 271 535 vel
303 481 610 536 dimiserit.
649 483 793 536 Sunt
822 482 975 537 enim
1004 484 1126 538 istae
1155 484 1455 556 imagines,
1489 503 1616 558 quin
1644 505 1883 546 consue-

182 570 388 626 tudine
427 587 621 625 rerum
652 572 1038 642 corporalium
1057 589 1162 644 per
1192 574 1327 628 istos
1359 575 1566 646 quibus
1606 579 1674 632 ad
1699 595 1887 632 neces-

184 659 338 714 saria
363 659 535 730 hujus
558 659 692 714 vitae
719 661 939 714 utimur
963 677 1182 728 sensus,
1207 679 1313 717 nos
1340 664 1510 719 etiam
1523 682 1651 720 cum
1679 667 1887 722 veritas

184 753 438 812 tenetur,
474 753 531 802 et
563 749 728 819 quasi
757 749 1000 804 habetur
1029 751 1086 805 in
1118 753 1403 819 manibus,
1429 754 1689 826 decipere
1718 761 1888 828 atque

184 838 430 892 illudere
460 839 797 894 moliuntur.
826 841 938 894 Hoc
969 857 1105 911 ergo
1134 841 1366 896 tertium
1391 843 1608 898 bonum
1641 846 1782 898 mihi
1803 862 1889 900 ac-

184 925 342 991 cidit,
375 927 656 998 quodnon
682 927 911 983 invenio
935 929 1133 999 quanti
1154 930 1458 986 aestimem.
1490 933 1705 987 Mecum
1734 935 1887 988 enim

184 1013 668 1069 familiarissimus
682 1016 897 1069 amicus
927 1032 1109 1084 meus,
1132 1033 1248 1072 non
1272 1019 1456 1072 solum
1483 1020 1552 1074 de
1578 1018 1885 1090 probabili-

183 1107 302 1157 tate
328 1103 594 1158 humanas
616 1104 769 1173 vitae,
792 1120 990 1158 verum
1018 1105 1189 1160 etiam
1210 1107 1278 1160 de
1299 1105 1422 1176 ipsa
1443 1107 1724 1179 religione
1755 1123 1888 1161 con-

183 1191 401 1260 cordat,
432 1193 584 1263 quod
607 1193 821 1247 estveri
839 1192 1007 1247 amici
1038 1194 1562 1250 manifestissimum
1588 1196 1883 1250 indicium.

181 1281 480 1353 Siquidem
501 1282 751 1337 amicitia
761 1283 1074 1337 rectissime
1089 1288 1258 1355 atque
1280 1285 1633 1339 sanctissime
1653 1284 1888 1340 deﬁnita

182 1377 290 1438 est,
323 1387 517 1425 rerum
539 1371 922 1426 humanarum
957 1376 1014 1426 et
1031 1372 1355 1428 divinarum
1381 1390 1509 1428 cum
1540 1373 1888 1428 benevolen-

182 1459 264 1512 tia
295 1461 352 1512 et
381 1458 654 1514 charitate
680 1460 996 1515 consensio.

183 1548 413 1602 CAPUT
438 1548 552 1601 VII.
587 1577 656 1589 —
677 1551 1028 1616 Augustinus
1058 1550 1259 1619 Alypii
1289 1549 1512 1605 hortatu
1539 1551 1695 1605 habet
1725 1550 1882 1604 dein-

256 1650 379 1704 ceps
412 1638 707 1690 orationem
751 1643 940 1691 contra
977 1639 1346 1694 Academicos.
1378 1639 1613 1709 Lepidus
1662 1639 1884 1708 quidam

257 1725 402 1778 locus
433 1725 695 1780 Ciceronis
726 1727 980 1792 refertur.

261 1813 346 1866 14.
381 1813 594 1866 Tamen
622 1829 694 1866 ne
723 1818 822 1867 aut
848 1814 1318 1870 Academicorum
1347 1819 1686 1886 argumenta
1715 1832 1884 1886 quas-

184 1901 320 1955 dam
378 1901 616 1954 nebulas
662 1900 963 1956 videantur
1008 1903 1323 1974 effundere,
1374 1907 1470 1958 aut
1532 1903 1883 1958 doctissimo-

181 2006 315 2044 rum
362 1989 617 2043 virorum
647 1990 992 2060 auctoritati,
1019 1992 1168 2046 inter
1203 2009 1344 2064 quos
1384 1992 1630 2047 maxime
1674 1993 1884 2046 Tullius

181 2095 302 2133 non
327 2095 555 2132 movere
587 2095 692 2133 nos
725 2096 841 2134 non
876 2086 1082 2150 potest,
1128 2081 1372 2151 superbe
1420 2080 1712 2135 nonnullis
1741 2081 1882 2134 resi-

182 2173 331 2222 stere
357 2167 655 2221 videamur
683 2184 696 2232 ;
745 2167 792 2220 si
822 2168 982 2222 vobis
1011 2169 1213 2238 placet,
1265 2169 1424 2240 prius
1466 2185 1648 2239 pauca
1686 2173 1885 2222 contra

184 2272 282 2310 eos
312 2255 611 2325 disseram,
654 2255 862 2326 quibus
890 2256 1154 2310 videntur
1181 2257 1593 2328 disputationes
1623 2257 1734 2310 illae
1781 2256 1884 2310 ad-

182 2344 400 2398 versari
426 2343 673 2399 veritati.
723 2343 941 2399 Deinde
995 2349 1061 2399 ut
1106 2345 1248 2400 mihi
1296 2346 1540 2414 videtur,
1590 2345 1885 2399 ostendam

186 2450 318 2505 quae
362 2449 532 2487 causa
579 2432 753 2487 fuerit
796 2433 1145 2488 Academicis
1191 2434 1540 2489 occultandas
1587 2434 1884 2488 sententia:

185 2539 328 2587 suae,
351 2523 572 2592 Itaque,
604 2522 792 2593 Alypi,
827 2523 1088 2593 quamvis
1106 2526 1161 2578 te
1175 2526 1359 2577 totum
1381 2523 1440 2577 in
1458 2522 1600 2576 meis
1628 2522 1886 2593 partibus

185 2611 436 2676 videam,
470 2615 664 2663 tamen
693 2610 912 2681 suscipe
930 2627 1033 2682 pro
1056 2611 1144 2664 his
1164 2611 1484 2682 paululum,
1511 2611 1768 2681 mihique
1794 2627 1884 2664 re-

185 2698 427 2770 sponde.
461 2697 746 2762 Quoniam
775 2697 967 2766 hodie,
998 2698 1207 2770 inquit,
1256 2699 1570 2782 auspicato,
1611 2703 1676 2753 ut
1704 2698 1883 2766 aiunt,

181 2785 532 2858 processisti,
588 2801 704 2839 non
759 2785 1074 2856 impediam
1123 2785 1516 2856 plenissimam
1592 2786 1886 2842 victoriam

183 2881 367 2941 tuam,
400 2879 458 2929 et
492 2877 684 2944 partes
715 2873 840 2928 illas
864 2875 984 2944 jam
1015 2875 1288 2943 securius,
1337 2891 1449 2946 quo
1490 2875 1588 2929 abs
1619 2877 1673 2929 te
1701 2875 1889 2944 impo-

183 2969 429 3027 nuntur,
461 2963 692 3018 tentabo
725 2963 1046 3034 suscipere;
1081 2962 1129 3016 si
1158 2967 1350 3018 tamen
1379 2964 1486 3017 hoc
1515 2963 1668 3034 quod
1709 2962 1887 3016 inter-

180 3052 585 3124 rogationibus
617 3057 672 3106 te
703 3057 967 3107 acturum
993 3067 1113 3106 esse
1144 3052 1452 3123 signiﬁcas,
1484 3051 1546 3105 in
1573 3050 1889 3105 orationem

180 3146 530 3213 perpetuam
564 3140 633 3212 (si
664 3140 767 3194 tibi
796 3141 1162 3202 commodum
1190 3140 1295 3210 est)
1323 3139 1488 3193 malis
1523 3143 1845 3193 convertere
1872 3155 1885 3206 ;

181 3247 252 3285 ne
278 3247 413 3285 vere
438 3234 503 3284 ut
529 3229 791 3300 pertinax
825 3229 1200 3294 adversarius,
1233 3229 1388 3300 quod
1425 3245 1457 3282 a
1484 3232 1583 3282 tua
1620 3227 1887 3282 humani-

179 3323 298 3374 tate
347 3318 748 3388 longissimum
801 3322 905 3387 est,
935 3317 1174 3372 minutis
1223 3317 1338 3371 illis
1375 3317 1504 3372 telis
1551 3317 1650 3370 abs
1685 3320 1743 3371 te
1766 3316 1889 3387 jam

180 3408 442 3480 captivus
463 3406 779 3462 excrucier.

259 3501 350 3552 l5.
390 3498 574 3566 Atque
596 3511 701 3566 ego
740 3511 870 3549 cum
900 3498 958 3549 et
980 3494 1109 3549 illos
1132 3495 1241 3549 hoc
1264 3498 1592 3565 exepectare
1631 3492 1888 3548 animad-

180 3589 490 3654 verterem,
519 3584 682 3656 quasi
733 3583 891 3639 aliud
929 3583 1220 3654 ingressus
1269 3583 1607 3638 exordium:
1656 3584 1866 3637 Morem

181 3674 447 3742 inquam,
471 3672 633 3726 vobis
665 3688 880 3744 geram.
918 3674 982 3726 Et
1005 3672 1264 3743 quamvis
1293 3677 1423 3743 post
1441 3672 1604 3726 illum
1631 3672 1887 3726 laborem

181 3763 396 3817 schola:
427 3761 724 3816 rhetoricae
770 3761 831 3815 in
859 3761 966 3816 hac
1018 3777 1109 3815 me
1143 3761 1254 3816 levi
1286 3765 1576 3815 armatura
1614 3761 1888 3814 nonnihil

181 3851 582 3924 requieturum
632 3867 750 3904 esse
799 3865 1298 3922 praesumpseram,
1364 3854 1428 3903 ut
1479 3849 1887 3920 interrogando

183 3941 294 3994 ista
319 3940 513 4010 potius
543 3955 773 4010 agerem
804 3955 978 4010 quam
1000 3939 1241 3993 dicendo
1264 3955 1278 4005 ;
1307 3943 1500 3992 tamen
1518 3937 1653 4009 quia
1675 3943 1887 4008 etpau-

181 4028 401 4083 cissimi
429 4044 646 4094 sumus,
692 4031 759 4082 ut
804 4028 1050 4081 clamare
1079 4027 1223 4081 mihi
1253 4031 1450 4080 contra
1501 4026 1889 4080 valetudinem

183 4134 379 4172 meam
408 4133 525 4171 non
555 4117 628 4171 sit
652 4133 906 4182 necesse;
933 4119 988 4171 et
1008 4115 1182 4170 istum
1207 4116 1402 4170 stilum
1432 4131 1600 4169 causa
1631 4115 1889 4185 ejusdem

184 4207 384 4262 salutis
415 4205 580 4277 quasi
607 4204 868 4276 aurigam
901 4204 1436 4275 moderatoremque
1465 4203 1746 4257 sermonis
1777 4203 1890 4257 mei

184 4312 311 4352 esse
341 4295 519 4363 volui,
564 4311 638 4349 ne
684 4294 1021 4349 concitatius
1059 4293 1252 4364 rapiar
1297 4293 1489 4347 animo
1530 4309 1703 4363 quam
1753 4308 1890 4346 cura

181 4385 443 4456 corporis
471 4384 682 4455 poscit:
727 4388 1028 4454 perpetua,
1071 4386 1132 4436 ut
1159 4382 1351 4449 vultis,
1398 4381 1656 4436 oratione
1697 4381 1889 4436 audite

184 4475 331 4546 quid
356 4473 619 4529 sentiam.
665 4473 774 4528 Sed
821 4472 1010 4542 primo
1056 4471 1198 4525 illud
1239 4469 1533 4524 videamus
1582 4470 1750 4539 quale
1797 4468 1887 4536 sit,

182 4563 343 4618 unde
375 4561 1141 4616 amatoresAcademicorum
1163 4557 1396 4630 gloriari
1418 4557 1661 4611 nimium
1685 4557 1887 4612 solent.

186 4654 335 4707 Nam
367 4655 452 4705 est
479 4651 541 4705 in
577 4650 738 4705 libris
769 4648 1077 4718 Ciceronis,
1105 4664 1249 4720 quos
1272 4648 1332 4701 in
1361 4647 1534 4718 hujus
1565 4663 1747 4700 causa:
1789 4663 1889 4716 pa-

183 4740 502 4795 trocinium
542 4739 784 4810 scripsit,
826 4738 983 4793 locus
1042 4737 1298 4810 quidam,
1341 4740 1406 4790 ut
1453 4735 1597 4789 mihi
1643 4735 1888 4801 videtur,

186 4829 341 4884 mira
366 4828 693 4884 urbanitate
724 4827 1003 4894 conditus,
1036 4830 1102 4881 ut
1139 4823 1433 4880 nonnullis
1463 4827 1672 4888 autem,
1721 4821 1892 4876 etiam

185 4918 465 4974 ﬁrmitate
492 4917 804 4972 roboratus.
834 4915 1074 4970 Difﬁcile
1090 4918 1437 4986 estprorsus,
1463 4915 1524 4965 ut
1545 4926 1892 4982 quemquam

186 5023 312 5061 non
344 5010 590 5074 moveat,
621 5004 777 5076 quod
806 5003 887 5058 ibi
909 5004 1126 5058 dictum
1156 5007 1262 5069 est,
1294 4999 1629 5056 Academico
1654 4999 1894 5069 sapienti

189 5095 262 5148 ab
294 5094 563 5148 omnibus
600 5097 935 5147 caeterarum
985 5096 1268 5146 sectarum
1318 5090 1418 5160 qui
1471 5088 1575 5143 sibi
1614 5087 1895 5159 sapientes

187 5183 483 5250 videntur,
511 5181 789 5236 secundas
809 5186 1001 5253 partes
1015 5181 1159 5245 dari,
1185 5195 1314 5234 cum
1332 5178 1544 5250 primas
1565 5175 1672 5230 sibi
1693 5192 1894 5247 quem-

190 5288 305 5344 que
329 5271 620 5326 vindicare
650 5286 877 5324 necesse
907 5269 998 5324 sit.
1031 5270 1109 5323 Ex
1146 5285 1260 5340 quo
1307 5283 1474 5338 posse
1523 5264 1898 5337 probabiliter

189 5361 419 5427 conﬁci,
479 5375 614 5414 eum
664 5363 818 5413 recte
871 5358 1127 5429 primum
1172 5373 1292 5412 esse
1339 5355 1557 5427 judicio
1611 5370 1734 5422 suo,
1800 5353 1900 5425 qui

191 5451 456 5506 omnium
491 5453 830 5503 caeterorum
854 5447 1075 5518 judicio
1106 5445 1179 5500 sit
1207 5446 1507 5500 secundus.

269 5543 353 5595 l6.
386 5540 496 5595 Fac
526 5536 704 5602 enim,
733 5535 894 5590 verbi
933 5551 1121 5601 causa,
1165 5533 1419 5588 Stoicum
1451 5533 1645 5588 adesse
1675 5531 1899 5603 sapien-

193 5636 313 5687 tem
337 5646 350 5698 ;
379 5644 520 5684 nam
541 5628 742 5681 contra
763 5640 858 5680 eos
879 5623 1240 5696 potissimum
1258 5621 1727 5678 Academicorum
1748 5636 1904 5676 exar-

1676 367 1890 424 LIBER
1931 365 2215 423 PRIMUS.

3588 375 3692 429 942

1998 489 2070 542 sit
2122 489 2462 560 ingenium:
2511 506 2646 562 ergo
2677 492 2824 546 Zeno
2871 492 2957 546 vel
2986 491 3336 564 Chrysippus
3369 493 3413 548 si
3452 495 3694 551 interro-

1997 581 2226 646 gentur,
2256 578 2385 648 quis
2416 579 2490 632 sit
2520 580 2781 650 sapiens:
2819 581 3192 651 respondebit
3213 598 3345 636 eum
3374 599 3494 638 esse
3525 601 3696 655 quem

1993 664 2118 735 ipse
2148 665 2528 737 descripserit.
2563 670 2768 722 Contra
2810 669 3082 740 Epicurus
3128 671 3214 724 vel
3240 669 3370 741 quis
3415 671 3558 724 alius
3603 672 3698 725 ad-

1995 756 2380 809 versariorum
2427 755 2678 825 negabit,
2730 774 3010 829 suumque
3061 758 3250 828 potius
3286 758 3697 830 peritissimum

1995 844 2356 913 voluptatum
2387 859 2663 914 aucupem
2696 845 3012 914 sapientem
3055 862 3175 901 esse
3206 847 3528 902 contendet.
3562 849 3697 902 Inde

1995 932 2064 985 ad
2089 931 2348 1002 jurgium
2372 948 2385 987 :
2419 932 2626 986 clamat
2648 934 2816 998 Zeno,
2845 938 2901 987 et
2922 939 3042 988 tota
3079 935 3178 989 illa
3197 935 3451 1006 porticus
3482 937 3694 990 tumul-

1994 1025 2210 1086 tuatur,
2263 1021 2556 1075 hominem
2602 1025 2803 1075 natum
2853 1022 2922 1075 ad
2969 1022 3112 1076 nihil
3159 1039 3279 1078 esse
3328 1024 3482 1078 aliud
3521 1041 3696 1096 quam

1994 1107 2382 1175 honestatem;
2411 1107 2594 1179 ipsam
2649 1124 2751 1162 suo
2797 1109 3100 1178 splendore
3142 1110 3198 1164 in
3242 1128 3300 1166 se
3337 1113 3558 1167 animos
3590 1114 3695 1168 du-

1994 1213 2140 1264 cere,
2182 1197 2341 1250 nullo
2380 1213 2614 1266 prorsus
2654 1198 2955 1251 commodo
3005 1198 3350 1254 extrinsecus
3403 1202 3591 1272 posito
3638 1206 3695 1254 et

1995 1284 2157 1355 quasi
2187 1285 2544 1339 lenocinante
2577 1286 2878 1352 mercede;
2911 1287 3380 1358 voluptatemque
3409 1289 3509 1343 illa
3565 1289 3694 1360 Epi-

1995 1373 2114 1426 curi
2159 1372 2293 1426 solis
2341 1373 2492 1426 inter
2542 1389 2601 1426 se
2647 1373 2948 1444 pecoribus
3002 1391 3122 1429 esse
3170 1392 3575 1443 communem;
3635 1377 3695 1431 in

1995 1477 2242 1532 quorum
2268 1462 2592 1516 societatem
2626 1466 2682 1516 et
2708 1463 3005 1517 hominem
3038 1467 3096 1517 et
3119 1464 3434 1536 sapientem
3465 1465 3693 1520 trudere

1992 1551 2150 1604 nefas
2180 1566 2322 1604 esse.
2350 1550 2560 1604 Contra
2585 1550 2681 1604 ille
2712 1556 3018 1605 convocata
3062 1552 3131 1606 de
3162 1552 3406 1607 hortulis
3438 1553 3496 1607 in
3538 1553 3696 1607 auxi-

1993 1639 2135 1693 lium
2160 1638 2324 1709 quasi
2371 1638 2549 1692 libera
2593 1638 2761 1693 turba
2796 1641 3268 1708 temulentorum,
3311 1641 3695 1712 quaerentium

1992 1732 2188 1782 tamen
2200 1743 2368 1797 quem
2382 1727 2687 1797 incomptis
2701 1728 2986 1801 unguibus
3014 1729 3353 1783 bacchantes
3378 1746 3694 1800 asperoque

1994 1832 2091 1870 ore
2118 1815 2463 1885 discerpant,
2503 1815 2811 1885 voluptatis
2857 1832 3088 1883 nomen,
3137 1817 3495 1880 suavitatem,
3529 1819 3689 1889 quie-

1992 1916 2130 1970 tem,
2162 1907 2306 1958 teste
2335 1905 2572 1974 populo,
2608 1919 2980 1975 exaggerans,
3024 1905 3200 1959 instat
3229 1905 3456 1975 acriter,
3485 1911 3551 1960 ut
3581 1906 3692 1960 nisi

1992 2010 2057 2046 ea
2085 1993 2286 2047 beatus
2307 2009 2476 2046 nemo
2501 2009 2620 2045 esse
2640 2009 2807 2062 posse
2836 1993 3114 2048 videatur.
3146 1995 3209 2047 In
3242 2010 3486 2064 quorum
3509 1994 3691 2049 rixam

1992 2081 2040 2135 si
2070 2080 2438 2135 Academicus
2469 2081 2797 2151 incurrerit,
2841 2085 3117 2152 utrosque
3170 2082 3362 2136 audiet
3404 2083 3694 2136 trahentes

1993 2186 2050 2222 se
2084 2169 2151 2223 ad
2183 2185 2312 2223 suas
2341 2173 2563 2240 partes:
2598 2169 2695 2222 sed
2733 2169 2780 2224 si
2811 2169 2872 2222 in
2900 2169 3031 2223 illos
3061 2173 3160 2223 aut
3188 2170 3247 2223 in
3276 2169 3412 2224 istos
3459 2187 3689 2225 conces-

1993 2257 2146 2323 serit,
2171 2257 2243 2310 ab
2275 2255 2353 2309 eis
2381 2272 2525 2327 quos
2557 2255 2787 2322 deserit,
2811 2255 3068 2319 insanus,
3101 2255 3422 2327 imperitus,
3454 2261 3694 2312 temera-

1993 2345 2227 2416 riusque
2252 2345 2611 2400 clamabitur.
2641 2345 2840 2416 Itaque
2867 2361 2996 2399 cum
3022 2349 3079 2398 et
3106 2345 3212 2398 hac
3238 2349 3292 2398 et
3327 2345 3455 2399 illac
3495 2362 3693 2400 aurem

1995 2433 2304 2502 diligenter
2334 2432 2673 2500 admoverit,
2713 2432 3098 2503 interrogatus
3129 2432 3267 2503 quid
3311 2432 3364 2486 ei
3408 2433 3686 2500 videatur,

1994 2521 2257 2575 dubitare
2288 2537 2346 2574 se
2378 2521 2544 2575 dicet.
2573 2521 2730 2592 Roga
2747 2537 2902 2574 nunc
2928 2521 3332 2591 stoicum,quis
3353 2521 3427 2575 sit
3449 2523 3654 2577 melior
3677 2540 3690 2589 ;

1996 2607 2345 2678 Epicurusne
2377 2608 2477 2676 qui
2506 2607 2749 2663 delirare
2769 2608 2932 2662 illum
2954 2610 3181 2674 clamat,
3217 2625 3292 2663 an
3320 2609 3692 2664 Academicus

1995 2697 2094 2768 qui
2125 2697 2233 2751 sibi
2260 2697 2444 2751 adhuc
2496 2698 2564 2752 de
2612 2713 2672 2752 re
2719 2702 2878 2752 tanta
2921 2698 3354 2754 deliberandum
3397 2715 3518 2754 esse
3558 2716 3694 2770 pro-

1993 2783 2239 2840 nuntiat.
2292 2786 2468 2838 Nemo
2525 2784 2750 2839 dubitat
2799 2786 3205 2840 Academicum
3241 2787 3544 2857 praalatum
3597 2787 3688 2842 iri.

1996 2873 2212 2928 Rursus
2252 2876 2308 2926 te
2348 2872 2419 2926 ad
2451 2873 2614 2927 illum
2663 2878 2946 2940 converte,
2980 2878 3037 2927 et
3066 2890 3258 2944 quaere
3290 2891 3464 2944 quem
3512 2876 3693 2946 magis

1995 2965 2188 3027 amet;
2220 2963 2527 3026 Zenonem,
2566 2977 2600 3014 a
2632 2977 2746 3032 quo
2777 2961 2958 3015 bestia
3001 2962 3371 3029 nonimatur;
3413 2979 3485 3016 an
3523 2966 3691 3017 Arce-

1997 3049 2182 3113 silam,
2241 3065 2274 3102 a
2307 3065 2419 3119 quo
2470 3049 2664 3103 audit:
2727 3050 2808 3102 Tu
2856 3049 3093 3103 fortasse
3145 3065 3342 3103 verum
3399 3050 3559 3116 dicis,
3594 3051 3690 3105 sed

1996 3137 2287 3208 requiram
2317 3136 2666 3207 diligentius.
2703 3138 2900 3191 Nonne
2931 3140 3193 3208 apertum
3215 3143 3299 3192 est
3323 3141 3503 3193 totam
3533 3139 3692 3194 illam

1993 3226 2280 3297 porticum
2319 3225 2602 3292 insanam,
2635 3225 2999 3280 Academicos
3028 3231 3221 3280 autem
3248 3243 3367 3297 pra.-
3406 3227 3520 3281 illis
3572 3244 3691 3281 mo-

1996 3315 2184 3369 destos
2212 3318 2519 3384 cautosque
2540 3313 2801 3368 homines
2813 3313 2992 3368 videri
3008 3313 3286 3384 Epicuro?
3312 3317 3396 3368 Ita
3427 3331 3691 3387 peraeque

1995 3419 2176 3475 prope
2206 3403 2276 3457 de
2326 3401 2593 3457 omnibus
2641 3402 2805 3456 sectis
2836 3403 3227 3472 copiosissime
3266 3403 3461 3458 Cicero
3493 3405 3696 3476 jucun-

1997 3492 2297 3547 dissimum
2322 3491 2644 3562 legentibus
2666 3491 2826 3562 quasi
2867 3493 3251 3562 spectaculum
3271 3493 3508 3564 praebet,
3542 3494 3698 3548 velut

1997 3581 2298 3635 ostendens
2323 3581 2548 3634 nullum
2586 3581 2814 3634 illorum
2843 3596 2963 3634 esse
2994 3579 3093 3650 qui
3124 3596 3238 3635 non
3268 3597 3400 3634 cum
3431 3580 3537 3635 sibi
3575 3581 3695 3651 pri-

1995 3685 2118 3723 mas
2165 3673 2355 3739 partes
2387 3667 2626 3735 dederit,
2677 3668 2828 3738 quod
2882 3684 3110 3722 necesse
3149 3672 3248 3732 est,
3309 3670 3588 3723 secundus
3645 3668 3698 3722 ei

1995 3756 2146 3811 dicat
2173 3756 2327 3822 dare,
2375 3771 2546 3826 quem
2589 3772 2706 3809 non
2749 3772 3092 3826 repugnare,
3123 3756 3219 3809 sed
3271 3756 3531 3811 dubitare
3560 3773 3695 3811 con-

1995 3844 2260 3915 spexerit.
2295 3845 2360 3898 In
2399 3860 2512 3914 quo
2546 3859 2649 3913 ego
2680 3843 2824 3897 nihil
2857 3844 3217 3912 adversabor,
3241 3861 3346 3898 nec
3377 3845 3457 3899 eis
3478 3845 3658 3899 ullam
3677 3847 3694 3880 ί

1996 3933 2249 3986 auferam
2278 3931 2542 4002 gloriam.
2577 3930 2848 3985 Videatur
2868 3947 3000 3985 sane
3013 3931 3365 4002 quibuslibet
3397 3932 3588 3987 Cicero
3603 3933 3697 3987 hic

1997 4037 2113 4075 non
2137 4020 2378 4091 jocatus,
2411 4019 2508 4073 sed
2537 4018 2734 4072 inania
2762 4022 2818 4072 et
2845 4023 3080 4073 ventosa
3108 4019 3396 4091 quzndam,
3437 4021 3591 4091 quod
3623 4023 3693 4076 ab

1995 4110 2254 4181 ipsorum
2277 4108 2662 4163 Graeculorum
2689 4105 2921 4162 levitate
2944 4108 3214 4164 abhorret
3237 4111 3280 4176 ³,
3312 4109 3475 4180 sequi
3504 4114 3559 4164 et
3588 4111 3696 4164 col-

1995 4199 2175 4270 ligere
2203 4198 2467 4251 voluisse.
2897 4195 2903 4201 ’

2139 4286 2365 4342 CAPUT
2398 4287 2543 4341 VIII.
2575 4285 3018 4352 —Redarguitur
3049 4286 3192 4340 locus
3234 4301 3261 4339 e
3309 4285 3556 4342 Cicerone

2733 4375 2957 4428 allatus.

2074 4468 2156 4519 17.
2204 4463 2350 4528 Quid
2401 4462 2554 4518 enim
2604 4479 2695 4517 me
2743 4461 3004 4533 impedit,
3063 4462 3202 4534 quin
3249 4462 3296 4516 si
3357 4462 3490 4518 huic
3541 4464 3698 4518 vani.

1997 4553 2102 4608 tati
2149 4553 2408 4607 resistere
2460 4551 2652 4619 velim,
2701 4551 2865 4605 facile
2911 4551 3204 4605 ostendam
3246 4556 3459 4622 quanto
3504 4552 3698 4606 minus

1998 4643 2216 4696 malum
2248 4642 2322 4695 sit
2349 4640 2640 4695 indoctum
2672 4655 2791 4693 esse
2823 4655 2995 4710 quam
3027 4639 3325 4693 indocilem
3345 4639 3702 4696 ?Undeﬁtut

2000 4746 2129 4785 cum
2162 4746 2220 4783 se
2234 4729 2327 4783 ille
2354 4728 2723 4783 Academicus
2736 4727 3140 4797 jactanticulus
3170 4727 3330 4798 quasi
3355 4711 3697 4804 disdipulum

2001 4817 2240 4889 singulis
2265 4815 2503 4884 dederit,
2537 4832 2824 4887 nemoque
2853 4815 2939 4869 illi
2961 4815 3111 4885 quod
3129 4833 3187 4869 se
3202 4816 3344 4871 scire
3371 4823 3550 4888 putat,
3566 4834 3698 4888 per-

2001 4907 2240 4961 suadere
2268 4905 2556 4976 potuerit;
2589 4921 2798 4971 magna
2835 4904 3067 4959 illorum
3095 4910 3292 4976 postea
3323 4907 3698 4961 consensione

2000 4994 2272 5050 rideatur.
2305 4996 2430 5049 Jam
2462 4994 2616 5047 enim
2660 4993 2904 5064 quisque
2935 4993 3113 5047 alium
3141 4995 3457 5065 quemlibet
3496 4996 3691 5048 adver-

2004 5083 2287 5139 sariorum
2310 5099 2544 5137 suorum
2569 5083 2713 5137 nihil
2737 5082 3019 5150 didicisse,
3045 5084 3195 5138 hunc
3211 5101 3345 5138 vero
3366 5083 3505 5137 nihil
3536 5098 3698 5152 posse

2003 5172 2217 5227 discere
2231 5171 2532 5242 judicabit.
2566 5172 2640 5225 Ex
2671 5187 2784 5242 quo
2817 5170 3084 5243 deinceps
3115 5173 3184 5227 de
3205 5172 3462 5226 omnium
3492 5169 3698 5223 scholis

2003 5277 2119 5316 non
2174 5260 2393 5330 ferulis,
2445 5261 2596 5332 quod
2628 5264 2775 5314 esset
2803 5261 3115 5316 deformius
3163 5276 3333 5332 quam
3383 5257 3699 5325 molestius,

2007 5350 2105 5405 sed
2129 5350 2361 5404 illorum
2397 5349 2766 5421 palliatorum
2797 5350 2968 5404 clavis
2997 5354 3053 5404 et
3081 5349 3322 5402 fustibus
3350 5345 3698 5416 projicietur.

2072 5503 2088 5535 ί
2119 5500 2233 5550 Am.
2264 5504 2316 5550 et
2341 5499 2427 5549 Er.
2458 5500 2673 5554 habent.
2703 5513 2799 5550 nec
2814 5502 2860 5563 ei
2879 5500 3035 5563 Syllrc
3053 5497 3308 5563 auferam
3328 5495 3575 5563 gtoriam.

2071 5564 2108 5627 3_
2124 5564 2182 5612 In
2209 5564 2353 5627 prius
2378 5564 2604 5627 excusis,
2623 5575 2730 5627 non
2759 5559 3071 5627 abhorreret
3090 5559 3208 5627 Sed.
3227 5561 3345 5608 octo
3366 5561 3489 5610 Mss.
3509 5560 3703 5626 ferunt,

2018 5621 2285 5687 abhorfet,
2313 5639 2408 5675 nec
2439 5625 2616 5674 minus
2644 5625 2796 5673 bene.
2831 5623 2882 5683 [A
2895 5621 3205 5681 bhorrerel].
