4058 6388
388 315 490 367 943

386 437 505 489 Non
537 434 691 487 enim
725 449 993 503 magnum
1017 434 1304 503 negotium
1327 433 1454 503 erit,
1481 437 1679 488 contra
1708 448 2068 487 communem

389 527 603 593 pestem
642 522 796 575 velut
829 523 1098 575 Herculea
1122 522 1383 593 quaedam
1414 523 1704 592 postulare
1735 521 1946 575 auxilia
1976 509 2076 592 Cy?

390 612 669 664 nicorum.
703 611 758 664 Si
790 614 976 664 autem
1009 610 1115 663 ista
1146 610 1417 664 vilissima
1449 610 1630 680 gloria
1660 627 1786 664 cum
1836 611 1924 663 his
1955 626 2074 663 cer-

388 704 507 752 tare
539 699 728 765 libeat,
763 699 912 769 quod
944 699 1369 769 philosophanti
1402 699 1537 752 mihi
1561 699 1947 770 jamquidem,
1980 699 2076 752 sed

389 786 641 839 nondum
695 786 939 856 sapienti
985 787 1238 841 faciliore
1299 786 1462 840 venia
1499 787 1922 840 concedendum
1954 791 2072 851 est;

389 875 526 945 quid
557 875 846 928 habebunt
876 875 1028 944 quod
1054 874 1277 943 possint
1308 875 1563 929 refellere
1583 874 1610 928 ?
1645 877 1778 928 Ecce
1809 875 1962 928 enim
2000 875 2078 928 fa-

389 963 603 1016 ciamus
635 979 725 1015 me
756 966 924 1033 atque
955 962 1349 1016 Academicum
1401 962 1459 1016 in
1512 962 1634 1016 illas
1665 962 1792 1016 lites
1819 963 2074 1032 philoso-

389 1051 632 1120 phorum
655 1049 886 1102 irruisse
911 1065 924 1102 :
950 1066 1149 1102 omnes
1169 1066 1402 1119 prorsus
1429 1049 1633 1117 adsint,
1659 1051 2077 1121 exponantbre—

387 1137 531 1191 viter
558 1155 662 1208 pro
694 1143 951 1207 tempore
983 1137 1291 1192 sententias
1331 1154 1475 1191 suas.
1510 1137 1805 1202 Quaeratur
1835 1137 1904 1190 de
1949 1138 2078 1191 Car-

388 1227 564 1279 neade
609 1225 746 1296 quid
790 1225 1010 1280 sentiat.
1062 1225 1328 1280 Dubitare
1366 1243 1423 1280 se
1454 1227 1620 1281 dicet.
1656 1228 1852 1296 Itaque
1912 1225 2075 1279 illum

387 1313 598 1383 singuli
629 1312 1189 1383 prmferentcasteris.
1225 1315 1368 1385 Ergo
1400 1331 1597 1368 omnes
1628 1315 1928 1369 omnibus:
1963 1331 2076 1368 ma-

388 1418 499 1471 gna
524 1400 795 1454 nimirum
828 1406 996 1472 atque
1028 1401 1300 1456 altissima
1326 1403 1525 1472 gloria.
1552 1403 1688 1467 Quis
1726 1403 1899 1457 istum
1933 1404 2077 1457 nolit

387 1486 643 1542 imitari?
663 1493 840 1558 etego
863 1488 1053 1560 itaque
1084 1489 1486 1560 interrogatus,
1521 1491 1670 1546 idem
1696 1493 2074 1565 respondebo;

385 1591 488 1645 par
516 1576 622 1629 erit
649 1576 790 1630 laus.
827 1579 899 1630 Ea
921 1578 1098 1648 igitur
1125 1579 1309 1648 gloria
1337 1580 1548 1650 gaudet
1582 1579 1823 1650 sapiens,
1862 1579 1922 1633 in
1964 1596 2075 1650 qua

384 1662 464 1714 illi
498 1663 702 1716 stultus
731 1668 990 1734 aequatur
1007 1665 1034 1718 ?
1062 1665 1207 1728 Quid
1220 1665 1410 1720 sicum
1428 1667 1597 1720 etiam
1620 1667 1784 1720 facile
1805 1666 2073 1736 supcrat?

386 1749 608 1804 Nihilne
636 1751 753 1820 agit
782 1751 967 1821 pudor
992 1752 1020 1803 ‘I
1048 1753 1188 1806 Nam
1219 1751 1392 1807 istum
1425 1755 1828 1809 Academicum
1852 1755 1973 1825 jam
2004 1755 2073 1809 de

374 1836 586 1905 judicio
619 1837 1002 1891 discedentem
1020 1839 1241 1892 tenebo.
1263 1839 1481 1911 Quippe
1503 1841 1722 1894 avidior
1743 1840 2074 1911 hujusmodi

379 1924 627 1978 victoria)
661 1925 898 1978 stultitia
936 1931 1036 1980 est.
1075 1927 1219 1996 Ergo
1249 1945 1317 1982 eo
1356 1933 1576 1982 retento
1605 1929 1843 1999 prodam
1868 1927 2073 1996 judici-

380 2013 481 2067 bus
513 2012 664 2085 quod
690 2013 974 2082 ignorant,
1007 2019 1060 2068 et
1093 2015 1310 2070 dicam:
1355 2017 1494 2087 Ego,
1542 2016 1645 2070 viri
1691 2016 1914 2086 optimi,
1966 2016 2074 2069 hoc

378 2117 501 2154 cum
536 2101 642 2154 isto
666 2117 970 2155 commune
999 2102 1200 2169 habeo,
1234 2104 1388 2174 quod
1411 2103 1635 2158 dubitat
1665 2104 1791 2176 quis
1820 2108 2072 2158 vestrum

377 2207 570 2244 verum
603 2195 892 2261 sequatur,
927 2191 1032 2245 Sed
1056 2192 1336 2247 habemus
1364 2193 1535 2247 etiam
1564 2194 1827 2264 proprias
1850 2197 2071 2247 senten-

379 2277 502 2339 tias,
537 2279 605 2332 de
628 2279 836 2350 quibus
865 2283 997 2350 peto
1026 2279 1310 2352 judicetis.
1343 2283 1486 2335 Nam
1515 2282 1657 2336 mihi
1677 2282 1959 2336 incertum
1987 2285 2071 2335 est

378 2366 628 2436 quidem,
663 2367 922 2437 quamvis
951 2367 1231 2422 audierim
1260 2368 1487 2424 decreta
1514 2373 1720 2437 vestra;
1749 2370 1850 2424 ubi
1880 2370 1953 2424 sit
1980 2386 2069 2424 ve-

376 2469 543 2508 rum:
585 2455 683 2508 sed
713 2454 842 2508 ideo
875 2455 1026 2525 quod
1057 2455 1157 2527 qui
1186 2455 1258 2510 sit
1287 2456 1345 2510 in
1375 2457 1532 2510 vobis
1563 2457 1809 2528 sapiens,
1845 2458 2064 2528 ignoro.

378 2543 490 2595 Ista
520 2547 710 2596 autem
739 2541 910 2595 etiam
936 2543 1125 2613 ipsum
1155 2543 1464 2615 sapientem
1484 2544 1881 2616 negataliquid
1901 2545 2065 2612 scire,

378 2646 449 2683 ne
482 2630 666 2701 ipsam
696 2630 949 2701 quidem,
984 2632 1133 2686 unde
1163 2632 1386 2704 sapiens
1417 2632 1638 2697 dicitur,
1702 2633 2064 2703 sapientiam.

377 2718 512 2782 Quis
544 2735 661 2772 non
691 2719 877 2773 videat
913 2721 1108 2789 palma
1136 2719 1234 2774 illa
1258 2721 1417 2792 cujus
1442 2721 1558 2775 sit?
1587 2723 1727 2776 Nam
1754 2721 1800 2774 si
1829 2722 1938 2776 hoc
1969 2723 2066 2777 ad-

376 2806 655 2861 versarius
684 2823 845 2861 meus
872 2807 1098 2876 dixerit,
1123 2809 1344 2863 vincam
1367 2810 1582 2880 gloria;
1624 2810 1671 2862 si
1714 2815 1906 2864 autem
1937 2827 2066 2864 eru-

375 2896 606 2950 bescens
633 2897 918 2951 confessus
961 2897 1133 2953 fuerit
1172 2898 1490 2970 sapientem
1532 2898 1673 2954 scire
1704 2885 2063 2969 sapientiam,

375 2984 593 3038 vincam
625 2985 924 3040 sententia.

550 3073 773 3127 CAPUT
805 3075 888 3127 IX.
921 3104 989 3114 —
1017 3075 1254 3129 Zenonis
1284 3074 1527 3146 deﬁnitio
1575 3076 1886 3129 discutitur.

448 3165 530 3215 l8.
589 3162 696 3215 Sed
741 3161 811 3214 ab
867 3161 974 3215 hoc
1023 3162 1144 3232 jam
1189 3163 1442 3232 litigioso
1509 3164 1786 3218 tribunali
1838 3164 2063 3218 seceda-

375 3266 500 3302 mus
531 3249 588 3302 in
620 3248 869 3320 aliquem
901 3250 1112 3313 locum,
1145 3251 1240 3303 ubi
1284 3251 1448 3305 nobis
1477 3253 1635 3306 nulla
1679 3252 1846 3306 turba
1887 3252 2063 3305 mole-

376 3341 461 3389 sta
489 3337 562 3389 sit
586 3353 599 3403 ;
622 3340 794 3407 atque
824 3337 1042 3390 utinam
1068 3338 1128 3390 in
1151 3338 1332 3408 ipsam
1358 3339 1605 3393 scholam
1633 3339 1902 3407 Platonis,
1935 3356 2063 3411 qua:

375 3440 586 3478 nomen
612 3441 680 3477 ex
708 3441 774 3478 eo
799 3424 1004 3478 dicitur
1032 3425 1332 3496 accepisse,
1366 3427 1519 3496 quod
1549 3443 1581 3480 a
1619 3428 1836 3498 populo
1876 3429 1950 3482 sit
1975 3445 2064 3482 se-

373 3517 526 3567 creta
551 3528 564 3566 :
597 3511 688 3566 hic
707 3514 829 3584 jam
845 3529 960 3566 non
983 3513 1050 3567 de
1080 3513 1280 3584 gloria,
1313 3515 1466 3584 quod
1489 3517 1608 3570 leve
1640 3533 1704 3570 ac
1722 3517 1935 3587 puerile
1957 3521 2060 3584 est,

372 3602 469 3655 sed
500 3603 567 3655 de
594 3601 718 3671 ipsa
745 3601 880 3670 vita,
909 3606 964 3656 et
1001 3603 1070 3657 de
1105 3604 1296 3673 aliqua
1324 3621 1423 3674 spe
1457 3604 1634 3658 animi
1662 3605 1835 3673 beati,
1881 3622 2061 3676 quan-

374 3693 494 3742 tum
525 3688 677 3742 inter
707 3707 808 3743 nos
834 3707 1158 3760 possumus,
1191 3691 1550 3745 disseramus.
1587 3693 1808 3763 Negant
1849 3693 2060 3748 Acade-

371 3777 503 3832 mici
542 3778 670 3832 sciri
696 3779 913 3850 aliquid
943 3795 1128 3849 posse.
1163 3780 1319 3834 Unde
1349 3781 1456 3834 hoc
1487 3780 1644 3835 vobis
1673 3781 1908 3852 placuit,
1940 3786 2059 3836 stu-

371 3867 677 3921 diosissimi
709 3867 972 3922 homines
1022 3873 1190 3940 atque
1235 3869 1591 3924 doctissimi?
1623 3870 1790 3926 Movit
1817 3887 1939 3938 nos,
1971 3870 2062 3924 in-

369 3957 593 4027 quiunt,
643 3957 898 4011 deﬁnitio
924 3958 1183 4013 Zenonis.
1220 3959 1349 4026 Cur,
1401 3976 1594 4029 quaeso
1615 3958 1643 4012 ‘?
1685 3961 1825 4014 Nam
1855 3959 1901 4013 si
1929 3976 2063 4014 vera

369 4050 472 4110 est,
507 4045 767 4099 nonnihil
782 4045 897 4099 veri
912 4047 1203 4118 novit,qui
1237 4048 1320 4101 vel
1348 4047 1531 4117 ipsam
1563 4047 1760 4114 novit;
1790 4046 1879 4102 sin
1899 4047 2058 4116 falsa,

367 4149 481 4186 non
511 4133 706 4187 debuit
722 4134 1206 4188 constantissimos
1229 4151 1604 4190 commovere.
1632 4134 1740 4189 Sed
1769 4134 2060 4189 videamus

367 4220 504 4290 quid
527 4219 606 4273 ait
632 4222 795 4274 Zeno.
815 4221 947 4273 Tale
977 4220 1192 4274 scilicet
1214 4221 1396 4275 visum
1416 4222 1827 4292 comprehendi
1855 4227 1912 4277 et
1935 4239 2062 4292 pcr-

365 4307 479 4377 cipi
509 4324 691 4378 posse.
717 4309 883 4378 quale
913 4324 1043 4362 cum
1065 4308 1205 4362 falso
1234 4325 1354 4363 non
1374 4309 1788 4381 haberetsigna
1809 4326 2056 4365 commu-

364 4395 486 4450 nia.
526 4396 767 4449 Hoccine
797 4399 850 4449 te
869 4395 1065 4458 movit,
1089 4397 1260 4450 homo
1288 4397 1599 4464 Platonice,
1623 4401 1686 4452 ut
1706 4401 1766 4451 ut
1793 4398 2058 4452 omnibus

362 4483 578 4538 viribus
611 4484 679 4537 ab
708 4500 804 4554 spe
836 4483 1086 4538 discendi
1116 4484 1398 4540 studiosos
1418 4486 1758 4556 retraheres,
1781 4491 1844 4540 ut
1872 4490 2056 4541 totum

363 4572 652 4643 negotium
671 4572 1108 4643 philosophandi
1122 4573 1416 4644 adjuvante
1435 4575 1683 4646 quodam
1702 4574 1872 4630 etiam
1895 4592 2055 4630 men-

363 4661 434 4715 tis
465 4660 890 4731 ingesniscendo
921 4665 1150 4732 torpore
1183 4663 1563 4718 desererent?

436 4753 517 4803 l9.
550 4750 658 4803 Sed
681 4750 969 4820 quomodo
1005 4751 1165 4806 illum
1195 4768 1310 4806 non
1337 4757 1714 4822 permoveret,
1753 4752 1795 4806 si
1829 4757 1884 4807 et
1913 4752 2056 4807 nihil

361 4839 472 4893 tale
503 4838 747 4892 inveniri
773 4843 982 4909 potest,
1017 4845 1073 4894 et
1103 4840 1215 4894 nisi
1247 4840 1381 4911 quid
1414 4842 1526 4896 tale
1557 4846 1662 4912 est,
1693 4842 1910 4913 percipi
1940 4859 2055 4897 non

360 4927 588 4998 potest?
619 4927 722 4981 hoc
747 4927 793 4980 si
816 4927 896 4981 ita
925 4933 1030 4996 est,
1055 4929 1361 4983 dicendum
1379 4930 1569 5002 potius
1587 4936 1726 4998 erat,
1751 4947 1867 4985 non
1887 4947 2053 5002 posse

358 5017 417 5069 in
448 5016 745 5070 hominem
774 5016 974 5071 cadere
1006 5017 1368 5088 sapientiam,
1399 5035 1575 5090 quam
1605 5019 1925 5090 sapientem
1950 5036 2051 5074 ne-

357 5106 498 5160 scire
523 5122 624 5159 cur
661 5105 829 5168 vivat,
859 5108 1075 5161 nescire
1103 5109 1592 5179 quemadmodum
1618 5109 1790 5176 vivat,
1830 5108 2050 5163 nescire

355 5199 549 5248 utrum
576 5194 752 5261 vitat;
776 5199 1085 5266 postremo,
1123 5213 1236 5267 quo
1259 5197 1582 5268 perversius
1613 5197 1913 5268 magisque
1944 5196 2049 5250 de-

355 5282 528 5336 lirum
558 5287 614 5337 et
641 5283 906 5338 insanum
919 5284 1028 5337 dici
1050 5284 1192 5339 nihil
1213 5290 1420 5356 potest,
1453 5285 1623 5340 simul
1655 5289 1710 5339 et
1733 5285 2049 5355 sapientem

355 5388 495 5437 esse,
543 5376 598 5425 et
625 5372 888 5441 ignorare
919 5373 1279 5444 sapientiam.
1331 5373 1476 5438 Quid
1519 5373 1676 5427 enim
1718 5377 1801 5425 est
1829 5372 2046 5435 durius,

350 5458 646 5513 hominem
692 5476 806 5514 non
857 5478 1021 5531 posse
1069 5479 1191 5517 esse
1240 5463 1578 5533 sapientem,
1630 5475 1703 5513 an
1733 5458 2046 5530 sapientem

353 5547 566 5600 nescire
597 5549 1138 5620 sapientiam?Nihil
1163 5551 1297 5607 hinc
1324 5548 1733 5620 disputandum
1761 5552 1867 5618 est,
1896 5548 1943 5602 si
1958 5563 2047 5604 res

1480 311 1758 368 CONTRA
1802 307 2267 377 ACADEMICOS,
2312 308 2362 363 S.
2411 308 2792 366 AUGUSTINI

3793 310 3905 362 944

2187 433 2310 504 ipsa
2334 433 2412 486 ita
2456 430 2639 502 posita
2668 430 2801 484 satis
2833 446 2950 485 non
2981 434 3066 484 est
3094 429 3164 485 ad
3195 428 3646 500 dijudicandum.
3682 430 3796 483 Sed
3828 430 3901 484 it-

2185 521 2281 575 lud
2330 520 2472 574 forte
2521 518 2568 573 si
2608 519 2908 584 diceretur,
2971 519 3200 590 penitus
3246 518 3509 572 homines
3557 535 3591 572 a
3633 519 3897 589 philoso-

2185 607 2414 677 phando
2453 611 2874 662 averterentur:
2917 623 3069 661 nunc
3113 624 3246 661 vero
3291 606 3596 660 inducendi
3641 612 3779 659 sunt
3807 624 3900 659 sa-

2185 694 2414 765 pientiae
2453 694 2781 748 dulcissimo
2830 711 2892 748 ac
2942 694 3294 748 sanctissimo
3343 694 3601 759 nomine,
3659 699 3726 746 ut
3758 710 3896 746 cum

2185 784 2423 837 contrita
2452 788 2616 837 aetate
2635 782 2776 836 nihil
2808 782 3130 850 didicerint,
3162 786 3360 852 postea
3389 786 3442 834 te
3474 781 3715 834 summis
3743 798 3901 834 exse-

2186 871 2534 925 crationibus
2560 875 3002 942 prosequantur,
3037 886 3207 941 quem
3241 869 3447 923 relictis
3477 870 3680 923 saltem
3727 870 3899 922 volu-

2185 960 2434 1032 ptatibus
2461 959 2733 1030 corporis,
2767 959 2832 1012 ad
2868 959 3045 1012 animi
3073 962 3356 1012 tormenta
3386 963 3518 1011 sunt
3547 957 3745 1011 secuti.

2256 1050 2343 1101 20.
2384 1047 2493 1102 Sed
2523 1047 2816 1102 videamus
2845 1063 2947 1118 per
2986 1062 3158 1117 quem
3212 1045 3403 1116 potius
3432 1062 3466 1098 a
3520 1045 3898 1114 philosophia

2187 1135 2600 1189 deterreantur.
2636 1137 2742 1210 Per
2780 1150 2989 1189 eumne
3022 1134 3121 1204 qui
3150 1133 3386 1188 dixerit:
3444 1133 3614 1198 Audi,
3658 1133 3846 1186 amice
3876 1150 3890 1198 ;

2185 1222 2550 1294 philosophia
2571 1239 2683 1276 non
2711 1223 2832 1293 ipsa
2853 1221 3148 1293 sapientia,
3183 1221 3273 1274 sed
3303 1221 3557 1275 studium
3588 1220 3891 1290 sapientia:

2186 1316 2437 1380 vocatur,
2470 1311 2538 1365 ad
2571 1327 2742 1382 quam
2771 1315 2825 1365 te
2855 1311 2902 1364 si
2931 1310 3259 1376 contuleris,
3311 1326 3428 1363 non
3476 1309 3712 1379 quidem
3744 1310 3888 1362 dum

2184 1400 2272 1454 hic
2305 1400 2441 1454 vivis
2475 1399 2698 1470 sapiens
2730 1399 2841 1453 eris
2872 1402 2972 1467 (est
3001 1399 3155 1453 enim
3184 1399 3335 1470 apud
3390 1400 3568 1452 Deum
3599 1398 3890 1467 sapientia

2183 1505 2286 1543 nec
2315 1488 2612 1559 provenire
2640 1487 2860 1542 homini
2889 1489 3116 1559 potest),
3161 1487 3258 1541 sed
3289 1503 3418 1541 cum
3448 1491 3502 1540 te
3534 1486 3634 1540 tali
3666 1486 3884 1551 studio,

2183 1577 2316 1630 satis
2358 1575 2671 1630 exercueris
2715 1578 2884 1646 atque
2930 1574 3314 1640 mundaveris,
3365 1573 3591 1628 animus
3636 1576 3773 1626 tuus
3818 1589 3889 1626 ea

2183 1669 2310 1734 post
2339 1664 2483 1718 hanc
2507 1663 2698 1729 vitam,
2735 1662 2790 1716 id
2837 1666 2939 1729 est,
2971 1677 3099 1715 cum
3132 1661 3304 1715 homo
3345 1677 3464 1714 esse
3499 1661 3755 1723 desieris,
3806 1661 3887 1712 fa-

2183 1752 2288 1806 cile
2313 1751 2683 1822 perfruetur?
2702 1752 2785 1803 An
2814 1766 2918 1819 per
2939 1765 3070 1804 eum
3104 1749 3203 1820 qui
3223 1748 3456 1802 dixerit:
3482 1747 3704 1813 Venite,
3731 1764 3886 1801 mor-

2181 1839 2342 1905 tales,
2375 1838 2445 1892 ad
2476 1837 2930 1909 phi1050phiam;
2959 1853 3205 1907 magnus
3223 1836 3316 1890 hic
3343 1837 3560 1890 fructus
3590 1841 3673 1889 est
3696 1852 3708 1890 :
3734 1836 3880 1906 quid

2183 1927 2335 1981 enim
2353 1926 2574 1980 homini
2593 1925 2872 1996 sapientia
2883 1925 3108 1979 charius
3126 1925 3152 1980 ?
3169 1925 3353 1978 venite
3375 1924 3552 1995 igitur
3572 1929 3634 1978 ut
3654 1925 3878 1994 sapien-

2183 2021 2266 2069 tes
2308 2015 2446 2081 sitis,
2483 2018 2538 2068 et
2582 2013 2916 2085 sapientiam
2948 2013 3208 2067 nesciatis
3230 2015 3258 2066 ‘P
3288 2014 3431 2073 Non,
3476 2013 3685 2084 inquit,
3725 2029 3755 2065 a
3789 2029 3882 2066 me

2180 2104 2258 2158 ita
2287 2103 2524 2158 dicetur.
2550 2104 2661 2157 Hoc
2682 2107 2767 2157 est
2795 2102 3076 2173 decipere,
3111 2117 3245 2156 nam
3277 2101 3422 2156 nihil
3452 2101 3607 2155 aliud
3639 2101 3790 2172 apud
3822 2107 3880 2156 te

2180 2191 2520 2246 invenietur.
2555 2193 2636 2245 Ita
2663 2191 2728 2245 ﬁt
2758 2195 2820 2244 ut
2842 2191 2887 2244 si
2915 2190 3019 2245 hoc
3061 2189 3289 2256 dixeris,
3325 2189 3550 2260 fugiant
3599 2194 3879 2260 tanquam

2179 2280 2481 2343 insanum;
2512 2279 2558 2333 si
2588 2278 2698 2332 alio
2729 2279 2898 2332 modo
2929 2277 2996 2332 ad
3030 2279 3136 2333 hoc
3165 2276 3488 2342 adduxeris,
3521 2276 3691 2330 facias
3721 2277 3878 2331 insa-

2179 2385 2302 2424 nos.
2335 2369 2441 2424 Sed
2458 2369 2773 2429 credamus,
2789 2383 2928 2438 prop
2938 2372 3021 2421 ter
3036 2371 3335 2438 utramque
3351 2367 3691 2420 sententiam
3710 2384 3877 2437 aeque

2177 2456 2440 2511 homines
2471 2457 2621 2510 nolle
2668 2455 3081 2526 philosophari.
3127 2455 3182 2509 Si
3231 2454 3446 2526 aliquid
3496 2455 3877 2526 philosophia:

2177 2546 2559 2616 perniciosum
2608 2543 2849 2599 Zenonis
2893 2543 3152 2597 deﬁnitio
3225 2543 3413 2596 dicere
3475 2548 3736 2614 cogebat,
3794 2544 3876 2598 mi

2176 2633 2367 2701 homo,
2399 2633 2530 2686 idne
2567 2631 2791 2686 homini
2830 2631 3134 2685 dicendum
3158 2629 3285 2698 fuit,
3325 2630 3475 2685 unde
3515 2647 3575 2684 se
3609 2631 3874 2700 doleret;

2177 2739 2250 2775 an
2280 2721 2358 2784 id,
2399 2721 2552 2775 unde
2582 2725 2636 2774 te
2664 2719 2988 2774 derideret?

2246 2812 2333 2863 21.
2365 2810 2576 2863 Tamen
2608 2808 2760 2880 quod
2787 2810 2932 2862 Zeno
2955 2806 3232 2874 deﬁnivit,
3265 2812 3545 2879 quantum
3569 2808 3724 2862 stulti
3745 2825 3876 2879 pos-

2178 2914 2394 2968 sumus,
2426 2897 2814 2952 discutiamus.
2851 2896 2914 2950 Id
2938 2896 3121 2949 visum
3145 2896 3223 2949 ait
3243 2912 3405 2966 posse
3435 2897 3867 2966 comprehendi,

2175 2987 2326 3058 quod
2357 2987 2435 3041 sic
2477 2990 2798 3057 appareret.
2829 2989 2895 3039 ut
2922 2984 3129 3038 falsum
3174 3000 3446 3056 apparere
3485 3001 3602 3038 non
3644 2991 3863 3055 posset.

2176 3075 2532 3131 Manifestum
2563 3079 2664 3140 est,
2701 3073 2840 3128 nihil
2882 3073 3036 3127 aliud
3083 3073 3143 3126 in
3195 3073 3620 3144 perceptionem
3649 3073 3869 3128 venire.

2177 3165 2288 3218 Hoc
2320 3168 2375 3217 et
2404 3179 2530 3232 ego,
2562 3162 2750 3232 inquit
2794 3160 3088 3228 Arcesilas,
3121 3160 3305 3227 video,
3355 3165 3413 3214 et
3450 3159 3558 3213 hoc
3601 3160 3726 3228 ipso
3771 3160 3872 3214 do-

2173 3268 2270 3306 ceo
2304 3244 2445 3305 nihil
2474 3249 2710 3320 percipi.
2746 3251 2868 3303 Non
2914 3249 3068 3302 enim
3098 3249 3210 3303 tale
3241 3247 3460 3318 aliquid
3503 3247 3748 3301 inveniri
3781 3265 3873 3318 po.

2173 3344 2299 3394 test.
2336 3341 2589 3394 Fortasse
2621 3338 2720 3391 abs
2762 3341 2837 3404 te,
2883 3341 3054 3408 atque
3097 3337 3165 3390 ab
3205 3335 3329 3390 aliis
3356 3335 3584 3390 stultis:
3619 3341 3676 3389 at
3704 3353 3736 3390 a
3785 3354 3872 3391 sa-

2171 3429 2364 3500 piente
2395 3443 2497 3480 cur
2521 3443 2634 3480 non
2665 3426 2901 3496 potest?
2929 3425 3267 3496 Quanquam
3297 3429 3353 3479 et
3382 3424 3492 3495 ipsi
3521 3426 3694 3479 stulto
3722 3427 3870 3481 nihil

2171 3514 2509 3588 responderi
2537 3532 2698 3586 posse
2719 3515 2982 3580 arbitror,
3016 3514 3062 3567 si
3090 3513 3194 3567 tibi
3225 3512 3374 3568 dicat
3410 3518 3474 3567 ut
3520 3513 3617 3567 illo
3648 3529 3869 3568 memo-

2172 3605 2337 3660 rabili
2363 3604 2622 3658 acumine
2657 3610 2755 3656 tuo
2800 3603 2946 3656 hanc
2986 3602 3166 3672 ipsam
3200 3600 3437 3654 Zenonis
3469 3601 3867 3657 definitionem

2172 3693 2415 3756 refellas,
2475 3697 2531 3746 et
2560 3691 2824 3746 ostendas
2881 3707 3006 3745 eam
3051 3690 3224 3744 etiam
3269 3690 3470 3743 falsam
3512 3705 3632 3744 esse
3661 3706 3865 3760 posse:

2172 3783 2324 3854 quod
2355 3781 2402 3836 si
2426 3798 2544 3837 non
2581 3780 2855 3852 potueris,
2886 3780 3033 3833 hanc
3062 3779 3246 3850 ipsam
3269 3794 3444 3848 quam
3473 3779 3753 3850 percipias
3771 3781 3869 3833 ha-

2171 3872 2304 3938 bes;
2339 3870 2385 3924 si
2411 3875 2602 3924 autem
2629 3867 2928 3935 refellcris,
2957 3867 3109 3922 unde
3135 3885 3166 3921 a
3194 3866 3558 3937 percipiendo
3589 3866 3868 3937 impedia-

2169 3959 2248 4014 ris
2288 3977 2400 4014 non
2439 3951 2632 4014 habes.
2682 3959 2796 4027 Ego
2845 3973 2971 4011 eam
3018 3955 3200 4010 refelli
3240 3972 3402 4026 posse
3438 3971 3553 4009 non
3590 3954 3775 4022 video,
3813 3961 3869 4011 et

2170 4047 2406 4103 omnino
2461 4046 2816 4102 verissimam
2857 4044 3076 4116 judico.
3128 4045 3326 4116 Itaque
3383 4059 3512 4099 cum
3544 4060 3670 4098 eam
3728 4044 3865 4112 scio,

2171 4135 2428 4207 quamvis
2459 4135 2566 4189 sim
2591 4135 2814 4199 stultus,
2851 4131 3114 4188 nonnihil
3144 4133 3278 4187 scio.
3308 4132 3416 4187 Sed
3461 4132 3549 4186 fac
3585 4132 3745 4187 illam
3779 4149 3868 4187 ce-

2170 4224 2305 4278 dere
2329 4223 2592 4278 versutiae
2617 4227 2752 4277 tuae.
2785 4223 2919 4276 Utar
2943 4220 3331 4290 complexione
3353 4221 3728 4276 securissima.
3753 4225 3868 4277 Aut

2169 4312 2324 4366 enim
2354 4328 2486 4365 vera
2515 4315 2619 4380 est,
2651 4314 2749 4364 aut
2780 4310 2951 4364 falsa:
2984 4309 3029 4362 si
3059 4325 3210 4377 vera,
3233 4309 3594 4376 beneteneo;
3623 4307 3672 4364 si
3699 4309 3862 4380 falsa,

2168 4404 2355 4472 potest
2380 4400 2594 4471 aliquid
2625 4399 2861 4470 percipi,
2890 4397 3110 4452 etiamsi
3131 4398 3337 4452 habeat
3351 4397 3677 4452 communia
3699 4398 3864 4469 signa

2167 4507 2297 4544 cum
2327 4490 2487 4543 falso.
2523 4489 2701 4556 Unde,
2730 4487 2935 4558 inquit,
2957 4487 3179 4557 potest?
3201 4485 3690 4557 Verissimeigitur
3711 4489 3860 4541 Zeno

2167 4577 2446 4646 deﬁnivit,
2469 4593 2572 4631 nec
2602 4575 2654 4629 ei
2673 4575 2929 4646 quisquis
2959 4575 3047 4629 vel
3077 4575 3138 4628 in
3161 4575 3270 4629 hoc
3298 4575 3603 4641 consensit,
3628 4576 3857 4630 erravit.

2165 4672 2251 4722 An
2279 4682 2470 4737 parvae
2517 4665 2702 4719 laudis
2732 4669 2788 4718 et
2817 4663 3158 4718 sinceritatis
3202 4662 3596 4718 deﬁnitionem
3635 4664 3857 4733 putabi-

2167 4770 2310 4815 mus,
2345 4767 2472 4823 quae
2502 4755 2697 4806 contra
2726 4767 2822 4805 eos
2860 4750 2960 4822 qui
3003 4753 3164 4804 erant
3207 4749 3507 4803 adversum
3531 4749 3858 4819 perceptio-

2163 4859 2297 4896 nem
2327 4841 2508 4896 multa
2528 4839 2754 4906 dicturi,
2785 4855 2913 4893 cum
2949 4838 3272 4910 designaret
3300 4838 3468 4909 quale
3516 4841 3664 4890 esset
3703 4837 3858 4908 quod

2163 4928 2380 5000 percipi
2401 4933 2609 4998 posset,
2632 4927 2877 4997 seipsam
2904 4927 3076 4981 talem
3100 4943 3220 4980 esse
3251 4925 3634 4981 monstravit?
3660 4927 3858 4996 Itaque

2163 5016 2772 5086 comprehensibilibus
2821 5015 2989 5069 rebus
3033 5019 3089 5068 et
3128 5013 3384 5069 deﬁnitio
3425 5018 3528 5077 est,
3581 5017 3637 5066 ct
3667 5029 3860 5066 exem-

2160 5105 2342 5175 plum.
2377 5105 2598 5172 Utrum,
2631 5103 2723 5163 ait.
2756 5103 2925 5156 etiam
2950 5102 3076 5172 ipsa
3091 5118 3223 5156 vera
3253 5102 3324 5156 sit
3343 5101 3570 5155 nescio:
3607 5100 3702 5154 sed
3724 5099 3861 5171 quia

2161 5197 2245 5247 est
2272 5191 2605 5262 probabilis,
2637 5192 2767 5246 ideo
2799 5207 3042 5262 sequens
3089 5206 3216 5245 eam
3257 5190 3492 5244 ostendo
3537 5188 3684 5242 nihil
3739 5205 3861 5242 esse

2158 5283 2290 5348 tale,
2323 5282 2489 5352 quale
2523 5280 2618 5335 illa
2639 5279 2914 5350 expressit
2939 5295 3107 5351 posse
3133 5277 3561 5349 comprehendi.
3598 5276 3862 5331 Ostendis

2150 5361 2394 5423 fortasse
2421 5371 2630 5438 praeter
2657 5368 2863 5440 ipsam,
2899 5372 2956 5422 et
2982 5367 3160 5433 vides,
3191 5371 3258 5420 ut
3295 5365 3566 5432 arbitror,
3598 5363 3738 5435 quid
3768 5379 3859 5417 se-

2159 5461 2387 5528 quatur.
2420 5456 2582 5521 Quod
2611 5456 2657 5510 si
2685 5457 2857 5511 etiam
2889 5456 3011 5528 ejus
3035 5454 3239 5510 incerti
3284 5469 3480 5508 sumus
3509 5469 3614 5508 nec
3643 5453 3724 5506 ita
3754 5469 3861 5507 nos

2158 5546 2367 5602 deserit
2395 5545 2660 5614 scientia;
2684 5545 2892 5601 scimus
2917 5545 3073 5601 enim
3109 5547 3207 5599 aut
3235 5558 3430 5599 veram
3453 5558 3596 5610 esse,
3630 5546 3728 5597 aut
3752 5543 3860 5597 fal-
