4058 6388
176 347 278 398 9-ίό

174 484 328 523 sam:
373 485 492 524 non
536 469 715 542 igitur
759 470 904 526 nihil
950 472 1177 527 scimus.
1212 475 1549 546 Quanquam
1579 493 1873 546 nunquam

174 558 388 614 efﬁciet
409 563 474 613 ut
494 559 754 630 ingratus
805 560 932 630 sim,
961 578 1195 631 prorsus
1225 579 1329 634 ego
1386 565 1539 618 illam
1587 565 1873 619 deﬁnitio-

174 663 308 700 nem
338 647 697 703 verissimam
720 650 937 720 judico.
967 653 1081 704 Aut
1120 652 1274 705 enim
1305 658 1542 722 possunt
1569 653 1787 724 percipi
1818 658 1876 708 et

173 735 334 800 falsa,
367 736 526 807 quod
566 737 964 793 vehementius
991 741 1313 795 Academici
1341 741 1564 806 timent,
1590 747 1647 796 et
1676 759 1872 797 revera

174 823 487 879 absurdum
518 830 632 892 est;
664 831 763 881 aut
791 843 896 881 nec
925 843 990 882 ea
1021 834 1281 899 possunt,
1313 847 1442 902 quae
1467 835 1598 884 sunt
1623 831 1775 885 falsis
1803 830 1873 885 si-

171 913 359 968 milia:
403 915 556 969 unde
602 914 702 969 illa
749 915 1006 972 deﬁnitio
1046 934 1176 972 vera
1221 922 1321 973 est.
1374 920 1482 975 Sed
1518 920 1638 991 jam
1668 925 1870 975 caetera

172 1001 490 1058 videamus.

389 1091 620 1148 CAPUT
648 1093 706 1148 X.
741 1123 810 1133 —
855 1095 966 1149 Duo
995 1095 1438 1151 Academicorum
1468 1097 1655 1164 effata.

240 1181 334 1234 22.
386 1181 655 1244 Quamvis
707 1181 851 1250 haec,
901 1182 1011 1236 nisi
1058 1183 1242 1251 fallor,
1300 1184 1522 1254 possint
1569 1185 1640 1239 ad
1695 1183 1867 1238 victo-

170 1268 318 1322 riam
365 1270 501 1324 satis
551 1287 692 1338 esse,
725 1287 842 1325 non
891 1276 1087 1326 tamen
1114 1273 1352 1326 fortasse
1401 1273 1472 1327 ad
1501 1272 1750 1327 victoria:
1779 1289 1868 1327 sa-

170 1357 450 1412 tietatem.
487 1361 610 1413 Duo
641 1364 774 1413 sunt
797 1376 926 1431 quas
948 1361 1018 1415 ab
1039 1360 1388 1415 Academicis
1413 1361 1700 1424 dicuntur,
1732 1377 1866 1416 con-

170 1449 258 1499 tra
287 1463 442 1516 quae,
474 1451 536 1501 ut
576 1447 847 1515 valemus,
881 1448 1075 1504 venire
1109 1448 1490 1504 instituimus:
1533 1452 1688 1506 Nihil
1714 1465 1869 1520 posse

162 1537 413 1604 percipi;
450 1539 526 1602 et,
557 1537 711 1592 Nulli
758 1539 840 1591 rei
863 1537 1049 1591 debere
1077 1540 1348 1593 assentiri.
1384 1539 1462 1592 Dc
1509 1538 1866 1592 assentiendo

166 1639 300 1676 mox
315 1623 476 1690 alias,
495 1640 646 1678 nunc
665 1641 847 1696 pauca
865 1626 934 1681 de
952 1627 1316 1697 perceptione
1336 1625 1606 1680 dicemus.
1640 1626 1866 1680 Nihilne

165 1727 402 1781 prorsus
427 1711 612 1767 dicitis
641 1729 806 1784 posse
828 1714 1277 1785 comprehendi?
1299 1713 1395 1768 [lic
1425 1713 1712 1784 evigilavit
1733 1714 1864 1767 Car-

167 1800 379 1854 neades
403 1816 415 1854 :
451 1817 585 1855 nam
613 1817 782 1857 nemo
805 1801 1048 1857 istorum
1071 1803 1262 1857 minus
1283 1804 1395 1857 alte
1418 1818 1592 1873 quam
1622 1802 1718 1857 ille
1741 1803 1867 1857 dor-

165 1889 349 1950 mivit,
370 1893 427 1944 et
444 1889 842 1962 circumspexit
861 1907 1052 1946 rerum
1075 1891 1439 1946 evidentiam.
1466 1893 1660 1962 Itaque
1673 1891 1860 1956 credo,

168 1993 366 2031 secum
397 1977 540 2047 ipse,
590 1983 656 2033 ut
685 1979 767 2046 ﬁt,
802 1979 1070 2051 loquens:
1105 1981 1343 2049 Ergone,
1378 1979 1475 2048 ait,
1524 1977 1860 2033 Carneades.

165 2064 424 2118 dicturus
470 2082 529 2120 es
570 2067 786 2121 nescire
821 2072 878 2122 te
924 2072 1120 2122 utrum
1151 2068 1326 2121 homo
1355 2067 1447 2134 sis,
1491 2083 1563 2121 an
1593 2065 1865 2121 formica?

163 2155 277 2208 Aut
308 2153 379 2208 de
409 2159 464 2209 te
508 2155 857 2226 Chrysippus
905 2156 1322 2227 triumphabit?
1371 2156 1634 2210 Dicamus
1664 2171 1729 2208 ea
1759 2169 1863 2208 nos

166 2242 385 2297 nescire
408 2259 536 2314 quae
565 2243 716 2298 inter
731 2244 1104 2315 philosophos
1127 2244 1529 2315 inquiruntur;
1560 2248 1761 2297 caetera
1792 2242 1863 2296 ad

165 2347 269 2385 nos
288 2347 408 2386 non
440 2331 748 2402 pertinere,
781 2337 844 2387 ut
870 2333 916 2386 si
940 2333 999 2387 in
1029 2334 1153 2387 luce
1184 2333 1500 2387 titubavero
1528 2331 1864 2402 quotidiana

165 2424 223 2474 et
250 2420 498 2490 vulgari,
541 2420 611 2475 ad
642 2421 766 2475 illas
811 2421 1211 2491 imperitorum
1240 2422 1504 2475 tenebras
1533 2436 1859 2490 provocem,

163 2507 266 2562 ubi
307 2508 417 2562 soli
456 2508 690 2579 quidam
721 2509 897 2564 divini
930 2510 1079 2564 oculi
1109 2509 1329 2564 vident:
1363 2509 1463 2580 qui
1495 2525 1583 2562 me
1615 2509 1786 2562 etiam
1816 2508 1864 2562 si

162 2596 544 2669 palpitantem
566 2603 737 2669 atque
755 2599 1048 2653 cadentem
1071 2598 1418 2668 aspexerint,
1445 2597 1605 2652 eaacis
1623 2597 1863 2668 prodere

164 2690 480 2756 nequeant,
505 2686 824 2756 praesertim
846 2687 1269 2758 arrogantibus,
1291 2691 1347 2740 et
1366 2703 1508 2756 quos
1538 2686 1728 2740 doceri
1757 2685 1861 2740 ali-

164 2772 306 2843 quid
337 2773 564 2843 pudeat.
601 2774 774 2828 Laute
823 2774 1078 2844 quidem,
1126 2790 1158 2827 o
1189 2790 1373 2844 graeca
1403 2774 1699 2839 industria,
1733 2789 1859 2826 suc-

162 2861 350 2915 cincta
380 2866 438 2916 et
463 2865 663 2932 parata
699 2861 989 2932 procedis;
1030 2862 1127 2916 sed
1156 2879 1272 2916 non
1307 2862 1537 2933 respicis
1567 2861 1724 2916 illam
1765 2861 1861 2915 de-

162 2949 488 3004 ﬁnitionem
505 2954 560 3004 et
577 2949 875 3005 inventum
900 2967 1020 3005 esse
1046 2950 1392 3021 philosophi,
1411 2955 1468 3004 et
1496 2950 1557 3004 in
1585 2949 1863 3004 vestibulo

163 3037 553 3109 philosophiae
583 3037 755 3092 ﬁxam
781 3043 952 3110 atque
972 3038 1288 3094 fundatam.
1311 3039 1491 3102 Quam
1509 3037 1556 3090 si
1577 3037 1862 3091 succidere

162 3126 432 3192 tentabis,
467 3125 651 3181 rediet
685 3126 949 3197 bipennis
991 3127 1053 3182 in
1081 3143 1284 3181 crura:
1333 3127 1432 3180 illa
1462 3126 1616 3180 enim
1647 3125 1860 3179 labefa-

163 3218 336 3284 ctata,
368 3230 486 3268 non
514 3214 700 3269 solum
729 3219 923 3285 potest
951 3215 1168 3286 aliquid
1195 3214 1431 3286 percipi,
1466 3214 1563 3268 sed
1603 3214 1774 3267 etiam
1805 3213 1861 3266 id

161 3306 355 3374 potest
383 3302 535 3373 quod
565 3301 923 3358 simillimum
949 3303 1088 3357 falso
1117 3306 1219 3370 est,
1249 3301 1296 3356 si
1327 3318 1452 3356 eam
1482 3317 1596 3355 non
1627 3300 1862 3354 audebis

163 3393 441 3445 evertere.
477 3391 568 3444 Est
598 3390 753 3445 enim
793 3391 1092 3446 latibulum
1124 3395 1290 3450 tuum
1322 3391 1474 3446 unde
1504 3390 1563 3444 in
1604 3389 1861 3444 incautos

163 3479 411 3534 transire
441 3477 738 3549 cupientes
783 3479 1093 3534 vehemens
1141 3478 1395 3549 erumpis
1427 3482 1598 3548 atque
1643 3477 1858 3532 exsilis:

163 3567 375 3638 aliquis
407 3573 459 3621 te
492 3568 762 3622 Hercules
793 3566 854 3621 in
882 3571 981 3621 tua
1013 3568 1282 3637 spelunca
1311 3571 1585 3638 tanquam
1615 3565 1860 3621 semiho-

161 3657 384 3710 minem
407 3656 614 3711 Cacum
641 3658 658 3693 ¹
684 3655 1004 3725 sull‘ocabit,
1028 3660 1085 3710 et
1113 3655 1368 3725 ejusdem
1395 3655 1644 3708 molibus
1675 3652 1864 3724 oppri-

161 3749 301 3811 met,
331 3745 542 3799 docens
562 3744 778 3815 aliquid
798 3744 996 3798 essein
1027 3743 1393 3814 philosophia
1415 3743 1565 3814 quod
1586 3746 1861 3812 tanquam

163 3833 352 3886 simile
383 3833 524 3886 falso
557 3831 840 3887 incertum
865 3832 963 3886 abs
992 3835 1046 3886 te
1076 3831 1201 3886 ﬁeri
1226 3847 1343 3885 non
1372 3831 1572 3901 possit.
1605 3831 1768 3885 Certe
1789 3830 1861 3884 ad

161 3923 276 3977 alia
308 3922 718 3992 properabam;
749 3921 856 3975 hoc
907 3920 1166 3993 quisquis
1195 3925 1381 3991 urget,
1415 3919 1684 3989 teipsum,
1728 3919 1860 3973 Car-

161 4013 394 4076 neades,
436 4027 643 4080 magna
670 4010 847 4066 afﬁcit
875 4010 1243 4073 contumelia,
1299 4024 1469 4080 quem
1502 4025 1532 4061 a
1562 4023 1653 4061 me
1687 4007 1861 4060 veluti

163 4104 464 4153 mortuum
483 4103 646 4170 putat
666 4099 1012 4170 ubicumque
1043 4103 1140 4152 aut
1167 4097 1564 4166 undecumque
1585 4112 1746 4166 posse
1774 4112 1862 4149 su-

161 4187 375 4258 perari.
413 4187 470 4241 Si
499 4191 688 4241 autem
712 4202 830 4241 non
857 4190 1041 4256 putat,
1071 4184 1473 4239 immisericors
1504 4189 1608 4250 est,
1640 4184 1740 4254 qui
1770 4200 1862 4238 me

161 4275 382 4346 passim
427 4275 686 4329 deserere
715 4273 981 4345 praesidia
1019 4277 1076 4328 et
1103 4277 1289 4328 tecum
1320 4272 1381 4326 in
1410 4288 1612 4343 campo
1643 4276 1862 4326 certare

163 4363 350 4433 cogit:
386 4363 445 4416 in
475 4379 648 4435 quem
679 4363 1015 4417 descendere
1056 4377 1187 4416 cum
1236 4361 1553 4431 coepissem,
1584 4361 1704 4414 solo
1762 4366 1862 4414 tuo

165 4452 406 4506 nomine
427 4451 655 4506 territus
684 4451 888 4522 pedem
908 4450 1099 4518 retuli,
1118 4453 1174 4504 et
1200 4451 1268 4504 de
1299 4449 1592 4520 superiore
1622 4450 1747 4504 loco
1769 4465 1866 4503 ne-

168 4543 287 4597 scio
310 4541 462 4612 quod
478 4541 761 4611 jaculatus
783 4556 929 4606 sum,
960 4539 1114 4611 quod
1137 4544 1330 4593 utrum
1354 4539 1426 4594 ad
1446 4543 1500 4593 te
1523 4538 1862 4608 pervenerit,

167 4632 256 4684 vel
291 4629 431 4700 quid
449 4629 628 4700 egerit
655 4629 898 4683 viderint
927 4629 1030 4683 sub
1060 4644 1306 4699 quorum
1336 4627 1598 4682 examine
1630 4627 1864 4681 dimica-

171 4736 323 4773 mus.
357 4719 462 4772 Sed
487 4718 624 4789 quid
645 4723 838 4772 metuo
869 4717 1136 4788 ineptus?
1164 4717 1221 4770 Si
1248 4717 1393 4770 bene
1421 4715 1676 4782 memini,
1712 4731 1862 4769 mor-

169 4812 308 4862 tuus
339 4823 419 4870 es,
453 4823 555 4860 nec
604 4807 725 4876 jam
756 4823 860 4877 pro
891 4806 1152 4876 sepulcro
1181 4809 1279 4858 tuo
1313 4804 1443 4874 jure
1489 4807 1707 4874 pugnat
1735 4805 1864 4873 Aly-

171 4897 335 4967 pius:
371 4895 530 4949 facile
564 4911 654 4949 me
683 4899 879 4948 contra
905 4893 1170 4947 umbram
1190 4896 1350 4946 tuam
1382 4893 1528 4946 Deus
1559 4891 1862 4961 adjuvabit.

242 4988 332 5039 23.
388 4983 536 5037 Nihil
580 4983 663 5037 ais
688 4983 747 5036 in
797 4982 1162 5052 philosophia
1203 4997 1366 5052 posse
1423 4980 1657 5051 percipi.
1717 4981 1781 5033 Et
1809 4983 1870 5033 ut

171 5071 493 5126 orationem
525 5077 685 5124 tuam
709 5071 866 5140 large
898 5072 1122 5142 lateque
1142 5070 1440 5134 diﬁ‘uudas,
1467 5068 1672 5138 arripis
1694 5067 1864 5135 rixas,

169 5159 671 5228 dissensionesque
699 5158 1196 5228 phil050phorum,
1232 5161 1288 5211 et
1325 5171 1420 5210 eas
1451 5156 1554 5210 tibi
1585 5160 1782 5208 contra
1807 5155 1870 5209 il-

167 5250 257 5302 los
281 5263 441 5300 arma
481 5246 805 5300 ministrare
836 5245 1148 5301 arbitraris.
1183 5245 1482 5310 Quomodo
1537 5244 1692 5298 enim
1721 5243 1869 5297 inter

171 5335 564 5391 Democritum
605 5339 661 5386 et
705 5332 1025 5404 superiores
1080 5333 1342 5403 physicos
1381 5333 1450 5387 de
1485 5349 1596 5386 uno
1629 5333 1867 5400 mundo,

171 5430 228 5479 et
276 5421 796 5477 innumerabilibus
843 5421 1001 5474 litem
1043 5420 1508 5489 dijudicabimus,
1551 5436 1681 5475 cum
1722 5421 1872 5474 inter

170 5611 211 5661 C
236 5549 250 5581 ι
280 5544 535 5595 Undecim
557 5541 1417 5607 Mss.,semihominemsu/focabii,
1443 5543 1637 5591 omisso
1659 5542 1872 5591 nomine

210 5621 387 5658 acum.

210 5621 387 5658 acum.

1655 349 1868 406 LIBER
1917 349 2241 407 TERTIUS.

3581 362 3682 413 9-i‘6

1985 476 2174 548 ipsum
2198 477 2595 550 hmredemque
2622 480 2744 551 ejus
2775 480 3079 552 Epicurum
3111 482 3414 537 concordia
3448 500 3678 540 manere

1986 565 2346 637 nequiverit?
2379 568 2519 622 Nam
2562 567 2668 622 iste
2727 569 3054 624 luxuriosus
3101 587 3230 624 cum
3269 576 3485 626 atomos
3517 575 3678 643 quasi

1984 654 2280 709 ancillulas
2310 671 2458 723 suas,
2492 656 2548 711 id
2581 661 2666 712 est
2692 659 3030 730 corpuscula
3059 660 3278 730 quae-in
3303 661 3552 715 tenebris
3588 663 3676 715 la:-

1983 747 2074 797 tus
2115 743 2492 814 amplectitur,
2531 761 2643 799 non
2681 749 2876 802 tenere
2901 747 3050 802 viam
3083 764 3265 815 suam,
3299 749 3395 803 sed
3437 749 3494 802 in
3537 751 3672 804 alie-

1984 848 2087 886 nos
2117 833 2324 887 limites
2349 834 2560 905 passim
2601 840 2799 905 sponte
2830 837 3116 890 declinare
3151 837 3461 908 permittit;
3491 841 3675 891 totum

1978 921 2388 990 patrimonium
2410 923 2579 978 etiam
2602 939 2704 994 per
2717 925 2912 994 jurgia
2940 925 3249 996 dissipavit.
3290 928 3404 979 Hoc
3423 941 3554 979 vero
3583 927 3667 980 ni-

1979 1009 2061 1064 hil
2092 1010 2158 1064 ad
2194 1027 2286 1065 me
2317 1011 2537 1066 attinet.
2568 1011 2628 1067 Si
2657 1011 2812 1066 enim
2833 1012 2905 1065 ad
2929 1013 3264 1083 sapientiam
3298 1014 3548 1084 pertinet
3575 1014 3673 1068 ho-

1979 1113 2108 1151 rum
2149 1098 2364 1169 aliquid
2407 1099 2569 1167 scire,
2628 1099 2683 1154 id
2725 1115 2836 1154 non
2867 1104 3052 1170 potest
3109 1101 3283 1155 latere
3333 1102 3667 1173 sapientem.

1979 1184 2038 1239 Si
2067 1190 2257 1242 autem
2287 1187 2442 1242 aliud
2469 1188 2745 1259 quiddam
2776 1193 2862 1242 est
2890 1188 3172 1258 sapientia
3199 1191 3246 1255 ¹;
3283 1189 3440 1245 illam
3464 1191 3571 1244 scit
3598 1208 3675 1245 sa-

1976 1273 2160 1344 piens,
2191 1275 2300 1330 ista
2348 1276 2680 1330 contemnit.
2734 1278 2950 1331 Tamen
3002 1293 3108 1348 ego
3139 1277 3238 1348 qui
3285 1278 3454 1348 longe
3485 1280 3672 1333 adhuc

1979 1362 2176 1416 absum
2205 1364 2288 1417 vel
2312 1381 2342 1418 a
2371 1363 2658 1417 vicinitate
2686 1363 2978 1434 sapientis,
3012 1365 3073 1418 in
3098 1365 3220 1418 istis
3249 1365 3498 1436 physicis
3528 1383 3674 1420 non-

1979 1450 2141 1515 nihil,
2174 1452 2311 1506 scio.
2351 1452 2578 1507 Certum
2610 1452 2764 1505 enim
2793 1452 3000 1520 habeo,
3024 1457 3122 1507 aut
3142 1469 3324 1508 unum
3355 1470 3474 1507 esse
3507 1471 3672 1509 mun-

1976 1539 2134 1602 dum,
2167 1543 2265 1594 aut
2304 1556 2419 1594 non
2456 1557 2669 1607 unum;
2703 1545 2759 1595 et
2788 1540 2835 1594 si
2865 1557 2984 1594 non
3016 1558 3219 1608 unum,
3255 1546 3355 1596 aut
3388 1543 3532 1596 tiniti
3566 1559 3674 1596 nu-

1978 1627 2143 1694 meri,
2185 1633 2282 1682 aut
2310 1628 2544 1683 inﬁniti.
2598 1630 2767 1682 Istam
2799 1630 3139 1683 sententiam
3172 1631 3488 1685 Carneades
3516 1631 3672 1685 falsae

1976 1730 2095 1770 esse
2126 1716 2371 1770 similem
2423 1717 2636 1772 doceat.
2680 1719 2823 1770 Item
2869 1717 2982 1771 scio
3018 1718 3298 1772 mundum
3347 1718 3522 1772 istum
3563 1735 3667 1772 no-

1975 1808 2176 1872 strum,
2211 1809 2310 1859 aut
2345 1809 2548 1860 natura
2581 1821 2906 1875 corporum,
2959 1810 3057 1860 aut
3085 1806 3274 1877 aliqua
3319 1807 3672 1877 providentia

1975 1893 2055 1946 sic
2086 1909 2206 1947 esse
2258 1893 2626 1964 dispositum;
2684 1909 2931 1965 eumque
2973 1899 3071 1948 aut
3113 1911 3339 1966 semper
3384 1895 3556 1950 fuisse
3613 1901 3670 1949 et

1973 1981 2116 2050 fore,
2144 1985 2241 2036 aut
2263 1982 2495 2053 cmpisse
2524 1999 2644 2036 esse
2679 1983 2914 2036 minime
2951 1983 3305 2050 desiturum;
3334 1987 3432 2037 aut
3479 1988 3668 2037 ortum

1975 2086 2042 2124 ex
2070 2074 2328 2141 tempore
2354 2087 2472 2124 non
2521 2071 2753 2136 habere,
2801 2071 2898 2124 sed
2928 2071 3258 2124 habiturum
3304 2086 3424 2124 esse
3454 2071 3628 2124 ﬁnem
3653 2087 3666 2134 ;

1975 2165 2073 2214 aut
2101 2165 2156 2214 et
2185 2176 2416 2214 manere
2443 2159 2700 2230 cmpisse,
2735 2163 2790 2212 et
2833 2175 2948 2212 non
2977 2165 3254 2229 perpetuo
3286 2175 3406 2214 esse
3437 2175 3668 2212 mansu-

1972 2265 2132 2303 rum:
2166 2253 2221 2303 et
2244 2247 2692 2302 innumerabilia
2731 2247 2964 2318 physica
2995 2247 3099 2301 hoc
3132 2248 3298 2301 modo
3343 2246 3492 2301 novi.
3527 2248 3671 2301 Vera

1973 2336 2127 2391 enim
2156 2336 2262 2390 ista
2293 2341 2423 2390 sunt
2453 2335 2752 2405 disjuncta,
2777 2351 2882 2389 nec
2899 2334 3276 2390 similitudine
3307 2335 3656 2405 aliqua'falsi

1973 2439 2036 2478 ea
2078 2427 2267 2494 potest
2296 2423 2598 2494 quisquam
2629 2423 2998 2476 confundere.
3031 2422 3140 2478 Sed
3171 2439 3394 2477 assume
3427 2422 3664 2493 aliquid,

1973 2511 2053 2566 ait
2076 2512 2466 2566 Academicus.
2517 2512 2686 2566 Nolo:
2721 2527 2856 2565 nam
2891 2511 2998 2565 hoc
3029 2515 3112 2564 est
3142 2511 3348 2577 dicere,
3383 2511 3665 2582 Relinque

1973 2601 2129 2671 quod
2159 2599 2284 2666 scis,
2306 2599 2395 2654 dic
2425 2599 2577 2670 quod
2608 2599 2808 2652 nescis.
2843 2599 2949 2654 Sed
2975 2599 3185 2670 pendet
3223 2600 3522 2654 sententia.
3556 2601 3667 2655 Me-

1972 2687 2082 2741 lius
2111 2691 2259 2741 certe
2290 2687 2498 2757 pendet
2529 2703 2700 2756 quam
2758 2686 2944 2740 cadit:
3004 2703 3216 2756 nempe
3272 2688 3444 2756 plana
3496 2691 3580 2741 est
3608 2687 3666 2754 ²;

1972 2791 2180 2846 nempe
2203 2775 2323 2846 jam
2361 2779 2548 2845 potest
2577 2779 2676 2828 aut
2699 2775 2861 2839 falsa,
2894 2762 3151 2828 aut‘vera
3181 2775 3488 2828 nominari.
3516 2777 3670 2829 Hane

1973 2879 2110 2933 ergo
2141 2878 2232 2917 me
2263 2863 2405 2916 seire
2424 2862 2566 2916 dico.
2600 2863 2680 2915 Tu
2713 2862 2811 2932 qui
2832 2878 2936 2916 nec
2955 2861 3027 2915 ad
3046 2862 3466 2932 philosophiam
3492 2863 3666 2932 perti-

1974 2967 2110 3004 nere
2141 2950 2244 3004 ista
2275 2966 2468 3019 negas,
2503 2954 2558 3004 et
2615 2965 2815 3002 eorum
2859 2949 2986 3002 sciri
3040 2949 3180 3002 nihil
3228 2965 3395 3018 posse
3441 2947 3662 3016 asseris,

1973 3038 2207 3094 ostende
2237 3055 2326 3093 me
2356 3038 2464 3091 ista
2517 3038 2763 3092 nescire:
2796 3037 2885 3092 dic
2914 3037 3051 3091 istas
3098 3037 3508 3107 disjunctiones
3566 3042 3666 3091 aut

1972 3129 2140 3183 falsas
2171 3143 2310 3193 esse,
2344 3131 2442 3180 aut
2473 3125 2685 3198 aliquid
2743 3142 3047 3180 commune
3077 3126 3289 3180 habere
3337 3142 3467 3180 cum
3499 3127 3661 3194 falso,

1972 3233 2074 3288 per
2105 3216 2259 3287 quod
2289 3214 2530 3269 discerni
2559 3213 2793 3269 omnino
2822 3231 2939 3270 non
2969 3215 3209 3284 possint.

1973 3307 2196 3361 CAPUT
2225 3306 2313 3359 XI.
2346 3335 2414 3342 —
2442 3307 2530 3359 Ecc
2585 3319 2835 3359 sensuum
2881 3305 3247 3358 imbecillitate
3281 3319 3387 3358 non
3433 3305 3578 3372 efﬁci
3605 3307 3665 3356 ut

2049 3395 2189 3448 nihil
2206 3395 2323 3450 ceri
2345 3395 2703 3463 percipiatur.
2738 3395 2918 3462 Neque
2943 3408 3010 3447 ex
3038 3408 3219 3448 somno
3247 3396 3296 3445 et
3315 3393 3520 3458 furore.

2042 3486 2129 3538 24.
2207 3483 2386 3549 Unde,
2465 3481 2674 3552 inquit,
2747 3480 2853 3535 scis
2928 3497 3048 3534 esse
3115 3480 3289 3534 istum
3361 3481 3660 3540 mundum,

1973 3569 2020 3623 si
2050 3586 2248 3623 sensus
2276 3570 2590 3623 falluntur?
2611 3571 2914 3640 Nunquam
2945 3568 3196 3622 rationes
3218 3572 3416 3621 vestra:
3449 3567 3526 3620 ita
3547 3567 3662 3620 vim

1972 3673 2241 3711 sensuum
2273 3658 2530 3712 refellere
2561 3662 2889 3729 potuerunt,
2941 3661 3005 3711 ut
3051 3655 3457 3709 convinceretis
3497 3655 3660 3708 nobis

1971 3745 2112 3800 nihil
2144 3745 2356 3812 videri;
2383 3761 2487 3799 nec
2518 3745 2756 3799 omnino
2779 3745 2902 3798 ausi
2929 3744 3062 3798 estis
3083 3744 3388 3813 aliquando
3411 3743 3515 3796 ista
3543 3747 3661 3796 ten-

1969 3837 2120 3899 tare;
2155 3834 2249 3887 sed
2277 3849 2439 3904 posse
2496 3833 2651 3886 aliud
2706 3849 2824 3888 esse
2875 3849 2939 3886 ac
2994 3832 3233 3897 videtur,
3299 3831 3663 3885 vehementer

1969 3922 2313 3992 persuadere
2348 3921 2704 3975 incubuistis.
2756 3923 2870 3991 Ego
2901 3920 3096 3990 itaque
3128 3921 3230 3973 hoc
3283 3924 3488 3981 totum,
3521 3937 3660 3989 qua-

1971 4011 2272 4081 lecumque
2304 4014 2387 4064 est
2416 4009 2570 4079 quod
2595 4025 2700 4062 nos
2731 4009 3005 4078 continet,
3036 4013 3202 4079 atque
3228 4008 3360 4073 alit;
3415 4008 3540 4074 hoc,
3575 4008 3659 4060 in-

1971 4114 2161 4169 quam,
2193 4098 2342 4168 quod
2383 4097 2560 4151 oculis
2612 4096 2754 4150 meis
2799 4100 3052 4167 apparet,
3086 4113 3118 4150 a
3164 4112 3365 4166 meque
3417 4096 3661 4149 sentitur

1971 4187 2180 4241 habere
2207 4191 2416 4240 terram
2445 4191 2502 4240 et
2529 4186 2756 4251 cmlum,
2791 4189 2889 4238 aut
2937 4183 3099 4256 quasi
3149 4189 3383 4250 terram,
3416 4189 3472 4237 et
3499 4184 3661 4254 quasi

1973 4275 2198 4340 coelum,
2233 4274 2512 4328 mundum
2534 4289 2688 4328 voco.
2712 4273 2769 4328 Si
2794 4273 2932 4326 dicis
2955 4273 3101 4326 nihil
3134 4272 3276 4326 mihi
3299 4271 3495 4337 videri,
3521 4288 3663 4325 nun-

1974 4379 2146 4435 quam
2179 4363 2403 4417 errabo.
2454 4365 2507 4416 Is
2548 4361 2699 4416 enim
2750 4366 2922 4430 errat,
2954 4361 3052 4432 qui
3102 4361 3253 4431 quod
3285 4360 3392 4414 sibi
3421 4361 3661 4427 videtur,

1973 4461 2189 4507 temere
2219 4451 2446 4522 probat.
2485 4453 2656 4505 Posse
2687 4451 2842 4504 enim
2872 4451 3079 4503 falsum
3108 4448 3285 4503 videri
3322 4449 3660 4502 asentienti—

1975 4541 2082 4595 bus
2102 4539 2309 4606 dicitis,
2324 4539 2466 4593 nihil
2484 4538 2664 4593 videri
2681 4554 2797 4591 non
2818 4537 3020 4591 dicitis.
3043 4539 3280 4590 Prorsus
3303 4535 3455 4590 enim
3478 4536 3664 4590 omnis

1973 4627 2373 4698 disputationis
2419 4643 2590 4680 causa
2640 4627 2890 4686 tolletur,
2949 4624 3046 4678 ubi
3091 4640 3330 4694 regnare
3378 4641 3476 4677 vos
3508 4625 3661 4691 libet,

1976 4715 2162 4769 sinon
2188 4715 2372 4778 senm
2402 4715 2548 4768 nihil
2577 4714 2806 4778 scimus,
2839 4713 2935 4766 sed
2960 4712 3132 4765 etiam
3155 4708 3297 4765 nihil
3328 4712 3489 4766 nobis
3519 4713 3666 4768 vide-

1975 4808 2087 4858 tur.
2121 4803 2179 4856 Si
2205 4807 2396 4856 autem
2426 4802 2532 4855 hoc
2561 4801 2716 4872 quod
2757 4800 2898 4854 mihi
2923 4799 3152 4854 videtur
3180 4816 3352 4869 negas
3383 4802 3662 4855 mendum

1976 4908 2115 4956 esse,
2155 4891 2224 4945 de
2256 4890 2486 4944 nomine
2535 4889 2974 4944 controversiam
3020 4888 3176 4958 facis,
3234 4905 3363 4942 cum
3400 4890 3456 4943 id
3512 4907 3544 4942 a
3573 4907 3662 4944 me

1967 4979 2213 5043 dixerim
2247 4978 2528 5032 mundum
2558 4977 2766 5031 vocari.

2046 5070 2136 5120 25.
2169 5067 2448 5135 Etiamne,
2506 5065 2752 5136 inquies,
2786 5065 2833 5118 si
2883 5065 3119 5131 dormis,
3163 5068 3412 5120 mundus
3450 5069 3531 5118 est
3559 5065 3662 5117 iste

1978 5170 2148 5225 quem
2181 5153 2376 5207 vides?
2405 5154 2530 5206 Jam
2561 5153 2775 5207 dictum
2797 5157 2900 5216 est,
2933 5153 3211 5223 quidquid
3254 5155 3364 5206 tale
3412 5151 3551 5205 mihi
3580 5151 3660 5203 vi—

1979 5243 2161 5310 detur,
2186 5242 2463 5296 mundum
2486 5242 2728 5313 appello.
2749 5241 2858 5296 Sed
2881 5241 2924 5294 si
2952 5258 3079 5295 eum
3103 5242 3283 5294 solum
3299 5240 3479 5308 placet
3504 5255 3665 5291 mun-

1980 5330 2116 5384 dum
2162 5345 2383 5397 vocare,
2415 5330 2514 5401 qui
2548 5330 2773 5384 videtur
2818 5347 2850 5382 a
2876 5328 3242 5400 vigilantibus
3287 5327 3369 5379 vel
3423 5325 3667 5380 etiam’a

1981 5419 2160 5485 sanis;
2193 5418 2332 5473 illud
2359 5419 2660 5486 contende,
2691 5419 2738 5472 si
2783 5422 2964 5489 pates,
3014 5433 3111 5470 eos
3140 5414 3238 5484 qui
3283 5411 3576 5468 dormiunt
3603 5431 3667 5468 ac

2046 5544 2061 5576 ι
2100 5542 2176 5590 Ita
2200 5543 2322 5590 Mss.
2355 5541 2418 5589 At
2446 5542 2597 5596 Edd.,
2629 5541 2942 5601 sapientiam
2969 5537 3134 5586 illam.

2045 5605 2066 5638 ³
2094 5604 2301 5667 Septem
2332 5604 2475 5661 Mss.,
2503 5603 2659 5664 plena
2680 5602 2770 5652 est.
