4058 6394
116 347 218 399 949

118 471 238 540 ejus
266 474 465 526 manet
492 469 556 526 in
580 470 891 539 intellectu,
918 471 1140 528 etiamsi
1155 488 1289 543 pars
1327 471 1507 528 animi
1531 477 1737 528 caetera
1761 473 1821 529 id

117 562 271 632 quod
301 561 524 631 accepit
551 577 584 614 a
628 561 887 616 sensibus
915 562 1071 616 velut
1098 561 1158 616 in
1205 562 1418 616 somnis
1447 561 1818 634 imaginatur.

289 650 518 705 CAPUT
557 650 698 704 XIII.
731 678 798 690 —
829 651 1004 705 Multa
1026 651 1242 719 percipi
1268 651 1327 705 in
1350 650 1653 705 dialectica.

187 741 279 792 29.
340 740 537 794 Restat
590 738 904 804 dialectica,
963 754 1137 810 quam
1193 742 1342 792 certe
1397 739 1625 808 sapiens
1676 738 1823 793 bene

120 828 298 894 novit,
344 844 449 883 nec
490 827 698 882 falsum
747 826 888 881 scire
958 827 1261 898 quisquam
1317 831 1520 896 potest.
1572 826 1628 881 Si
1691 843 1824 882 vero

121 933 245 971 eam
278 916 479 982 nescit,
512 932 628 970 non
656 915 905 986 pertinet
932 915 998 969 ad
1032 914 1370 984 sapientiam
1401 916 1523 986 ejus
1553 916 1822 986 cognitio,

121 1006 240 1060 sine
273 1021 390 1076 qua
411 1021 531 1059 esse
562 1003 790 1074 sapiens
816 1003 1038 1074 potuit;
1067 1006 1124 1058 et
1142 1003 1431 1073 superﬂuo
1463 1009 1659 1059 utrum
1689 1021 1822 1059 vera

122 1095 212 1162 sit,
246 1094 495 1166 possitve
525 1092 761 1164 percipi,
803 1092 1134 1163 quaerimus.
1198 1092 1298 1146 Hic
1345 1092 1581 1146 fortasse
1621 1091 1826 1163 aliquis

122 1182 266 1236 mihi
297 1182 450 1236 dicat
474 1197 487 1234 :
511 1181 668 1237 Soles
695 1180 938 1251 prodere
969 1185 1027 1234 tu
1059 1181 1249 1247 stulte,
1282 1181 1420 1251 quid
1449 1180 1676 1235 noveris
1701 1197 1713 1234 :
1749 1196 1822 1234 an

123 1272 189 1325 de
219 1269 516 1324 dialectica
544 1269 686 1324 nihil
718 1269 860 1323 scire
882 1268 1160 1339 potuisti?
1182 1269 1296 1339 Ego
1313 1285 1445 1323 vero
1471 1269 1638 1340 plura
1653 1283 1827 1340 quam

124 1360 193 1414 de
224 1357 430 1430 quavis
450 1363 612 1428 parte
640 1356 1038 1427 philosophiae.
1088 1358 1228 1411 Nam
1256 1357 1444 1427 primo
1477 1373 1674 1412 omnes
1702 1357 1827 1410 illas

123 1447 571 1519 propositiones,
604 1445 811 1517 quibus
841 1450 1014 1515 Supra
1041 1461 1179 1500 usus
1209 1461 1358 1512 sum,
1389 1461 1550 1499 veras
1573 1461 1692 1499 esse
1722 1445 1830 1497 ista

122 1552 212 1590 me
244 1535 462 1590 docuit.
500 1535 713 1588 Deinde
741 1550 847 1605 per
894 1534 1063 1588 istam
1109 1533 1243 1588 novi
1291 1533 1402 1588 alia
1445 1536 1627 1588 multa
1674 1547 1824 1587 vera.

124 1625 232 1680 Sed
263 1640 442 1694 quam
470 1623 652 1678 multa
681 1623 815 1688 sint,
868 1625 1186 1689 numerate,
1234 1622 1281 1676 si
1299 1623 1558 1692 potestis.
1602 1621 1660 1676 Si
1689 1636 1830 1692 qua-

127 1720 261 1768 tuor
293 1714 357 1766 in
385 1713 602 1767 mundo
633 1712 920 1766 elementa
949 1715 1101 1777 sunt,
1132 1728 1247 1766 non
1291 1715 1426 1766 sunt
1453 1711 1728 1782 quinque.
1773 1709 1831 1764 Si

123 1804 208 1856 sol
236 1817 391 1856 unus
425 1805 529 1866 est,
551 1816 670 1854 non
698 1804 832 1855 sunt
860 1800 994 1854 duo.
1030 1801 1156 1854 Non
1184 1803 1378 1872 potest
1407 1815 1524 1854 una
1555 1799 1747 1852 anima
1777 1802 1833 1852 et

122 1890 274 1944 mori
305 1893 362 1943 et
385 1905 505 1943 esse
546 1888 902 1943 immortalis.
959 1888 1085 1942 Non
1130 1892 1318 1959 potest
1344 1889 1520 1942 homo
1551 1886 1722 1941 simul
1774 1890 1830 1940 et

123 1980 353 2045 beatus,
387 1982 445 2032 et
473 1977 648 2032 miser
676 1993 818 2033 esse.
849 1977 975 2031 Non
1003 1977 1097 2031 hic
1127 1982 1182 2031 et
1210 1977 1295 2030 sol
1315 1977 1480 2038 lucet,
1512 1980 1568 2030 et
1588 1991 1697 2029 nox
1725 1979 1828 2029 est.

123 2071 239 2122 Aut
268 2067 576 2137 vigilamus
610 2082 780 2121 nunc.
815 2070 916 2121 aut
943 2065 1280 2120 dormimus.
1314 2066 1428 2120 Aut
1471 2080 1677 2134 corpus
1726 2066 1829 2130 est,

125 2156 284 2226 quod
313 2155 458 2210 mihi
488 2155 681 2210 videre
713 2155 927 2221 videor,
960 2158 1060 2208 aut
1084 2171 1200 2208 non
1245 2158 1330 2208 est
1353 2169 1576 2223 corpus.
1620 2154 1749 2206 Haec
1777 2155 1834 2205 et

127 2245 243 2297 alia
267 2242 475 2311 multa,
502 2258 632 2314 quae
662 2255 1110 2296 commemorare
1161 2239 1560 2310 longissimum
1600 2243 1703 2304 est,
1733 2253 1834 2308 per

129 2334 308 2387 istam
339 2331 512 2386 didici
537 2346 670 2385 vera
717 2346 860 2397 esse,
912 2345 1147 2400 quoquo
1190 2329 1362 2383 modo
1411 2343 1534 2382 sese
1587 2327 1836 2381 habeant

127 2437 334 2476 sensus
361 2419 561 2489 nostri,
590 2419 648 2473 in
674 2435 733 2474 se
761 2418 888 2490 ipsa
925 2434 1079 2473 vera.
1123 2417 1328 2472 Docuit
1371 2433 1464 2471 me
1495 2415 1537 2482 ί,
1571 2415 1618 2469 si
1669 2416 1833 2484 cujus

133 2525 340 2564 corum
369 2524 498 2579 quae
518 2523 623 2578 per
651 2507 1067 2561 connexionem
1096 2506 1264 2561 modo
1294 2503 1564 2576 proposui
1592 2519 1724 2574 pars
1740 2519 1835 2556 an-

132 2598 408 2654 tecedens
437 2599 728 2666 assumpta
753 2595 945 2661 fuerit,
969 2594 1195 2649 trahere
1233 2593 1552 2648 necessario
1591 2592 1648 2646 id
1679 2591 1834 2663 quod

130 2701 428 2743 annexum
457 2689 559 2739 est.
593 2685 670 2739 Ea
699 2699 832 2738 vero
862 2699 991 2754 quae
1019 2698 1122 2753 per
1152 2681 1594 2751 repugnantiam
1624 2679 1835 2734 veldis-

129 2775 494 2848 iunctionem
515 2790 547 2826 a
583 2788 677 2826 me
707 2775 839 2826 sunt
869 2769 1186 2836 enuntiata,
1234 2770 1384 2824 hanc
1425 2769 1635 2823 habere
1666 2772 1834 2821 natu—

133 2881 282 2934 ram,
307 2868 374 2918 ut
401 2878 532 2918 cum
561 2861 898 2916 auferuntur
924 2863 1149 2926 caetera,
1163 2857 1278 2912 sive
1293 2873 1498 2917 unum,
1529 2856 1644 2910 sive
1671 2856 1835 2926 plura

134 2955 270 3022 sint,
302 2954 480 3006 restet
510 2947 728 3020 aliquid
787 2947 940 3018 quod
975 2962 1172 3002 eorum
1231 2945 1515 3000 ablatione
1553 2944 1831 2998 ﬁrmetur.

135 3040 342 3097 Docuit
365 3038 542 3094 etiam
572 3053 687 3106 me,
749 3053 879 3092 cum
907 3036 976 3091 de
1022 3051 1083 3089 re
1109 3039 1342 3097 constat,
1385 3037 1620 3104 propter
1661 3046 1836 3102 quam

133 3131 309 3185 verba
338 3128 628 3194 dicuntur,
662 3126 732 3193 de
766 3124 962 3192 ;verbis
1013 3140 1129 3178 non
1179 3124 1382 3178 debere
1433 3120 1702 3176 contendi
1737 3137 1749 3174 :
1781 3123 1837 3174 et

134 3220 400 3292 quisquis
426 3217 484 3271 id
510 3216 697 3282 faciat,
715 3213 1061 3285 siimperitia
1084 3211 1269 3279 faciat,
1295 3210 1612 3265 docendum
1631 3223 1772 3273 esse;
1789 3207 1835 3260 si

134 3308 384 3378 malitia,
405 3305 786 3362 deserendum
806 3303 881 3358 :si
909 3300 1099 3358 doceri
1117 3316 1234 3354 non
1254 3303 1457 3371 potest,
1481 3297 1835 3352 monendum

137 3404 199 3453 ut
229 3396 450 3468 aliquid
476 3393 630 3448 aliud
651 3393 838 3464 potius
853 3395 1002 3462 agat,
1019 3393 1432 3461 quamtem‘pus
1453 3387 1515 3440 in
1532 3385 1836 3456 superﬂuis

137 3500 491 3558 operamque
504 3480 875 3548 consumat;si
887 3496 1004 3534 non
1021 3475 1834 3547 obtemperat,negligendum.

137 3578 218 3632 De
241 3573 507 3645 captiosis
533 3575 724 3626 autem
757 3575 928 3641 atque
966 3567 1257 3622 fallacibus
1294 3563 1628 3619 ratiunculis
1667 3563 1837 3616 breve

136 3669 493 3738 praeceptum
522 3665 607 3716 est
641 3677 654 3715 :
687 3659 735 3714 si
753 3659 903 3714 male
928 3655 1288 3712 concedendo
1313 3653 1658 3718 inferuntur,
1680 3650 1748 3704 ad
1771 3666 1837 3704 ea

138 3770 268 3827 quae
285 3767 554 3808 concessa
564 3753 698 3804 sunt
708 3764 829 3804 esse
842 3746 1196 3809 redeundum
1205 3787 1217 3798 .
1235 3743 1291 3800 Si
1303 3757 1502 3798 verum
1514 3741 1836 3808 falsumque

137 3824 198 3897 in
227 3856 348 3896 una
375 3836 740 3894 conclusione
769 3834 1110 3904 confligunt,
1129 3831 1522 3902 accipiendum
1541 3827 1672 3882 inde
1685 3824 1839 3896 quod

137 3927 667 4000 intelligitur,quod
679 3923 947 3996 explicari
957 3939 1074 3978 non
1088 3925 1278 3993 potest
1297 3916 1763 3988 relinquendum.
1779 3913 1839 3968 Si

138 4024 337 4074 autem
355 4015 565 4071 modus
579 4015 637 4069 in
650 4013 937 4084 aliquibus
947 4011 1119 4068 rebus
1131 4011 1269 4064 latet
1281 4007 1508 4080 penitus
1520 4003 1834 4069 hominem,

141 4107 442 4163 scientiam
462 4105 586 4176 ejus
615 4119 734 4158 non
755 4118 876 4156 esse
895 4100 1284 4172 quaerendam.
1310 4099 1438 4151 Haec
1473 4093 1708 4165 quidem
1736 4092 1838 4146 ha-

137 4199 245 4251 beo
276 4213 313 4250 a
339 4192 651 4258 dialectica,
684 4195 742 4245 et
765 4189 876 4244 alia
895 4190 1075 4244 multa
1090 4203 1218 4259 quae
1243 4198 1689 4240 commemorare
1722 4196 1841 4234 non

141 4291 227 4341 est
253 4298 508 4339 necesse.
543 4283 740 4352 Neque
770 4279 923 4334 enim
939 4278 1120 4333 debeo
1150 4277 1407 4346 ingratus
1436 4272 1696 4328 existere.
1734 4271 1840 4324 Ve-

139 4389 272 4428 rum
304 4371 402 4424 ille
432 4367 659 4440 sapiens
684 4370 781 4421 aut
808 4366 932 4420 haec
959 4363 1216 4436 negligit,
1249 4365 1346 4417 aut
1376 4361 1422 4414 si
1449 4359 1698 4430 profecto
1729 4357 1842 4411 dia-

141 4462 346 4518 lectica
375 4459 497 4530 ipsa
527 4455 762 4511 scientia
800 4453 1052 4509 veritatis
1098 4455 1202 4518 est,
1256 4449 1334 4504 sic
1369 4449 1528 4502 illam
1575 4445 1732 4500 novit
1777 4447 1844 4497 ut

142 4553 389 4606 istorum
436 4543 934 4601 mendacissimam
985 4540 1331 4596 calumniam
1366 4555 1379 4592 :
1409 4539 1470 4593 Si
1514 4551 1696 4591 verum
1743 4537 1841 4601 est,

140 4643 352 4708 falsum
376 4642 492 4704 est;
537 4637 588 4691 si
640 4635 846 4702 falsum
902 4635 1000 4697 est,
1031 4646 1217 4686 verum
1250 4633 1327 4683 est
1357 4643 1370 4683 :
1402 4622 1840 4688 contemnendo,

143 4736 202 4785 et
262 4744 386 4782 non
441 4723 763 4779 miserando
822 4722 970 4776 fame
1017 4722 1210 4774 enecet
1261 4715 1300 4770 ³.
1355 4718 1468 4770 Hac
1524 4715 1592 4768 de
1647 4727 1840 4782 perce-

143 4819 345 4890 ptione
403 4813 538 4869 satis
595 4828 716 4868 esse
771 4814 1075 4882 propterea
1129 4810 1291 4877 puto,
1343 4803 1477 4875 quia
1530 4802 1598 4856 de
1653 4813 1841 4854 assen-

144 4906 343 4961 tiendo
375 4919 507 4958 cum
536 4901 722 4956 dicere
741 4914 989 4969 ccepero.
1019 4898 1139 4952 tota
1163 4893 1246 4949 ibi
1269 4906 1498 4948 rursum
1519 4904 1687 4944 causa
1715 4902 1841 4941 ver-

144 4995 385 5050 sabitur.

146 5084 376 5141 CAPUT
413 5082 548 5138 XIV.
605 5110 673 5119 —
730 5079 1037 5148 Sapientem
1096 5077 1298 5144 oportet
1337 5070 1612 5139 sapientia:
1657 5066 1846 5120 saltem

861 5165 1136 5220 assentiri.

219 5268 317 5320 30.
355 5263 481 5316 Iam
539 5273 676 5328 ergo
724 5256 794 5310 ad
831 5271 956 5310 eam
1000 5256 1222 5323 partem
1261 5249 1575 5311 veniamus,
1624 5244 1682 5297 in
1735 5259 1848 5313 qua

153 5351 426 5408 duditare
456 5347 643 5401 adhuc
669 5343 896 5398 videtur
950 5340 1204 5411 Alypius.
1259 5339 1321 5392 Et
1365 5335 1553 5407 primo
1597 5331 1846 5401 idipsum

214 5459 228 5491 ί
264 5456 413 5510 Lov.,
439 5453 501 5500 in
523 5463 594 5508 se,
630 5451 758 5510 Ipsa.
785 5460 907 5498 vero
930 5445 1104 5510 docuit
1126 5457 1228 5494 me.

212 5520 234 5553 ⁵
260 5501 377 5566 Am.
403 5501 498 5562 'Er.
531 5501 592 5561 et'
612 5501 735 5560 Lév.
765 5510 1018 5559 omittunt
1043 5506 1200 5571 fame.
1230 5505 1351 5553 Mss.
1381 5505 1624 5571 quatuor,
1655 5501 1708 5549 et
1742 5509 1849 5571 non

151 5577 473 5630 miseranda
501 5573 678 5638 fama.
725 5572 829 5622 Sed
859 5566 1054 5638 __verius
1087 5568 1186 5638 alii
1207 5579 1416 5638 npvem,
1465 5566 1517 5615 et
1547 5574 1649 5612 non
1687 5566 1848 5610 mise-

152 5627 326 5692 haec
357 5627 512 5703 fame'
537 5637 720 5686 enecet
745 5649 756 5682 ε
783 5633 974 5696 quibus
998 5630 1196 5681 accedit
1228 5627 1352 5678 Bad.

1570 350 1782 407 LIBER
1821 351 2144 410 TERTIUS.

3519 363 3623 414 950

1931 477 2342 548 perspiciamus
2367 477 2534 549 quale
2565 477 2658 545 sit,
2687 479 2841 550 quod
2857 482 2919 533 tu
2944 478 3266 533 acutissime
3297 483 3466 551 atque
3491 497 3623 534 cau-

1931 565 2149 620 tissime
2179 570 2385 620 movet.
2412 567 2551 621 Nam
2579 567 2626 621 si
2657 571 2743 622 tot
2782 567 3065 638 tantisque
3106 567 3423 622 rationibus
3455 571 3626 623 robo-

1931 657 2113 707 ratam
2143 652 2162 686 ί
2197 654 2324 724 (hoc
2353 653 2509 708 enim
2539 654 2752 724 dixisti)
2775 656 3242 710 Academicorum
3262 657 3624 724 sententiam,

1932 758 2046 813 qua
2075 742 2155 796 eis
2182 742 2398 812 placuit
2428 741 2571 797 nihil
2604 743 2746 797 scire
2776 745 3115 814 sapientem,
3147 746 3255 800 hoc
3285 749 3450 800 tuum
3483 746 3628 799 labe-

1929 831 2102 885 factat
2146 831 2463 898 inventum,
2509 849 2622 902 quo
2671 832 2930 902 cogimur
2974 833 3230 888 conﬁteri
3288 835 3470 888 multo
3507 850 3628 888 esse

1930 920 2308 990 probabilius,
2348 920 2662 992 sapientem
2709 920 2849 974 scire
2898 922 3276 992 sapientiam;
3317 921 3501 993 magis
3545 926 3630 976 est

1933 1009 2185 1064 assensio
2217 1009 2555 1065 cohibenda.
2601 1010 2715 1063 Hoc
2759 1009 2913 1063 enim
2955 1010 3076 1080 ipso
3119 1011 3438 1066 ostenditur
3482 1011 3630 1064 nihil

1933 1098 2251 1169 quamlibet
2279 1098 2689 1170 copiosissimis
2734 1098 3230 1171 subtilissimisque
3277 1100 3632 1171 argumentis

1932 1203 2097 1257 posse
2122 1186 2369 1254 suaderi,
2399 1187 2490 1241 cui
2520 1203 2633 1241 non
2648 1203 2714 1241 ex
2740 1190 2901 1258 parte
2930 1188 3298 1256 contraria,si
3310 1189 3458 1243 adsit
3476 1190 3634 1258 inge-

1934 1275 2118 1340 nium,
2147 1292 2264 1329 non
2294 1276 2486 1330 minus
2524 1276 2747 1345 acriter,
2795 1277 2884 1329 vel
2907 1275 3143 1330 fortasse
3181 1275 3364 1330 acrius
3389 1275 3634 1341 {resista-

1935 1367 2047 1417 tur.
2081 1365 2156 1417 Eo
2185 1364 2270 1433 ﬁt,
2302 1367 2365 1417 ut
2409 1381 2539 1418 cum
2582 1365 2654 1418 sit
2696 1364 2874 1418 victus
2911 1364 3300 1431 Academicus,
3343 1363 3557 1416 vicerit.
3591 1363 3634 1416 Ο

1937 1452 2157 1506 utinam
2175 1451 2468 1506 vincatur?
2485 1468 2779 1524 nunquam
2800 1451 3007 1506 efficiet
3019 1451 3218 1522 quavis
3235 1454 3354 1505 arte
3367 1451 3626 1518 Pelasga,

1937 1544 2001 1594 ut
2027 1540 2198 1594 simul
2228 1557 2259 1594 a
2285 1556 2375 1594 me
2407 1541 2588 1594 victus
2625 1540 2921 1611 victorque
2967 1539 3235 1594 discedat.
3291 1539 3452 1593 Certe
3494 1537 3640 1591 nihil

1939 1627 2094 1682 aliud
2120 1627 2443 1682 inveniatur
2475 1627 2631 1698 quod
2684 1627 2988 1681 adversum
3032 1626 3138 1680 ista
3185 1625 3296 1680 dici
3335 1625 3535 1695 possit,
3583 1630 3642 1678 et

1937 1717 2089 1770 ultro
2120 1731 2212 1769 me
2242 1715 2453 1769 victum
2485 1732 2608 1769 esse
2639 1715 2932 1786 proﬁteor.
2987 1715 3108 1767 Non
3155 1714 3309 1767 enim
3344 1713 3413 1766 de
3448 1712 3632 1782 gloria

1939 1804 2342 1874 comparanda,
2381 1804 2480 1859 sed
2514 1803 2583 1858 de
2636 1801 2982 1860 invenienda
3027 1802 3262 1856 veritate
3308 1805 3633 1856 tractamus.

1941 1891 2075 1947 Mihi
2099 1891 2234 1947 satis
2263 1897 2370 1960 est,
2405 1908 2638 1963 quoquo
2667 1893 2838 1946 modo
2870 1892 3080 1945 molem
3126 1890 3294 1944 istam
3342 1893 3635 1944 transcen-

1940 1983 2094 2048 dere,
2123 1998 2252 2052 quae
2282 1981 2626 2036 intrantibus
2665 1979 2735 2034 ad
2772 1977 3190 2050 philosophiam
3225 1993 3346 2033 sese
3371 1978 3631 2048 opponit,

1942 2075 1999 2126 et
2052 2070 2242 2125 nescio
2294 2068 2502 2140 quibus
2540 2067 2908 2138 receptaculis
2960 2067 3357 2121 tenebrascens
3395 2069 3419 2101 ³
3459 2065 3634 2118 talem

1943 2173 2063 2212 esse
2091 2155 2513 2228 philosophiam
2541 2159 2721 2210 totam
2733 2154 3004 2220 minatur,
3036 2153 3295 2222 nihilque
3320 2153 3378 2206 in
3408 2169 3475 2206 ea
3494 2151 3635 2206 lucis

1943 2246 2240 2299 inventum
2271 2244 2342 2298 iri
2371 2258 2601 2313 sperare
2629 2241 2927 2312 permittit.
2971 2240 3116 2305 Quid
3145 2244 3338 2295 autem
3388 2239 3636 2309 amplius

1943 2334 2284 2399 desiderem,
2315 2332 2460 2386 nihil
2490 2332 2694 2398 habeo,
2719 2331 2766 2384 si
2782 2332 2901 2401 jam
2928 2329 3218 2401 probabile
3239 2333 3340 2395 est,
3372 2327 3636 2382 nonnihil

1945 2421 2085 2475 scire
2115 2420 2450 2492 sapientem.
2487 2422 2608 2474 Non
2629 2419 2784 2474 enim
2809 2419 3095 2472 aliacausa
3122 2417 3242 2471 veri
3267 2415 3449 2470 simile
3479 2415 3631 2469 vide-

1943 2511 2112 2565 batur
2141 2525 2275 2564 eum
2307 2508 2692 2564 assensionem
2748 2508 3024 2562 sustinere
3070 2507 3292 2570 debere,
3343 2505 3454 2558 nisi
3505 2503 3642 2575 quia

1950 2613 1980 2652 e
2019 2603 2076 2652 at
2099 2599 2220 2652 veri
2249 2597 2436 2652 simile
2463 2597 2785 2666 nihilposse
2804 2593 3234 2665 comprehendi.
3260 2595 3382 2658 Quo
3396 2593 3638 2657 sublato,

1943 2686 2184 2758 percipit
2214 2687 2366 2740 enim
2398 2687 2623 2756 sapiens
2651 2687 2738 2739 vel
2786 2686 2991 2755 ipsam,
3022 2689 3086 2738 ut
3115 2685 3239 2753 jam
3277 2681 3635 2748 conceditur,

1945 2774 2304 2845 sapientiam,
2337 2775 2493 2829 nulla
2504 2775 2627 2844 jam
2648 2789 2817 2827 causa
2843 2772 3162 2827 remanebit
3190 2787 3290 2824 cur
3310 2786 3427 2824 non
3454 2783 3642 2822 assen-

1944 2864 2121 2918 tiatur
2148 2862 2373 2933 sapiens
2402 2863 2490 2916 vel
2519 2862 2633 2931 ipsi
2662 2860 2984 2931 sapientiae.
3024 2861 3118 2913 Est
3139 2858 3292 2911 enim
3314 2857 3435 2910 sine
3476 2855 3641 2910 dubi-

1946 2952 2161 3007 tatione
2184 2950 2568 3005 monstrusius
2597 2950 2916 3019 sapientem
2943 2963 3060 3002 non
3076 2946 3395 3016 approbare
3415 2943 3640 3014 sapien-

1944 3041 2104 3106 tiam,
2137 3055 2310 3110 quam
2339 3038 2654 3109 sapientem
2683 3034 2900 3091 nescire
2932 3033 3292 3105 sapientiam.

2016 3131 2104 3183 31.
2143 3129 2284 3182 Nam
2327 3143 2542 3197 quaeso,
2566 3126 2865 3197 paululum
2910 3123 3074 3194 quasi
3120 3126 3251 3176 ante
3285 3121 3479 3174 oculos
3528 3119 3641 3173 tale

1944 3217 2325 3287 spectaculum
2356 3215 2786 3281 constituamus,
2819 3213 2867 3266 si
2894 3227 3218 3283 possumus,
3240 3209 3421 3264 rixam
3445 3223 3642 3278 quam-

1947 3307 2078 3361 dam
2103 3305 2375 3376 sapientis
2406 3308 2461 3358 et
2483 3303 2794 3375 sapientiaz,
2826 3301 2974 3366 Quid
2993 3299 3151 3354 aliud
3179 3298 3314 3353 dicit
3328 3296 3628 3368 sapientia,

1947 3411 2119 3466 quam
2139 3410 2198 3449 se
2223 3410 2343 3448 esse
2374 3391 2756 3464 sapientiam?
2795 3393 2867 3446 At
2913 3395 3111 3445 contra
3130 3388 3256 3454 iste,
3300 3388 3422 3441 Non
3450 3385 3643 3450 credo,

1945 3482 2151 3554 inquit.
2184 3481 2320 3547 Quis
2369 3482 2448 3536 ait
2500 3479 2828 3550 sapientiazz
2866 3479 2988 3533 Non
3037 3477 3205 3531 credo
3249 3491 3368 3530 esse
3414 3473 3642 3544 sapien-

1947 3571 2088 3626 tiam
2109 3573 2138 3626 ?
2167 3571 2318 3642 quis,
2351 3570 2461 3624 nisi
2488 3569 2535 3623 is
2577 3584 2707 3623 cum
2750 3584 2863 3638 quo
2894 3567 2992 3620 illa
3019 3565 3180 3636 loqui
3232 3563 3440 3633 potuit,
3473 3566 3531 3616 et
3581 3561 3640 3614 in

1947 3676 2060 3730 quo
2086 3659 2342 3714 habitare
2373 3658 2605 3729 dignata
2627 3661 2728 3723 est,
2764 3655 2974 3710 scilicet
3021 3653 3296 3724 sapiens?
3349 3653 3429 3705 Ite
3470 3666 3641 3715 nunc,

1947 3754 2000 3804 et
2036 3764 2128 3803 me
2154 3747 2415 3818 quaerite,
2442 3747 2542 3817 qui
2569 3762 2701 3800 cum
2732 3741 3083 3800 Academicis
3106 3756 3392 3811 pugnem:
3422 3737 3640 3792 habetis

1941 3839 2062 3909 jam
2117 3851 2331 3890 novum
2388 3839 2698 3900 certamen,
2744 3833 2969 3902 sapiens
3024 3834 3080 3884 et
3134 3826 3412 3898 sapientia
3451 3841 3641 3879 secum

1949 3929 2226 3996 pugnant.
2243 3923 2479 3994 Sapiens
2490 3922 2740 3977 nonvult
2750 3918 3070 3975 consentire
3083 3916 3400 3986 sapientiae,
3421 3931 3526 3984 ego
3539 3930 3637 3966 vo-

1949 4015 2167 4070 biscum
2193 4029 2422 4068 securus
2455 4015 2737 4082 exspecto.
2773 4008 2910 4074 Quis
2941 4007 3094 4060 enim
3127 4022 3242 4059 non
3276 4003 3466 4058 credat
3495 4001 3640 4054 invi-

1949 4109 2097 4159 ctam
2125 4119 2245 4156 esse
2267 4097 2649 4172 sapientiam?
2676 4099 2889 4153 Tamen
2910 4112 3013 4150 nos
3035 4095 3223 4164 aliqua
3248 4090 3642 4162 complexione

1948 4193 2296 4249 muniamus.
2312 4194 2422 4245 Aut
2437 4188 2784 4245 eniminhoc
2804 4185 3117 4241 certamine
3140 4181 3509 4237 Academicus
3521 4179 3641 4232 vin-

1949 4287 2036 4338 cet
2068 4280 2408 4352 sapientiam
2429 4295 2441 4334 :
2462 4283 2664 4332 etame
2679 4275 2955 4340 vincetur,
2980 4272 3115 4343 quia
3130 4287 3248 4326 non
3270 4270 3376 4323 erit
3396 4267 3640 4338 sapiens:

1949 4376 2048 4426 aut
2070 4371 2138 4425 ab
2155 4386 2221 4424 ea
2250 4367 2640 4439 superabitur;
2667 4369 2723 4420 et
2751 4363 3066 4434 sapientem
3092 4358 3381 4430 sapientia:
3404 4371 3637 4410 consen-

1950 4460 2058 4515 tire
2071 4458 2422 4514 docebimus.
2445 4458 2558 4511 Aut
2576 4455 2755 4527 igitur
2776 4451 3002 4522 sapiens
3018 4447 3388 4504 Academicus
3403 4462 3516 4498 non
3539 4448 3642 4509 est,

1951 4554 2051 4604 aut
2083 4547 2343 4603 nonnulli
2371 4545 2452 4600 rei
2483 4545 2706 4616 sapiens
2743 4541 3114 4597 assentietur:
3148 4537 3256 4591 nisi
3302 4536 3445 4590 forte
3473 4550 3646 4604 quem

1951 4637 2137 4692 dicere
2163 4635 2370 4706 puduit
2396 4633 2712 4704 sapientem
2725 4630 2940 4685 nescire
2962 4623 3647 4696 sapientiam,sapientem

1949 4741 2067 4778 non
2108 4722 2428 4778 consentire
2471 4718 2769 4790 sapientia:
2826 4717 3012 4770 dicere
3073 4728 3188 4766 non
3244 4710 3507 4782 pudebit.
3577 4711 3648 4761 At

1952 4814 1999 4868 si
2027 4815 2147 4884 jam
2173 4811 2292 4866 veri
2321 4810 2507 4865 simile
2534 4813 2622 4862 est
2650 4807 2852 4861 cadere
2881 4805 2939 4858 in
2975 4802 3292 4872 sapientem
3336 4799 3422 4852 vel
3467 4797 3647 4869 ipsius

1953 4900 2246 4972 sapientiae
2274 4897 2721 4970 perceptionem,
2755 4900 2811 4949 et
2860 4893 3022 4947 nulla
3051 4906 3221 4946 causa
3249 4893 3352 4955 est,
3402 4902 3504 4940 cur
3530 4901 3646 4939 non

1953 4991 2006 5044 ei
2033 4990 2187 5060 quod
2205 4992 2392 5059 potest
2407 4985 2624 5057 percipi
2643 4982 3013 5049 assentiatur;
3036 4980 3200 5034 video
3224 4977 3376 5048 quod
3387 4975 3645 5030 volebam

1955 5095 2074 5134 esse
2102 5077 2221 5131 veri
2272 5074 2479 5140 simile,
2513 5073 2830 5144 sapientem
2849 5069 3062 5124 scilicet
3104 5080 3467 5122 assensurum
3524 5076 3644 5113 esse

1954 5167 2264 5238 sapientiae.
2297 5165 2354 5219 Si
2384 5179 2606 5234 quaeres
2632 5161 2733 5216 ubi
2763 5158 3018 5214 inveniat
3060 5157 3243 5228 ipsam
3273 5149 3639 5222 sapientiam;

1954 5254 2334 5325 respondebo,
2371 5254 2434 5305 In
2461 5250 2783 5320 semetipso.
2827 5248 2887 5302 Si
2917 5246 3055 5302 dicis
3084 5260 3213 5298 cum
3243 5239 3458 5295 nescire
3489 5235 3643 5305 quod

1955 5320 2181 5410 habeat,
2222 5341 2371 5397 redis
2419 5341 2490 5395 ad
2524 5339 2666 5394 illud
2710 5336 3042 5399 absurdum,
3076 5331 3388 5402 sapientem
3430 5320 3643 5376 nescire

2022 5558 2035 5590 ¹
2071 5555 2218 5612 Lov.,
2252 5552 2590 5612 roboratam.
2612 5549 2678 5597 At
2705 5547 2793 5612 alii
2824 5545 2970 5612 Cd(_i.,
3001 5540 3318 5612 τρὸονςιίαιη.

2018 5619 2039 5651 ²
2069 5599 2331 5667 ﬁmbriis
2353 5599 2549 5677 ista»,
2576 5611 2723 5674 juxta
2754 5610 2867 5656 Par.
2890 5606 2974 5654 Er.
3001 5603 3129 5651 Ven.
3166 5599 3230 5646 M.
