4058 6384
382 356 478 409 951
1479 349 1761 406 CONTRA
1801 349 2273 417 ACADEMICOS,
2318 349 2371 404 S.
2415 347 2801 405 AUGUSTINI

381 472 741 546 sapientiam.
773 471 831 527 Si
861 470 1177 542 sapientem
1208 470 1398 540 ipsum
1417 484 1594 540 negas
1615 483 1778 540 posse
1801 469 2078 538 inveniri;

381 579 498 618 non
520 563 644 633 jam
690 577 819 615 cum
857 557 1228 626 Academicis,
1275 557 1374 612 sed
1421 560 1630 623 tecum,
1675 557 1935 628 quisquis
1973 559 2081 611 hoc

381 650 578 717 sentis,
608 665 870 704 sermone
909 647 1022 702 alio
1064 647 1424 702 disseremus.
1470 645 1560 700 Illi
1598 645 1749 699 enim
1798 661 1930 700 cum
1960 647 2083 700 hac

383 740 692 810 disputant,
727 738 796 792 de
827 736 1082 808 sapiente
1113 734 1362 806 profecto
1393 734 1708 805 disputant.
1743 733 1961 788 Clamat
1999 732 2083 787 Ci-

383 844 533 896 cero,
565 826 820 897 seipsum
851 839 1125 895 magnum
1159 839 1280 876 esse
1312 822 1688 893 opinatorem,
1739 821 1837 875 scd
1883 820 1954 874 de
2003 837 2080 873 sa-

387 915 580 986 piente
607 929 667 968 se
698 927 974 985 quarere.
1012 910 1171 975 Quod
1217 909 1266 962 si
1314 909 1500 963 adhuc
1529 925 1650 974 vos,
1679 907 2082 969 adolescentes,

384 1003 645 1072 ignotum
667 1000 906 1066 habetis,
938 1003 1089 1053 certe
1119 999 1181 1051 in
1211 997 1513 1052 Hortensio
1545 995 1762 1066 legistis
1796 1011 1809 1049 :
1843 997 1905 1051 Si
1915 998 2086 1064 igitur

384 1105 476 1144 nec
515 1091 646 1143 certi
669 1094 746 1144 est
776 1087 1101 1156 quidquam,
1125 1101 1218 1140 nec
1263 1087 1485 1154 opinari
1517 1086 1776 1154 sapientis
1807 1088 1885 1138 est
1909 1100 1922 1150 ;
1945 1084 2087 1138 nihil

388 1193 631 1246 unquam
666 1179 884 1246 sapiens
905 1174 1249 1244 approbabit.
1287 1173 1442 1228 Unde
1482 1173 1847 1227 manifestum
1877 1177 1962 1226 est
1990 1187 2087 1226 eos

389 1265 459 1319 de
513 1263 768 1334 sapiente
797 1263 909 1316 illis
938 1262 1054 1316 suis
1083 1261 1586 1334 disputationibus,
1611 1265 1806 1315 contra
1836 1276 1978 1332 quas
2007 1260 2087 1314 ni-

391 1352 589 1418 timur,
621 1367 901 1422 quarere.

465 1443 553 1494 32.
590 1441 734 1510 Ergo
760 1439 1007 1493 arbitror
1029 1454 1134 1510 ego
1177 1437 1417 1508 sapienti
1461 1441 1674 1492 certam
1708 1453 1828 1491 esse
1872 1436 2090 1508 sapien-

393 1525 558 1594 tiam,
602 1526 661 1580 id
692 1531 774 1580 est
819 1527 1136 1597 sapientem
1172 1525 1492 1597 percepisse
1528 1526 1902 1598 sapientiam;
1935 1531 1995 1580 et
2017 1525 2088 1580 ob

389 1615 499 1668 hoc
528 1630 657 1668 cum
689 1631 803 1668 non
844 1614 1086 1684 opinari,
1122 1630 1254 1669 cum
1299 1615 1602 1669 assentitur
1624 1613 1918 1685 sapientia
1953 1631 1966 1668 :
2000 1630 2088 1669 as-

396 1701 639 1756 sentitur
668 1703 821 1756 enim
855 1703 907 1756 ci
933 1703 1036 1769 rei,
1062 1718 1235 1773 quam
1265 1701 1311 1755 si
1339 1718 1455 1756 non
1475 1703 1837 1774 percepisset,
1865 1701 2090 1773 sapiens

398 1807 516 1844 non
546 1795 709 1845 esset.
757 1791 869 1844 Nec
897 1790 991 1844 isti
1022 1805 1372 1862 quemquam
1419 1807 1535 1845 non
1568 1791 1772 1845 debere
1807 1789 2088 1856 assentiri,

395 1878 506 1932 nisi
534 1878 703 1932 rebus
732 1894 861 1948 qua
891 1893 1008 1932 non
1039 1881 1280 1948 possunt
1327 1877 1563 1950 percipi,
1613 1878 1920 1934 afﬁrmant.
1964 1879 2092 1933 Non

393 1970 567 2020 auten
597 1965 873 2037 sapientia
898 1966 1043 2020 nihil
1089 1971 1193 2022 est.
1229 1966 1372 2020 Cum
1404 1967 1581 2038 igitur
1623 1972 1682 2022 et
1725 1968 1829 2021 scit
1872 1967 2094 2038 sapien-

392 2055 558 2125 tiam,
578 2060 634 2109 et
659 2055 966 2110 assentitur
995 2055 1329 2126 sapientia;
1360 2072 1547 2128 neque
1572 2056 1716 2111 nihil
1746 2057 1873 2124 scit,
1905 2070 2093 2128 neque

395 2143 540 2198 nulli
586 2143 667 2198 rei
699 2144 925 2216 sapiens
954 2145 1279 2200 assentitur.
1309 2145 1455 2210 Quid
1483 2147 1724 2218 amplius
1754 2147 1970 2202 vultis?
2003 2149 2092 2200 An

396 2231 467 2286 de
497 2231 597 2286 illo
624 2248 817 2287 errore
837 2233 1051 2304 aliquid
1080 2233 1415 2304 quarimus,
1437 2251 1610 2305 quem
1638 2235 1834 2290 dicunt
1858 2235 2090 2305 penitus

397 2319 616 2383 evitari,
646 2320 692 2373 si
731 2320 799 2375 in
819 2321 1036 2375 nullam
1070 2336 1193 2374 rem
1223 2321 1475 2376 animam
1520 2322 1765 2377 declinet
1793 2323 2042 2377 assensio
2065 2326 2094 2377 ?

398 2408 560 2461 Errat
582 2407 758 2475 enim,
795 2407 1088 2479 inquiunt,
1119 2407 1377 2479 quisquis
1425 2425 1543 2462 non
1591 2410 1776 2464 solum
1821 2426 1944 2464 rem
1991 2409 2091 2464 fal-

402 2511 544 2562 sam,
578 2496 672 2549 sed
705 2496 876 2550 etiam
906 2496 1160 2562 dubiam,
1191 2497 1451 2566 quamvis
1481 2513 1615 2551 vera
1640 2497 1733 2560 sit,
1765 2498 2042 2569 approbat
2076 2515 2088 2551 :

399 2582 543 2636 nihil
574 2588 767 2637 autem
798 2584 948 2655 quod
980 2583 1218 2638 dubium
1249 2601 1363 2638 non
1394 2585 1465 2639 sit
1493 2585 1742 2643 invenio.
1777 2589 1851 2641 At
1878 2585 2097 2641 invenit

403 2670 630 2741 sapiens
652 2671 856 2742 ipsam,
891 2676 950 2726 ut
971 2673 1320 2742 dicebamus,
1349 2674 1703 2744 sapientiam.

403 2758 628 2813 CAPUT
681 2761 789 2814 XV.
856 2765 952 2814 An
1003 2763 1100 2830 qui
1147 2765 1396 2831 sequitur
1443 2765 1503 2816 in
1560 2764 1767 2831 agendo
1811 2764 2095 2834 probabile

813 2851 952 2903 citra
992 2864 1267 2904 assensum
1297 2853 1430 2906 vitet
1455 2867 1704 2906 errorem.

474 2936 560 2989 33.
594 2935 703 2990 Sed
733 2936 867 2991 hinc
891 2938 1014 3008 jam
1039 2937 1210 2992 vultis
1238 2939 1475 2998 fortasse
1504 2955 1598 2994 me
1629 2940 1936 2996 discedere.
1975 2942 2097 2996 Non

402 3027 535 3077 sunt
564 3023 726 3078 facile
764 3026 1124 3080 securissima
1163 3028 1580 3099 relinquenda;
1613 3045 1740 3083 cum
1774 3030 2098 3084 versutissi-

403 3111 511 3165 mis
542 3111 873 3167 hominibus
903 3114 1162 3186 agimus:
1200 3132 1418 3170 morem
1459 3121 1654 3172 tamen
1691 3119 1850 3173 vobis
1878 3134 2096 3189 geram.

403 3199 513 3253 Sed
541 3201 677 3270 quid
705 3200 798 3254 hic
829 3201 1012 3255 dicam
1032 3203 1059 3257 ?
1090 3203 1264 3272 quid?
1297 3203 1618 3273 quidnam?
1648 3205 1792 3260 illud
1822 3206 2094 3261 nimirum

403 3288 562 3338 vetus
591 3285 893 3341 dicendum
919 3293 1022 3356 est,
1053 3290 1153 3344 ubi
1187 3294 1243 3344 et
1289 3290 1401 3360 ipsi
1445 3291 1660 3346 habent
1703 3293 1857 3363 quod
1887 3293 2096 3348 dicant.

406 3372 553 3435 Quid
579 3372 730 3427 enim
759 3375 987 3444 faciam,
1021 3392 1194 3447 quem
1222 3378 1291 3432 de
1320 3378 1518 3432 castris
1545 3379 1689 3434 meis
1728 3381 1881 3435 foras
1913 3382 2098 3436 trudi-

405 3458 477 3514 tis
497 3461 527 3514 ?
557 3476 695 3515 num
722 3461 1038 3532 implorabo
1061 3466 1269 3520 auxilia
1295 3466 1636 3536 doctiorum,
1669 3485 1799 3524 cum
1833 3471 2042 3542 quibus
2055 3471 2100 3524 si

407 3563 675 3619 superare
699 3565 944 3621 nequeo,
992 3553 1183 3607 minus
1221 3555 1461 3624 pudebit
1509 3557 1747 3612 fortasse
1797 3559 2100 3629 superari?

403 3637 615 3692 Jaciam
645 3638 819 3709 igitur
848 3640 1281 3711 quibusviribus
1308 3659 1541 3713 possum
1554 3645 1845 3700 fumosum
1867 3648 2102 3718 quidem

406 3730 526 3780 tam
559 3730 613 3780 et
640 3728 922 3796 scabrum,
955 3730 1052 3784 sed
1086 3730 1197 3785 nisi
1225 3731 1414 3802 fallor,
1446 3735 1857 3790 validissimum
1899 3737 2096 3790 telum.

405 3813 514 3879 Qui
543 3814 686 3869 nihil
715 3817 1013 3887 approbat,
1049 3819 1193 3874 nihil
1220 3820 1356 3890 agit.
1392 3822 1433 3876 Ο
1459 3823 1757 3877 hominem
1790 3825 2096 3880 rusticum!

404 3904 470 3956 Et
501 3903 598 3958 ubi
628 3909 712 3959 est
739 3906 1077 3976 probabile?
1103 3909 1202 3962 ubi
1229 3916 1315 3963 est
1346 3911 1692 3966 verisimile?
1731 3915 1843 3967 Hoc
1874 3914 2099 3968 voleba-

406 3991 496 4046 tis.
531 3993 826 4047 Auditisne
854 4000 914 4048 ut
965 4003 1170 4051 sonent
1193 4004 1349 4053 scuta
1387 4001 1742 4070 gracanica?
1792 4005 2102 4074 Exceptum

409 4082 494 4133 est
524 4080 677 4149 quod
697 4081 1162 4138 robustissimum
1189 4085 1458 4154 quidem'
1491 4103 1503 4140 :
1536 4089 1634 4142 sed
1665 4105 1777 4159 qua
1806 4106 1981 4145 manu
2011 4092 2101 4161 ja-

410 4167 582 4221 culati
634 4169 876 4222 sumus?
931 4172 996 4225 Et
1045 4171 1191 4225 nihil
1247 4175 1534 4242 potentius
1585 4176 1678 4230 isti
1735 4178 1848 4231 mei
1896 4195 2102 4249 sugge-

407 4259 570 4319 runt;
603 4271 708 4308 nec
736 4255 972 4325 aliquid,
1025 4262 1089 4312 ut
1139 4259 1322 4328 video,
1367 4263 1614 4316 vulneris
1647 4263 1906 4320 fecimus.
1955 4270 2102 4323 Con-

409 4343 626 4393 vertam
656 4355 748 4393 me
778 4340 848 4394 ad
880 4357 946 4394 ea
975 4358 1104 4412 qua
1133 4342 1268 4398 villa
1287 4350 1342 4399 et
1373 4362 1508 4416 ager
1536 4348 2106 4408 ministratzonerant

411 4442 502 4480 me
525 4427 718 4496 potius
747 4428 966 4498 majora
995 4445 1169 4500 quam
1193 4438 1536 4504 praparant.

483 4516 570 4569 34.
603 4515 744 4569 Nam
776 4532 904 4572 cum
933 4517 1149 4572 otiosus
1199 4520 1297 4574 diu
1327 4523 1664 4593 cogitassem
1701 4524 1762 4579 in
1808 4525 1916 4581 isto
1949 4545 2100 4596 rure,

413 4618 663 4674 quonam
693 4605 864 4660 modo
894 4607 1076 4677 possit
1129 4608 1312 4664 isthuc
1351 4613 1644 4681 probabile
1677 4629 1740 4667 ac
1774 4615 1892 4669 veri
1921 4616 2105 4673 simile

412 4697 571 4745 actus
590 4699 811 4748 nostros
856 4695 925 4750 ab
974 4713 1167 4752 errore
1200 4699 1534 4768 defendere;
1587 4703 1774 4772 primo
1804 4704 1985 4759 visum
2023 4712 2107 4761 est

411 4779 576 4846 mihi,
611 4785 672 4834 ut
692 4781 832 4836 solet
849 4783 1164 4839 videricum
1187 4787 1291 4840 ista
1305 4790 1640 4858 vendebam,
1663 4791 1809 4846 belle
1824 4797 2033 4848 tectum
2052 4799 2108 4849 et

411 4867 720 4922 munitum.
751 4870 963 4926 Deinde
979 4873 1268 4929 ubitotum
1293 4877 1512 4932 cautius
1537 4879 1930 4952 circumspexi,
1955 4883 2106 4937 visus

409 4971 537 5009 sum
567 4955 710 5011 mihi
740 4958 943 5012 vidisse
971 4976 1149 5015 unum
1183 4964 1418 5028 aditum,
1451 4981 1566 5036 qua
1601 4966 1662 5020 in
1695 4984 1920 5022 securos
1950 4986 2108 5026 error

410 5044 673 5100 irrueret.
698 5046 822 5100 Non
849 5047 1001 5102 enim
1033 5050 1216 5105 solum
1241 5057 1381 5121 puto
1399 5069 1532 5108 eum
1555 5057 1882 5128 errare,qui
1905 5057 2105 5112 falsam

409 5133 559 5188 viam
584 5133 876 5205 sequitur;
911 5136 1005 5190 sed
1030 5137 1201 5191 etiam
1232 5156 1362 5196 eum
1397 5142 1499 5212 qui
1546 5159 1738 5198 veram
1767 5163 1884 5199 non
1916 5147 2104 5217 sequi-

406 5225 518 5276 tur.
557 5221 848 5276 Faciamus
873 5223 1025 5276 enim
1051 5224 1194 5278 duos
1211 5226 1454 5283 viatores
1479 5230 1549 5284 ad
1566 5247 1745 5285 unum
1771 5233 1961 5288 locum
1983 5239 2103 5289 ten-

411 5309 630 5377 dentes,
659 5326 906 5381 quorum
927 5311 1072 5365 alter
1108 5312 1570 5371 institueritnulli
1589 5320 1838 5387 credere,
1857 5323 1998 5376 alter
2017 5323 2106 5376 ni-

411 5397 519 5451 mis
553 5399 816 5454 credulus
845 5399 933 5454 sit.
969 5400 1211 5456 Ventum
1241 5409 1326 5458 est
1352 5404 1424 5459 ad
1477 5405 1708 5478 aliquod
1733 5408 1988 5467 bivium:
2017 5410 2110 5465 hic

476 5581 490 5614 ¹
525 5579 622 5629 Ed.
661 5581 796 5642 Pan,
829 5583 977 5648 quod
1001 5584 1426 5636 robustissimum
1445 5587 1675 5653 quidem
1706 5593 1801 5646 est.
1832 5592 1900 5639 M.

3798 346 3903 398 952

2188 469 2284 524 ille
2313 469 2575 523 credulus
2593 465 2810 538 pastori
2829 466 2929 539 qui
2959 467 3170 532 aderat,
3199 465 3546 537 velcuipiam
3568 465 3894 519 rusticano:

2189 558 2368 622 Salve,
2400 557 2552 628 frugi
2580 557 2754 611 homo
2786 571 2800 609 :
2831 555 2920 610 dic
2949 571 3161 626 quaso,
3198 570 3312 625 qua
3339 554 3484 608 bene
3514 553 3576 607 in
3603 553 3776 608 illum
3799 552 3897 612 ¹Ιο-

2191 663 2318 702 cum
2348 651 2639 717 pergatur.
2674 643 3164 718 Respondetur:Si
3187 643 3291 697 hac
3313 641 3444 710 ibis,
3470 641 3613 696 nihil
3643 632 3892 696 errabis.

2192 737 2258 790 Et
2289 735 2384 789 ille
2405 734 2473 788 ad
2489 733 2758 788 comitem
2779 733 3016 786 :Verum
3047 731 3202 798 dicit,
3236 731 3341 785 hac
3362 747 3578 784 eamus.
3607 730 3785 785 Ridet
3805 729 3894 782 vir

2192 822 2572 888 cautissimus,
2605 825 2660 875 et
2687 827 2804 874 tam
2833 819 2943 874 cito
2980 835 3273 874 assensum
3306 818 3648 873 facetissime
3675 819 3893 886 illudit,

2194 915 2363 982 atque
2392 911 2610 964 interea
2639 909 2738 963 illo
2772 909 2920 962 disce
2941 909 3096 962 lente
3126 908 3187 962 in
3213 907 3363 962 bivio
3396 907 3598 979 ﬁgitur
3627 923 3641 962 :
3677 912 3736 962 et
3771 908 3896 979 jam

2193 998 2395 1070 incipit
2423 997 2780 1067 videriturpe
2792 1012 3028 1064 cessare,
3057 1012 3186 1051 cum
3211 1011 3338 1050 ecce
3359 1012 3428 1050 ex
3452 996 3564 1050 alio
3589 995 3698 1050 via
3714 1012 3898 1050 cornu

2195 1088 2380 1141 lautus
2415 1086 2644 1158 quidam
2667 1090 2722 1139 et
2751 1085 3003 1139 urbanus
3049 1100 3197 1156 equo
3252 1083 3507 1139 insidens
3557 1085 3801 1152 eminet,
3844 1089 3899 1138 et

2193 1175 2583 1246 propinquare
2609 1172 2840 1244 occipit:
2857 1173 3178 1245 gratulatur
3205 1172 3330 1226 iste.
3364 1174 3508 1227 Tum
3536 1171 3895 1230 advenienti.

2195 1266 2251 1316 et
2262 1262 2504 1315 salutato
2517 1260 2729 1315 indicat
2747 1259 3122 1331 propositum,
3147 1259 3352 1330 quarit
3363 1259 3513 1313 viam
3532 1279 3546 1327 ;
3569 1257 3711 1313 dicit
3722 1259 3898 1314 etiam

2194 1348 2568 1404 remansionis
2609 1364 2727 1402 sua
2774 1363 3022 1416 causam,
3053 1363 3167 1419 quo
3196 1347 3727 1402 benevolentiorem
3757 1349 3894 1403 red-

2196 1437 2312 1506 dat,
2335 1437 2543 1508 pastori
2565 1452 2695 1491 eum
2711 1437 3042 1507 praferens.
3059 1437 3161 1490 Ille
3189 1442 3379 1490 autem
3395 1452 3527 1490 casu
3550 1437 3759 1508 planus
3777 1442 3902 1491 erat

2197 1524 2265 1579 de
2302 1525 2372 1579 iis
2399 1541 2542 1596 quos
2593 1525 2960 1579 Samardacos
2989 1525 3149 1596 'jam
3193 1524 3396 1596 vulgus
3441 1529 3621 1580 vocat.
3682 1526 3895 1580 Tenuit

2197 1629 2367 1668 suum
2394 1629 2612 1668 morem
2635 1613 2808 1667 homo
2838 1612 3118 1684 pessimus
3139 1612 3312 1667 etiam
3331 1612 3526 1684 gratis.
3552 1615 3681 1668 Hac
3694 1630 3896 1685 perge,

2199 1702 2279 1755 ait
2310 1718 2323 1756 :
2355 1717 2489 1756 nam
2519 1717 2626 1771 ego
2655 1700 2790 1754 inde
2821 1700 3004 1756 venio.
3057 1701 3307 1771 Decepit,
3358 1705 3528 1772 atque
3577 1701 3736 1756 abiit.
3790 1703 3904 1757 Sed

2199 1789 2428 1860 quando
2473 1788 2578 1842 iste
2608 1788 3011 1860 deciperetur?
3048 1790 3170 1843 Non
3215 1789 3371 1843 enim
3416 1789 3905 1844 monstrationem

2198 1877 2367 1932 istam
2395 1881 2671 1948 tanquam
2699 1891 2910 1944 veram,
2937 1875 3148 1947 inquit,
3184 1876 3436 1948 approbo
3468 1893 3482 1931 :
3512 1877 3612 1931 sed
3641 1877 3781 1948 quia
3817 1882 3909 1932 est

2197 1963 2555 2020 verisimilis.
2590 1965 2656 2018 Et
2704 1963 2798 2019 hic
2827 1964 3074 2018 otiosum
3105 1980 3226 2018 esse
3270 1980 3377 2019 nec
3423 1965 3750 2032 honestum,
3799 1982 3909 2020 nec

2200 2053 2338 2108 utile
2365 2057 2482 2121 est;
2516 2053 2621 2107 hac
2649 2067 2795 2107 eam.
2826 2053 3054 2107 Interea
3082 2052 3178 2107 ille
3203 2053 3302 2124 qui
3347 2053 3708 2107 assentiendo
3737 2070 3904 2107 erra-

2199 2142 2300 2211 vit,
2333 2146 2448 2196 tam
2478 2141 2586 2196 cito
2627 2141 2956 2196 existimans
2989 2157 3122 2196 vera
3149 2158 3271 2196 esse
3326 2142 3502 2196 verba
3539 2143 3805 2213 pastoris,
3838 2143 3903 2196 in

2201 2232 2323 2286 loco
2353 2231 2452 2285 illo
2478 2246 2592 2302 quo
2622 2230 2951 2296 tendebant,
2969 2231 3089 2300 jam
3117 2245 3176 2284 se
3206 2231 3495 2285 reﬁciebat
3525 2247 3539 2284 :
3574 2231 3678 2285 iste
3707 2236 3907 2286 autem

2203 2335 2316 2374 non
2346 2335 2562 2383 errans,
2588 2319 2870 2390 siquidem
2897 2318 3192 2390 probabile
3223 2319 3503 2390 sequitur,
3529 2320 3795 2374 circumit
3809 2321 3906 2376 sil-

2204 2423 2298 2462 vas
2327 2408 2515 2462 nescio
2546 2423 2706 2479 quas,
2738 2423 2842 2462 nec
2864 2407 2986 2478 jam
3040 2407 3131 2461 cui
3158 2408 3313 2462 locus
3342 2408 3439 2462 ille
3481 2413 3651 2463 notus
3703 2409 3798 2476 sit,
3833 2410 3904 2464 ad

2204 2511 2376 2566 quem
2406 2495 2598 2550 venire
2628 2501 3028 2566 proposuerat,
3053 2495 3294 2550 invenit.
3325 2497 3466 2550 Vere
3497 2497 3658 2551 vobis
3689 2497 3903 2565 dicam,

2203 2599 2336 2638 cum
2364 2583 2471 2637 ista
2495 2583 2828 2654 cogitarem,
2858 2583 3034 2637 risum
3065 2588 3259 2638 tenere
3286 2600 3401 2638 non
3434 2585 3613 2656 potui,
3640 2585 3766 2639 fieri
3802 2603 3910 2657 per

2203 2672 2673 2726 Academicorum
2704 2672 2873 2725 verba
2886 2671 3073 2726 nescio
3087 2673 3399 2743 quomodo,
3433 2678 3494 2727 ut
3523 2674 3781 2728 erretillc
3805 2676 3908 2746 qui

2205 2775 2398 2814 veram
2428 2759 2577 2812 viam
2605 2760 2692 2813 vel
2727 2775 2857 2812 casu
2887 2764 3082 2828 tenet;
3113 2760 3209 2814 ille
3231 2765 3422 2815 autem
3454 2762 3553 2832 qui
3597 2778 3702 2832 per
3749 2765 3911 2818 avios

2205 2853 2426 2902 montes
2455 2847 2827 2919 probabiliter
2853 2848 3053 2902 ductus
3086 2854 3187 2916 est,
3210 2864 3316 2903 nec
3338 2849 3574 2920 petitam
3605 2851 3910 2922 regionem

2206 2937 2440 3004 invenit,
2473 2953 2590 2991 non
2621 2937 2882 2992 videatur
2911 2953 3120 2993 errare.
3151 2937 3762 2993 Utenimtemerariam
3775 2956 3912 2993 con-

2206 3025 2528 3078 sensionem
2537 3025 2666 3095 jure
2679 3024 3303 3092 condemnem,facilius
3320 3025 3489 3080 ambo
3509 3031 3912 3098 errant,quam

2206 3113 2312 3167 iste
2327 3129 2438 3167 non
2451 3118 2616 3168 errat.
2637 3113 2774 3166 Hinc
2781 3113 2902 3184 jam
2920 3113 3215 3168 adversum
3241 3114 3348 3167 ista
3374 3115 3546 3168 verba
3560 3114 3908 3187 vigilantior,

2209 3201 2332 3272 ipsa
2360 3202 2505 3256 facta
2531 3200 2830 3257 hominum
2857 3206 2913 3256 et
2940 3217 3130 3255 mores
3174 3200 3531 3256 considerare
3552 3202 3722 3272 coepi.
3759 3204 3912 3257 Tum

2207 3306 2340 3344 vero
2367 3295 2483 3344 tam
2512 3290 2692 3344 multa
2712 3289 2857 3344 mihi
2883 3295 2941 3344 et
2967 3295 3082 3345 tam
3096 3289 3360 3360 capitalia
3387 3290 3449 3344 in
3478 3290 3913 3346 istosvenerunt

2206 3376 2266 3430 in
2297 3381 2569 3444 mentem,
2597 3382 2661 3430 ut
2677 3377 2799 3447 jam
2817 3393 2932 3431 non
2945 3377 3212 3444 riderem,
3239 3377 3338 3432 sed
3362 3377 3574 3448 partim
3587 3381 3909 3433 stomacha-

2208 3482 2321 3532 rer,
2342 3464 2569 3535 partim
2601 3465 2856 3519 dolerem
2885 3466 3145 3520 homines
3173 3466 3532 3520 doctissimos
3559 3473 3615 3521 et
3644 3468 3910 3521 acutissi-

2212 3568 2332 3605 mos
2351 3551 2415 3606 in
2441 3556 2600 3606 tanta
2625 3552 2833 3606 scelera
2847 3552 3255 3606 sententiarum
3269 3556 3325 3606 et
3343 3552 3557 3624 ﬂagitia
3584 3553 3909 3610 devolutos.

2211 3641 2435 3696 CAPUT
2464 3640 2598 3695 XVI.
2639 3669 2709 3679 —
2737 3623 2929 3694 Facere
2969 3641 3113 3709 quod
3151 3640 3366 3695 videtur
3410 3623 3696 3710 prababite
3741 3645 3911 3698 etiam

2630 3730 2768 3782 citra
2797 3743 3071 3783 assensum
3098 3731 3374 3796 nefarium
3408 3734 3502 3784 est.

2281 3819 2367 3871 35.
2397 3817 2557 3872 Certe
2587 3815 2762 3884 enim,
2796 3833 2912 3871 non
2942 3817 3176 3872 fortasse
3223 3817 3409 3871 omnis
3433 3816 3533 3888 qui
3579 3823 3751 3884 errat,
3782 3835 3914 3890 pec-

2210 3909 2333 3973 cat;
2377 3905 2566 3961 omnis
2611 3909 2805 3959 tamen
2847 3905 2946 3976 qui
2987 3914 3198 3976 peccat,
3244 3910 3342 3960 aut
3388 3922 3580 3961 errare
3633 3909 3914 3963 concedi-

2209 3997 2323 4062 tur,
2353 3998 2451 4048 aut
2478 3993 2694 4064 aliquid
2723 3994 2903 4064 pejus.
2936 3994 3082 4058 Quid
3104 3994 3150 4048 si
3179 4009 3317 4065 ergo
3343 3995 3550 4066 aliquis
3582 3996 3916 4054 adolescen-

2209 4083 2358 4137 tium
2385 4098 2515 4136 cum
2543 4083 2649 4137 hos
2679 4083 2922 4137 audierit
2947 4082 3195 4138 dicentes
3221 4100 3235 4138 :
3266 4085 3452 4154 Turpe
3489 4089 3574 4138 est
3601 4101 3826 4156 errare,
3860 4094 3918 4143 et

2209 4170 2336 4225 ideo
2366 4171 2508 4224 nulli
2540 4171 2623 4225 rei
2636 4171 2950 4225 consentire
2973 4171 3272 4239 debemus;
3299 4172 3394 4226 sed
3425 4177 3615 4228 tamen
3638 4191 3772 4229 cum
3790 4177 3917 4246 agit

2210 4259 2453 4331 quisque
2485 4260 2635 4330 quod
2666 4259 2720 4314 ei
2744 4260 2968 4314 videtur
2994 4261 3312 4330 probabile,
3357 4278 3460 4316 nec
3509 4269 3708 4334 peccat
3728 4268 3770 4331 ³,
3806 4281 3915 4319 nec

2211 4353 2397 4403 errat:
2424 4348 2565 4403 illud
2587 4353 2810 4403 tantum
2839 4349 3187 4417 meminerit,
3221 4350 3502 4422 quidquid
3545 4353 3792 4407 occurrit
3820 4355 3912 4408 vel

2212 4437 2405 4491 animo
2434 4437 2521 4491 vel
2548 4437 2828 4506 sensibus,
2862 4453 2977 4491 non
3009 4453 3113 4508 pro
3141 4453 3272 4493 vero
3303 4455 3425 4493 esse
3447 4441 3910 4511 approbandum.

2213 4525 2272 4580 ld
2320 4525 2496 4595 igitur
2541 4526 2776 4580 audiens
2820 4526 3164 4594 adolescens,
3213 4526 3576 4582 insidiabitur
3619 4529 3914 4600 pudicitia

2212 4614 2404 4667 uxoris
2429 4614 2651 4670 aliena.
2685 4616 2779 4682 Te,
2812 4619 2868 4670 te
2890 4615 3145 4685 consulo,
3181 4617 3250 4683 Μ,
3280 4617 3465 4684 Tulli;
3495 4617 3562 4672 de
3588 4618 3914 4673 adolescen-

2211 4701 2359 4756 tium
2390 4702 2640 4757 moribus
2671 4703 2897 4775 vitaque
2927 4709 3256 4771 tractamus,
3289 4704 3382 4759 cui
3400 4705 3709 4774 educenda
3739 4711 3914 4778 atque

2212 4789 2578 4845 instituenda
2610 4807 2806 4846 omnes
2837 4791 2951 4846 illa
2979 4793 3181 4846 littera
3200 4797 3316 4848 tua
3345 4793 3740 4862 vigilziverunt.
3762 4795 3916 4858 Quid

2212 4879 2368 4933 aliud
2399 4879 2650 4934 dicturus
2681 4898 2762 4946 es,
2791 4897 2963 4952 quam
2995 4898 3108 4935 non
3141 4881 3244 4936 tibi
3275 4898 3395 4936 esse
3424 4883 3720 4952 probabile
3754 4889 3817 4938 ut
3854 4884 3914 4938 id

2277 4977 2289 5009 1
2325 4975 2403 5023 Ita
2427 4974 2671 5023 scribitur
2691 4975 2746 5022 in
2766 4975 2994 5024 editione
3024 4976 3152 5024 Bad.
3183 4980 3234 5025 et
3253 4975 3304 5024 in
3329 4977 3567 5028 pluribus
3593 4979 3715 5026 Mss.
3741 4979 3801 5026 In
3823 4993 3914 5028 an-

2217 5035 2375 5102 t_iq_uis
2392 5037 2548 5102 etiam
2571 5037 2888 5102 editionibus
2908 5037 3282 5102 Chrysostomi,
3300 5035 3488 5086 Homil.
3507 5041 3645 5102 l7,in
3663 5040 3826 5102 Epist.
3847 5041 3913 5088 ad

2213 5098 2402 5160 Ephes.
2433 5098 3059 5164 legitursamardakous,
3073 5100 3249 5162 ibique
3261 5101 3519 5162 signiﬁcat
3536 5098 3914 5164 gelatopoious;

2214 5172 2313 5207 nec
2338 5160 2562 5224 multum
2589 5161 2740 5224 aliter
2768 5161 2906 5224 apud
2937 5165 3050 5209 Am.
3087 5166 3139 5210 et
3167 5160 3272 5224 tres
3301 5160 3424 5211 Mss.
3456 5164 3545 5224 qui
3575 5160 3794 5222 habent.
3815 5171 3915 5214 Sa-

2213 5222 2511 5271 mardocos.
2534 5223 2694 5269 AtEr.
2726 5226 2778 5270 et
2796 5222 2919 5270 Lov.
2951 5223 3324 5282 Sarmadacos;
3350 5225 3424 5273 uti
3441 5222 3601 5272 etiam
3614 5226 3801 5274 scribit
3831 5241 3916 5274 ve~

2214 5287 2299 5331 tus
2320 5288 2700 5332 commentator
2711 5284 2926 5342 Horatii,
2945 5285 3011 5334 ad
3037 5284 3168 5333 illud
3189 5285 3277 5334 lib.
3304 5290 3349 5344 1,
3365 5287 3516 5335 Satir.
3537 5288 3583 5345 6,
3603 5305 3628 5331 «
3651 5288 3914 5337 Fallacem

2218 5363 2244 5389 (ι
2270 5345 2496 5411 circum;
2520 5363 2546 5390 ››
2575 5346 2663 5394 ubi
2694 5359 2810 5411 eos_
2831 5346 2957 5394 dicit
2983 5366 3006 5389 «
3038 5346 3382 5396 Sarmadacos
3415 5353 3467 5396 et
3495 5349 3774 5411 sortilegos
3807 5364 3913 5398 ma-

2217 5424 2243 5450 «
2273 5406 2598 5471 thematicos,
2627 5407 2715 5471 qui
2750 5407 2834 5471 ad
2857 5415 3021 5456 metas
3058 5413 3379 5471 spectatores
3412 5406 3830 5462 circumstabant
3863 5417 3917 5461 et

2219 5484 2245 5514 «
2275 5467 2546 5531 imperitos
2568 5467 2724 5531 nugis
2750 5468 3018 5520 fallebant.
3046 5487 3073 5515 ι)

2277 5531 2298 5564 8
2329 5530 2452 5595 Bad.
2488 5534 2540 5578 et
2562 5530 2706 5578 Mss”
2737 5531 3002 5591 undecim,
3031 5531 3169 5594 quod
3202 5536 3254 5582 et
3283 5532 3492 5583 videtur
3519 5534 3796 5595 probabile
3824 5547 3920 5586 nec

2215 5593 2401 5649 cessat,
2427 5604 2522 5641 nec
2542 5595 2702 5643 erral.
