4058 6358
209 328 315 378 953

207 445 381 500 faciat
428 447 800 503 adolescens“?
837 453 910 504 At
959 450 1043 504 illi
1086 451 1380 522 probabile
1429 458 1531 510 est.
1586 457 1727 511 Nam
1761 457 1809 511 si
1841 473 1909 512 ex

208 535 400 590 alieno
427 536 710 607 probabili
735 537 1000 610 vivimus,
1029 557 1131 595 nec
1149 546 1214 596 tu
1243 543 1490 599 debuisti
1513 545 1910 601 administrare

204 625 655 695 rempublicam;
680 627 816 698 quia
842 627 1082 699 Epicuro
1103 629 1288 686 visum
1310 637 1397 687 est
1420 649 1537 688 non
1558 650 1679 689 esse
1705 635 1911 690 facien-

204 712 365 766 dum.
389 713 752 769 Adulterabit
768 715 1052 786 igiturille
1065 718 1293 789 juvenis
1310 722 1614 793 conjugem
1633 724 1906 780 alienam:

205 799 306 870 qui
326 801 720 870 deprehensus
741 803 788 856 si
818 803 1014 872 fuerit,
1036 806 1134 861 ubi
1155 811 1208 861 te
1239 807 1493 864 inveniet
1511 826 1545 864 a
1574 827 1687 882 quo
1716 812 1910 866 defen-

201 889 412 945 datur?
445 889 786 962 Quanquam
808 891 980 947 etiam
1000 895 1048 948 si
1078 895 1349 964 inveniat,
1384 897 1523 968 quid
1543 898 1794 954 dicturus
1815 902 1914 954 es?

204 978 456 1048 Negabis
488 980 757 1049 profecto.
796 981 942 1045 Quid
982 982 1029 1036 si
1066 989 1182 1038 tam
1214 985 1432 1040 clarum
1464 992 1566 1055 est,
1601 993 1664 1043 ut
1702 989 1912 1044 frustra

201 1065 500 1121 inﬁciere?
531 1069 907 1124 Persuadebis
935 1071 1227 1136 nimirum,
1261 1079 1535 1146 tanquam
1563 1076 1623 1131 in
1657 1077 1910 1133 Cumano

199 1154 508 1224 gymnasio
533 1158 704 1226 atque
735 1157 873 1211 adeo
897 1158 1292 1230 Neapolitano,
1316 1161 1456 1217 nihil
1481 1180 1609 1218 eum
1630 1182 1906 1236 peccasse,

201 1241 325 1296 imo
354 1242 529 1298 etiam
563 1259 664 1298 nec
703 1260 919 1299 errasse
950 1247 1207 1318 quidem.
1239 1250 1362 1304 Non
1396 1251 1550 1306 enim
1583 1253 1908 1310 faciendum

202 1345 328 1385 esse
358 1331 706 1386 adulterium
732 1349 836 1402 pro
857 1349 990 1388 vero
1021 1336 1130 1390 sibi
1147 1339 1455 1407 persuasit;
1490 1342 1784 1411 probabile
1814 1361 1909 1397 oc-

200 1418 407 1486 currit,
440 1424 666 1474 secutus
717 1425 821 1488 est,
853 1421 1021 1477 fecit:
1063 1430 1161 1478 aut
1207 1426 1444 1481 fortasse
1481 1446 1595 1483 non
1621 1431 1775 1497 fecit,
1812 1433 1910 1487 sed

197 1506 404 1562 fecisse
435 1507 541 1562 sibi
561 1507 713 1562 visus
735 1515 838 1564 est.
862 1511 971 1565 Iste
995 1517 1190 1566 autem
1213 1515 1472 1586 maritus,
1497 1519 1669 1572 homo
1696 1520 1907 1587 fatuus,

200 1596 507 1667 perturbat
554 1597 748 1652 omnia
793 1598 989 1654 litibus
1023 1617 1130 1671 pro
1163 1604 1355 1657 uxoris
1394 1608 1648 1662 castitate
1688 1609 1908 1678 procla-

201 1701 392 1751 mans,
424 1701 555 1739 cum
593 1702 708 1753 qua
738 1686 884 1742 forte
915 1704 1067 1743 nunc
1097 1691 1329 1762 dormit,
1363 1698 1421 1748 et
1448 1695 1646 1750 nescit.
1680 1699 1794 1751 Hoc
1827 1698 1907 1752 illi

196 1772 426 1844 judices
457 1772 504 1826 si
536 1773 942 1844 intellexerint,
985 1781 1082 1830 aut
1110 1779 1405 1850 negligent
1432 1783 1820 1853 Academicos,
1855 1791 1912 1842 et

203 1865 487 1932 tanquam
539 1860 756 1916 crimen
805 1862 1164 1919 verissimum
1217 1867 1496 1938 punient;
1551 1876 1648 1925 aut
1698 1873 1909 1929 eisdem

202 1948 692 2019 obtemperantes,
714 1950 1098 2007 verisimiliter
1108 1954 1404 2011 hominem
1424 1958 1910 2033 probabiliterque

203 2036 586 2104 damnabunt,
632 2042 692 2092 ut
719 2039 841 2110 jam
882 2039 1018 2111 quid
1049 2047 1182 2112 agat
1217 2043 1322 2098 iste
1360 2051 1634 2115 patronus
1674 2066 1910 2118 prorsus

206 2125 456 2196 ignoret.
489 2125 588 2180 Cui
613 2126 769 2182 enim
795 2134 1122 2184 succenseat
1142 2147 1256 2185 non
1279 2131 1533 2204 habebit,
1559 2152 1687 2191 cum
1710 2154 1910 2193 omnes

205 2230 268 2268 se
299 2213 445 2268 nihil
475 2231 690 2271 errasse
739 2216 956 2285 dicant;
1007 2220 1238 2290 quando
1279 2237 1395 2276 non
1435 2225 1823 2294 assentientes,
1851 2228 1909 2282 id

206 2303 367 2374 quod
396 2302 582 2358 visum
619 2309 722 2372 est,
757 2305 1053 2376 probabile
1085 2308 1343 2364 fecerint.
1373 2311 1555 2367 Ponet
1581 2313 1756 2384 igitur
1785 2332 1910 2386 per-

207 2407 409 2446 sonam
435 2393 684 2462 patroni,
717 2399 774 2448 et
809 2395 1134 2468 philosophi
1177 2399 1550 2456 consolatoris
1599 2403 1906 2474 suscipiet:

207 2479 293 2534 ita
312 2479 476 2534 facile
496 2481 860 2551 adolescenti,
891 2485 991 2554 qui
999 2485 1120 2555 jam
1141 2490 1364 2541 tantum
1385 2488 1444 2542 in
1464 2491 1766 2545 Academia
1786 2510 1910 2563 pre-

207 2568 426 2636 fecerit,
447 2571 811 2640 persuadebit
831 2577 890 2626 ut
912 2589 972 2627 se
1000 2578 1272 2644 tanquam
1294 2575 1355 2630 in
1375 2579 1592 2632 somnis
1607 2584 1768 2649 putet
1788 2598 1908 2636 esse

211 2658 567 2712 damnatum.
627 2660 737 2714 Sed
789 2677 885 2714 vos
924 2677 1014 2715 me
1050 2663 1230 2732 jocari
1269 2665 1662 2722 arbitramini:
1698 2669 1907 2740 liquet1

210 2747 467 2817 dejerare
490 2763 596 2818 per
615 2765 786 2802 omne
806 2749 1062 2804 divinum
1087 2751 1230 2821 (Lib.
1248 2755 1278 2808 Ι
1294 2756 1524 2810 Βθεναοι.
1547 2773 1666 2826 cap.
1696 2761 1745 2828 l,
1761 2761 1909 2828 11.4),

210 2835 430 2889 nescire
458 2852 546 2890 me
565 2853 800 2905 prorsus
829 2839 1122 2909 quomodo
1149 2839 1254 2894 iste
1282 2844 1598 2912 peccaverit
1628 2865 1642 2911 ;
1676 2845 1721 2898 si
1751 2846 1907 2915 quis-

209 2921 344 2992 quis
370 2922 430 2976 id
446 2923 630 2992 egerit
649 2925 800 2994 quod
828 2926 1124 2994 probabile
1145 2925 1386 2994 videtur,
1409 2945 1520 2982 non
1553 2935 1765 3000 peccat.
1790 2931 1910 2986 Nisi

208 3010 357 3065 forte
387 3010 446 3064 in
476 3015 663 3066 totum
692 3012 849 3068 aliud
870 3028 992 3068 esse
1014 3013 1212 3069 dicunt
1233 3031 1442 3084 errare,
1467 3017 1620 3072 aliud
1642 3035 1906 3089 peccare;

211 3114 387 3169 seque
403 3098 519 3155 illis
537 3101 838 3172 praeceptis
859 3102 1043 3173 egisse
1069 3119 1141 3158 ne
1167 3093 1443 3174 erremus,
1463 3123 1696 3178 peccare
1715 3113 1909 3163 autem

209 3187 357 3241 nihil
392 3185 666 3259 magnum
698 3206 818 3244 esse
849 3190 1096 3246 duxisse.

285 3279 373 3330 36.
431 3277 608 3332 Taceo
655 3277 723 3332 de
777 3279 1121 3346 homicidiis,
1182 3281 1520 3352 parricidiis,
1577 3285 1904 3356 sacrilegiis,

211 3365 593 3436 omnibusque
607 3367 864 3434 omnino,
879 3383 1008 3439 qua:
1027 3368 1154 3423 ﬁeri
1175 3374 1271 3424 aut
1289 3370 1521 3442 cogitari
1538 3377 1793 3442 possunt,
1820 3373 1912 3427 ila-

210 3452 371 3524 giliis
401 3458 498 3508 aut
523 3454 898 3525 facinoribus,
938 3473 1068 3528 quas
1106 3459 1301 3528 paucis
1329 3460 1531 3527 verbis,
1564 3465 1620 3515 et
1643 3461 1796 3532 quod
1828 3467 1911 3516 est

211 3542 462 3613 gravius,
485 3544 635 3614 apud
651 3543 1106 3614 sapientissimos
1122 3546 1346 3617 judices
1370 3548 1780 3604 defenduntur:
1813 3549 1909 3604 Ni-

209 3632 297 3686 hil
323 3634 604 3698 consensi,
638 3639 692 3688 et
719 3635 850 3689 ideo
883 3651 1003 3689 non
1033 3635 1234 3690 erravi.
1259 3637 1553 3701 Quomodo
1584 3643 1774 3692 autem
1797 3655 1911 3693 non

209 3721 458 3775 facerem
498 3723 647 3793 quod
696 3724 989 3793 probabile
1034 3724 1221 3778 visum
1265 3727 1386 3779 est?
1429 3726 1536 3789 Qui
1574 3732 1768 3780 autem
1796 3743 1910 3781 non

210 3815 422 3882 putant
440 3811 548 3866 ista
565 3811 938 3882 probabiliter
967 3828 1133 3882 posse
1170 3813 1522 3884 persuaderi,
1565 3814 1756 3884 legant
1785 3829 1910 3866 ora-

210 3900 433 3956 tionem
447 3901 729 3970 Catilinas,
741 3917 855 3972 qua
865 3901 1066 3972 patria:
1077 3902 1474 3972 parricidium,
1490 3919 1605 3973 quo
1616 3918 1730 3956 uno
1745 3902 1911 3955 couti-

211 3995 428 4045 nentur
447 3990 642 4044 omnia
661 3990 895 4060 scelera,
910 3991 1194 4061 persuasit
1207 3991 1455 4060 (Sallust.
1467 4033 1479 4056 ,
1491 3992 1556 4044 de
1569 3993 1708 4045 Bello
1725 3991 1880 4047 Catil.
1894 4029 1909 4054 ,

211 4095 335 4148 cap.
375 4082 478 4142 l2).
505 4079 630 4134 Jam
665 4078 808 4133 illud
835 4079 964 4150 quis
1001 4096 1118 4134 non
1149 4080 1330 4134 ridet?
1369 4079 1482 4150 Ipsi
1519 4079 1734 4145 dicunt,
1769 4079 1910 4133 nihil

212 4183 275 4222 se
307 4167 366 4220 in
391 4167 611 4237 agendo
643 4167 807 4238 sequi
827 4167 940 4222 nisi
967 4168 1284 4238 probabile,
1309 4175 1364 4222 et
1380 4173 1645 4239 quaerunt
1675 4184 1910 4239 magno-

211 4271 353 4326 pere
381 4254 702 4322 veritatem,
735 4272 866 4309 cum
896 4255 976 4310 eis
1005 4256 1080 4310 sit
1108 4257 1404 4326 probabile
1433 4273 1548 4311 non
1579 4273 1743 4328 posse
1763 4257 1914 4310 inve-

211 4343 347 4398 niri.
387 4343 430 4398 0
463 4343 674 4397 mirum
700 4349 1046 4401 monstrum!
1077 4345 1181 4401 Sed
1204 4347 1312 4400 hoc
1342 4346 1689 4413 omittamus,
1723 4345 1914 4400 minus

211 4429 275 4485 id
307 4430 378 4484 ad
404 4447 530 4497 nos,
563 4431 750 4485 minus
778 4433 849 4486 ad
880 4432 1010 4487 vita:
1033 4438 1241 4487 nostrae
1263 4433 1588 4501 discrimen,
1623 4435 1814 4488 minus
1845 4434 1913 4488 ad

212 4520 582 4574 fortunarum
626 4521 948 4591 periculum
999 4522 1267 4592 pertinet.
1319 4523 1466 4577 Illud
1509 4527 1594 4577 est
1653 4522 1912 4593 capitale,

213 4607 358 4662 illud
387 4608 840 4672 formidolosum,
862 4609 1003 4664 illud
1033 4610 1248 4680 optimo
1278 4611 1486 4682 cuique
1513 4611 1912 4679 metuendum,

139 4762 141 4764 _
213 4697 368 4767 quod
403 4697 560 4750 nefas
609 4713 800 4763 omne,
850 4697 897 4751 si
937 4699 1060 4752 haac
1099 4699 1246 4752 ratio
1276 4699 1585 4769 probabilis
1623 4699 1752 4767 erit,
1783 4715 1914 4754 cum

213 4784 513 4854 probabile
545 4785 810 4856 cuiquam
841 4786 1025 4840 visum
1068 4787 1240 4841 fuerit
1270 4803 1390 4841 esse
1419 4787 1760 4857 faciendum,
1786 4793 1911 4842 tan-

214 4879 343 4928 tum
373 4873 518 4927 nulli
548 4874 710 4946 quasi
742 4890 875 4929 vero
907 4875 1265 4943 assentiatur,
1295 4892 1414 4930 non
1442 4877 1627 4930 solum
1647 4876 1769 4930 sine
1800 4893 1913 4930 sce-

211 4961 370 5025 leris,
396 4962 492 5016 sed
528 4962 698 5016 etiam
729 4962 850 5017 sine
881 4964 1090 5018 erroris
1118 4963 1536 5034 vituperatione
1572 4965 1911 5019 committat.

211 5050 362 5115 Quid
395 5053 570 5121 ergo?
607 5053 736 5106 Haec
773 5052 857 5105 illi
895 5069 1010 5107 non
1048 5053 1352 5108 viderunt?
1391 5055 1510 5107 Imo
1548 5053 1916 5108 solertissime

281 5243 296 5276 ¹
320 5242 467 5295 Lov.,
498 5240 637 5306 libet.
665 5241 978 5306 Restituitur
1005 5255 1069 5306 ex
1093 5243 1229 5301 Am.,
1259 5243 1344 5291 Er.
1371 5246 1424 5292 et
1450 5243 1593 5302 Mss,
1613 5243 1800 5306 liquet
1827 5243 1914 5292 de-

203 5303 429 5366 jerare;
451 5304 591 5365 quod
613 5303 724 5366 jam
752 5304 804 5351 in
831 5304 922 5352 lib.
953 5308 972 5352 1
1004 5305 1226 5353 Retraet.
1250 5320 1295 5353 c.
1326 5309 1346 5352 1
1375 5303 1746 5354 annotavimus
1765 5319 1914 5352 usur-

214 5370 399 5430 patum
429 5378 636 5430 esseex
670 5365 930 5414 Terentio.
961 5367 1117 5430 Hunc
1135 5380 1324 5430 nempe
1362 5372 1516 5430 atque
1546 5367 1676 5430 alios
1707 5367 1914 5430 politio-

213 5427 288 5476 i'is
311 5427 588 5490 latinitatis
617 5430 856 5490 auctores
885 5428 1120 5476 aemulari
1146 5427 1354 5476 amabat
1377 5427 1724 5490 Augustinus,
1749 5430 1804 5478 in
1835 5429 1915 5477 his

215 5489 406 5558 litteris
436 5489 593 5558 «_ja_m
630 5489 843 5558 quidem
880 5490 1231 5558 servientibus
1254 5491 1376 5558 Deo,
1411 5489 1701 5558 sedadhuc
1736 5505 1914 5558 super-

215 5569 244 5616 ᾳ
264 5550 918 5616 bire_seh_olam;tanquam
947 5553 1001 5601 in
1030 5551 1340 5616 pausatione
1365 5550 1766 5610 'anhelantibus,
1790 5550 1820 5600 »ἶ
1851 5556 1912 5602 ut

215 5615 327 5676 ipse
348 5613 421 5662 ait
447 5613 542 5662 lib.
578 5614 608 5661 9
633 5611 848 5662 Conffc.
880 5617 926 5663 4.

1682 334 1894 392 LIBER
1934 337 2267 394 TERTIUS.

3615 357 3723 408 954

2015 459 2871 535 prudentissimequeviderunt,
2896 483 2998 521 nec
3020 468 3162 523 mihi
3181 470 3294 523 ullo
3311 477 3475 541 pacto
3493 477 3714 529 tantum

2017 549 2425 620 arrogaverim,
2461 557 2520 606 ut
2549 554 2618 608 IlI.
2663 555 2909 610 Tullium
2962 557 3156 628 aliqua
3186 574 3249 612 ex
3297 565 3457 630 parte
3509 579 3716 632 sequar

2017 635 2317 708 industria,
2365 639 2678 710 vigilantia,
2723 643 2980 714 ingenio,
3033 646 3332 700 doctrina:
3385 649 3475 702 cui
3525 655 3716 704 tamen

2016 727 2311 795 asserenti,
2365 728 2510 782 nihil
2553 729 2694 784 scire
2739 749 2902 802 posse
2950 734 3268 802 hominem,
3313 736 3360 789 si
3390 737 3496 790 hoc
3527 739 3717 793 solum

2017 812 2319 883 diceretur,
2366 815 2489 871 Scio
2540 816 2620 872 ita
2661 819 2840 873 videri
2887 821 3074 888 mihi;
3131 823 3277 878 unde
3323 824 3384 879 id
3429 825 3723 880 refelleret

2018 909 2134 948 non
2165 894 2424 950 haberet.

2017 982 2246 1036 CAPUT
2282 984 2442 1039 XVII.
2487 1013 2555 1024 —
2584 985 2897 1040 Academici
2937 1003 3103 1056 quare
3132 989 3534 1046 dissimularint
3564 1006 3720 1047 suam

2709 1060 3035 1112 sententiam.

2090 1136 2174 1188 37.
2205 1132 2351 1198 Quid
2381 1133 2558 1204 igitur
2593 1135 2811 1205 placuit
2840 1137 3010 1190 tantis
3036 1137 3168 1191 viris
3197 1141 3488 1212 perpetuis
3509 1145 3563 1195 et
3587 1158 3714 1212 per-

2016 1220 2296 1275 tinacibus
2315 1223 2778 1277 contentionibus
2799 1240 2990 1294 agere,
3012 1240 3085 1278 ne
3107 1224 3164 1278 in
3187 1242 3533 1298 quemquam
3556 1227 3718 1281 cade-

2017 1323 2078 1362 re
2107 1309 2224 1363 veri
2246 1309 2480 1364 scientia
2505 1310 2830 1365 videretur?
2849 1313 3054 1367 Audite
3079 1314 3200 1383 jam
3224 1316 3397 1384 paulo
3419 1316 3716 1383 attentius,

2018 1412 2136 1450 non
2161 1397 2300 1467 quid
2330 1397 2525 1463 sciam,
2550 1398 2647 1452 sed
2676 1399 2816 1470 quid
2837 1399 3156 1454 existimem
3180 1419 3192 1455 :
3217 1401 3323 1455 hoc
3348 1403 3504 1455 enim
3534 1403 3604 1456 ad
3636 1404 3720 1456 ul-

2016 1483 2224 1551 timum
2261 1486 2642 1553 reservabam,
2688 1492 2751 1540 ut
2778 1487 3140 1558 explicarem,
3183 1489 3229 1543 si
3266 1505 3517 1560 possem,
3551 1491 3719 1560 quale

2017 1572 2160 1626 mihi
2187 1573 2447 1629 videatur
2483 1590 2604 1628 esse
2641 1579 2825 1629 totum
2871 1577 3340 1631 Academicorum
3379 1578 3712 1634 consilium.

2017 1661 2176 1715 Plato
2216 1661 2302 1715 vir
2343 1662 2793 1732 sapientissimus
2833 1668 2888 1717 et
2925 1665 3344 1719 eruditissimus
3391 1670 3718 1736 temporum

2017 1765 2271 1816 suorum,
2302 1750 2402 1820 qui
2432 1755 2488 1804 et
2506 1751 2584 1803 ita
2609 1752 2828 1805 locutus
2849 1756 2953 1820 est,
2985 1757 3048 1806 ut
3076 1769 3452 1824 quascumque
3481 1754 3717 1821 diceret,

2017 1853 2226 1908 magna
2251 1838 2478 1908 fierent,
2505 1843 2560 1892 et
2601 1855 2667 1893 ea
2695 1839 2917 1893 locutus
2943 1845 3048 1905 est,
3080 1844 3143 1893 ut
3174 1841 3718 1911 quomodocumque

2017 1925 2249 1992 diceret,
2273 1943 2447 1996 parva
2465 1943 2578 1981 non
2605 1927 2805 1981 ﬁerent
2827 1927 2967 1998 (Lib.
2991 1930 3018 1982 Ι
3031 1932 3293 1995 Retract.,
3318 1945 3438 1998 cap.
3469 1934 3518 1998 l,
3540 1945 3598 1984 η.
3621 1931 3678 1999 4)
3701 1947 3714 1997 ;

2019 2013 2225 2068 dicitur
2252 2020 2382 2084 post
2409 2020 2651 2074 mortem
2687 2016 2928 2069 Socratis
2970 2015 3229 2085 magistri
3257 2016 3365 2081 sui,
3397 2033 3569 2088 quem
3599 2017 3716 2070 sin-

2017 2103 2596 2172 gulariterdilexerat,
2619 2120 2652 2157 a
2667 2103 3035 2174 Pythagoreis
3047 2104 3219 2157 etiam
3233 2105 3412 2158 multa
3427 2104 3713 2169 didicisse.

2017 2191 2367 2261 Pythagoras
2406 2195 2598 2246 autem
2628 2207 2815 2262 graeca
2845 2192 3205 2263 philosophia
3245 2209 3360 2246 non
3392 2197 3714 2260 contentus,

2018 2294 2147 2349 quae
2178 2284 2314 2333 tunc
2342 2283 2441 2332 aut
2469 2295 2616 2349 pene
2645 2280 2802 2333 nulla
2833 2284 2972 2340 erat.
3005 2286 3105 2333 aut
3134 2285 3282 2334 certe
3310 2281 3714 2344 occultissima,

2016 2372 2320 2439 postquam
2339 2374 2654 2423 commotus
2674 2370 3013 2440 Pherecydes
3037 2370 3335 2439 cujusdam
3360 2371 3485 2440 Syri
3514 2371 3706 2441 dispu-

2014 2456 2347 2524 tationibus,
2369 2458 2755 2512 immortalem
2785 2474 2905 2512 esse
2931 2458 3189 2512 animum
3216 2459 3475 2524 credidit,
3501 2460 3713 2512 multos

2017 2545 2301 2615 sapientes
2331 2546 2502 2601 etiam
2538 2547 2704 2616 longe
2748 2549 2971 2618 lateque
3000 2546 3399 2617 peregrinatus
3430 2547 3714 2603 audierat.

2019 2633 2199 2703 Igitur
2229 2635 2384 2688 Plato
2423 2633 2694 2703 adjiciens
2736 2635 2918 2704 lepori
2959 2635 3374 2705 subtilitatique
3414 2636 3712 2690 Socraticae

2019 2737 2192 2792 quam
2222 2721 2282 2774 in
2314 2722 2624 2775 moralibus
2649 2722 2868 2788 habuit,
2897 2723 3243 2776 naturalium
3273 2723 3713 2794 divinarumque

2016 2825 2210 2863 rerum
2231 2809 2519 2878 peritiam,
2544 2825 2716 2879 quam
2735 2809 2804 2863 ab
2819 2809 2898 2862 eis
2912 2826 3056 2879 quos
3081 2810 3390 2864 memoravi
3413 2811 3724 2881 diligenter

2016 2901 2335 2966 acceperat;
2367 2897 2831 2967 subjungensque
2872 2897 3035 2967 quasi
3072 2897 3460 2951 formatricem
3490 2898 3720 2953 illarum

2016 2985 2289 3054 partium,
2317 2984 2684 3055 judicemque
2715 2984 3087 3048 dialecticam,
3120 3001 3249 3055 quae
3273 2991 3371 3039 aut
3390 2985 3514 3055 ipsa
3543 2992 3710 3052 esset,

2019 3080 2115 3130 aut
2144 3076 2266 3130 sine
2295 3092 2409 3147 qua
2448 3074 2717 3146 sapientia
2749 3074 2986 3129 omnino
3018 3091 3138 3128 esse
3167 3091 3285 3128 non
3314 3079 3506 3145 posset
3533 3096 3548 3142 ;
3589 3093 3720 3146 per-

2016 3166 2223 3220 fectam
2252 3164 2460 3219 dicitur
2497 3163 2878 3233 composuisse
2917 3163 3295 3234 philosophia:
3337 3163 3720 3235 disciplinam,

2019 3255 2088 3310 de
2122 3269 2234 3324 qua
2261 3269 2413 3307 nunc
2438 3251 2711 3307 disserere
2737 3257 2962 3322 tempus
2985 3252 3002 3282 ¹
3044 3267 3161 3306 non
3189 3257 3291 3306 est.
3325 3252 3422 3306 Sat
3453 3257 3537 3306 est
3566 3253 3722 3308 enim

2019 3343 2087 3396 ad
2108 3341 2165 3395 id
2187 3341 2342 3412 quod
2361 3341 2511 3406 volo,
2535 3341 2829 3394 Platonem
2857 3341 3097 3394 sensisse
3130 3341 3274 3394 duos
3299 3357 3420 3394 esse
3443 3343 3719 3396 mundos:

2021 3446 2200 3485 unum
2246 3428 2692 3500 intelligibilem,
2741 3429 2800 3482 in
2831 3446 2946 3500 quo
2994 3429 3118 3500 ipsa
3145 3429 3352 3482 veritas
3400 3429 3720 3485 habitaret:

2019 3520 2191 3574 istum
2216 3523 2407 3572 autem
2423 3517 2772 3584 sensibilem,
2797 3534 2968 3589 quem
2990 3517 3355 3572 manifestum
3375 3524 3580 3573 estnos
3603 3519 3724 3573 visu

2019 3611 2284 3678 tactuque
2315 3607 2547 3660 sentire.
2582 3607 2780 3677 Itaque
2810 3606 2973 3660 illum
2997 3622 3218 3673 verum,
3241 3607 3394 3660 hunc
3426 3607 3542 3660 veri
3573 3607 3727 3661 simi-

2021 3696 2133 3749 lem
2163 3701 2220 3750 et
2248 3695 2314 3749 ad
2347 3695 2501 3748 illius
2541 3695 2855 3764 imaginem
2887 3695 3119 3749 factum.
3169 3696 3234 3748 Et
3273 3695 3403 3750 ideo
3437 3695 3505 3748 de
3535 3696 3633 3750 illo
3664 3696 3724 3749 in

2019 3800 2104 3845 ea,
2138 3799 2266 3853 qua).
2290 3799 2348 3836 se
2387 3789 2774 3852 cognosceret,
2807 3782 3001 3837 anima
3021 3783 3175 3837 velut
3205 3782 3446 3853 expoliri
3477 3788 3532 3836 et
3562 3785 3724 3854 quasi

2019 3871 2274 3925 serenari
2305 3872 2624 3937 veritatem;
2651 3871 2720 3925 de
2747 3871 2855 3925 hoc
2881 3875 3072 3924 autem
3093 3869 3152 3924 in
3179 3871 3487 3924 stultorum
3519 3870 3724 3923 animis

2020 3975 2137 4012 non
2163 3958 2476 4025 scientiam,
2514 3959 2611 4013 sed
2639 3959 2975 4029 opinionem
3013 3975 3181 4029 posse
3223 3958 3506 4029 generari.
3549 3957 3722 4022 Quid-

2019 4047 2160 4116 quid
2195 4052 2390 4100 tamen
2423 4051 2689 4116 ageretur
2716 4047 2776 4101 in
2807 4047 2914 4100 hoc
2953 4047 3167 4101 mundo
3200 4063 3304 4116 per
3333 4062 3427 4101 eas
3456 4046 3716 4109 virtutes,

2020 4150 2162 4204 quas
2192 4133 2380 4187 civiles
2405 4134 2655 4200 vocabat,
2691 4133 2933 4188 aliarum
2965 4150 3228 4188 verarum
3259 4133 3537 4188 virtutum
3564 4133 3722 4187 simi-

2021 4223 2122 4289 les,
2155 4239 2307 4293 quze,
2331 4221 2441 4276 nisi
2466 4222 2661 4292 paucis
2705 4222 3079 4292 sapientibus,
3117 4222 3330 4294 ignotas
3361 4227 3571 4288 essent,
3605 4238 3724 4276 non

2020 4327 2189 4381 posse
2221 4311 2332 4364 nisi
2363 4311 2669 4366 verisimile
2705 4311 3017 4365 nominari.

2092 4403 2177 4456 38.
2207 4402 2338 4456 Haec
2371 4405 2427 4455 et
2455 4401 2564 4455 alia
2589 4400 2918 4471 hujusmodi
2949 4399 3092 4454 mihi
3118 4399 3386 4455 videntur
3414 4399 3564 4454 inter
3591 4415 3715 4454 suc-

2022 4505 2267 4544 cessores
2297 4490 2437 4560 ejus,
2472 4493 2754 4559 quantum
2785 4493 3068 4559 poterant,
3103 4505 3222 4543 esse
3255 4493 3500 4557 servata,
3534 4493 3590 4541 et
3616 4505 3722 4559 pro

2020 4577 2303 4649 mysteriis
2319 4577 2617 4632 custodita.
2645 4579 2770 4632 Non
2791 4577 2946 4631 enim
2967 4582 3066 4631 aut
3088 4577 3249 4630 facile
3271 4576 3380 4632 ista
3399 4577 3722 4648 percipiun-

2021 4671 2134 4732 tur,
2165 4666 2275 4720 nisi
2306 4666 2374 4720 ab
2406 4665 2486 4720 eis
2507 4665 2607 4736 qui
2627 4681 2686 4721 se
2716 4665 2787 4718 ab
2811 4664 3077 4718 omnibus
3100 4664 3249 4718 vitiis
3271 4667 3639 4733 mundantes,
3665 4664 3727 4718 in

2020 4755 2190 4808 aliam
2222 4754 2530 4824 quamdam
2556 4754 2683 4823 plus
2716 4769 2889 4823 quam
2912 4754 3225 4807 humanam
3246 4753 3721 4815 consuetudinem

2021 4841 2459 4908 vindicaverint;
2476 4845 2573 4895 aut
2586 4856 2700 4894 non
2717 4840 2964 4911 graviter
2980 4845 3174 4911 peccat
3188 4837 3450 4913 quisquis
3463 4859 3529 4895 ea
3543 4841 3728 4895 sciens

2023 4930 2307 5001 quoslibet
2352 4929 2618 4984 homines
2651 4931 2853 4985 docere
2901 4929 3161 4986 voluerit.
3207 4931 3405 5002 Itaque
3439 4933 3726 4984 Zenonem

2022 5018 2337 5089 principem
2369 5017 2708 5082 Stoicorum,
2743 5035 2875 5074 cum
2902 5019 3024 5090 jam
3057 5017 3404 5089 quibusdam
3437 5017 3640 5072 auditis
3672 5021 3729 5068 et

2021 5106 2270 5172 creditis,
2299 5105 2361 5159 in
2391 5091 2642 5161 scholam
2663 5108 2919 5162 relictam
2941 5125 2970 5162 a
2996 5109 3229 5162 Platone
3261 5107 3524 5172 venisset,
3549 5119 3723 5172 quam

2021 5212 2157 5263 tunc
2186 5197 2419 5251 Polemo
2453 5195 2749 5263 retinebat,
2791 5203 3116 5268 suspectum
3159 5196 3417 5250 habitum
3448 5191 3724 5260 suspicor,

2023 5302 2126 5340 nec
2156 5286 2331 5340 talem
2366 5284 2549 5339 visum
2595 5287 2686 5340 cui
2726 5287 3012 5341 Platonica
3055 5286 3152 5340 illa
3183 5285 3335 5337 velut
3372 5283 3726 5335 sacrosancta

2023 5376 2246 5429 decreta
2275 5375 2440 5428 facile
2460 5375 2628 5445 prodi
2650 5375 3048 5444 committique
3067 5373 3360 5434 deberent,
3382 5367 3727 5438 priusquam

2024 5462 2362 5518 dedicisset’
2391 5480 2476 5524 ea,
2517 5479 2644 5534 quas
2671 5464 2728 5518 in
2760 5464 2917 5517 illam
2951 5462 3202 5515 scholam
3233 5458 3302 5511 ab
3334 5456 3460 5510 aliis
3494 5462 3724 5526 accepta

2087 5553 2098 5587 ¹
2127 5553 2184 5600 lu
2211 5553 2288 5612 B.,
2320 5554 2586 5612 temporis.
2620 5551 2802 5600 Casteri
2828 5563 3009 5599 omnes
3038 5546 3183 5606 editi,
3211 5549 3429 5609 tempus.
3498 5544 3567 5595 Μ.

2084 5615 2106 5648 ²
2132 5615 2253 5664 Lov.
2273 5652 2285 5673 ,
2313 5614 2698 5664 dedocuissent.
