  <div class='ocr_page' id='page_1' title='image "/cluster/home/n/w/nwhite01/storage/ocr_20150623/32/umn.31951002477326y/489.png"; bbox 0 0 4058 6354; ppageno 0'>
   <div class='ocr_carea' id='block_1_1' title="bbox 331 287 432 338">
    <p class='ocr_par' dir='ltr' id='par_1_1' title="bbox 331 287 432 338">
     <span class='ocr_line' id='line_1_1' title="bbox 331 287 432 338; baseline -0.01 0"><span class='ocrx_word' id='word_1_1' title='bbox 331 287 432 338; x_wconf 73' lang='grc'>955</span> 
     </span>
    </p>
   </div>
   <div class='ocr_carea' id='block_1_2' title="bbox 329 405 2023 471">
    <p class='ocr_par' dir='ltr' id='par_1_2' title="bbox 329 405 2023 471">
     <span class='ocr_line' id='line_1_2' title="bbox 329 405 2023 471; baseline 0.001 -11"><span class='ocrx_word' id='word_1_2' title='bbox 329 406 632 460; x_wconf 85' lang='lat' dir='ltr'>detulerat.</span> <span class='ocrx_word' id='word_1_3' title='bbox 671 405 902 462; x_wconf 83' lang='lat' dir='ltr'>Moritur</span> <span class='ocrx_word' id='word_1_4' title='bbox 941 407 1189 471; x_wconf 87' lang='lat' dir='ltr'>Polemo,</span> <span class='ocrx_word' id='word_1_5' title='bbox 1230 406 1476 461; x_wconf 87' lang='lat' dir='ltr'>succedit</span> <span class='ocrx_word' id='word_1_6' title='bbox 1502 407 1554 461; x_wconf 91' lang='lat' dir='ltr'>ei</span> <span class='ocrx_word' id='word_1_7' title='bbox 1583 406 1897 462; x_wconf 86' lang='lat' dir='ltr'>Archesilas</span> <span class='ocrx_word' id='word_1_8' title='bbox 1925 409 2023 461; x_wconf 91' lang='lat' dir='ltr'>Ze-</span> 
     </span>
    </p>
   </div>
   <div class='ocr_carea' id='block_1_3' title="bbox 331 493 2027 565">
    <p class='ocr_par' dir='ltr' id='par_1_3' title="bbox 331 493 2027 565">
     <span class='ocr_line' id='line_1_3' title="bbox 331 493 2027 565; baseline 0 -17"><span class='ocrx_word' id='word_1_9' title='bbox 331 493 500 548; x_wconf 89' lang='lat' dir='ltr'><strong>nonis</strong></span> <span class='ocrx_word' id='word_1_10' title='bbox 529 493 763 565; x_wconf 86' lang='lat' dir='ltr'>quidem</span> <span class='ocrx_word' id='word_1_11' title='bbox 799 494 1244 564; x_wconf 87' lang='lat' dir='ltr'>condiscipulus,</span> <span class='ocrx_word' id='word_1_12' title='bbox 1283 495 1382 549; x_wconf 91' lang='lat' dir='ltr'>sed</span> <span class='ocrx_word' id='word_1_13' title='bbox 1409 495 1513 549; x_wconf 91' lang='lat' dir='ltr'>sub</span> <span class='ocrx_word' id='word_1_14' title='bbox 1550 494 1874 550; x_wconf 88' lang='lat' dir='ltr'>Polemonis</span> <span class='ocrx_word' id='word_1_15' title='bbox 1904 511 2027 549; x_wconf 90' lang='lat' dir='ltr'>ma-</span> 
     </span>
    </p>
   </div>
   <div class='ocr_carea' id='block_1_4' title="bbox 331 583 2023 655">
    <p class='ocr_par' dir='ltr' id='par_1_4' title="bbox 331 583 2023 655">
     <span class='ocr_line' id='line_1_4' title="bbox 331 583 2023 655; baseline 0.002 -20"><span class='ocrx_word' id='word_1_16' title='bbox 331 583 587 653; x_wconf 91' lang='lat' dir='ltr'>gisterio.</span> <span class='ocrx_word' id='word_1_17' title='bbox 606 583 996 647; x_wconf 84' lang='lat' dir='ltr'>Quamobrem</span> <span class='ocrx_word' id='word_1_18' title='bbox 1008 600 1137 638; x_wconf 89' lang='lat' dir='ltr'>cum</span> <span class='ocrx_word' id='word_1_19' title='bbox 1153 587 1300 638; x_wconf 90' lang='lat' dir='ltr'>Zeno</span> <span class='ocrx_word' id='word_1_20' title='bbox 1320 601 1422 638; x_wconf 89' lang='lat' dir='ltr'>sua</span> <span class='ocrx_word' id='word_1_21' title='bbox 1433 584 1678 655; x_wconf 90' lang='lat' dir='ltr'>quadam</span> <span class='ocrx_word' id='word_1_22' title='bbox 1697 583 1766 637; x_wconf 91' lang='lat' dir='ltr'>de</span> <span class='ocrx_word' id='word_1_23' title='bbox 1783 585 2023 652; x_wconf 90' lang='lat' dir='ltr'>mundo,</span> 
     </span>
    </p>
   </div>
   <div class='ocr_carea' id='block_1_5' title="bbox 331 670 2027 743">
    <p class='ocr_par' dir='ltr' id='par_1_5' title="bbox 331 670 2027 743">
     <span class='ocr_line' id='line_1_5' title="bbox 331 670 2027 743; baseline 0.001 -19"><span class='ocrx_word' id='word_1_24' title='bbox 331 675 394 724; x_wconf 92' lang='lat' dir='ltr'>et</span> <span class='ocrx_word' id='word_1_25' title='bbox 423 670 669 724; x_wconf 85' lang='lat' dir='ltr'>maxime</span> <span class='ocrx_word' id='word_1_26' title='bbox 699 671 769 725; x_wconf 91' lang='lat' dir='ltr'>de</span> <span class='ocrx_word' id='word_1_27' title='bbox 801 671 1009 738; x_wconf 91' lang='lat' dir='ltr'>anima,</span> <span class='ocrx_word' id='word_1_28' title='bbox 1044 677 1278 743; x_wconf 88' lang='lat' dir='ltr'>propter</span> <span class='ocrx_word' id='word_1_29' title='bbox 1305 689 1478 742; x_wconf 87' lang='lat' dir='ltr'>quam</span> <span class='ocrx_word' id='word_1_30' title='bbox 1506 688 1637 726; x_wconf 88' lang='lat' dir='ltr'>vera</span> <span class='ocrx_word' id='word_1_31' title='bbox 1665 671 2027 742; x_wconf 86' lang='lat' dir='ltr'>philosophia</span> 
     </span>
    </p>
   </div>
   <div class='ocr_carea' id='block_1_6' title="bbox 331 758 2028 830">
    <p class='ocr_par' dir='ltr' id='par_1_6' title="bbox 331 758 2028 830">
     <span class='ocr_line' id='line_1_6' title="bbox 331 758 2028 830; baseline 0.003 -19"><span class='ocrx_word' id='word_1_32' title='bbox 331 758 554 830; x_wconf 81' lang='lat' dir='ltr'>vigilat,</span> <span class='ocrx_word' id='word_1_33' title='bbox 581 759 862 814; x_wconf 86' lang='lat' dir='ltr'>sententia</span> <span class='ocrx_word' id='word_1_34' title='bbox 883 760 1273 827; x_wconf 82' lang='lat' dir='ltr'>delectaretur,</span> <span class='ocrx_word' id='word_1_35' title='bbox 1296 760 1486 814; x_wconf 90' lang='lat' dir='ltr'>dicens</span> <span class='ocrx_word' id='word_1_36' title='bbox 1516 776 1641 814; x_wconf 89' lang='lat' dir='ltr'>eam</span> <span class='ocrx_word' id='word_1_37' title='bbox 1672 777 1791 815; x_wconf 90' lang='lat' dir='ltr'>esse</span> <span class='ocrx_word' id='word_1_38' title='bbox 1823 767 2028 816; x_wconf 90' lang='lat' dir='ltr'>morta-</span> 
     </span>
    </p>
   </div>
   <div class='ocr_carea' id='block_1_7' title="bbox 331 849 2026 919">
    <p class='ocr_par' dir='ltr' id='par_1_7' title="bbox 331 849 2026 919">
     <span class='ocr_line' id='line_1_7' title="bbox 331 849 2026 919; baseline 0.001 -18"><span class='ocrx_word' id='word_1_39' title='bbox 331 849 471 910; x_wconf 90' lang='lat' dir='ltr'>lem,</span> <span class='ocrx_word' id='word_1_40' title='bbox 494 864 598 902; x_wconf 88' lang='lat' dir='ltr'>nec</span> <span class='ocrx_word' id='word_1_41' title='bbox 625 849 939 919; x_wconf 85' lang='lat' dir='ltr'>quidquam</span> <span class='ocrx_word' id='word_1_42' title='bbox 961 866 1082 903; x_wconf 91' lang='lat' dir='ltr'>esse</span> <span class='ocrx_word' id='word_1_43' title='bbox 1101 853 1311 919; x_wconf 74' lang='lat' dir='ltr'>praeter</span> <span class='ocrx_word' id='word_1_44' title='bbox 1335 849 1484 902; x_wconf 91' lang='lat' dir='ltr'>hunc</span> <span class='ocrx_word' id='word_1_45' title='bbox 1513 849 1836 903; x_wconf 91' lang='lat' dir='ltr'>sensibilem</span> <span class='ocrx_word' id='word_1_46' title='bbox 1858 865 2026 903; x_wconf 87' lang='lat' dir='ltr'>mun-</span> 
     </span>
    </p>
   </div>
   <div class='ocr_carea' id='block_1_8' title="bbox 335 937 2028 1008">
    <p class='ocr_par' dir='ltr' id='par_1_8' title="bbox 335 937 2028 1008">
     <span class='ocr_line' id='line_1_8' title="bbox 335 937 2028 1008; baseline 0.001 -18"><span class='ocrx_word' id='word_1_47' title='bbox 335 937 496 1004; x_wconf 91' lang='lat' dir='ltr'>dum,</span> <span class='ocrx_word' id='word_1_48' title='bbox 527 938 787 1008; x_wconf 89' lang='lat' dir='ltr'>nihilque</span> <span class='ocrx_word' id='word_1_49' title='bbox 826 938 886 992; x_wconf 94' lang='lat' dir='ltr'>in</span> <span class='ocrx_word' id='word_1_50' title='bbox 917 955 982 992; x_wconf 89' lang='lat' dir='ltr'>eo</span> <span class='ocrx_word' id='word_1_51' title='bbox 1012 938 1125 1008; x_wconf 90' lang='lat' dir='ltr'>agi,</span> <span class='ocrx_word' id='word_1_52' title='bbox 1165 937 1276 991; x_wconf 91' lang='lat' dir='ltr'>nisi</span> <span class='ocrx_word' id='word_1_53' title='bbox 1305 953 1574 1007; x_wconf 91' lang='lat' dir='ltr'>corpore;</span> <span class='ocrx_word' id='word_1_54' title='bbox 1607 953 1738 991; x_wconf 92' lang='lat' dir='ltr'>nam</span> <span class='ocrx_word' id='word_1_55' title='bbox 1763 941 1819 990; x_wconf 90' lang='lat' dir='ltr'>et</span> <span class='ocrx_word' id='word_1_56' title='bbox 1848 939 2028 993; x_wconf 90' lang='lat' dir='ltr'>Deum</span> 
     </span>
    </p>
   </div>
   <div class='ocr_carea' id='block_1_9' title="bbox 333 1025 2027 1096">
    <p class='ocr_par' dir='ltr' id='par_1_9' title="bbox 333 1025 2027 1096">
     <span class='ocr_line' id='line_1_9' title="bbox 333 1025 2027 1096; baseline -0.001 -17"><span class='ocrx_word' id='word_1_57' title='bbox 333 1026 529 1095; x_wconf 91' lang='lat' dir='ltr'>ipsum</span> <span class='ocrx_word' id='word_1_58' title='bbox 556 1026 751 1096; x_wconf 88' lang='lat' dir='ltr'>ignem</span> <span class='ocrx_word' id='word_1_59' title='bbox 781 1027 1046 1096; x_wconf 87' lang='lat' dir='ltr'>putabat:</span> <span class='ocrx_word' id='word_1_60' title='bbox 1079 1025 1518 1096; x_wconf 88' lang='lat' dir='ltr'>prudentissime</span> <span class='ocrx_word' id='word_1_61' title='bbox 1539 1029 1708 1095; x_wconf 90' lang='lat' dir='ltr'>atque</span> <span class='ocrx_word' id='word_1_62' title='bbox 1729 1025 2027 1079; x_wconf 90' lang='lat' dir='ltr'>utilissime</span> 
     </span>
    </p>
   </div>
   <div class='ocr_carea' id='block_1_10' title="bbox 336 1113 2028 1184">
    <p class='ocr_par' dir='ltr' id='par_1_10' title="bbox 336 1113 2028 1184">
     <span class='ocr_line' id='line_1_10' title="bbox 336 1113 2028 1184; baseline -0.001 -17"><span class='ocrx_word' id='word_1_63' title='bbox 336 1114 482 1168; x_wconf 91' lang='lat' dir='ltr'>mihi</span> <span class='ocrx_word' id='word_1_64' title='bbox 507 1114 734 1168; x_wconf 91' lang='lat' dir='ltr'>videtur</span> <span class='ocrx_word' id='word_1_65' title='bbox 759 1113 1095 1182; x_wconf 88' lang='lat' dir='ltr'>Archesilas,</span> <span class='ocrx_word' id='word_1_66' title='bbox 1126 1129 1257 1167; x_wconf 90' lang='lat' dir='ltr'>cum</span> <span class='ocrx_word' id='word_1_67' title='bbox 1287 1113 1428 1168; x_wconf 91' lang='lat' dir='ltr'>illud</span> <span class='ocrx_word' id='word_1_68' title='bbox 1465 1115 1576 1167; x_wconf 86' lang='lat' dir='ltr'>late</span> <span class='ocrx_word' id='word_1_69' title='bbox 1615 1118 1868 1184; x_wconf 90' lang='lat' dir='ltr'>serperet</span> <span class='ocrx_word' id='word_1_70' title='bbox 1905 1130 2028 1167; x_wconf 88' lang='lat' dir='ltr'>ma-</span> 
     </span>
    </p>
   </div>
   <div class='ocr_carea' id='block_1_11' title="bbox 340 1201 2029 1273">
    <p class='ocr_par' dir='ltr' id='par_1_11' title="bbox 340 1201 2029 1273">
     <span class='ocr_line' id='line_1_11' title="bbox 340 1201 2029 1273; baseline 0.001 -18"><span class='ocrx_word' id='word_1_71' title='bbox 340 1202 485 1269; x_wconf 90' lang='lat' dir='ltr'>lum,</span> <span class='ocrx_word' id='word_1_72' title='bbox 507 1203 818 1256; x_wconf 78' lang='lat' dir='ltr'>occultasse</span> <span class='ocrx_word' id='word_1_73' title='bbox 836 1202 1063 1271; x_wconf 88' lang='lat' dir='ltr'>penitus</span> <span class='ocrx_word' id='word_1_74' title='bbox 1081 1202 1402 1257; x_wconf 69' lang='lat' dir='ltr'>Academiae</span> <span class='ocrx_word' id='word_1_75' title='bbox 1413 1203 1774 1270; x_wconf 89' lang='lat' dir='ltr'>sententiam,</span> <span class='ocrx_word' id='word_1_76' title='bbox 1789 1208 1847 1256; x_wconf 90' lang='lat' dir='ltr'>et</span> <span class='ocrx_word' id='word_1_77' title='bbox 1866 1201 2029 1273; x_wconf 90' lang='lat' dir='ltr'>quasi</span> 
     </span>
    </p>
   </div>
   <div class='ocr_carea' id='block_1_12' title="bbox 336 1289 2027 1362">
    <p class='ocr_par' dir='ltr' id='par_1_12' title="bbox 336 1289 2027 1362">
     <span class='ocr_line' id='line_1_12' title="bbox 336 1289 2027 1362; baseline 0.001 -18"><span class='ocrx_word' id='word_1_78' title='bbox 336 1307 475 1345; x_wconf 92' lang='lat' dir='ltr'>auru</span> <span class='ocrx_word' id='word_1_79' title='bbox 485 1307 542 1344; x_wconf 91' lang='lat' dir='ltr'>m</span> <span class='ocrx_word' id='word_1_80' title='bbox 553 1289 961 1345; x_wconf 88' lang='lat' dir='ltr'>inveniendum</span> <span class='ocrx_word' id='word_1_81' title='bbox 973 1291 1314 1362; x_wconf 86' lang='lat' dir='ltr'>quandoque</span> <span class='ocrx_word' id='word_1_82' title='bbox 1328 1292 1568 1362; x_wconf 88' lang='lat' dir='ltr'>posteris</span> <span class='ocrx_word' id='word_1_83' title='bbox 1581 1292 1857 1346; x_wconf 83' lang='lat' dir='ltr'>obruisse.</span> <span class='ocrx_word' id='word_1_84' title='bbox 1875 1291 1956 1356; x_wconf 93' lang='lat' dir='ltr'>Qu</span> <span class='ocrx_word' id='word_1_85' title='bbox 1965 1307 2027 1345; x_wconf 82' lang='lat' dir='ltr'>a-</span> 
     </span>
    </p>
   </div>
   <div class='ocr_carea' id='block_1_13' title="bbox 334 1378 2030 1450">
    <p class='ocr_par' dir='ltr' id='par_1_13' title="bbox 334 1378 2030 1450">
     <span class='ocr_line' id='line_1_13' title="bbox 334 1378 2030 1450; baseline 0.001 -19"><span class='ocrx_word' id='word_1_86' title='bbox 334 1394 396 1432; x_wconf 91' lang='lat' dir='ltr'>re</span> <span class='ocrx_word' id='word_1_87' title='bbox 420 1393 553 1432; x_wconf 91' lang='lat' dir='ltr'>cum</span> <span class='ocrx_word' id='word_1_88' title='bbox 577 1378 640 1432; x_wconf 91' lang='lat' dir='ltr'>in</span> <span class='ocrx_word' id='word_1_89' title='bbox 667 1379 838 1432; x_wconf 88' lang='lat' dir='ltr'>falsas</span> <span class='ocrx_word' id='word_1_90' title='bbox 865 1378 1162 1449; x_wconf 89' lang='lat' dir='ltr'>opiniones</span> <span class='ocrx_word' id='word_1_91' title='bbox 1190 1396 1358 1434; x_wconf 87' lang='lat' dir='ltr'>ruere</span> <span class='ocrx_word' id='word_1_92' title='bbox 1385 1380 1552 1434; x_wconf 89' lang='lat' dir='ltr'>turba</span> <span class='ocrx_word' id='word_1_93' title='bbox 1579 1380 1653 1434; x_wconf 86' lang='lat' dir='ltr'>sit</span> <span class='ocrx_word' id='word_1_94' title='bbox 1680 1379 1938 1450; x_wconf 92' lang='lat' dir='ltr'>pronior,</span> <span class='ocrx_word' id='word_1_95' title='bbox 1974 1383 2030 1433; x_wconf 91' lang='lat' dir='ltr'>et</span> 
     </span>
    </p>
   </div>
   <div class='ocr_carea' id='block_1_14' title="bbox 333 1466 2026 1538">
    <p class='ocr_par' dir='ltr' id='par_1_14' title="bbox 333 1466 2026 1538">
     <span class='ocr_line' id='line_1_14' title="bbox 333 1466 2026 1538; baseline 0 -18"><span class='ocrx_word' id='word_1_96' title='bbox 333 1466 742 1521; x_wconf 89' lang='lat' dir='ltr'>consuetudine</span> <span class='ocrx_word' id='word_1_97' title='bbox 772 1482 1078 1536; x_wconf 88' lang='lat' dir='ltr'>corporum</span> <span class='ocrx_word' id='word_1_98' title='bbox 1099 1468 1293 1522; x_wconf 86' lang='lat' dir='ltr'>omnia</span> <span class='ocrx_word' id='word_1_99' title='bbox 1310 1483 1429 1522; x_wconf 91' lang='lat' dir='ltr'>esse</span> <span class='ocrx_word' id='word_1_100' title='bbox 1450 1483 1722 1538; x_wconf 90' lang='lat' dir='ltr'>corporea</span> <span class='ocrx_word' id='word_1_101' title='bbox 1740 1467 2026 1536; x_wconf 80' lang='lat' dir='ltr'>facillime,</span> 
     </span>
    </p>
   </div>
   <div class='ocr_carea' id='block_1_15' title="bbox 333 1553 2027 1626">
    <p class='ocr_par' dir='ltr' id='par_1_15' title="bbox 333 1553 2027 1626">
     <span class='ocr_line' id='line_1_15' title="bbox 333 1553 2027 1626; baseline 0.001 -18"><span class='ocrx_word' id='word_1_102' title='bbox 333 1554 432 1608; x_wconf 91' lang='lat' dir='ltr'>sed</span> <span class='ocrx_word' id='word_1_103' title='bbox 461 1553 627 1608; x_wconf 85' lang='lat' dir='ltr'>noxie</span> <span class='ocrx_word' id='word_1_104' title='bbox 653 1555 943 1622; x_wconf 88' lang='lat' dir='ltr'>credatur;</span> <span class='ocrx_word' id='word_1_105' title='bbox 967 1555 1213 1610; x_wconf 86' lang='lat' dir='ltr'>instituit</span> <span class='ocrx_word' id='word_1_106' title='bbox 1239 1556 1325 1609; x_wconf 91' lang='lat' dir='ltr'>vir</span> <span class='ocrx_word' id='word_1_107' title='bbox 1354 1557 1710 1610; x_wconf 89' lang='lat' dir='ltr'>acutissimus</span> <span class='ocrx_word' id='word_1_108' title='bbox 1730 1561 1899 1626; x_wconf 85' lang='lat' dir='ltr'>atque</span> <span class='ocrx_word' id='word_1_109' title='bbox 1920 1557 2027 1610; x_wconf 91' lang='lat' dir='ltr'>hu-</span> 
     </span>
    </p>
   </div>
   <div class='ocr_carea' id='block_1_16' title="bbox 339 1642 2028 1715">
    <p class='ocr_par' dir='ltr' id='par_1_16' title="bbox 339 1642 2028 1715">
     <span class='ocr_line' id='line_1_16' title="bbox 339 1642 2028 1715; baseline 0.001 -19"><span class='ocrx_word' id='word_1_110' title='bbox 339 1642 726 1709; x_wconf 90' lang='lat' dir='ltr'>manissimus,</span> <span class='ocrx_word' id='word_1_111' title='bbox 772 1644 1048 1698; x_wconf 91' lang='lat' dir='ltr'>dedocere</span> <span class='ocrx_word' id='word_1_112' title='bbox 1094 1645 1280 1715; x_wconf 88' lang='lat' dir='ltr'>potius</span> <span class='ocrx_word' id='word_1_113' title='bbox 1324 1661 1466 1715; x_wconf 91' lang='lat' dir='ltr'>quos</span> <span class='ocrx_word' id='word_1_114' title='bbox 1512 1645 1832 1715; x_wconf 88' lang='lat' dir='ltr'>patiebatur</span> <span class='ocrx_word' id='word_1_115' title='bbox 1879 1645 2028 1698; x_wconf 91' lang='lat' dir='ltr'>male</span> 
     </span>
    </p>
   </div>
   <div class='ocr_carea' id='block_1_17' title="bbox 340 1731 2028 1804">
    <p class='ocr_par' dir='ltr' id='par_1_17' title="bbox 340 1731 2028 1804">
     <span class='ocr_line' id='line_1_17' title="bbox 340 1731 2028 1804; baseline 0.001 -20"><span class='ocrx_word' id='word_1_116' title='bbox 340 1731 535 1785; x_wconf 91' lang='lat' dir='ltr'>doctos</span> <span class='ocrx_word' id='word_1_117' title='bbox 547 1747 720 1802; x_wconf 90' lang='lat' dir='ltr'>quam</span> <span class='ocrx_word' id='word_1_118' title='bbox 741 1731 943 1786; x_wconf 91' lang='lat' dir='ltr'>docere</span> <span class='ocrx_word' id='word_1_119' title='bbox 963 1749 1103 1804; x_wconf 92' lang='lat' dir='ltr'>quos</span> <span class='ocrx_word' id='word_1_120' title='bbox 1120 1733 1326 1787; x_wconf 88' lang='lat' dir='ltr'>dociles</span> <span class='ocrx_word' id='word_1_121' title='bbox 1339 1750 1452 1788; x_wconf 93' lang='lat' dir='ltr'>non</span> <span class='ocrx_word' id='word_1_122' title='bbox 1476 1733 1871 1787; x_wconf 85' lang='lat' dir='ltr'>arbitrabatur.</span> <span class='ocrx_word' id='word_1_123' title='bbox 1894 1733 2028 1786; x_wconf 90' lang='lat' dir='ltr'>Inde</span> 
     </span>
    </p>
   </div>
   <div class='ocr_carea' id='block_1_18' title="bbox 335 1817 2026 1891">
    <p class='ocr_par' dir='ltr' id='par_1_18' title="bbox 335 1817 2026 1891">
     <span class='ocr_line' id='line_1_18' title="bbox 335 1817 2026 1891; baseline 0.002 -20"><span class='ocrx_word' id='word_1_124' title='bbox 335 1817 436 1872; x_wconf 91' lang='lat' dir='ltr'>illa</span> <span class='ocrx_word' id='word_1_125' title='bbox 458 1819 654 1873; x_wconf 89' lang='lat' dir='ltr'>omnia</span> <span class='ocrx_word' id='word_1_126' title='bbox 681 1823 813 1874; x_wconf 90' lang='lat' dir='ltr'>nata</span> <span class='ocrx_word' id='word_1_127' title='bbox 830 1825 962 1875; x_wconf 89' lang='lat' dir='ltr'>sunt</span> <span class='ocrx_word' id='word_1_128' title='bbox 989 1837 1118 1891; x_wconf 78' lang='lat' dir='ltr'>quae</span> <span class='ocrx_word' id='word_1_129' title='bbox 1137 1837 1299 1875; x_wconf 75' lang='lat' dir='ltr'>novae</span> <span class='ocrx_word' id='word_1_130' title='bbox 1327 1821 1646 1876; x_wconf 77' lang='lat' dir='ltr'>Academiae</span> <span class='ocrx_word' id='word_1_131' title='bbox 1674 1822 2026 1888; x_wconf 90' lang='lat' dir='ltr'>tribuuntur,</span> 
     </span>
    </p>
   </div>
   <div class='ocr_carea' id='block_1_19' title="bbox 340 1907 1834 1978">
    <p class='ocr_par' dir='ltr' id='par_1_19' title="bbox 340 1907 1834 1978">
     <span class='ocr_line' id='line_1_19' title="bbox 340 1907 1834 1978; baseline 0.003 -18"><span class='ocrx_word' id='word_1_132' title='bbox 340 1907 476 1978; x_wconf 88' lang='lat' dir='ltr'>quia</span> <span class='ocrx_word' id='word_1_133' title='bbox 503 1923 704 1962; x_wconf 90' lang='lat' dir='ltr'>eorum</span> <span class='ocrx_word' id='word_1_134' title='bbox 732 1909 1128 1964; x_wconf 90' lang='lat' dir='ltr'>necessitatem</span> <span class='ocrx_word' id='word_1_135' title='bbox 1153 1914 1369 1965; x_wconf 88' lang='lat' dir='ltr'>veteres</span> <span class='ocrx_word' id='word_1_136' title='bbox 1391 1926 1507 1964; x_wconf 90' lang='lat' dir='ltr'>non</span> <span class='ocrx_word' id='word_1_137' title='bbox 1533 1911 1834 1965; x_wconf 89' lang='lat' dir='ltr'>habebant.</span> 
     </span>
    </p>
   </div>
   <div class='ocr_carea' id='block_1_20' title="bbox 411 1995 2032 2070">
    <p class='ocr_par' dir='ltr' id='par_1_20' title="bbox 411 1995 2032 2070">
     <span class='ocr_line' id='line_1_20' title="bbox 411 1995 2032 2070; baseline 0.002 -21"><span class='ocrx_word' id='word_1_138' title='bbox 411 1998 498 2050; x_wconf 81' lang='lat'>39.</span> <span class='ocrx_word' id='word_1_139' title='bbox 532 1995 692 2060; x_wconf 90' lang='lat' dir='ltr'>Quod</span> <span class='ocrx_word' id='word_1_140' title='bbox 722 1997 770 2051; x_wconf 91' lang='lat' dir='ltr'>si</span> <span class='ocrx_word' id='word_1_141' title='bbox 797 2000 945 2052; x_wconf 87' lang='lat' dir='ltr'>Zeno</span> <span class='ocrx_word' id='word_1_142' title='bbox 977 1999 1405 2070; x_wconf 82' lang='lat' dir='ltr'>expergefactus</span> <span class='ocrx_word' id='word_1_143' title='bbox 1435 2004 1584 2053; x_wconf 89' lang='lat' dir='ltr'>esset</span> <span class='ocrx_word' id='word_1_144' title='bbox 1613 1999 1935 2070; x_wconf 87' lang='lat' dir='ltr'>aliquando,</span> <span class='ocrx_word' id='word_1_145' title='bbox 1975 2002 2032 2053; x_wconf 89' lang='lat' dir='ltr'>et</span> 
     </span>
    </p>
   </div>
   <div class='ocr_carea' id='block_1_21' title="bbox 336 2083 2030 2158">
    <p class='ocr_par' dir='ltr' id='par_1_21' title="bbox 336 2083 2030 2158">
     <span class='ocr_line' id='line_1_21' title="bbox 336 2083 2030 2158; baseline 0.002 -21"><span class='ocrx_word' id='word_1_146' title='bbox 336 2083 569 2138; x_wconf 90' lang='lat' dir='ltr'>vidisset</span> <span class='ocrx_word' id='word_1_147' title='bbox 581 2101 763 2156; x_wconf 90' lang='lat' dir='ltr'>neque</span> <span class='ocrx_word' id='word_1_148' title='bbox 775 2087 1090 2158; x_wconf 89' lang='lat' dir='ltr'>quidquam</span> <span class='ocrx_word' id='word_1_149' title='bbox 1103 2087 1506 2158; x_wconf 83' lang='lat' dir='ltr'>comprehendi</span> <span class='ocrx_word' id='word_1_150' title='bbox 1523 2103 1706 2158; x_wconf 90' lang='lat' dir='ltr'>posse,</span> <span class='ocrx_word' id='word_1_151' title='bbox 1730 2087 1840 2141; x_wconf 90' lang='lat' dir='ltr'>nisi</span> <span class='ocrx_word' id='word_1_152' title='bbox 1861 2087 2030 2158; x_wconf 89' lang='lat' dir='ltr'>quale</span> 
     </span>
    </p>
   </div>
   <div class='ocr_carea' id='block_1_22' title="bbox 333 2172 2030 2246">
    <p class='ocr_par' dir='ltr' id='par_1_22' title="bbox 333 2172 2030 2246">
     <span class='ocr_line' id='line_1_22' title="bbox 333 2172 2030 2246; baseline 0.002 -20"><span class='ocrx_word' id='word_1_153' title='bbox 333 2172 457 2243; x_wconf 91' lang='lat' dir='ltr'>ipse</span> <span class='ocrx_word' id='word_1_154' title='bbox 487 2173 814 2240; x_wconf 88' lang='lat' dir='ltr'>deﬁniebat,</span> <span class='ocrx_word' id='word_1_155' title='bbox 845 2190 1033 2246; x_wconf 92' lang='lat' dir='ltr'>neque</span> <span class='ocrx_word' id='word_1_156' title='bbox 1052 2175 1163 2229; x_wconf 86' lang='lat' dir='ltr'>tale</span> <span class='ocrx_word' id='word_1_157' title='bbox 1189 2176 1404 2246; x_wconf 89' lang='lat' dir='ltr'>aliquid</span> <span class='ocrx_word' id='word_1_158' title='bbox 1424 2176 1482 2230; x_wconf 90' lang='lat' dir='ltr'>in</span> <span class='ocrx_word' id='word_1_159' title='bbox 1513 2176 1842 2246; x_wconf 88' lang='lat' dir='ltr'>corporibus</span> <span class='ocrx_word' id='word_1_160' title='bbox 1864 2191 2030 2246; x_wconf 89' lang='lat' dir='ltr'>posse</span> 
     </span>
    </p>
   </div>
   <div class='ocr_carea' id='block_1_23' title="bbox 337 2262 2030 2334">
    <p class='ocr_par' dir='ltr' id='par_1_23' title="bbox 337 2262 2030 2334">
     <span class='ocr_line' id='line_1_23' title="bbox 337 2262 2030 2334; baseline 0.002 -19"><span class='ocrx_word' id='word_1_161' title='bbox 337 2262 607 2330; x_wconf 78' lang='lat' dir='ltr'>inveniri,</span> <span class='ocrx_word' id='word_1_162' title='bbox 655 2263 864 2333; x_wconf 90' lang='lat' dir='ltr'>quibus</span> <span class='ocrx_word' id='word_1_163' title='bbox 895 2263 990 2316; x_wconf 91' lang='lat' dir='ltr'>ille</span> <span class='ocrx_word' id='word_1_164' title='bbox 1037 2263 1322 2318; x_wconf 89' lang='lat' dir='ltr'>tribuebat</span> <span class='ocrx_word' id='word_1_165' title='bbox 1351 2264 1572 2330; x_wconf 89' lang='lat' dir='ltr'>omnia;</span> <span class='ocrx_word' id='word_1_166' title='bbox 1626 2264 1761 2318; x_wconf 92' lang='lat' dir='ltr'>olim</span> <span class='ocrx_word' id='word_1_167' title='bbox 1799 2279 2030 2334; x_wconf 88' lang='lat' dir='ltr'>prorsus</span> 
     </span>
    </p>
   </div>
   <div class='ocr_carea' id='block_1_24' title="bbox 336 2352 2031 2424">
    <p class='ocr_par' dir='ltr' id='par_1_24' title="bbox 336 2352 2031 2424">
     <span class='ocr_line' id='line_1_24' title="bbox 336 2352 2031 2424; baseline 0.001 -19"><span class='ocrx_word' id='word_1_168' title='bbox 336 2352 442 2406; x_wconf 92' lang='lat' dir='ltr'>hoc</span> <span class='ocrx_word' id='word_1_169' title='bbox 489 2367 668 2422; x_wconf 91' lang='lat' dir='ltr'>genus</span> <span class='ocrx_word' id='word_1_170' title='bbox 714 2352 1192 2422; x_wconf 89' lang='lat' dir='ltr'>disputationum,</span> <span class='ocrx_word' id='word_1_171' title='bbox 1247 2353 1400 2424; x_wconf 90' lang='lat' dir='ltr'>quod</span> <span class='ocrx_word' id='word_1_172' title='bbox 1448 2368 1656 2424; x_wconf 88' lang='lat' dir='ltr'>magna</span> <span class='ocrx_word' id='word_1_173' title='bbox 1699 2352 2031 2407; x_wconf 89' lang='lat' dir='ltr'>necessitate</span> 
     </span>
    </p>
   </div>
   <div class='ocr_carea' id='block_1_25' title="bbox 337 2440 2031 2511">
    <p class='ocr_par' dir='ltr' id='par_1_25' title="bbox 337 2440 2031 2511">
     <span class='ocr_line' id='line_1_25' title="bbox 337 2440 2031 2511; baseline 0.001 -17"><span class='ocrx_word' id='word_1_174' title='bbox 337 2441 694 2511; x_wconf 90' lang='lat' dir='ltr'>ﬂagraverat,</span> <span class='ocrx_word' id='word_1_175' title='bbox 759 2440 957 2496; x_wconf 90' lang='lat' dir='ltr'>fuisset</span> <span class='ocrx_word' id='word_1_176' title='bbox 1021 2441 1374 2496; x_wconf 88' lang='lat' dir='ltr'>exstinctum.</span> <span class='ocrx_word' id='word_1_177' title='bbox 1423 2442 1528 2496; x_wconf 92' lang='lat' dir='ltr'>Sed</span> <span class='ocrx_word' id='word_1_178' title='bbox 1580 2444 1726 2496; x_wconf 88' lang='lat' dir='ltr'>Zeno</span> <span class='ocrx_word' id='word_1_179' title='bbox 1781 2441 2031 2510; x_wconf 82' lang='lat' dir='ltr'>imagine</span> 
     </span>
    </p>
   </div>
   <div class='ocr_carea' id='block_1_26' title="bbox 340 2527 2028 2600">
    <p class='ocr_par' dir='ltr' id='par_1_26' title="bbox 340 2527 2028 2600">
     <span class='ocr_line' id='line_1_26' title="bbox 340 2527 2028 2600; baseline 0.002 -20"><span class='ocrx_word' id='word_1_180' title='bbox 340 2527 671 2582; x_wconf 67' lang='lat' dir='ltr'>constantiaa</span> <span class='ocrx_word' id='word_1_181' title='bbox 721 2529 1007 2600; x_wconf 89' lang='lat' dir='ltr'>deceptus,</span> <span class='ocrx_word' id='word_1_182' title='bbox 1040 2534 1106 2584; x_wconf 91' lang='lat' dir='ltr'>ut</span> <span class='ocrx_word' id='word_1_183' title='bbox 1152 2530 1289 2600; x_wconf 90' lang='lat' dir='ltr'>ipsis</span> <span class='ocrx_word' id='word_1_184' title='bbox 1325 2531 1675 2584; x_wconf 61' lang='lat' dir='ltr'>Academicis</span> <span class='ocrx_word' id='word_1_185' title='bbox 1711 2529 2028 2596; x_wconf 89' lang='lat' dir='ltr'>videbatur,</span> 
     </span>
    </p>
   </div>
   <div class='ocr_carea' id='block_1_27' title="bbox 341 2615 2031 2690">
    <p class='ocr_par' dir='ltr' id='par_1_27' title="bbox 341 2615 2031 2690">
     <span class='ocr_line' id='line_1_27' title="bbox 341 2615 2031 2690; baseline 0.002 -21"><span class='ocrx_word' id='word_1_186' title='bbox 341 2631 445 2669; x_wconf 92' lang='lat' dir='ltr'>nec</span> <span class='ocrx_word' id='word_1_187' title='bbox 477 2615 621 2671; x_wconf 89' lang='lat' dir='ltr'>mihi</span> <span class='ocrx_word' id='word_1_188' title='bbox 653 2616 820 2671; x_wconf 88' lang='lat' dir='ltr'>etiam</span> <span class='ocrx_word' id='word_1_189' title='bbox 861 2633 977 2671; x_wconf 95' lang='lat' dir='ltr'>non</span> <span class='ocrx_word' id='word_1_190' title='bbox 1014 2618 1258 2684; x_wconf 89' lang='lat' dir='ltr'>videtur,</span> <span class='ocrx_word' id='word_1_191' title='bbox 1301 2620 1559 2690; x_wconf 85' lang='lat' dir='ltr'>pertinax</span> <span class='ocrx_word' id='word_1_192' title='bbox 1598 2619 1738 2672; x_wconf 90' lang='lat' dir='ltr'>fuit:</span> <span class='ocrx_word' id='word_1_193' title='bbox 1777 2618 2031 2688; x_wconf 87' lang='lat' dir='ltr'>ﬁdesque</span> 
     </span>
    </p>
   </div>
   <div class='ocr_carea' id='block_1_28' title="bbox 341 2704 2034 2778">
    <p class='ocr_par' dir='ltr' id='par_1_28' title="bbox 341 2704 2034 2778">
     <span class='ocr_line' id='line_1_28' title="bbox 341 2704 2034 2778; baseline 0.003 -21"><span class='ocrx_word' id='word_1_194' title='bbox 341 2704 438 2757; x_wconf 89' lang='lat' dir='ltr'>illa</span> <span class='ocrx_word' id='word_1_195' title='bbox 467 2720 772 2775; x_wconf 87' lang='lat' dir='ltr'>corporum</span> <span class='ocrx_word' id='word_1_196' title='bbox 794 2706 1112 2775; x_wconf 90' lang='lat' dir='ltr'>perniciosa</span> <span class='ocrx_word' id='word_1_197' title='bbox 1140 2723 1369 2778; x_wconf 88' lang='lat' dir='ltr'>quoquo</span> <span class='ocrx_word' id='word_1_198' title='bbox 1396 2708 1563 2762; x_wconf 90' lang='lat' dir='ltr'>modo</span> <span class='ocrx_word' id='word_1_199' title='bbox 1585 2707 1770 2778; x_wconf 91' lang='lat' dir='ltr'>potuit</span> <span class='ocrx_word' id='word_1_200' title='bbox 1790 2706 2034 2777; x_wconf 89' lang='lat' dir='ltr'>pervixit</span> 
     </span>
    </p>
   </div>
   <div class='ocr_carea' id='block_1_29' title="bbox 339 2793 2032 2866">
    <p class='ocr_par' dir='ltr' id='par_1_29' title="bbox 339 2793 2032 2866">
     <span class='ocr_line' id='line_1_29' title="bbox 339 2793 2032 2866; baseline 0.002 -20"><span class='ocrx_word' id='word_1_201' title='bbox 339 2793 400 2846; x_wconf 93' lang='lat' dir='ltr'>in</span> <span class='ocrx_word' id='word_1_202' title='bbox 423 2793 826 2864; x_wconf 85' lang='lat' dir='ltr'>Chrysippum,</span> <span class='ocrx_word' id='word_1_203' title='bbox 845 2794 945 2864; x_wconf 92' lang='lat' dir='ltr'>qui</span> <span class='ocrx_word' id='word_1_204' title='bbox 975 2795 1027 2848; x_wconf 89' lang='lat' dir='ltr'>ei</span> <span class='ocrx_word' id='word_1_205' title='bbox 1057 2797 1206 2863; x_wconf 90' lang='lat' dir='ltr'>(nam</span> <span class='ocrx_word' id='word_1_206' title='bbox 1233 2796 1479 2850; x_wconf 80' lang='lat' dir='ltr'>maxime</span> <span class='ocrx_word' id='word_1_207' title='bbox 1503 2797 1768 2866; x_wconf 86' lang='lat' dir='ltr'>poterat),</span> <span class='ocrx_word' id='word_1_208' title='bbox 1796 2812 2032 2866; x_wconf 89' lang='lat' dir='ltr'>magnas</span> 
     </span>
    </p>
   </div>
   <div class='ocr_carea' id='block_1_30' title="bbox 339 2881 2030 2955">
    <p class='ocr_par' dir='ltr' id='par_1_30' title="bbox 339 2881 2030 2955">
     <span class='ocr_line' id='line_1_30' title="bbox 339 2881 2030 2955; baseline 0.004 -22"><span class='ocrx_word' id='word_1_209' title='bbox 339 2881 488 2936; x_wconf 89' lang='lat' dir='ltr'>vires</span> <span class='ocrx_word' id='word_1_210' title='bbox 517 2881 688 2936; x_wconf 90' lang='lat' dir='ltr'>latius</span> <span class='ocrx_word' id='word_1_211' title='bbox 738 2898 796 2936; x_wconf 92' lang='lat' dir='ltr'>se</span> <span class='ocrx_word' id='word_1_212' title='bbox 839 2883 1193 2939; x_wconf 71' lang='lat' dir='ltr'>diffundendi</span> <span class='ocrx_word' id='word_1_213' title='bbox 1243 2885 1447 2952; x_wconf 87' lang='lat' dir='ltr'>dabat;</span> <span class='ocrx_word' id='word_1_214' title='bbox 1478 2884 1589 2939; x_wconf 90' lang='lat' dir='ltr'>nisi</span> <span class='ocrx_word' id='word_1_215' title='bbox 1633 2901 1697 2939; x_wconf 89' lang='lat' dir='ltr'>ex</span> <span class='ocrx_word' id='word_1_216' title='bbox 1727 2885 1825 2939; x_wconf 90' lang='lat' dir='ltr'>illa</span> <span class='ocrx_word' id='word_1_217' title='bbox 1869 2889 2030 2955; x_wconf 88' lang='lat' dir='ltr'>parte</span> 
     </span>
    </p>
   </div>
   <div class='ocr_carea' id='block_1_31' title="bbox 343 2970 2032 3045">
    <p class='ocr_par' dir='ltr' id='par_1_31' title="bbox 343 2970 2032 3045">
     <span class='ocr_line' id='line_1_31' title="bbox 343 2970 2032 3045; baseline 0.002 -21"><span class='ocrx_word' id='word_1_218' title='bbox 343 2970 656 3025; x_wconf 84' lang='lat' dir='ltr'>Carneades</span> <span class='ocrx_word' id='word_1_219' title='bbox 704 2971 887 3026; x_wconf 87' lang='lat' dir='ltr'>acrior</span> <span class='ocrx_word' id='word_1_220' title='bbox 917 2976 974 3026; x_wconf 88' lang='lat' dir='ltr'>et</span> <span class='ocrx_word' id='word_1_221' title='bbox 1016 2973 1340 3043; x_wconf 85' lang='lat' dir='ltr'>vigilantior</span> <span class='ocrx_word' id='word_1_222' title='bbox 1383 2974 1768 3045; x_wconf 86' lang='lat' dir='ltr'>superioribus</span> <span class='ocrx_word' id='word_1_223' title='bbox 1813 2974 2032 3028; x_wconf 81' lang='lat' dir='ltr'>caeteris</span> 
     </span>
    </p>
   </div>
   <div class='ocr_carea' id='block_1_32' title="bbox 335 3058 2030 3133">
    <p class='ocr_par' dir='ltr' id='par_1_32' title="bbox 335 3058 2030 3133">
     <span class='ocr_line' id='line_1_32' title="bbox 335 3058 2030 3133; baseline 0.001 -21"><span class='ocrx_word' id='word_1_224' title='bbox 335 3059 415 3113; x_wconf 90' lang='lat' dir='ltr'>ita</span> <span class='ocrx_word' id='word_1_225' title='bbox 445 3058 760 3130; x_wconf 90' lang='lat' dir='ltr'>restitisset,</span> <span class='ocrx_word' id='word_1_226' title='bbox 788 3065 851 3115; x_wconf 92' lang='lat' dir='ltr'>ut</span> <span class='ocrx_word' id='word_1_227' title='bbox 868 3061 1044 3114; x_wconf 89' lang='lat' dir='ltr'>mirer</span> <span class='ocrx_word' id='word_1_228' title='bbox 1066 3061 1224 3115; x_wconf 92' lang='lat' dir='ltr'>illam</span> <span class='ocrx_word' id='word_1_229' title='bbox 1254 3061 1584 3133; x_wconf 88' lang='lat' dir='ltr'>opinionem</span> <span class='ocrx_word' id='word_1_230' title='bbox 1615 3062 1830 3133; x_wconf 90' lang='lat' dir='ltr'>aliquid</span> <span class='ocrx_word' id='word_1_231' title='bbox 1859 3062 2030 3116; x_wconf 90' lang='lat' dir='ltr'>etiam</span> 
     </span>
    </p>
   </div>
   <div class='ocr_carea' id='block_1_33' title="bbox 335 3148 2033 3222">
    <p class='ocr_par' dir='ltr' id='par_1_33' title="bbox 335 3148 2033 3222">
     <span class='ocr_line' id='line_1_33' title="bbox 335 3148 2033 3222; baseline 0.002 -21"><span class='ocrx_word' id='word_1_232' title='bbox 335 3151 530 3218; x_wconf 87' lang='lat' dir='ltr'>postea</span> <span class='ocrx_word' id='word_1_233' title='bbox 558 3148 822 3203; x_wconf 89' lang='lat' dir='ltr'>valuisse.</span> <span class='ocrx_word' id='word_1_234' title='bbox 857 3150 1114 3219; x_wconf 85' lang='lat' dir='ltr'>Namque</span> <span class='ocrx_word' id='word_1_235' title='bbox 1142 3150 1458 3205; x_wconf 88' lang='lat' dir='ltr'>Carneades</span> <span class='ocrx_word' id='word_1_236' title='bbox 1482 3151 1668 3222; x_wconf 88' lang='lat' dir='ltr'>primo</span> <span class='ocrx_word' id='word_1_237' title='bbox 1694 3151 1849 3204; x_wconf 89' lang='lat' dir='ltr'>illam</span> <span class='ocrx_word' id='word_1_238' title='bbox 1879 3151 2033 3204; x_wconf 90' lang='lat' dir='ltr'>velut</span> 
     </span>
    </p>
   </div>
   <div class='ocr_carea' id='block_1_34' title="bbox 341 3235 2030 3308">
    <p class='ocr_par' dir='ltr' id='par_1_34' title="bbox 341 3235 2030 3308">
     <span class='ocr_line' id='line_1_34' title="bbox 341 3235 2030 3308; baseline 0.002 -20"><span class='ocrx_word' id='word_1_239' title='bbox 341 3235 733 3289; x_wconf 89' lang='lat' dir='ltr'>calumniandi</span> <span class='ocrx_word' id='word_1_240' title='bbox 777 3235 1214 3306; x_wconf 88' lang='lat' dir='ltr'>impudentiam,</span> <span class='ocrx_word' id='word_1_241' title='bbox 1259 3254 1372 3308; x_wconf 87' lang='lat' dir='ltr'>qua</span> <span class='ocrx_word' id='word_1_242' title='bbox 1411 3238 1640 3292; x_wconf 87' lang='lat' dir='ltr'>videbat</span> <span class='ocrx_word' id='word_1_243' title='bbox 1681 3237 2030 3291; x_wconf 88' lang='lat' dir='ltr'>Archesilam</span> 
     </span>
    </p>
   </div>
   <div class='ocr_carea' id='block_1_35' title="bbox 337 3323 2032 3396">
    <p class='ocr_par' dir='ltr' id='par_1_35' title="bbox 337 3323 2032 3396">
     <span class='ocr_line' id='line_1_35' title="bbox 337 3323 2032 3396; baseline 0.002 -20"><span class='ocrx_word' id='word_1_244' title='bbox 337 3339 454 3376; x_wconf 92' lang='lat' dir='ltr'>non</span> <span class='ocrx_word' id='word_1_245' title='bbox 513 3323 882 3378; x_wconf 90' lang='lat' dir='ltr'>mediocriter</span> <span class='ocrx_word' id='word_1_246' title='bbox 945 3323 1303 3390; x_wconf 81' lang='lat' dir='ltr'>infamatum,</span> <span class='ocrx_word' id='word_1_247' title='bbox 1377 3326 1669 3396; x_wconf 90' lang='lat' dir='ltr'>deposuit;</span> <span class='ocrx_word' id='word_1_248' title='bbox 1719 3341 1791 3380; x_wconf 92' lang='lat' dir='ltr'>ne</span> <span class='ocrx_word' id='word_1_249' title='bbox 1839 3331 2032 3379; x_wconf 92' lang='lat' dir='ltr'>contra</span> 
     </span>
    </p>
   </div>
   <div class='ocr_carea' id='block_1_36' title="bbox 341 3411 2027 3483">
    <p class='ocr_par' dir='ltr' id='par_1_36' title="bbox 341 3411 2027 3483">
     <span class='ocr_line' id='line_1_36' title="bbox 341 3411 2027 3483; baseline 0.002 -19"><span class='ocrx_word' id='word_1_250' title='bbox 341 3411 536 3465; x_wconf 92' lang='lat' dir='ltr'>omnia</span> <span class='ocrx_word' id='word_1_251' title='bbox 554 3412 697 3465; x_wconf 87' lang='lat' dir='ltr'>velle</span> <span class='ocrx_word' id='word_1_252' title='bbox 718 3411 904 3466; x_wconf 91' lang='lat' dir='ltr'>dicere</span> <span class='ocrx_word' id='word_1_253' title='bbox 925 3412 1088 3483; x_wconf 88' lang='lat' dir='ltr'>quasi</span> <span class='ocrx_word' id='word_1_254' title='bbox 1109 3413 1502 3468; x_wconf 84' lang='lat' dir='ltr'>ostentationis</span> <span class='ocrx_word' id='word_1_255' title='bbox 1521 3431 1688 3468; x_wconf 89' lang='lat' dir='ltr'>causa</span> <span class='ocrx_word' id='word_1_256' title='bbox 1714 3414 2027 3468; x_wconf 90' lang='lat' dir='ltr'>videretur:</span> 
     </span>
    </p>
   </div>
   <div class='ocr_carea' id='block_1_37' title="bbox 341 3499 2029 3575">
    <p class='ocr_par' dir='ltr' id='par_1_37' title="bbox 341 3499 2029 3575">
     <span class='ocr_line' id='line_1_37' title="bbox 341 3499 2029 3575; baseline 0.004 -22"><span class='ocrx_word' id='word_1_257' title='bbox 341 3500 439 3554; x_wconf 90' lang='lat' dir='ltr'>sed</span> <span class='ocrx_word' id='word_1_258' title='bbox 471 3499 627 3570; x_wconf 89' lang='lat' dir='ltr'>ipsos</span> <span class='ocrx_word' id='word_1_259' title='bbox 646 3500 881 3571; x_wconf 91' lang='lat' dir='ltr'>proprie</span> <span class='ocrx_word' id='word_1_260' title='bbox 903 3501 1010 3555; x_wconf 89' lang='lat' dir='ltr'>sibi</span> <span class='ocrx_word' id='word_1_261' title='bbox 1031 3501 1265 3569; x_wconf 86' lang='lat' dir='ltr'>Stoicos,</span> <span class='ocrx_word' id='word_1_262' title='bbox 1293 3507 1461 3573; x_wconf 90' lang='lat' dir='ltr'>atque</span> <span class='ocrx_word' id='word_1_263' title='bbox 1491 3503 1866 3575; x_wconf 82' lang='lat' dir='ltr'>Chrysippum</span> <span class='ocrx_word' id='word_1_264' title='bbox 1893 3519 2029 3559; x_wconf 91' lang='lat' dir='ltr'>con-</span> 
     </span>
    </p>
   </div>
   <div class='ocr_carea' id='block_1_38' title="bbox 333 3589 1444 3662">
    <p class='ocr_par' dir='ltr' id='par_1_38' title="bbox 333 3589 1444 3662">
     <span class='ocr_line' id='line_1_38' title="bbox 333 3589 1444 3662; baseline 0.004 -20"><span class='ocrx_word' id='word_1_265' title='bbox 333 3589 620 3644; x_wconf 91' lang='lat' dir='ltr'>vellendos</span> <span class='ocrx_word' id='word_1_266' title='bbox 650 3589 1098 3660; x_wconf 89' lang='lat' dir='ltr'>evertendosque</span> <span class='ocrx_word' id='word_1_267' title='bbox 1128 3591 1444 3662; x_wconf 91' lang='lat' dir='ltr'>proposuit.</span> 
     </span>
    </p>
   </div>
   <div class='ocr_carea' id='block_1_39' title="bbox 406 3677 1959 3749">
    <p class='ocr_par' dir='ltr' id='par_1_39' title="bbox 406 3677 1959 3749">
     <span class='ocr_line' id='line_1_39' title="bbox 406 3677 1959 3749; baseline 0.003 -17"><span class='ocrx_word' id='word_1_268' title='bbox 406 3677 629 3732; x_wconf 82' lang='lat' dir='ltr'>CAPUT</span> <span class='ocrx_word' id='word_1_269' title='bbox 658 3679 844 3733; x_wconf 87' lang='lat' dir='ltr'><strong>XVIII.</strong></span> <span class='ocrx_word' id='word_1_270' title='bbox 872 3708 944 3720; x_wconf 92' lang='lat'><strong>—</strong></span> <span class='ocrx_word' id='word_1_271' title='bbox 981 3680 1249 3746; x_wconf 87' lang='lat' dir='ltr'>Quomodo</span> <span class='ocrx_word' id='word_1_272' title='bbox 1281 3681 1557 3749; x_wconf 80' lang='lat' dir='ltr'>probabile</span> <span class='ocrx_word' id='word_1_273' title='bbox 1584 3681 1863 3738; x_wconf 72' lang='lat' dir='ltr'>inductum</span> <span class='ocrx_word' id='word_1_274' title='bbox 1892 3683 1959 3737; x_wconf 90' lang='lat' dir='ltr'>ab</span> 
     </span>
    </p>
   </div>
   <div class='ocr_carea' id='block_1_40' title="bbox 1000 3769 1357 3824">
    <p class='ocr_par' dir='ltr' id='par_1_40' title="bbox 1000 3769 1357 3824">
     <span class='ocr_line' id='line_1_40' title="bbox 1000 3769 1357 3824; baseline 0.006 -2"><span class='ocrx_word' id='word_1_275' title='bbox 1000 3769 1357 3824; x_wconf 79' lang='lat' dir='ltr'>Academicis.</span> 
     </span>
    </p>
   </div>
   <div class='ocr_carea' id='block_1_41' title="bbox 402 3854 2032 3930">
    <p class='ocr_par' dir='ltr' id='par_1_41' title="bbox 402 3854 2032 3930">
     <span class='ocr_line' id='line_1_41' title="bbox 402 3854 2032 3930; baseline 0.003 -21"><span class='ocrx_word' id='word_1_276' title='bbox 402 3856 494 3911; x_wconf 85' lang='grc'>40.</span> <span class='ocrx_word' id='word_1_277' title='bbox 556 3854 770 3910; x_wconf 74' lang='lat' dir='ltr'>Deinde</span> <span class='ocrx_word' id='word_1_278' title='bbox 827 3871 956 3911; x_wconf 92' lang='lat' dir='ltr'>cum</span> <span class='ocrx_word' id='word_1_279' title='bbox 1021 3857 1273 3930; x_wconf 90' lang='lat' dir='ltr'>undique</span> <span class='ocrx_word' id='word_1_280' title='bbox 1328 3862 1700 3930; x_wconf 87' lang='lat' dir='ltr'>premeretur,</span> <span class='ocrx_word' id='word_1_281' title='bbox 1782 3860 1830 3913; x_wconf 88' lang='lat' dir='ltr'>si</span> <span class='ocrx_word' id='word_1_282' title='bbox 1887 3860 2032 3915; x_wconf 89' lang='lat' dir='ltr'>nulli</span> 
     </span>
    </p>
   </div>
   <div class='ocr_carea' id='block_1_42' title="bbox 334 3943 2028 4019">
    <p class='ocr_par' dir='ltr' id='par_1_42' title="bbox 334 3943 2028 4019">
     <span class='ocr_line' id='line_1_42' title="bbox 334 3943 2028 4019; baseline 0.004 -22"><span class='ocrx_word' id='word_1_283' title='bbox 334 3943 419 3999; x_wconf 89' lang='lat' dir='ltr'>rei</span> <span class='ocrx_word' id='word_1_284' title='bbox 467 3948 614 3998; x_wconf 82' lang='lat' dir='ltr'>esset</span> <span class='ocrx_word' id='word_1_285' title='bbox 668 3960 948 4012; x_wconf 86' lang='lat' dir='ltr'>assensus,</span> <span class='ocrx_word' id='word_1_286' title='bbox 1020 3946 1164 4001; x_wconf 91' lang='lat' dir='ltr'>nihil</span> <span class='ocrx_word' id='word_1_287' title='bbox 1230 3952 1487 4002; x_wconf 90' lang='lat' dir='ltr'>acturum</span> <span class='ocrx_word' id='word_1_288' title='bbox 1540 3965 1660 4002; x_wconf 90' lang='lat' dir='ltr'>esse</span> <span class='ocrx_word' id='word_1_289' title='bbox 1713 3948 2028 4019; x_wconf 88' lang='lat' dir='ltr'>sapientem</span> 
     </span>
    </p>
   </div>
   <div class='ocr_carea' id='block_1_43' title="bbox 339 4033 2030 4108">
    <p class='ocr_par' dir='ltr' id='par_1_43' title="bbox 339 4033 2030 4108">
     <span class='ocr_line' id='line_1_43' title="bbox 339 4033 2030 4108; baseline 0.003 -22"><span class='ocrx_word' id='word_1_290' title='bbox 339 4033 396 4100; x_wconf 93' lang='grc' dir='ltr'>(ο</span> <span class='ocrx_word' id='word_1_291' title='bbox 427 4033 724 4088; x_wconf 89' lang='lat' dir='ltr'>hominem</span> <span class='ocrx_word' id='word_1_292' title='bbox 754 4034 966 4088; x_wconf 91' lang='lat' dir='ltr'>mirum</span> <span class='ocrx_word' id='word_1_293' title='bbox 997 4039 1166 4106; x_wconf 89' lang='lat' dir='ltr'>atque</span> <span class='ocrx_word' id='word_1_294' title='bbox 1196 4037 1335 4090; x_wconf 86' lang='lat' dir='ltr'>adeo</span> <span class='ocrx_word' id='word_1_295' title='bbox 1365 4053 1482 4090; x_wconf 92' lang='lat' dir='ltr'>non</span> <span class='ocrx_word' id='word_1_296' title='bbox 1517 4037 1756 4091; x_wconf 79' lang='lat' dir='ltr'>mirum!</span> <span class='ocrx_word' id='word_1_297' title='bbox 1791 4038 1861 4092; x_wconf 91' lang='lat' dir='ltr'>ab</span> <span class='ocrx_word' id='word_1_298' title='bbox 1891 4037 2030 4108; x_wconf 90' lang='lat' dir='ltr'>ipsis</span> 
     </span>
    </p>
   </div>
   <div class='ocr_carea' id='block_1_44' title="bbox 337 4121 2030 4196">
    <p class='ocr_par' dir='ltr' id='par_1_44' title="bbox 337 4121 2030 4196">
     <span class='ocr_line' id='line_1_44' title="bbox 337 4121 2030 4196; baseline 0.003 -21"><span class='ocrx_word' id='word_1_299' title='bbox 337 4121 491 4176; x_wconf 91' lang='lat' dir='ltr'>enim</span> <span class='ocrx_word' id='word_1_300' title='bbox 524 4122 770 4176; x_wconf 88' lang='lat' dir='ltr'>Platonis</span> <span class='ocrx_word' id='word_1_301' title='bbox 801 4123 1054 4177; x_wconf 88' lang='lat' dir='ltr'>fontibus</span> <span class='ocrx_word' id='word_1_302' title='bbox 1099 4125 1463 4194; x_wconf 88' lang='lat' dir='ltr'>proﬂuebat);</span> <span class='ocrx_word' id='word_1_303' title='bbox 1514 4125 1756 4179; x_wconf 89' lang='lat' dir='ltr'>attendit</span> <span class='ocrx_word' id='word_1_304' title='bbox 1800 4126 2030 4196; x_wconf 85' lang='lat' dir='ltr'>sapien-</span> 
     </span>
    </p>
   </div>
   <div class='ocr_carea' id='block_1_45' title="bbox 334 4209 2032 4284">
    <p class='ocr_par' dir='ltr' id='par_1_45' title="bbox 334 4209 2032 4284">
     <span class='ocr_line' id='line_1_45' title="bbox 334 4209 2032 4284; baseline 0.002 -20"><span class='ocrx_word' id='word_1_305' title='bbox 334 4215 421 4264; x_wconf 86' lang='lat' dir='ltr'>ter</span> <span class='ocrx_word' id='word_1_306' title='bbox 452 4211 650 4280; x_wconf 87' lang='lat' dir='ltr'>quales</span> <span class='ocrx_word' id='word_1_307' title='bbox 680 4209 764 4263; x_wconf 90' lang='lat' dir='ltr'>illi</span> <span class='ocrx_word' id='word_1_308' title='bbox 800 4211 1050 4264; x_wconf 91' lang='lat' dir='ltr'>actiones</span> <span class='ocrx_word' id='word_1_309' title='bbox 1088 4212 1415 4281; x_wconf 88' lang='lat' dir='ltr'>probarent,</span> <span class='ocrx_word' id='word_1_310' title='bbox 1449 4229 1657 4283; x_wconf 90' lang='lat' dir='ltr'>easque</span> <span class='ocrx_word' id='word_1_311' title='bbox 1683 4214 1870 4268; x_wconf 89' lang='lat' dir='ltr'>nescio</span> <span class='ocrx_word' id='word_1_312' title='bbox 1897 4231 2032 4284; x_wconf 89' lang='lat' dir='ltr'>qua-</span> 
     </span>
    </p>
   </div>
   <div class='ocr_carea' id='block_1_46' title="bbox 334 4296 2029 4370">
    <p class='ocr_par' dir='ltr' id='par_1_46' title="bbox 334 4296 2029 4370">
     <span class='ocr_line' id='line_1_46' title="bbox 334 4296 2029 4370; baseline 0.004 -20"><span class='ocrx_word' id='word_1_313' title='bbox 334 4313 465 4351; x_wconf 90' lang='lat' dir='ltr'>rum</span> <span class='ocrx_word' id='word_1_314' title='bbox 495 4312 759 4350; x_wconf 90' lang='lat' dir='ltr'>verarum</span> <span class='ocrx_word' id='word_1_315' title='bbox 799 4296 1010 4351; x_wconf 86' lang='lat' dir='ltr'>similes</span> <span class='ocrx_word' id='word_1_316' title='bbox 1049 4298 1265 4365; x_wconf 90' lang='lat' dir='ltr'>videns,</span> <span class='ocrx_word' id='word_1_317' title='bbox 1299 4299 1359 4353; x_wconf 89' lang='lat' dir='ltr'>id</span> <span class='ocrx_word' id='word_1_318' title='bbox 1401 4300 1554 4370; x_wconf 92' lang='lat' dir='ltr'>quod</span> <span class='ocrx_word' id='word_1_319' title='bbox 1582 4300 1642 4354; x_wconf 91' lang='lat' dir='ltr'>in</span> <span class='ocrx_word' id='word_1_320' title='bbox 1680 4301 1785 4354; x_wconf 93' lang='lat' dir='ltr'>hoc</span> <span class='ocrx_word' id='word_1_321' title='bbox 1814 4304 2029 4357; x_wconf 91' lang='lat' dir='ltr'>mundo</span> 
     </span>
    </p>
   </div>
   <div class='ocr_carea' id='block_1_47' title="bbox 338 4384 2031 4455">
    <p class='ocr_par' dir='ltr' id='par_1_47' title="bbox 338 4384 2031 4455">
     <span class='ocr_line' id='line_1_47' title="bbox 338 4384 2031 4455; baseline 0.004 -17"><span class='ocrx_word' id='word_1_322' title='bbox 338 4385 406 4438; x_wconf 92' lang='lat' dir='ltr'>ad</span> <span class='ocrx_word' id='word_1_323' title='bbox 429 4384 714 4454; x_wconf 88' lang='lat' dir='ltr'>agendum</span> <span class='ocrx_word' id='word_1_324' title='bbox 763 4390 1114 4455; x_wconf 86' lang='lat' dir='ltr'>sequeretur,</span> <span class='ocrx_word' id='word_1_325' title='bbox 1164 4387 1280 4440; x_wconf 89' lang='lat' dir='ltr'>veri</span> <span class='ocrx_word' id='word_1_326' title='bbox 1309 4387 1495 4442; x_wconf 89' lang='lat' dir='ltr'>simile</span> <span class='ocrx_word' id='word_1_327' title='bbox 1543 4389 1881 4445; x_wconf 86' lang='lat' dir='ltr'>nominavit.</span> <span class='ocrx_word' id='word_1_328' title='bbox 1929 4391 2031 4445; x_wconf 88' lang='lat' dir='ltr'>Cui</span> 
     </span>
    </p>
   </div>
   <div class='ocr_carea' id='block_1_48' title="bbox 339 4471 2029 4550">
    <p class='ocr_par' dir='ltr' id='par_1_48' title="bbox 339 4471 2029 4550">
     <span class='ocr_line' id='line_1_48' title="bbox 339 4471 2029 4550; baseline 0.005 -24"><span class='ocrx_word' id='word_1_329' title='bbox 339 4471 494 4526; x_wconf 90' lang='lat' dir='ltr'>enim</span> <span class='ocrx_word' id='word_1_330' title='bbox 526 4477 672 4526; x_wconf 90' lang='lat' dir='ltr'>esset</span> <span class='ocrx_word' id='word_1_331' title='bbox 701 4472 885 4527; x_wconf 89' lang='lat' dir='ltr'>simile</span> <span class='ocrx_word' id='word_1_332' title='bbox 916 4477 971 4528; x_wconf 92' lang='lat' dir='ltr'>et</span> <span class='ocrx_word' id='word_1_333' title='bbox 999 4474 1180 4544; x_wconf 92' lang='lat' dir='ltr'>perite</span> <span class='ocrx_word' id='word_1_334' title='bbox 1213 4480 1393 4538; x_wconf 90' lang='lat' dir='ltr'>norat,</span> <span class='ocrx_word' id='word_1_335' title='bbox 1439 4480 1496 4530; x_wconf 93' lang='lat' dir='ltr'>et</span> <span class='ocrx_word' id='word_1_336' title='bbox 1529 4478 1843 4547; x_wconf 89' lang='lat' dir='ltr'>prudenter</span> <span class='ocrx_word' id='word_1_337' title='bbox 1869 4484 2029 4550; x_wconf 90' lang='lat' dir='ltr'>tege-</span> 
     </span>
    </p>
   </div>
   <div class='ocr_carea' id='block_1_49' title="bbox 335 4561 2031 4636">
    <p class='ocr_par' dir='ltr' id='par_1_49' title="bbox 335 4561 2031 4636">
     <span class='ocr_line' id='line_1_49' title="bbox 335 4561 2031 4636; baseline 0.002 -19"><span class='ocrx_word' id='word_1_338' title='bbox 335 4563 454 4630; x_wconf 89' lang='lat' dir='ltr'>bat,</span> <span class='ocrx_word' id='word_1_339' title='bbox 500 4561 674 4632; x_wconf 91' lang='lat' dir='ltr'>idque</span> <span class='ocrx_word' id='word_1_340' title='bbox 726 4561 898 4617; x_wconf 90' lang='lat' dir='ltr'>etiam</span> <span class='ocrx_word' id='word_1_341' title='bbox 929 4563 1225 4634; x_wconf 91' lang='lat' dir='ltr'>probabile</span> <span class='ocrx_word' id='word_1_342' title='bbox 1254 4565 1598 4636; x_wconf 90' lang='lat' dir='ltr'>appellabat.</span> <span class='ocrx_word' id='word_1_343' title='bbox 1631 4567 1839 4621; x_wconf 90' lang='lat' dir='ltr'>Probat</span> <span class='ocrx_word' id='word_1_344' title='bbox 1877 4568 2031 4621; x_wconf 90' lang='lat' dir='ltr'>enim</span> 
     </span>
    </p>
   </div>
   <div class='ocr_carea' id='block_1_50' title="bbox 334 4649 2026 4726">
    <p class='ocr_par' dir='ltr' id='par_1_50' title="bbox 334 4649 2026 4726">
     <span class='ocr_line' id='line_1_50' title="bbox 334 4649 2026 4726; baseline 0.004 -22"><span class='ocrx_word' id='word_1_345' title='bbox 334 4651 480 4705; x_wconf 91' lang='lat' dir='ltr'>bene</span> <span class='ocrx_word' id='word_1_346' title='bbox 525 4649 856 4722; x_wconf 88' lang='lat' dir='ltr'>imaginem,</span> <span class='ocrx_word' id='word_1_347' title='bbox 905 4653 1162 4723; x_wconf 90' lang='lat' dir='ltr'>quisquis</span> <span class='ocrx_word' id='word_1_348' title='bbox 1205 4654 1327 4724; x_wconf 92' lang='lat' dir='ltr'>ejus</span> <span class='ocrx_word' id='word_1_349' title='bbox 1373 4654 1629 4709; x_wconf 88' lang='lat' dir='ltr'>intuetur</span> <span class='ocrx_word' id='word_1_350' title='bbox 1685 4656 2026 4726; x_wconf 88' lang='lat' dir='ltr'>exemplum.</span> 
     </span>
    </p>
   </div>
   <div class='ocr_carea' id='block_1_51' title="bbox 337 4739 2031 4814">
    <p class='ocr_par' dir='ltr' id='par_1_51' title="bbox 337 4739 2031 4814">
     <span class='ocr_line' id='line_1_51' title="bbox 337 4739 2031 4814; baseline 0.004 -22"><span class='ocrx_word' id='word_1_351' title='bbox 337 4739 632 4803; x_wconf 92' lang='lat' dir='ltr'>Quomodo</span> <span class='ocrx_word' id='word_1_352' title='bbox 653 4741 805 4794; x_wconf 93' lang='lat' dir='ltr'>enim</span> <span class='ocrx_word' id='word_1_353' title='bbox 824 4742 1100 4811; x_wconf 84' lang='lat' dir='ltr'>approbat</span> <span class='ocrx_word' id='word_1_354' title='bbox 1118 4742 1341 4812; x_wconf 87' lang='lat' dir='ltr'>sapiens</span> <span class='ocrx_word' id='word_1_355' title='bbox 1357 4744 1398 4812; x_wconf 87' lang='grc'>¹,</span> <span class='ocrx_word' id='word_1_356' title='bbox 1420 4748 1519 4798; x_wconf 89' lang='lat' dir='ltr'>aut</span> <span class='ocrx_word' id='word_1_357' title='bbox 1542 4743 1824 4814; x_wconf 86' lang='lat' dir='ltr'>quomodo</span> <span class='ocrx_word' id='word_1_358' title='bbox 1847 4743 2031 4798; x_wconf 88' lang='lat' dir='ltr'>simile</span> 
     </span>
    </p>
   </div>
   <div class='ocr_carea' id='block_1_52' title="bbox 342 4828 2029 4903">
    <p class='ocr_par' dir='ltr' id='par_1_52' title="bbox 342 4828 2029 4903">
     <span class='ocr_line' id='line_1_52' title="bbox 342 4828 2029 4903; baseline 0.002 -21"><span class='ocrx_word' id='word_1_359' title='bbox 342 4828 602 4899; x_wconf 88' lang='lat' dir='ltr'>sequitur</span> <span class='ocrx_word' id='word_1_360' title='bbox 617 4829 755 4894; x_wconf 89' lang='lat' dir='ltr'>veri,</span> <span class='ocrx_word' id='word_1_361' title='bbox 776 4845 903 4884; x_wconf 93' lang='lat' dir='ltr'>cum</span> <span class='ocrx_word' id='word_1_362' title='bbox 925 4831 1112 4900; x_wconf 90' lang='lat' dir='ltr'>ipsum</span> <span class='ocrx_word' id='word_1_363' title='bbox 1133 4847 1329 4885; x_wconf 88' lang='lat' dir='ltr'>verum</span> <span class='ocrx_word' id='word_1_364' title='bbox 1358 4831 1492 4902; x_wconf 89' lang='lat' dir='ltr'>quid</span> <span class='ocrx_word' id='word_1_365' title='bbox 1507 4832 1578 4885; x_wconf 89' lang='lat' dir='ltr'>sit</span> <span class='ocrx_word' id='word_1_366' title='bbox 1601 4831 1864 4903; x_wconf 85' lang='lat' dir='ltr'>ignoret?</span> <span class='ocrx_word' id='word_1_367' title='bbox 1886 4834 2029 4902; x_wconf 85' lang='lat' dir='ltr'>Ergo</span> 
     </span>
    </p>
   </div>
   <div class='ocr_carea' id='block_1_53' title="bbox 335 4917 2031 4991">
    <p class='ocr_par' dir='ltr' id='par_1_53' title="bbox 335 4917 2031 4991">
     <span class='ocr_line' id='line_1_53' title="bbox 335 4917 2031 4991; baseline 0.002 -20"><span class='ocrx_word' id='word_1_368' title='bbox 335 4917 423 4972; x_wconf 88' lang='lat' dir='ltr'>illi</span> <span class='ocrx_word' id='word_1_369' title='bbox 447 4922 674 4986; x_wconf 91' lang='lat' dir='ltr'>norant,</span> <span class='ocrx_word' id='word_1_370' title='bbox 689 4922 744 4971; x_wconf 87' lang='lat' dir='ltr'>et</span> <span class='ocrx_word' id='word_1_371' title='bbox 764 4919 1160 4988; x_wconf 89' lang='lat' dir='ltr'>approbabant</span> <span class='ocrx_word' id='word_1_372' title='bbox 1179 4920 1319 4973; x_wconf 86' lang='lat' dir='ltr'>falsa</span> <span class='ocrx_word' id='word_1_373' title='bbox 1338 4919 1397 4973; x_wconf 94' lang='lat' dir='ltr'>in</span> <span class='ocrx_word' id='word_1_374' title='bbox 1424 4919 1630 4991; x_wconf 89' lang='lat' dir='ltr'>quibus</span> <span class='ocrx_word' id='word_1_375' title='bbox 1650 4919 2031 4974; x_wconf 88' lang='lat' dir='ltr'>imitationem</span> 
     </span>
    </p>
   </div>
   <div class='ocr_carea' id='block_1_54' title="bbox 336 5006 2034 5074">
    <p class='ocr_par' dir='ltr' id='par_1_54' title="bbox 336 5006 2034 5074">
     <span class='ocr_line' id='line_1_54' title="bbox 336 5006 2034 5074; baseline 0.001 -13"><span class='ocrx_word' id='word_1_376' title='bbox 336 5006 682 5062; x_wconf 88' lang='lat' dir='ltr'>laudabilem</span> <span class='ocrx_word' id='word_1_377' title='bbox 726 5022 919 5059; x_wconf 89' lang='lat' dir='ltr'>rerum</span> <span class='ocrx_word' id='word_1_378' title='bbox 965 5023 1224 5061; x_wconf 88' lang='lat' dir='ltr'>verarum</span> <span class='ocrx_word' id='word_1_379' title='bbox 1273 5007 1797 5062; x_wconf 88' lang='lat' dir='ltr'>animadvertebant</span> <span class='ocrx_word' id='word_1_380' title='bbox 1835 5009 1973 5074; x_wconf 78' lang='lat' dir='ltr'>(Lib.</span> <span class='ocrx_word' id='word_1_381' title='bbox 2007 5011 2034 5062; x_wconf 94' lang='grc'><strong><em>1</em></strong></span> 
     </span>
    </p>
   </div>
   <div class='ocr_carea' id='block_1_55' title="bbox 338 5096 2033 5167">
    <p class='ocr_par' dir='ltr' id='par_1_55' title="bbox 338 5096 2033 5167">
     <span class='ocr_line' id='line_1_55' title="bbox 338 5096 2033 5167; baseline -0.001 -16"><span class='ocrx_word' id='word_1_382' title='bbox 338 5100 603 5165; x_wconf 65' lang='grc' dir='ltr'>Βοίφ·αεί.,</span> <span class='ocrx_word' id='word_1_383' title='bbox 644 5112 764 5165; x_wconf 81' lang='lat' dir='ltr'>cap.</span> <span class='ocrx_word' id='word_1_384' title='bbox 793 5100 841 5160; x_wconf 89' lang='lat' dir='ltr'>l,</span> <span class='ocrx_word' id='word_1_385' title='bbox 869 5112 925 5149; x_wconf 83' lang='grc' dir='ltr'>η.</span> <span class='ocrx_word' id='word_1_386' title='bbox 957 5097 1035 5164; x_wconf 83' lang='grc'>4).</span> <span class='ocrx_word' id='word_1_387' title='bbox 1067 5096 1175 5150; x_wconf 87' lang='lat' dir='ltr'>Sed</span> <span class='ocrx_word' id='word_1_388' title='bbox 1196 5096 1331 5166; x_wconf 89' lang='lat' dir='ltr'>quia</span> <span class='ocrx_word' id='word_1_389' title='bbox 1350 5097 1456 5150; x_wconf 91' lang='lat' dir='ltr'>hoc</span> <span class='ocrx_word' id='word_1_390' title='bbox 1485 5101 1756 5167; x_wconf 90' lang='lat' dir='ltr'>tanquam</span> <span class='ocrx_word' id='word_1_391' title='bbox 1779 5096 2033 5166; x_wconf 89' lang='lat' dir='ltr'>profanis</span> 
     </span>
    </p>
   </div>
   <div class='ocr_carea' id='block_1_56' title="bbox 339 5181 2030 5254">
    <p class='ocr_par' dir='ltr' id='par_1_56' title="bbox 339 5181 2030 5254">
     <span class='ocr_line' id='line_1_56' title="bbox 339 5181 2030 5254; baseline -0.001 -16"><span class='ocrx_word' id='word_1_392' title='bbox 339 5200 446 5238; x_wconf 90' lang='lat' dir='ltr'>nec</span> <span class='ocrx_word' id='word_1_393' title='bbox 474 5183 578 5247; x_wconf 87' lang='lat' dir='ltr'>fas,</span> <span class='ocrx_word' id='word_1_394' title='bbox 615 5199 719 5238; x_wconf 93' lang='lat' dir='ltr'>nec</span> <span class='ocrx_word' id='word_1_395' title='bbox 747 5181 912 5236; x_wconf 87' lang='lat' dir='ltr'>facile</span> <span class='ocrx_word' id='word_1_396' title='bbox 943 5187 1063 5235; x_wconf 89' lang='lat' dir='ltr'>erat</span> <span class='ocrx_word' id='word_1_397' title='bbox 1092 5183 1418 5249; x_wconf 88' lang='lat' dir='ltr'>ostendere;</span> <span class='ocrx_word' id='word_1_398' title='bbox 1451 5185 1806 5254; x_wconf 89' lang='lat' dir='ltr'>reliquerunt</span> <span class='ocrx_word' id='word_1_399' title='bbox 1835 5189 2030 5254; x_wconf 91' lang='lat' dir='ltr'>poste-</span> 
     </span>
    </p>
   </div>
   <div class='ocr_carea' id='block_1_57' title="bbox 340 5271 2032 5344">
    <p class='ocr_par' dir='ltr' id='par_1_57' title="bbox 340 5271 2032 5344">
     <span class='ocr_line' id='line_1_57' title="bbox 340 5271 2032 5344; baseline 0 -18"><span class='ocrx_word' id='word_1_400' title='bbox 340 5272 437 5338; x_wconf 89' lang='lat' dir='ltr'>ris,</span> <span class='ocrx_word' id='word_1_401' title='bbox 461 5277 519 5326; x_wconf 92' lang='lat' dir='ltr'>et</span> <span class='ocrx_word' id='word_1_402' title='bbox 533 5272 741 5344; x_wconf 89' lang='lat' dir='ltr'>quibus</span> <span class='ocrx_word' id='word_1_403' title='bbox 763 5271 861 5325; x_wconf 93' lang='lat' dir='ltr'>illo</span> <span class='ocrx_word' id='word_1_404' title='bbox 875 5275 1130 5341; x_wconf 90' lang='lat' dir='ltr'>tempore</span> <span class='ocrx_word' id='word_1_405' title='bbox 1147 5274 1474 5340; x_wconf 90' lang='lat' dir='ltr'>potuerunt,</span> <span class='ocrx_word' id='word_1_406' title='bbox 1498 5271 1725 5341; x_wconf 86' lang='lat' dir='ltr'>signum</span> <span class='ocrx_word' id='word_1_407' title='bbox 1743 5273 2032 5342; x_wconf 90' lang='lat' dir='ltr'>quoddam</span> 
     </span>
    </p>
   </div>
   <div class='ocr_carea' id='block_1_58' title="bbox 341 5358 2030 5417">
    <p class='ocr_par' dir='ltr' id='par_1_58' title="bbox 341 5358 2030 5417">
     <span class='ocr_line' id='line_1_58' title="bbox 341 5358 2030 5417; baseline 0 -3"><span class='ocrx_word' id='word_1_408' title='bbox 341 5361 639 5417; x_wconf 67' lang='lat' dir='ltr'>sententiae</span> <span class='ocrx_word' id='word_1_409' title='bbox 664 5378 798 5416; x_wconf 76' lang='lat' dir='ltr'>suae.</span> <span class='ocrx_word' id='word_1_410' title='bbox 828 5361 962 5415; x_wconf 93' lang='lat' dir='ltr'>Illos</span> <span class='ocrx_word' id='word_1_411' title='bbox 1002 5363 1192 5416; x_wconf 90' lang='lat' dir='ltr'>autem</span> <span class='ocrx_word' id='word_1_412' title='bbox 1231 5359 1374 5413; x_wconf 89' lang='lat' dir='ltr'>bene</span> <span class='ocrx_word' id='word_1_413' title='bbox 1403 5358 1726 5415; x_wconf 89' lang='lat' dir='ltr'>dialecticos</span> <span class='ocrx_word' id='word_1_414' title='bbox 1753 5361 1822 5416; x_wconf 94' lang='lat' dir='ltr'>de</span> <span class='ocrx_word' id='word_1_415' title='bbox 1846 5360 2030 5415; x_wconf 89' lang='lat' dir='ltr'>verbis</span> 
     </span>
    </p>
   </div>
   <div class='ocr_carea' id='block_1_59' title="bbox 403 5552 2029 5620">
    <p class='ocr_par' dir='ltr' id='par_1_59' title="bbox 403 5552 2029 5620">
     <span class='ocr_line' id='line_1_59' title="bbox 403 5552 2029 5620; baseline 0.002 -19"><span class='ocrx_word' id='word_1_416' title='bbox 403 5555 418 5588; x_wconf 80' lang='grc' dir='ltr'>ι</span> <span class='ocrx_word' id='word_1_417' title='bbox 445 5555 504 5602; x_wconf 87' lang='lat' dir='ltr'><strong>In</strong></span> <span class='ocrx_word' id='word_1_418' title='bbox 537 5559 656 5604; x_wconf 91' lang='lat' dir='ltr'>octo</span> <span class='ocrx_word' id='word_1_419' title='bbox 691 5555 835 5614; x_wconf 86' lang='lat' dir='ltr'>Mss.,</span> <span class='ocrx_word' id='word_1_420' title='bbox 877 5553 1152 5615; x_wconf 83' lang='lat' dir='ltr'>Quomodo</span> <span class='ocrx_word' id='word_1_421' title='bbox 1179 5566 1304 5617; x_wconf 85' lang='lat' dir='ltr'>ergo</span> <span class='ocrx_word' id='word_1_422' title='bbox 1337 5552 1476 5605; x_wconf 76' lang='lat' dir='ltr'>nihil</span> <span class='ocrx_word' id='word_1_423' title='bbox 1508 5555 1775 5617; x_wconf 76' lang='lat' dir='ltr'>approbat</span> <span class='ocrx_word' id='word_1_424' title='bbox 1805 5557 2029 5620; x_wconf 71' lang='lat' dir='ltr'>sapiam.</span> 
     </span>
    </p>
   </div>
   <div class='ocr_carea' id='block_1_60' title="bbox 1135 281 3062 350">
    <p class='ocr_par' dir='ltr' id='par_1_60' title="bbox 1135 281 3062 350">
     <span class='ocr_line' id='line_1_60' title="bbox 1135 281 3062 350; baseline -0.002 -10"><span class='ocrx_word' id='word_1_425' title='bbox 1135 283 1418 340; x_wconf 79' lang='lat' dir='ltr'>CONTRA</span> <span class='ocrx_word' id='word_1_426' title='bbox 1457 282 1928 350; x_wconf 87' lang='lat' dir='ltr'>ACADEMICOS,</span> <span class='ocrx_word' id='word_1_427' title='bbox 1971 283 2024 338; x_wconf 91' lang='lat' dir='ltr'>S.</span> <span class='ocrx_word' id='word_1_428' title='bbox 2068 281 2450 338; x_wconf 88' lang='lat' dir='ltr'>AUGUSTINI</span> <span class='ocrx_word' id='word_1_429' title='bbox 2491 281 2702 338; x_wconf 82' lang='lat' dir='ltr'><strong>LIBER</strong></span> <span class='ocrx_word' id='word_1_430' title='bbox 2741 283 3062 339; x_wconf 81' lang='lat' dir='ltr'>TERTIUS.</span> 
     </span>
    </p>
   </div>
   <div class='ocr_carea' id='block_1_61' title="bbox 3741 287 3849 338">
    <p class='ocr_par' dir='ltr' id='par_1_61' title="bbox 3741 287 3849 338">
     <span class='ocr_line' id='line_1_61' title="bbox 3741 287 3849 338; baseline 0.009 -1"><span class='ocrx_word' id='word_1_431' title='bbox 3741 287 3849 338; x_wconf 77' lang='lat'>956</span> 
     </span>
    </p>
   </div>
   <div class='ocr_carea' id='block_1_62' title="bbox 2135 407 3848 480">
    <p class='ocr_par' dir='ltr' id='par_1_62' title="bbox 2135 407 3848 480">
     <span class='ocr_line' id='line_1_62' title="bbox 2135 407 3848 480; baseline 0.001 -19"><span class='ocrx_word' id='word_1_432' title='bbox 2135 422 2367 462; x_wconf 90' lang='lat' dir='ltr'>movere</span> <span class='ocrx_word' id='word_1_433' title='bbox 2396 407 2777 478; x_wconf 52' lang='lat' dir='ltr'>quastionem</span> <span class='ocrx_word' id='word_1_434' title='bbox 2814 407 3149 463; x_wconf 90' lang='lat' dir='ltr'>insultantes</span> <span class='ocrx_word' id='word_1_435' title='bbox 3186 408 3604 480; x_wconf 89' lang='lat' dir='ltr'>irridentesque</span> <span class='ocrx_word' id='word_1_436' title='bbox 3640 408 3848 480; x_wconf 80' lang='lat' dir='ltr'>prohi-</span> 
     </span>
    </p>
   </div>
   <div class='ocr_carea' id='block_1_63' title="bbox 2136 495 3847 553">
    <p class='ocr_par' dir='ltr' id='par_1_63' title="bbox 2136 495 3847 553">
     <span class='ocr_line' id='line_1_63' title="bbox 2136 495 3847 553; baseline 0.002 -5"><span class='ocrx_word' id='word_1_437' title='bbox 2136 495 2366 550; x_wconf 89' lang='lat' dir='ltr'>bebant.</span> <span class='ocrx_word' id='word_1_438' title='bbox 2396 495 2477 550; x_wconf 93' lang='lat' dir='ltr'>Ob</span> <span class='ocrx_word' id='word_1_439' title='bbox 2507 495 2614 550; x_wconf 90' lang='lat' dir='ltr'>hoc</span> <span class='ocrx_word' id='word_1_440' title='bbox 2637 495 2846 549; x_wconf 91' lang='lat' dir='ltr'>dicitur</span> <span class='ocrx_word' id='word_1_441' title='bbox 2871 496 3185 552; x_wconf 88' lang='lat' dir='ltr'>Carneades</span> <span class='ocrx_word' id='word_1_442' title='bbox 3206 498 3379 553; x_wconf 91' lang='lat' dir='ltr'>etiam</span> <span class='ocrx_word' id='word_1_443' title='bbox 3405 498 3592 553; x_wconf 70' lang='lat' dir='ltr'>tertia:</span> <span class='ocrx_word' id='word_1_444' title='bbox 3620 498 3847 552; x_wconf 89' lang='lat' dir='ltr'>Acade-</span> 
     </span>
    </p>
   </div>
   <div class='ocr_carea' id='block_1_64' title="bbox 2135 583 3198 655">
    <p class='ocr_par' dir='ltr' id='par_1_64' title="bbox 2135 583 3198 655">
     <span class='ocr_line' id='line_1_64' title="bbox 2135 583 3198 655; baseline 0.002 -17"><span class='ocrx_word' id='word_1_445' title='bbox 2135 584 2265 638; x_wconf 61' lang='lat' dir='ltr'>mias</span> <span class='ocrx_word' id='word_1_446' title='bbox 2294 583 2553 655; x_wconf 87' lang='lat' dir='ltr'>princeps</span> <span class='ocrx_word' id='word_1_447' title='bbox 2580 589 2751 655; x_wconf 89' lang='lat' dir='ltr'>atque</span> <span class='ocrx_word' id='word_1_448' title='bbox 2781 589 2976 640; x_wconf 88' lang='lat' dir='ltr'>auctor</span> <span class='ocrx_word' id='word_1_449' title='bbox 3003 585 3198 640; x_wconf 90' lang='lat' dir='ltr'>fuisse.</span> 
     </span>
    </p>
   </div>
   <div class='ocr_carea' id='block_1_65' title="bbox 2203 672 3847 731">
    <p class='ocr_par' dir='ltr' id='par_1_65' title="bbox 2203 672 3847 731">
     <span class='ocr_line' id='line_1_65' title="bbox 2203 672 3847 731; baseline 0.001 -3"><span class='ocrx_word' id='word_1_450' title='bbox 2203 674 2292 728; x_wconf 81' lang='grc'><strong>41.</strong></span> <span class='ocrx_word' id='word_1_451' title='bbox 2328 672 2541 727; x_wconf 90' lang='lat' dir='ltr'>Deinde</span> <span class='ocrx_word' id='word_1_452' title='bbox 2571 673 2631 726; x_wconf 91' lang='lat' dir='ltr'>in</span> <span class='ocrx_word' id='word_1_453' title='bbox 2657 677 2919 728; x_wconf 91' lang='lat' dir='ltr'>nostrum</span> <span class='ocrx_word' id='word_1_454' title='bbox 2947 674 3195 729; x_wconf 92' lang='lat' dir='ltr'>Tullium</span> <span class='ocrx_word' id='word_1_455' title='bbox 3220 675 3507 729; x_wconf 88' lang='lat' dir='ltr'>conﬂictio</span> <span class='ocrx_word' id='word_1_456' title='bbox 3532 676 3641 731; x_wconf 89' lang='lat' dir='ltr'>ista</span> <span class='ocrx_word' id='word_1_457' title='bbox 3673 676 3847 730; x_wconf 89' lang='lat' dir='ltr'>dura-</span> 
     </span>
    </p>
   </div>
   <div class='ocr_carea' id='block_1_66' title="bbox 2134 760 3846 834">
    <p class='ocr_par' dir='ltr' id='par_1_66' title="bbox 2134 760 3846 834">
     <span class='ocr_line' id='line_1_66' title="bbox 2134 760 3846 834; baseline 0.002 -20"><span class='ocrx_word' id='word_1_458' title='bbox 2134 760 2232 825; x_wconf 91' lang='lat' dir='ltr'>vit,</span> <span class='ocrx_word' id='word_1_459' title='bbox 2259 761 2380 832; x_wconf 91' lang='lat' dir='ltr'>jam</span> <span class='ocrx_word' id='word_1_460' title='bbox 2411 762 2580 833; x_wconf 87' lang='lat' dir='ltr'>plane</span> <span class='ocrx_word' id='word_1_461' title='bbox 2612 761 2805 816; x_wconf 87' lang='lat' dir='ltr'>saucia</span> <span class='ocrx_word' id='word_1_462' title='bbox 2833 767 2890 816; x_wconf 94' lang='lat' dir='ltr'>et</span> <span class='ocrx_word' id='word_1_463' title='bbox 2918 763 3122 816; x_wconf 90' lang='lat' dir='ltr'>ultimo</span> <span class='ocrx_word' id='word_1_464' title='bbox 3153 764 3355 834; x_wconf 91' lang='lat' dir='ltr'>spiritu</span> <span class='ocrx_word' id='word_1_465' title='bbox 3380 765 3588 818; x_wconf 87' lang='lat' dir='ltr'>latinas</span> <span class='ocrx_word' id='word_1_466' title='bbox 3616 764 3846 818; x_wconf 87' lang='lat' dir='ltr'>litteras</span> 
     </span>
    </p>
   </div>
   <div class='ocr_carea' id='block_1_67' title="bbox 2135 849 3845 925">
    <p class='ocr_par' dir='ltr' id='par_1_67' title="bbox 2135 849 3845 925">
     <span class='ocr_line' id='line_1_67' title="bbox 2135 849 3845 925; baseline 0.003 -22"><span class='ocrx_word' id='word_1_467' title='bbox 2135 849 2426 906; x_wconf 87' lang='lat' dir='ltr'>inﬂatura.</span> <span class='ocrx_word' id='word_1_468' title='bbox 2459 851 2600 904; x_wconf 87' lang='lat' dir='ltr'>Nam</span> <span class='ocrx_word' id='word_1_469' title='bbox 2632 851 2777 904; x_wconf 91' lang='lat' dir='ltr'>nihil</span> <span class='ocrx_word' id='word_1_470' title='bbox 2811 851 2951 905; x_wconf 91' lang='lat' dir='ltr'>mihi</span> <span class='ocrx_word' id='word_1_471' title='bbox 2977 853 3488 919; x_wconf 89' lang='lat' dir='ltr'>videturiuﬂatius,</span> <span class='ocrx_word' id='word_1_472' title='bbox 3521 869 3698 925; x_wconf 91' lang='lat' dir='ltr'>quam</span> <span class='ocrx_word' id='word_1_473' title='bbox 3718 858 3845 908; x_wconf 87' lang='lat' dir='ltr'>tam</span> 
     </span>
    </p>
   </div>
   <div class='ocr_carea' id='block_1_68' title="bbox 2135 939 3847 1011">
    <p class='ocr_par' dir='ltr' id='par_1_68' title="bbox 2135 939 3847 1011">
     <span class='ocr_line' id='line_1_68' title="bbox 2135 939 3847 1011; baseline 0.002 -19"><span class='ocrx_word' id='word_1_474' title='bbox 2135 940 2316 993; x_wconf 91' lang='lat' dir='ltr'>multa</span> <span class='ocrx_word' id='word_1_475' title='bbox 2343 939 2731 1009; x_wconf 90' lang='lat' dir='ltr'>copiosissime</span> <span class='ocrx_word' id='word_1_476' title='bbox 2767 945 2937 1011; x_wconf 89' lang='lat' dir='ltr'>atque</span> <span class='ocrx_word' id='word_1_477' title='bbox 2966 940 3325 995; x_wconf 88' lang='lat' dir='ltr'>ornatissime</span> <span class='ocrx_word' id='word_1_478' title='bbox 3364 942 3574 1009; x_wconf 90' lang='lat' dir='ltr'>dicere,</span> <span class='ocrx_word' id='word_1_479' title='bbox 3605 958 3727 996; x_wconf 91' lang='lat' dir='ltr'>non</span> <span class='ocrx_word' id='word_1_480' title='bbox 3761 942 3847 995; x_wconf 88' lang='lat' dir='ltr'>ita</span> 
     </span>
    </p>
   </div>
   <div class='ocr_carea' id='block_1_69' title="bbox 2136 1027 3846 1100">
    <p class='ocr_par' dir='ltr' id='par_1_69' title="bbox 2136 1027 3846 1100">
     <span class='ocr_line' id='line_1_69' title="bbox 2136 1027 3846 1100; baseline 0.002 -19"><span class='ocrx_word' id='word_1_481' title='bbox 2136 1028 2497 1082; x_wconf 88' lang='lat' dir='ltr'>sentientem.</span> <span class='ocrx_word' id='word_1_482' title='bbox 2523 1027 2738 1092; x_wconf 89' lang='lat' dir='ltr'>Quibus</span> <span class='ocrx_word' id='word_1_483' title='bbox 2757 1034 2948 1082; x_wconf 88' lang='lat' dir='ltr'>tamen</span> <span class='ocrx_word' id='word_1_484' title='bbox 2965 1029 3149 1084; x_wconf 91' lang='lat' dir='ltr'>ventis</span> <span class='ocrx_word' id='word_1_485' title='bbox 3168 1028 3368 1084; x_wconf 91' lang='lat' dir='ltr'>feneus</span> <span class='ocrx_word' id='word_1_486' title='bbox 3386 1029 3483 1084; x_wconf 89' lang='lat' dir='ltr'>ille</span> <span class='ocrx_word' id='word_1_487' title='bbox 3514 1030 3846 1100; x_wconf 88' lang='lat' dir='ltr'>platonicus</span> 
     </span>
    </p>
   </div>
   <div class='ocr_carea' id='block_1_70' title="bbox 2135 1116 3847 1190">
    <p class='ocr_par' dir='ltr' id='par_1_70' title="bbox 2135 1116 3847 1190">
     <span class='ocr_line' id='line_1_70' title="bbox 2135 1116 3847 1190; baseline 0.001 -19"><span class='ocrx_word' id='word_1_488' title='bbox 2135 1116 2445 1171; x_wconf 80' lang='lat' dir='ltr'>Antiochus</span> <span class='ocrx_word' id='word_1_489' title='bbox 2491 1116 2646 1184; x_wconf 89' lang='lat' dir='ltr'>satis,</span> <span class='ocrx_word' id='word_1_490' title='bbox 2697 1121 2762 1170; x_wconf 91' lang='lat' dir='ltr'>ut</span> <span class='ocrx_word' id='word_1_491' title='bbox 2814 1117 2957 1171; x_wconf 92' lang='lat' dir='ltr'>mihi</span> <span class='ocrx_word' id='word_1_492' title='bbox 3003 1118 3248 1186; x_wconf 89' lang='lat' dir='ltr'>videtur,</span> <span class='ocrx_word' id='word_1_493' title='bbox 3307 1119 3615 1189; x_wconf 89' lang='lat' dir='ltr'>dissipatus</span> <span class='ocrx_word' id='word_1_494' title='bbox 3663 1125 3847 1190; x_wconf 89' lang='lat' dir='ltr'>atque</span> 
     </span>
    </p>
   </div>
   <div class='ocr_carea' id='block_1_71' title="bbox 2139 1206 3847 1280">
    <p class='ocr_par' dir='ltr' id='par_1_71' title="bbox 2139 1206 3847 1280">
     <span class='ocr_line' id='line_1_71' title="bbox 2139 1206 3847 1280; baseline 0.001 -20"><span class='ocrx_word' id='word_1_495' title='bbox 2139 1207 2424 1276; x_wconf 90' lang='lat' dir='ltr'>dispersus</span> <span class='ocrx_word' id='word_1_496' title='bbox 2472 1210 2582 1261; x_wconf 90' lang='lat' dir='ltr'>est.</span> <span class='ocrx_word' id='word_1_497' title='bbox 2638 1207 2779 1261; x_wconf 88' lang='lat' dir='ltr'>Nam</span> <span class='ocrx_word' id='word_1_498' title='bbox 2828 1206 3237 1277; x_wconf 90' lang='lat' dir='ltr'>Epicureorum</span> <span class='ocrx_word' id='word_1_499' title='bbox 3288 1224 3493 1280; x_wconf 88' lang='lat' dir='ltr'>greges</span> <span class='ocrx_word' id='word_1_500' title='bbox 3537 1210 3601 1264; x_wconf 91' lang='lat' dir='ltr'>in</span> <span class='ocrx_word' id='word_1_501' title='bbox 3628 1209 3847 1263; x_wconf 89' lang='lat' dir='ltr'>animis</span> 
     </span>
    </p>
   </div>
   <div class='ocr_carea' id='block_1_72' title="bbox 2139 1294 3836 1368">
    <p class='ocr_par' dir='ltr' id='par_1_72' title="bbox 2139 1294 3836 1368">
     <span class='ocr_line' id='line_1_72' title="bbox 2139 1294 3836 1368; baseline 0.003 -20"><span class='ocrx_word' id='word_1_502' title='bbox 2139 1294 2539 1348; x_wconf 90' lang='lat' dir='ltr'>deliciosorum</span> <span class='ocrx_word' id='word_1_503' title='bbox 2583 1297 2930 1367; x_wconf 91' lang='lat' dir='ltr'>populorum</span> <span class='ocrx_word' id='word_1_504' title='bbox 2973 1297 3167 1367; x_wconf 87' lang='lat' dir='ltr'>aprica</span> <span class='ocrx_word' id='word_1_505' title='bbox 3214 1297 3438 1352; x_wconf 84' lang='lat' dir='ltr'>stabula</span> <span class='ocrx_word' id='word_1_506' title='bbox 3481 1302 3836 1368; x_wconf 87' lang='lat' dir='ltr'>posuerunt.</span> 
     </span>
    </p>
   </div>
   <div class='ocr_carea' id='block_1_73' title="bbox 2137 1382 3844 1457">
    <p class='ocr_par' dir='ltr' id='par_1_73' title="bbox 2137 1382 3844 1457">
     <span class='ocr_line' id='line_1_73' title="bbox 2137 1382 3844 1457; baseline 0.002 -21"><span class='ocrx_word' id='word_1_507' title='bbox 2137 1382 2357 1454; x_wconf 89' lang='lat' dir='ltr'>Quippe</span> <span class='ocrx_word' id='word_1_508' title='bbox 2382 1383 2690 1438; x_wconf 84' lang='lat' dir='ltr'>Antiochus</span> <span class='ocrx_word' id='word_1_509' title='bbox 2715 1384 2968 1438; x_wconf 88' lang='lat' dir='ltr'>Philonis</span> <span class='ocrx_word' id='word_1_510' title='bbox 3003 1385 3246 1452; x_wconf 84' lang='lat' dir='ltr'>auditor,</span> <span class='ocrx_word' id='word_1_511' title='bbox 3278 1385 3529 1440; x_wconf 88' lang='lat' dir='ltr'>hominis</span> <span class='ocrx_word' id='word_1_512' title='bbox 3554 1389 3844 1457; x_wconf 90' lang='lat' dir='ltr'>quantum</span> 
     </span>
    </p>
   </div>
   <div class='ocr_carea' id='block_1_74' title="bbox 2135 1471 3844 1545">
    <p class='ocr_par' dir='ltr' id='par_1_74' title="bbox 2135 1471 3844 1545">
     <span class='ocr_line' id='line_1_74' title="bbox 2135 1471 3844 1545; baseline 0.003 -21"><span class='ocrx_word' id='word_1_513' title='bbox 2135 1471 2383 1526; x_wconf 90' lang='lat' dir='ltr'>arbitror</span> <span class='ocrx_word' id='word_1_514' title='bbox 2428 1472 3002 1543; x_wconf 80' lang='lat' dir='ltr'>circumspectissimi,</span> <span class='ocrx_word' id='word_1_515' title='bbox 3070 1474 3171 1545; x_wconf 91' lang='lat' dir='ltr'>qui</span> <span class='ocrx_word' id='word_1_516' title='bbox 3208 1474 3329 1544; x_wconf 92' lang='lat' dir='ltr'>jam</span> <span class='ocrx_word' id='word_1_517' title='bbox 3387 1474 3564 1529; x_wconf 87' lang='lat' dir='ltr'>veluti</span> <span class='ocrx_word' id='word_1_518' title='bbox 3612 1474 3844 1545; x_wconf 89' lang='lat' dir='ltr'>aperire</span> 
     </span>
    </p>
   </div>
   <div class='ocr_carea' id='block_1_75' title="bbox 2137 1559 3844 1632">
    <p class='ocr_par' dir='ltr' id='par_1_75' title="bbox 2137 1559 3844 1632">
     <span class='ocr_line' id='line_1_75' title="bbox 2137 1559 3844 1632; baseline 0.002 -19"><span class='ocrx_word' id='word_1_519' title='bbox 2137 1559 2466 1614; x_wconf 88' lang='lat' dir='ltr'>cedentibus</span> <span class='ocrx_word' id='word_1_520' title='bbox 2509 1561 2768 1615; x_wconf 88' lang='lat' dir='ltr'>hostibus</span> <span class='ocrx_word' id='word_1_521' title='bbox 2817 1566 3010 1631; x_wconf 85' lang='lat' dir='ltr'>portas</span> <span class='ocrx_word' id='word_1_522' title='bbox 3055 1567 3320 1632; x_wconf 67' lang='lat' dir='ltr'>asperat,</span> <span class='ocrx_word' id='word_1_523' title='bbox 3374 1567 3432 1617; x_wconf 91' lang='lat' dir='ltr'>et</span> <span class='ocrx_word' id='word_1_524' title='bbox 3473 1563 3542 1616; x_wconf 91' lang='lat' dir='ltr'>ad</span> <span class='ocrx_word' id='word_1_525' title='bbox 3585 1562 3844 1617; x_wconf 92' lang='lat' dir='ltr'>Platonis</span> 
     </span>
    </p>
   </div>
   <div class='ocr_carea' id='block_1_76' title="bbox 2138 1648 3843 1722">
    <p class='ocr_par' dir='ltr' id='par_1_76' title="bbox 2138 1648 3843 1722">
     <span class='ocr_line' id='line_1_76' title="bbox 2138 1648 3843 1722; baseline 0.002 -21"><span class='ocrx_word' id='word_1_526' title='bbox 2138 1648 2529 1703; x_wconf 87' lang='lat' dir='ltr'>auctoritatem</span> <span class='ocrx_word' id='word_1_527' title='bbox 2574 1650 2938 1704; x_wconf 87' lang='lat' dir='ltr'>Academiam</span> <span class='ocrx_word' id='word_1_528' title='bbox 2988 1651 3258 1722; x_wconf 89' lang='lat' dir='ltr'>legesque</span> <span class='ocrx_word' id='word_1_529' title='bbox 3304 1667 3602 1718; x_wconf 89' lang='lat' dir='ltr'>revocare;</span> <span class='ocrx_word' id='word_1_530' title='bbox 3654 1667 3843 1722; x_wconf 89' lang='lat' dir='ltr'>quan-</span> 
     </span>
    </p>
   </div>
   <div class='ocr_carea' id='block_1_77' title="bbox 2138 1738 3844 1810">
    <p class='ocr_par' dir='ltr' id='par_1_77' title="bbox 2138 1738 3844 1810">
     <span class='ocr_line' id='line_1_77' title="bbox 2138 1738 3844 1810; baseline 0.002 -20"><span class='ocrx_word' id='word_1_531' title='bbox 2138 1753 2314 1808; x_wconf 92' lang='lat' dir='ltr'>quam</span> <span class='ocrx_word' id='word_1_532' title='bbox 2359 1742 2414 1791; x_wconf 93' lang='lat' dir='ltr'>et</span> <span class='ocrx_word' id='word_1_533' title='bbox 2450 1738 2800 1792; x_wconf 86' lang='lat' dir='ltr'>Metrodorus</span> <span class='ocrx_word' id='word_1_534' title='bbox 2846 1739 2904 1792; x_wconf 93' lang='lat' dir='ltr'>id</span> <span class='ocrx_word' id='word_1_535' title='bbox 2935 1745 3102 1793; x_wconf 89' lang='lat' dir='ltr'>antea</span> <span class='ocrx_word' id='word_1_536' title='bbox 3141 1740 3326 1794; x_wconf 89' lang='lat' dir='ltr'>facere</span> <span class='ocrx_word' id='word_1_537' title='bbox 3369 1744 3705 1806; x_wconf 83' lang='lat' dir='ltr'>tentaverat,</span> <span class='ocrx_word' id='word_1_538' title='bbox 3739 1740 3844 1810; x_wconf 90' lang='lat' dir='ltr'>qui</span> 
     </span>
    </p>
   </div>
   <div class='ocr_carea' id='block_1_78' title="bbox 2137 1826 3843 1900">
    <p class='ocr_par' dir='ltr' id='par_1_78' title="bbox 2137 1826 3843 1900">
     <span class='ocr_line' id='line_1_78' title="bbox 2137 1826 3843 1900; baseline 0.002 -20"><span class='ocrx_word' id='word_1_539' title='bbox 2137 1827 2359 1897; x_wconf 91' lang='lat' dir='ltr'>primus</span> <span class='ocrx_word' id='word_1_540' title='bbox 2387 1826 2592 1880; x_wconf 91' lang='lat' dir='ltr'>dicitur</span> <span class='ocrx_word' id='word_1_541' title='bbox 2619 1843 2740 1881; x_wconf 90' lang='lat' dir='ltr'>esse</span> <span class='ocrx_word' id='word_1_542' title='bbox 2770 1829 3075 1896; x_wconf 83' lang='lat' dir='ltr'>confessus,</span> <span class='ocrx_word' id='word_1_543' title='bbox 3107 1845 3223 1882; x_wconf 93' lang='lat' dir='ltr'>non</span> <span class='ocrx_word' id='word_1_544' title='bbox 3253 1829 3480 1884; x_wconf 92' lang='lat' dir='ltr'>decreto</span> <span class='ocrx_word' id='word_1_545' title='bbox 3501 1829 3520 1858; x_wconf 84' lang='grc'>¹</span> <span class='ocrx_word' id='word_1_546' title='bbox 3552 1829 3843 1900; x_wconf 89' lang='lat' dir='ltr'>placuisse</span> 
     </span>
    </p>
   </div>
   <div class='ocr_carea' id='block_1_79' title="bbox 2137 1915 3842 1987">
    <p class='ocr_par' dir='ltr' id='par_1_79' title="bbox 2137 1915 3842 1987">
     <span class='ocr_line' id='line_1_79' title="bbox 2137 1915 3842 1987; baseline 0.002 -19"><span class='ocrx_word' id='word_1_547' title='bbox 2137 1915 2489 1969; x_wconf 83' lang='lat' dir='ltr'>Academicis</span> <span class='ocrx_word' id='word_1_548' title='bbox 2529 1915 2674 1970; x_wconf 89' lang='lat' dir='ltr'>nihil</span> <span class='ocrx_word' id='word_1_549' title='bbox 2713 1932 2877 1986; x_wconf 91' lang='lat' dir='ltr'>posse</span> <span class='ocrx_word' id='word_1_550' title='bbox 2902 1917 3337 1987; x_wconf 87' lang='lat' dir='ltr'>comprehendi,</span> <span class='ocrx_word' id='word_1_551' title='bbox 3377 1917 3479 1972; x_wconf 91' lang='lat' dir='ltr'>sed</span> <span class='ocrx_word' id='word_1_552' title='bbox 3516 1918 3842 1972; x_wconf 90' lang='lat' dir='ltr'>necessario</span> 
     </span>
    </p>
   </div>
   <div class='ocr_carea' id='block_1_80' title="bbox 2139 2004 3848 2076">
    <p class='ocr_par' dir='ltr' id='par_1_80' title="bbox 2139 2004 3848 2076">
     <span class='ocr_line' id='line_1_80' title="bbox 2139 2004 3848 2076; baseline 0.002 -18"><span class='ocrx_word' id='word_1_553' title='bbox 2139 2009 2337 2058; x_wconf 90' lang='lat' dir='ltr'>contra</span> <span class='ocrx_word' id='word_1_554' title='bbox 2365 2004 2580 2058; x_wconf 91' lang='lat' dir='ltr'>Stoicos</span> <span class='ocrx_word' id='word_1_555' title='bbox 2610 2005 2942 2075; x_wconf 90' lang='lat' dir='ltr'>hujusmodi</span> <span class='ocrx_word' id='word_1_556' title='bbox 2972 2022 3068 2060; x_wconf 90' lang='lat' dir='ltr'>eos</span> <span class='ocrx_word' id='word_1_557' title='bbox 3101 2022 3259 2060; x_wconf 89' lang='lat' dir='ltr'>arma</span> <span class='ocrx_word' id='word_1_558' title='bbox 3281 2006 3627 2076; x_wconf 90' lang='lat' dir='ltr'>sumpsisse:</span> <span class='ocrx_word' id='word_1_559' title='bbox 3661 2007 3848 2076; x_wconf 89' lang='lat' dir='ltr'>igitur</span> 
     </span>
    </p>
   </div>
   <div class='ocr_carea' id='block_1_81' title="bbox 2137 2092 3843 2161">
    <p class='ocr_par' dir='ltr' id='par_1_81' title="bbox 2137 2092 3843 2161">
     <span class='ocr_line' id='line_1_81' title="bbox 2137 2092 3843 2161; baseline 0.002 -14"><span class='ocrx_word' id='word_1_560' title='bbox 2137 2092 2468 2159; x_wconf 86' lang='lat' dir='ltr'>Antiochus,</span> <span class='ocrx_word' id='word_1_561' title='bbox 2516 2098 2582 2147; x_wconf 95' lang='lat' dir='ltr'>ut</span> <span class='ocrx_word' id='word_1_562' title='bbox 2643 2093 3007 2148; x_wconf 88' lang='lat' dir='ltr'>institueram</span> <span class='ocrx_word' id='word_1_563' title='bbox 3073 2095 3280 2161; x_wconf 89' lang='lat' dir='ltr'>dicere,</span> <span class='ocrx_word' id='word_1_564' title='bbox 3342 2093 3552 2148; x_wconf 90' lang='lat' dir='ltr'>auditis</span> <span class='ocrx_word' id='word_1_565' title='bbox 3599 2095 3843 2151; x_wconf 89' lang='lat' dir='ltr'>Philone</span> 
     </span>
    </p>
   </div>
   <div class='ocr_carea' id='block_1_82' title="bbox 2141 2182 3844 2250">
    <p class='ocr_par' dir='ltr' id='par_1_82' title="bbox 2141 2182 3844 2250">
     <span class='ocr_line' id='line_1_82' title="bbox 2141 2182 3844 2250; baseline 0.002 -14"><span class='ocrx_word' id='word_1_566' title='bbox 2141 2182 2484 2250; x_wconf 88' lang='lat' dir='ltr'>academico,</span> <span class='ocrx_word' id='word_1_567' title='bbox 2515 2187 2573 2237; x_wconf 91' lang='lat' dir='ltr'>et</span> <span class='ocrx_word' id='word_1_568' title='bbox 2602 2183 2928 2237; x_wconf 88' lang='lat' dir='ltr'>Mnesarcho</span> <span class='ocrx_word' id='word_1_569' title='bbox 2969 2183 3164 2250; x_wconf 92' lang='lat' dir='ltr'>stoico,</span> <span class='ocrx_word' id='word_1_570' title='bbox 3197 2184 3254 2237; x_wconf 92' lang='lat' dir='ltr'>in</span> <span class='ocrx_word' id='word_1_571' title='bbox 3285 2183 3649 2238; x_wconf 87' lang='lat' dir='ltr'>Academiam</span> <span class='ocrx_word' id='word_1_572' title='bbox 3678 2189 3844 2239; x_wconf 86' lang='lat' dir='ltr'>vete-</span> 
     </span>
    </p>
   </div>
   <div class='ocr_carea' id='block_1_83' title="bbox 2139 2272 3844 2343">
    <p class='ocr_par' dir='ltr' id='par_1_83' title="bbox 2139 2272 3844 2343">
     <span class='ocr_line' id='line_1_83' title="bbox 2139 2272 3844 2343; baseline 0.002 -18"><span class='ocrx_word' id='word_1_573' title='bbox 2139 2287 2278 2338; x_wconf 84' lang='lat' dir='ltr'>rem,</span> <span class='ocrx_word' id='word_1_574' title='bbox 2315 2272 2478 2342; x_wconf 90' lang='lat' dir='ltr'>quasi</span> <span class='ocrx_word' id='word_1_575' title='bbox 2506 2288 2742 2326; x_wconf 89' lang='lat' dir='ltr'>vacuam</span> <span class='ocrx_word' id='word_1_576' title='bbox 2773 2272 3188 2341; x_wconf 88' lang='lat' dir='ltr'>defensoribus,</span> <span class='ocrx_word' id='word_1_577' title='bbox 3222 2277 3279 2326; x_wconf 92' lang='lat' dir='ltr'>et</span> <span class='ocrx_word' id='word_1_578' title='bbox 3299 2273 3461 2343; x_wconf 87' lang='lat' dir='ltr'>quasi</span> <span class='ocrx_word' id='word_1_579' title='bbox 3488 2272 3646 2327; x_wconf 91' lang='lat' dir='ltr'>nullo</span> <span class='ocrx_word' id='word_1_580' title='bbox 3675 2273 3844 2328; x_wconf 90' lang='lat' dir='ltr'>hoste</span> 
     </span>
    </p>
   </div>
   <div class='ocr_carea' id='block_1_84' title="bbox 2140 2361 3843 2433">
    <p class='ocr_par' dir='ltr' id='par_1_84' title="bbox 2140 2361 3843 2433">
     <span class='ocr_line' id='line_1_84' title="bbox 2140 2361 3843 2433; baseline 0.002 -19"><span class='ocrx_word' id='word_1_581' title='bbox 2140 2376 2420 2430; x_wconf 89' lang='lat' dir='ltr'>securam,</span> <span class='ocrx_word' id='word_1_582' title='bbox 2450 2361 2606 2414; x_wconf 90' lang='lat' dir='ltr'>velut</span> <span class='ocrx_word' id='word_1_583' title='bbox 2634 2361 2858 2431; x_wconf 89' lang='lat' dir='ltr'>adjutor</span> <span class='ocrx_word' id='word_1_584' title='bbox 2882 2366 2939 2415; x_wconf 90' lang='lat' dir='ltr'>et</span> <span class='ocrx_word' id='word_1_585' title='bbox 2957 2361 3092 2416; x_wconf 91' lang='lat' dir='ltr'>civis</span> <span class='ocrx_word' id='word_1_586' title='bbox 3120 2361 3444 2432; x_wconf 90' lang='lat' dir='ltr'>irrepserat,</span> <span class='ocrx_word' id='word_1_587' title='bbox 3479 2362 3671 2416; x_wconf 92' lang='lat' dir='ltr'>nescio</span> <span class='ocrx_word' id='word_1_588' title='bbox 3696 2363 3843 2433; x_wconf 90' lang='lat' dir='ltr'>quid</span> 
     </span>
    </p>
   </div>
   <div class='ocr_carea' id='block_1_85' title="bbox 2138 2448 3841 2521">
    <p class='ocr_par' dir='ltr' id='par_1_85' title="bbox 2138 2448 3841 2521">
     <span class='ocr_line' id='line_1_85' title="bbox 2138 2448 3841 2521; baseline 0.001 -19"><span class='ocrx_word' id='word_1_589' title='bbox 2138 2448 2388 2502; x_wconf 88' lang='lat' dir='ltr'>inferens</span> <span class='ocrx_word' id='word_1_590' title='bbox 2413 2448 2550 2502; x_wconf 91' lang='lat' dir='ltr'>mali</span> <span class='ocrx_word' id='word_1_591' title='bbox 2587 2449 2658 2503; x_wconf 93' lang='lat' dir='ltr'>de</span> <span class='ocrx_word' id='word_1_592' title='bbox 2688 2449 3008 2504; x_wconf 88' lang='lat' dir='ltr'>Stoicorum</span> <span class='ocrx_word' id='word_1_593' title='bbox 3046 2449 3350 2514; x_wconf 90' lang='lat' dir='ltr'>cineribus,</span> <span class='ocrx_word' id='word_1_594' title='bbox 3392 2450 3550 2521; x_wconf 90' lang='lat' dir='ltr'>quod</span> <span class='ocrx_word' id='word_1_595' title='bbox 3580 2451 3841 2506; x_wconf 91' lang='lat' dir='ltr'>Platonis</span> 
     </span>
    </p>
   </div>
   <div class='ocr_carea' id='block_1_86' title="bbox 2141 2537 3842 2609">
    <p class='ocr_par' dir='ltr' id='par_1_86' title="bbox 2141 2537 3842 2609">
     <span class='ocr_line' id='line_1_86' title="bbox 2141 2537 3842 2609; baseline 0.002 -19"><span class='ocrx_word' id='word_1_596' title='bbox 2141 2537 2293 2591; x_wconf 89' lang='lat' dir='ltr'>adita</span> <span class='ocrx_word' id='word_1_597' title='bbox 2338 2537 2592 2592; x_wconf 89' lang='lat' dir='ltr'>violaret.</span> <span class='ocrx_word' id='word_1_598' title='bbox 2643 2537 2750 2592; x_wconf 92' lang='lat' dir='ltr'>Sed</span> <span class='ocrx_word' id='word_1_599' title='bbox 2789 2538 2922 2592; x_wconf 90' lang='lat' dir='ltr'>huic</span> <span class='ocrx_word' id='word_1_600' title='bbox 2964 2539 3205 2609; x_wconf 90' lang='lat' dir='ltr'>arreptis</span> <span class='ocrx_word' id='word_1_601' title='bbox 3252 2539 3462 2593; x_wconf 91' lang='lat' dir='ltr'>iterum</span> <span class='ocrx_word' id='word_1_602' title='bbox 3499 2539 3613 2592; x_wconf 90' lang='lat' dir='ltr'>illis</span> <span class='ocrx_word' id='word_1_603' title='bbox 3661 2539 3842 2594; x_wconf 88' lang='lat' dir='ltr'>armis</span> 
     </span>
    </p>
   </div>
   <div class='ocr_carea' id='block_1_87' title="bbox 2141 2626 3841 2699">
    <p class='ocr_par' dir='ltr' id='par_1_87' title="bbox 2141 2626 3841 2699">
     <span class='ocr_line' id='line_1_87' title="bbox 2141 2626 3841 2699; baseline 0.002 -19"><span class='ocrx_word' id='word_1_604' title='bbox 2141 2630 2195 2680; x_wconf 94' lang='lat' dir='ltr'>et</span> <span class='ocrx_word' id='word_1_605' title='bbox 2226 2627 2426 2680; x_wconf 91' lang='lat' dir='ltr'>Philon</span> <span class='ocrx_word' id='word_1_606' title='bbox 2455 2626 2663 2681; x_wconf 88' lang='lat' dir='ltr'>restitit</span> <span class='ocrx_word' id='word_1_607' title='bbox 2685 2628 2863 2680; x_wconf 92' lang='lat' dir='ltr'>donec</span> <span class='ocrx_word' id='word_1_608' title='bbox 2880 2633 3220 2694; x_wconf 90' lang='lat' dir='ltr'>moreretur,</span> <span class='ocrx_word' id='word_1_609' title='bbox 3253 2631 3308 2681; x_wconf 90' lang='lat' dir='ltr'>et</span> <span class='ocrx_word' id='word_1_610' title='bbox 3323 2643 3521 2682; x_wconf 91' lang='lat' dir='ltr'>omnes</span> <span class='ocrx_word' id='word_1_611' title='bbox 3551 2629 3674 2699; x_wconf 84' lang='lat' dir='ltr'>ejus</span> <span class='ocrx_word' id='word_1_612' title='bbox 3704 2629 3841 2683; x_wconf 90' lang='lat' dir='ltr'>reli-</span> 
     </span>
    </p>
   </div>
   <div class='ocr_carea' id='block_1_88' title="bbox 2141 2715 3846 2787">
    <p class='ocr_par' dir='ltr' id='par_1_88' title="bbox 2141 2715 3846 2787">
     <span class='ocr_line' id='line_1_88' title="bbox 2141 2715 3846 2787; baseline 0.002 -18"><span class='ocrx_word' id='word_1_613' title='bbox 2141 2715 2305 2787; x_wconf 89' lang='lat' dir='ltr'>quias</span> <span class='ocrx_word' id='word_1_614' title='bbox 2333 2715 2548 2769; x_wconf 90' lang='lat' dir='ltr'>Tullius</span> <span class='ocrx_word' id='word_1_615' title='bbox 2568 2719 2761 2768; x_wconf 92' lang='lat' dir='ltr'>noster</span> <span class='ocrx_word' id='word_1_616' title='bbox 2790 2715 3094 2786; x_wconf 82' lang='lat' dir='ltr'>oppressit,</span> <span class='ocrx_word' id='word_1_617' title='bbox 3123 2733 3181 2770; x_wconf 92' lang='lat' dir='ltr'>se</span> <span class='ocrx_word' id='word_1_618' title='bbox 3202 2716 3326 2770; x_wconf 88' lang='lat' dir='ltr'>vivo</span> <span class='ocrx_word' id='word_1_619' title='bbox 3353 2716 3660 2786; x_wconf 90' lang='lat' dir='ltr'>impatiens</span> <span class='ocrx_word' id='word_1_620' title='bbox 3689 2718 3846 2772; x_wconf 86' lang='lat' dir='ltr'>labe-</span> 
     </span>
    </p>
   </div>
   <div class='ocr_carea' id='block_1_89' title="bbox 2140 2803 3846 2877">
    <p class='ocr_par' dir='ltr' id='par_1_89' title="bbox 2140 2803 3846 2877">
     <span class='ocr_line' id='line_1_89' title="bbox 2140 2803 3846 2877; baseline 0.001 -19"><span class='ocrx_word' id='word_1_621' title='bbox 2140 2804 2335 2858; x_wconf 87' lang='lat' dir='ltr'>factari</span> <span class='ocrx_word' id='word_1_622' title='bbox 2362 2803 2448 2858; x_wconf 88' lang='lat' dir='ltr'>vel</span> <span class='ocrx_word' id='word_1_623' title='bbox 2475 2804 2851 2858; x_wconf 86' lang='lat' dir='ltr'>contaminari</span> <span class='ocrx_word' id='word_1_624' title='bbox 2872 2804 3152 2874; x_wconf 89' lang='lat' dir='ltr'>quidquid</span> <span class='ocrx_word' id='word_1_625' title='bbox 3177 2804 3478 2858; x_wconf 88' lang='lat' dir='ltr'>amavisset</span> <span class='ocrx_word' id='word_1_626' title='bbox 3500 2821 3513 2858; x_wconf 93' lang='lat'><strong>:</strong></span> <span class='ocrx_word' id='word_1_627' title='bbox 3539 2806 3679 2860; x_wconf 88' lang='lat' dir='ltr'>adeo</span> <span class='ocrx_word' id='word_1_628' title='bbox 3710 2811 3846 2877; x_wconf 91' lang='lat' dir='ltr'>post</span> 
     </span>
    </p>
   </div>
   <div class='ocr_carea' id='block_1_90' title="bbox 2140 2893 3845 2964">
    <p class='ocr_par' dir='ltr' id='par_1_90' title="bbox 2140 2893 3845 2964">
     <span class='ocr_line' id='line_1_90' title="bbox 2140 2893 3845 2964; baseline 0.001 -16"><span class='ocrx_word' id='word_1_629' title='bbox 2140 2893 2238 2948; x_wconf 90' lang='lat' dir='ltr'>illa</span> <span class='ocrx_word' id='word_1_630' title='bbox 2286 2897 2547 2963; x_wconf 88' lang='lat' dir='ltr'>tempora</span> <span class='ocrx_word' id='word_1_631' title='bbox 2593 2909 2709 2947; x_wconf 92' lang='lat' dir='ltr'>non</span> <span class='ocrx_word' id='word_1_632' title='bbox 2755 2893 2929 2964; x_wconf 92' lang='lat' dir='ltr'>longo</span> <span class='ocrx_word' id='word_1_633' title='bbox 2977 2894 3272 2948; x_wconf 87' lang='lat' dir='ltr'>intervallo</span> <span class='ocrx_word' id='word_1_634' title='bbox 3320 2895 3480 2948; x_wconf 91' lang='lat' dir='ltr'>omni</span> <span class='ocrx_word' id='word_1_635' title='bbox 3522 2895 3845 2964; x_wconf 83' lang='lat' dir='ltr'>pervicacia</span> 
     </span>
    </p>
   </div>
   <div class='ocr_carea' id='block_1_91' title="bbox 2139 2981 3842 3053">
    <p class='ocr_par' dir='ltr' id='par_1_91' title="bbox 2139 2981 3842 3053">
     <span class='ocr_line' id='line_1_91' title="bbox 2139 2981 3842 3053; baseline 0.001 -17"><span class='ocrx_word' id='word_1_636' title='bbox 2139 2981 2566 3053; x_wconf 89' lang='lat' dir='ltr'>pertinaciaque</span> <span class='ocrx_word' id='word_1_637' title='bbox 2615 2981 2933 3047; x_wconf 88' lang='lat' dir='ltr'>demortua,</span> <span class='ocrx_word' id='word_1_638' title='bbox 2985 2999 3047 3036; x_wconf 95' lang='lat' dir='ltr'>os</span> <span class='ocrx_word' id='word_1_639' title='bbox 3094 2983 3236 3036; x_wconf 92' lang='lat' dir='ltr'>illud</span> <span class='ocrx_word' id='word_1_640' title='bbox 3289 2983 3541 3037; x_wconf 90' lang='lat' dir='ltr'>Platonis</span> <span class='ocrx_word' id='word_1_641' title='bbox 3588 2984 3743 3053; x_wconf 91' lang='lat' dir='ltr'>quod</span> <span class='ocrx_word' id='word_1_642' title='bbox 3780 2983 3842 3037; x_wconf 94' lang='lat' dir='ltr'>in</span> 
     </span>
    </p>
   </div>
   <div class='ocr_carea' id='block_1_92' title="bbox 2138 3071 3846 3142">
    <p class='ocr_par' dir='ltr' id='par_1_92' title="bbox 2138 3071 3846 3142">
     <span class='ocr_line' id='line_1_92' title="bbox 2138 3071 3846 3142; baseline 0 -16"><span class='ocrx_word' id='word_1_643' title='bbox 2138 3071 2499 3142; x_wconf 88' lang='lat' dir='ltr'>philosophia</span> <span class='ocrx_word' id='word_1_644' title='bbox 2525 3071 2997 3142; x_wconf 89' lang='lat' dir='ltr'>purgatissimum</span> <span class='ocrx_word' id='word_1_645' title='bbox 3021 3075 3106 3127; x_wconf 89' lang='lat' dir='ltr'>est</span> <span class='ocrx_word' id='word_1_646' title='bbox 3121 3075 3176 3126; x_wconf 91' lang='lat' dir='ltr'>et</span> <span class='ocrx_word' id='word_1_647' title='bbox 3192 3071 3631 3141; x_wconf 88' lang='lat' dir='ltr'>lucidissimum,</span> <span class='ocrx_word' id='word_1_648' title='bbox 3659 3072 3846 3126; x_wconf 92' lang='lat' dir='ltr'>dimo-</span> 
     </span>
    </p>
   </div>
   <div class='ocr_carea' id='block_1_93' title="bbox 2139 3159 3844 3232">
    <p class='ocr_par' dir='ltr' id='par_1_93' title="bbox 2139 3159 3844 3232">
     <span class='ocr_line' id='line_1_93' title="bbox 2139 3159 3844 3232; baseline 0.001 -19"><span class='ocrx_word' id='word_1_649' title='bbox 2139 3160 2211 3214; x_wconf 92' lang='lat' dir='ltr'>tis</span> <span class='ocrx_word' id='word_1_650' title='bbox 2240 3160 2487 3214; x_wconf 91' lang='lat' dir='ltr'>nubibus</span> <span class='ocrx_word' id='word_1_651' title='bbox 2531 3159 2738 3214; x_wconf 89' lang='lat' dir='ltr'>erroris</span> <span class='ocrx_word' id='word_1_652' title='bbox 2785 3160 3036 3221; x_wconf 89' lang='lat' dir='ltr'>emicuit,</span> <span class='ocrx_word' id='word_1_653' title='bbox 3070 3160 3315 3214; x_wconf 86' lang='lat' dir='ltr'>maxime</span> <span class='ocrx_word' id='word_1_654' title='bbox 3359 3161 3420 3215; x_wconf 92' lang='lat' dir='ltr'>in</span> <span class='ocrx_word' id='word_1_655' title='bbox 3463 3161 3706 3223; x_wconf 91' lang='lat' dir='ltr'>Plotino,</span> <span class='ocrx_word' id='word_1_656' title='bbox 3740 3161 3844 3232; x_wconf 91' lang='lat' dir='ltr'>qui</span> 
     </span>
    </p>
   </div>
   <div class='ocr_carea' id='block_1_94' title="bbox 2140 3247 3843 3320">
    <p class='ocr_par' dir='ltr' id='par_1_94' title="bbox 2140 3247 3843 3320">
     <span class='ocr_line' id='line_1_94' title="bbox 2140 3247 3843 3320; baseline -0.001 -16"><span class='ocrx_word' id='word_1_657' title='bbox 2140 3250 2457 3320; x_wconf 87' lang='lat' dir='ltr'>platonicus</span> <span class='ocrx_word' id='word_1_658' title='bbox 2494 3248 2869 3320; x_wconf 87' lang='lat' dir='ltr'>philosophus</span> <span class='ocrx_word' id='word_1_659' title='bbox 2907 3247 2987 3302; x_wconf 89' lang='lat' dir='ltr'>ita</span> <span class='ocrx_word' id='word_1_660' title='bbox 3020 3249 3143 3319; x_wconf 87' lang='lat' dir='ltr'>ejus</span> <span class='ocrx_word' id='word_1_661' title='bbox 3182 3248 3384 3302; x_wconf 82' lang='lat' dir='ltr'>similis</span> <span class='ocrx_word' id='word_1_662' title='bbox 3417 3249 3702 3319; x_wconf 88' lang='lat' dir='ltr'>judicatus</span> <span class='ocrx_word' id='word_1_663' title='bbox 3730 3255 3843 3317; x_wconf 89' lang='lat' dir='ltr'>est,</span> 
     </span>
    </p>
   </div>
   <div class='ocr_carea' id='block_1_95' title="bbox 2139 3337 3836 3409">
    <p class='ocr_par' dir='ltr' id='par_1_95' title="bbox 2139 3337 3836 3409">
     <span class='ocr_line' id='line_1_95' title="bbox 2139 3337 3836 3409; baseline 0 -17"><span class='ocrx_word' id='word_1_664' title='bbox 2139 3343 2205 3392; x_wconf 92' lang='lat' dir='ltr'>ut</span> <span class='ocrx_word' id='word_1_665' title='bbox 2233 3339 2403 3392; x_wconf 90' lang='lat' dir='ltr'>simul</span> <span class='ocrx_word' id='word_1_666' title='bbox 2433 3354 2530 3392; x_wconf 91' lang='lat' dir='ltr'>eos</span> <span class='ocrx_word' id='word_1_667' title='bbox 2557 3338 2783 3403; x_wconf 87' lang='lat' dir='ltr'>vixisse,</span> <span class='ocrx_word' id='word_1_668' title='bbox 2802 3341 3026 3392; x_wconf 89' lang='lat' dir='ltr'>tantum</span> <span class='ocrx_word' id='word_1_669' title='bbox 3055 3341 3247 3393; x_wconf 89' lang='lat' dir='ltr'>autem</span> <span class='ocrx_word' id='word_1_670' title='bbox 3266 3337 3534 3393; x_wconf 75' lang='lat' dir='ltr'>interest&#39;</span> <span class='ocrx_word' id='word_1_671' title='bbox 3554 3338 3836 3409; x_wconf 88' lang='lat' dir='ltr'>temporis</span> 
     </span>
    </p>
   </div>
   <div class='ocr_carea' id='block_1_96' title="bbox 2139 3426 3276 3497">
    <p class='ocr_par' dir='ltr' id='par_1_96' title="bbox 2139 3426 3276 3497">
     <span class='ocr_line' id='line_1_96' title="bbox 2139 3426 3276 3497; baseline -0.001 -15"><span class='ocrx_word' id='word_1_672' title='bbox 2139 3432 2204 3482; x_wconf 89' lang='lat' dir='ltr'>ut</span> <span class='ocrx_word' id='word_1_673' title='bbox 2232 3427 2291 3482; x_wconf 93' lang='lat' dir='ltr'>in</span> <span class='ocrx_word' id='word_1_674' title='bbox 2318 3428 2426 3482; x_wconf 92' lang='lat' dir='ltr'>hoc</span> <span class='ocrx_word' id='word_1_675' title='bbox 2455 3427 2548 3480; x_wconf 91' lang='lat' dir='ltr'>ille</span> <span class='ocrx_word' id='word_1_676' title='bbox 2577 3426 2844 3480; x_wconf 86' lang='lat' dir='ltr'>revixisse</span> <span class='ocrx_word' id='word_1_677' title='bbox 2872 3426 3155 3497; x_wconf 89' lang='lat' dir='ltr'>putandus</span> <span class='ocrx_word' id='word_1_678' title='bbox 3185 3427 3276 3481; x_wconf 91' lang='lat' dir='ltr'>sit.</span> 
     </span>
    </p>
   </div>
   <div class='ocr_carea' id='block_1_97' title="bbox 2281 3516 3688 3585">
    <p class='ocr_par' dir='ltr' id='par_1_97' title="bbox 2281 3516 3688 3585">
     <span class='ocr_line' id='line_1_97' title="bbox 2281 3516 3688 3585; baseline -0.002 -13"><span class='ocrx_word' id='word_1_679' title='bbox 2281 3516 2504 3572; x_wconf 83' lang='lat' dir='ltr'>CAPUT</span> <span class='ocrx_word' id='word_1_680' title='bbox 2534 3516 2664 3570; x_wconf 81' lang='lat' dir='ltr'>XIX.</span> <span class='ocrx_word' id='word_1_681' title='bbox 2696 3546 2764 3556; x_wconf 89' lang='lat'>—-</span> <span class='ocrx_word' id='word_1_682' title='bbox 2798 3517 3085 3584; x_wconf 70' lang='lat' dir='ltr'>Multiplea:</span> <span class='ocrx_word' id='word_1_683' title='bbox 3119 3516 3474 3585; x_wconf 69' lang='lat' dir='ltr'>philosophiae</span> <span class='ocrx_word' id='word_1_684' title='bbox 3501 3530 3688 3584; x_wconf 80' lang='lat' dir='ltr'>genus.</span> 
     </span>
    </p>
   </div>
   <div class='ocr_carea' id='block_1_98' title="bbox 2209 3603 3832 3675">
    <p class='ocr_par' dir='ltr' id='par_1_98' title="bbox 2209 3603 3832 3675">
     <span class='ocr_line' id='line_1_98' title="bbox 2209 3603 3832 3675; baseline -0.001 -16"><span class='ocrx_word' id='word_1_685' title='bbox 2209 3607 2298 3660; x_wconf 80' lang='grc'>42.</span> <span class='ocrx_word' id='word_1_686' title='bbox 2340 3607 2536 3675; x_wconf 90' lang='lat' dir='ltr'>Itaque</span> <span class='ocrx_word' id='word_1_687' title='bbox 2591 3620 2743 3658; x_wconf 93' lang='lat' dir='ltr'>nunc</span> <span class='ocrx_word' id='word_1_688' title='bbox 2797 3603 3173 3675; x_wconf 90' lang='lat' dir='ltr'>philosophos</span> <span class='ocrx_word' id='word_1_689' title='bbox 3219 3620 3335 3659; x_wconf 94' lang='lat' dir='ltr'>non</span> <span class='ocrx_word' id='word_1_690' title='bbox 3379 3605 3498 3660; x_wconf 90' lang='lat' dir='ltr'>fere</span> <span class='ocrx_word' id='word_1_691' title='bbox 3544 3604 3832 3672; x_wconf 85' lang='lat' dir='ltr'>videmus,</span> 
     </span>
    </p>
   </div>
   <div class='ocr_carea' id='block_1_99' title="bbox 2139 3693 3837 3765">
    <p class='ocr_par' dir='ltr' id='par_1_99' title="bbox 2139 3693 3837 3765">
     <span class='ocr_line' id='line_1_99' title="bbox 2139 3693 3837 3765; baseline 0.001 -19"><span class='ocrx_word' id='word_1_692' title='bbox 2139 3693 2252 3747; x_wconf 90' lang='lat' dir='ltr'>nisi</span> <span class='ocrx_word' id='word_1_693' title='bbox 2301 3697 2398 3747; x_wconf 89' lang='lat' dir='ltr'>aut</span> <span class='ocrx_word' id='word_1_694' title='bbox 2440 3693 2674 3765; x_wconf 86' lang='lat' dir='ltr'>Cynicos</span> <span class='ocrx_word' id='word_1_695' title='bbox 2721 3698 2818 3747; x_wconf 89' lang='lat' dir='ltr'>aut</span> <span class='ocrx_word' id='word_1_696' title='bbox 2859 3693 3266 3764; x_wconf 86' lang='lat' dir='ltr'>Peripateticos</span> <span class='ocrx_word' id='word_1_697' title='bbox 3313 3697 3414 3748; x_wconf 88' lang='lat' dir='ltr'>aut</span> <span class='ocrx_word' id='word_1_698' title='bbox 3463 3693 3783 3748; x_wconf 89' lang='lat' dir='ltr'>Platonicos</span> <span class='ocrx_word' id='word_1_699' title='bbox 3822 3709 3837 3748; x_wconf 89' lang='lat'><strong>:</strong></span> 
     </span>
    </p>
   </div>
   <div class='ocr_carea' id='block_1_100' title="bbox 2139 3781 3841 3853">
    <p class='ocr_par' dir='ltr' id='par_1_100' title="bbox 2139 3781 3841 3853">
     <span class='ocr_line' id='line_1_100' title="bbox 2139 3781 3841 3853; baseline 0.001 -17"><span class='ocrx_word' id='word_1_700' title='bbox 2139 3786 2195 3836; x_wconf 93' lang='lat' dir='ltr'>et</span> <span class='ocrx_word' id='word_1_701' title='bbox 2232 3782 2465 3853; x_wconf 85' lang='lat' dir='ltr'>Cynicos</span> <span class='ocrx_word' id='word_1_702' title='bbox 2512 3781 2769 3853; x_wconf 89' lang='lat' dir='ltr'>quidem,</span> <span class='ocrx_word' id='word_1_703' title='bbox 2819 3782 2956 3852; x_wconf 90' lang='lat' dir='ltr'>quia</span> <span class='ocrx_word' id='word_1_704' title='bbox 2984 3798 3081 3837; x_wconf 93' lang='lat' dir='ltr'>eos</span> <span class='ocrx_word' id='word_1_705' title='bbox 3124 3782 3255 3836; x_wconf 71' lang='lat' dir='ltr'>vitae</span> <span class='ocrx_word' id='word_1_706' title='bbox 3285 3782 3551 3853; x_wconf 64' lang='lat' dir='ltr'>quaedam</span> <span class='ocrx_word' id='word_1_707' title='bbox 3592 3782 3841 3837; x_wconf 86' lang='lat' dir='ltr'>delectat</span> 
     </span>
    </p>
   </div>
   <div class='ocr_carea' id='block_1_101' title="bbox 2139 3869 3836 3942">
    <p class='ocr_par' dir='ltr' id='par_1_101' title="bbox 2139 3869 3836 3942">
     <span class='ocr_line' id='line_1_101' title="bbox 2139 3869 3836 3942; baseline 0.001 -17"><span class='ocrx_word' id='word_1_708' title='bbox 2139 3871 2371 3926; x_wconf 88' lang='lat' dir='ltr'>libertas</span> <span class='ocrx_word' id='word_1_709' title='bbox 2419 3874 2589 3942; x_wconf 87' lang='lat' dir='ltr'>atque</span> <span class='ocrx_word' id='word_1_710' title='bbox 2630 3869 2879 3925; x_wconf 92' lang='lat' dir='ltr'>licentia.</span> <span class='ocrx_word' id='word_1_711' title='bbox 2927 3870 3089 3935; x_wconf 90' lang='lat' dir='ltr'>Quod</span> <span class='ocrx_word' id='word_1_712' title='bbox 3118 3875 3311 3926; x_wconf 89' lang='lat' dir='ltr'>autem</span> <span class='ocrx_word' id='word_1_713' title='bbox 3339 3872 3411 3926; x_wconf 90' lang='lat' dir='ltr'>ad</span> <span class='ocrx_word' id='word_1_714' title='bbox 3445 3871 3836 3927; x_wconf 87' lang='lat' dir='ltr'>eruditionem</span> 
     </span>
    </p>
   </div>
   <div class='ocr_carea' id='block_1_102' title="bbox 2141 3959 3841 4031">
    <p class='ocr_par' dir='ltr' id='par_1_102' title="bbox 2141 3959 3841 4031">
     <span class='ocr_line' id='line_1_102' title="bbox 2141 3959 3841 4031; baseline 0 -17"><span class='ocrx_word' id='word_1_715' title='bbox 2141 3960 2574 4031; x_wconf 89' lang='lat' dir='ltr'>doctrinamque</span> <span class='ocrx_word' id='word_1_716' title='bbox 2633 3959 2858 4025; x_wconf 88' lang='lat' dir='ltr'>attinet,</span> <span class='ocrx_word' id='word_1_717' title='bbox 2903 3964 2960 4014; x_wconf 91' lang='lat' dir='ltr'>et</span> <span class='ocrx_word' id='word_1_718' title='bbox 3019 3975 3206 4014; x_wconf 88' lang='lat' dir='ltr'>mores</span> <span class='ocrx_word' id='word_1_719' title='bbox 3260 3960 3468 4031; x_wconf 90' lang='lat' dir='ltr'>quibus</span> <span class='ocrx_word' id='word_1_720' title='bbox 3519 3961 3841 4015; x_wconf 89' lang='lat' dir='ltr'>consulitur</span> 
     </span>
    </p>
   </div>
   <div class='ocr_carea' id='block_1_103' title="bbox 2139 4047 3840 4120">
    <p class='ocr_par' dir='ltr' id='par_1_103' title="bbox 2139 4047 3840 4120">
     <span class='ocr_line' id='line_1_103' title="bbox 2139 4047 3840 4120; baseline 0.001 -18"><span class='ocrx_word' id='word_1_721' title='bbox 2139 4048 2368 4116; x_wconf 69' lang='lat' dir='ltr'>animm,</span> <span class='ocrx_word' id='word_1_722' title='bbox 2396 4048 2532 4120; x_wconf 92' lang='lat' dir='ltr'>quia</span> <span class='ocrx_word' id='word_1_723' title='bbox 2558 4063 2673 4102; x_wconf 92' lang='lat' dir='ltr'>non</span> <span class='ocrx_word' id='word_1_724' title='bbox 2705 4047 3010 4102; x_wconf 90' lang='lat' dir='ltr'>defuerunt</span> <span class='ocrx_word' id='word_1_725' title='bbox 3045 4049 3356 4104; x_wconf 87' lang='lat' dir='ltr'>acutissimi</span> <span class='ocrx_word' id='word_1_726' title='bbox 3395 4054 3450 4104; x_wconf 91' lang='lat' dir='ltr'>et</span> <span class='ocrx_word' id='word_1_727' title='bbox 3477 4049 3840 4104; x_wconf 89' lang='lat' dir='ltr'>solertissimi</span> 
     </span>
    </p>
   </div>
   <div class='ocr_carea' id='block_1_104' title="bbox 2137 4136 3841 4207">
    <p class='ocr_par' dir='ltr' id='par_1_104' title="bbox 2137 4136 3841 4207">
     <span class='ocr_line' id='line_1_104' title="bbox 2137 4136 3841 4207; baseline 0.002 -17"><span class='ocrx_word' id='word_1_728' title='bbox 2137 4137 2266 4204; x_wconf 90' lang='lat' dir='ltr'>viri,</span> <span class='ocrx_word' id='word_1_729' title='bbox 2298 4137 2396 4207; x_wconf 90' lang='lat' dir='ltr'>qui</span> <span class='ocrx_word' id='word_1_730' title='bbox 2427 4137 2693 4192; x_wconf 91' lang='lat' dir='ltr'>docerent</span> <span class='ocrx_word' id='word_1_731' title='bbox 2720 4136 3203 4207; x_wconf 90' lang='lat' dir='ltr'>disputationibus</span> <span class='ocrx_word' id='word_1_732' title='bbox 3232 4137 3349 4191; x_wconf 92' lang='lat' dir='ltr'>suis</span> <span class='ocrx_word' id='word_1_733' title='bbox 3380 4137 3742 4193; x_wconf 90' lang='lat' dir='ltr'>Aristotelem</span> <span class='ocrx_word' id='word_1_734' title='bbox 3773 4156 3841 4194; x_wconf 90' lang='lat' dir='ltr'>ac</span> 
     </span>
    </p>
   </div>
   <div class='ocr_carea' id='block_1_105' title="bbox 2139 4225 3837 4296">
    <p class='ocr_par' dir='ltr' id='par_1_105' title="bbox 2139 4225 3837 4296">
     <span class='ocr_line' id='line_1_105' title="bbox 2139 4225 3837 4296; baseline 0 -16"><span class='ocrx_word' id='word_1_735' title='bbox 2139 4226 2432 4280; x_wconf 89' lang='lat' dir='ltr'>Platonem</span> <span class='ocrx_word' id='word_1_736' title='bbox 2480 4226 2559 4280; x_wconf 88' lang='lat' dir='ltr'>ita</span> <span class='ocrx_word' id='word_1_737' title='bbox 2596 4225 2702 4280; x_wconf 87' lang='lat' dir='ltr'>sibi</span> <span class='ocrx_word' id='word_1_738' title='bbox 2733 4226 3050 4292; x_wconf 92' lang='lat' dir='ltr'>concinere,</span> <span class='ocrx_word' id='word_1_739' title='bbox 3094 4232 3160 4281; x_wconf 91' lang='lat' dir='ltr'>ut</span> <span class='ocrx_word' id='word_1_740' title='bbox 3199 4226 3481 4296; x_wconf 88' lang='lat' dir='ltr'>imperitis</span> <span class='ocrx_word' id='word_1_741' title='bbox 3529 4225 3837 4296; x_wconf 89' lang='lat' dir='ltr'>minusque</span> 
     </span>
    </p>
   </div>
   <div class='ocr_carea' id='block_1_106' title="bbox 2140 4314 3838 4385">
    <p class='ocr_par' dir='ltr' id='par_1_106' title="bbox 2140 4314 3838 4385">
     <span class='ocr_line' id='line_1_106' title="bbox 2140 4314 3838 4385; baseline -0.001 -17"><span class='ocrx_word' id='word_1_742' title='bbox 2140 4315 2369 4369; x_wconf 88' lang='lat' dir='ltr'>attentis</span> <span class='ocrx_word' id='word_1_743' title='bbox 2413 4314 2710 4368; x_wconf 91' lang='lat' dir='ltr'>dissentire</span> <span class='ocrx_word' id='word_1_744' title='bbox 2754 4314 3089 4381; x_wconf 90' lang='lat' dir='ltr'>videantur;</span> <span class='ocrx_word' id='word_1_745' title='bbox 3121 4314 3316 4369; x_wconf 91' lang='lat' dir='ltr'>multis</span> <span class='ocrx_word' id='word_1_746' title='bbox 3353 4314 3582 4385; x_wconf 91' lang='lat' dir='ltr'>quidem</span> <span class='ocrx_word' id='word_1_747' title='bbox 3614 4314 3838 4368; x_wconf 80' lang='lat' dir='ltr'>saeculis</span> 
     </span>
    </p>
   </div>
   <div class='ocr_carea' id='block_1_107' title="bbox 2139 4402 3838 4474">
    <p class='ocr_par' dir='ltr' id='par_1_107' title="bbox 2139 4402 3838 4474">
     <span class='ocr_line' id='line_1_107' title="bbox 2139 4402 3838 4474; baseline -0.001 -17"><span class='ocrx_word' id='word_1_748' title='bbox 2139 4403 2450 4474; x_wconf 90' lang='lat' dir='ltr'>multisque</span> <span class='ocrx_word' id='word_1_749' title='bbox 2498 4402 2972 4464; x_wconf 86' lang='lat' dir='ltr'>contentionibus,</span> <span class='ocrx_word' id='word_1_750' title='bbox 3000 4402 3096 4456; x_wconf 92' lang='lat' dir='ltr'>sed</span> <span class='ocrx_word' id='word_1_751' title='bbox 3134 4407 3328 4456; x_wconf 89' lang='lat' dir='ltr'>tamen</span> <span class='ocrx_word' id='word_1_752' title='bbox 3357 4403 3606 4473; x_wconf 86' lang='lat' dir='ltr'>eliquata</span> <span class='ocrx_word' id='word_1_753' title='bbox 3634 4406 3737 4464; x_wconf 90' lang='lat' dir='ltr'>est,</span> <span class='ocrx_word' id='word_1_754' title='bbox 3773 4407 3838 4456; x_wconf 90' lang='lat' dir='ltr'>ut</span> 
     </span>
    </p>
   </div>
   <div class='ocr_carea' id='block_1_108' title="bbox 2139 4490 3836 4562">
    <p class='ocr_par' dir='ltr' id='par_1_108' title="bbox 2139 4490 3836 4562">
     <span class='ocr_line' id='line_1_108' title="bbox 2139 4490 3836 4562; baseline -0.001 -17"><span class='ocrx_word' id='word_1_755' title='bbox 2139 4491 2362 4562; x_wconf 92' lang='lat' dir='ltr'>opinor,</span> <span class='ocrx_word' id='word_1_756' title='bbox 2395 4507 2511 4544; x_wconf 90' lang='lat' dir='ltr'>una</span> <span class='ocrx_word' id='word_1_757' title='bbox 2556 4491 2864 4545; x_wconf 66' lang='lat' dir='ltr'>verissimae</span> <span class='ocrx_word' id='word_1_758' title='bbox 2905 4490 3282 4561; x_wconf 76' lang='lat' dir='ltr'>philosophiae</span> <span class='ocrx_word' id='word_1_759' title='bbox 3333 4490 3658 4560; x_wconf 90' lang='lat' dir='ltr'>disciplina.</span> <span class='ocrx_word' id='word_1_760' title='bbox 3708 4491 3836 4544; x_wconf 84' lang='lat' dir='ltr'>Non</span> 
     </span>
    </p>
   </div>
   <div class='ocr_carea' id='block_1_109' title="bbox 2140 4579 3836 4651">
    <p class='ocr_par' dir='ltr' id='par_1_109' title="bbox 2140 4579 3836 4651">
     <span class='ocr_line' id='line_1_109' title="bbox 2140 4579 3836 4651; baseline -0.001 -17"><span class='ocrx_word' id='word_1_761' title='bbox 2140 4581 2295 4635; x_wconf 92' lang='lat' dir='ltr'>enim</span> <span class='ocrx_word' id='word_1_762' title='bbox 2326 4585 2409 4635; x_wconf 90' lang='lat' dir='ltr'>est</span> <span class='ocrx_word' id='word_1_763' title='bbox 2437 4580 2544 4634; x_wconf 90' lang='lat' dir='ltr'>ista</span> <span class='ocrx_word' id='word_1_764' title='bbox 2571 4581 2744 4650; x_wconf 88' lang='lat' dir='ltr'>hujus</span> <span class='ocrx_word' id='word_1_765' title='bbox 2775 4580 2977 4635; x_wconf 91' lang='lat' dir='ltr'>mundi</span> <span class='ocrx_word' id='word_1_766' title='bbox 3023 4579 3406 4651; x_wconf 89' lang='lat' dir='ltr'>philosophia,</span> <span class='ocrx_word' id='word_1_767' title='bbox 3455 4596 3628 4650; x_wconf 89' lang='lat' dir='ltr'>quam</span> <span class='ocrx_word' id='word_1_768' title='bbox 3675 4596 3836 4633; x_wconf 87' lang='lat' dir='ltr'>sacra</span> 
     </span>
    </p>
   </div>
   <div class='ocr_carea' id='block_1_110' title="bbox 2140 4668 3834 4739">
    <p class='ocr_par' dir='ltr' id='par_1_110' title="bbox 2140 4668 3834 4739">
     <span class='ocr_line' id='line_1_110' title="bbox 2140 4668 3834 4739; baseline -0.002 -15"><span class='ocrx_word' id='word_1_769' title='bbox 2140 4675 2334 4724; x_wconf 88' lang='lat' dir='ltr'>nostra</span> <span class='ocrx_word' id='word_1_770' title='bbox 2362 4669 2721 4724; x_wconf 90' lang='lat' dir='ltr'>meritissime</span> <span class='ocrx_word' id='word_1_771' title='bbox 2754 4669 3125 4736; x_wconf 89' lang='lat' dir='ltr'>detestantur,</span> <span class='ocrx_word' id='word_1_772' title='bbox 3159 4669 3254 4724; x_wconf 90' lang='lat' dir='ltr'>sed</span> <span class='ocrx_word' id='word_1_773' title='bbox 3297 4670 3528 4723; x_wconf 87' lang='lat' dir='ltr'>alterius</span> <span class='ocrx_word' id='word_1_774' title='bbox 3558 4668 3834 4739; x_wconf 89' lang='lat' dir='ltr'>intelligi-</span> 
     </span>
    </p>
   </div>
   <div class='ocr_carea' id='block_1_111' title="bbox 2139 4757 3835 4826">
    <p class='ocr_par' dir='ltr' id='par_1_111' title="bbox 2139 4757 3835 4826">
     <span class='ocr_line' id='line_1_111' title="bbox 2139 4757 3835 4826; baseline -0.001 -14"><span class='ocrx_word' id='word_1_775' title='bbox 2139 4759 2300 4826; x_wconf 91' lang='lat' dir='ltr'>bilis;</span> <span class='ocrx_word' id='word_1_776' title='bbox 2335 4759 2428 4813; x_wconf 92' lang='lat' dir='ltr'>cui</span> <span class='ocrx_word' id='word_1_777' title='bbox 2457 4759 2676 4813; x_wconf 90' lang='lat' dir='ltr'>animas</span> <span class='ocrx_word' id='word_1_778' title='bbox 2696 4758 3142 4812; x_wconf 84' lang='lat' dir='ltr'>multiformibus</span> <span class='ocrx_word' id='word_1_779' title='bbox 3165 4758 3371 4812; x_wconf 90' lang='lat' dir='ltr'>erroris</span> <span class='ocrx_word' id='word_1_780' title='bbox 3391 4757 3639 4812; x_wconf 90' lang='lat' dir='ltr'>tenebris</span> <span class='ocrx_word' id='word_1_781' title='bbox 3663 4773 3835 4811; x_wconf 63' lang='lat' dir='ltr'>caeca-</span> 
     </span>
    </p>
   </div>
   <div class='ocr_carea' id='block_1_112' title="bbox 2137 4845 3830 4916">
    <p class='ocr_par' dir='ltr' id='par_1_112' title="bbox 2137 4845 3830 4916">
     <span class='ocr_line' id='line_1_112' title="bbox 2137 4845 3830 4916; baseline -0.002 -15"><span class='ocrx_word' id='word_1_782' title='bbox 2137 4852 2243 4915; x_wconf 89' lang='lat' dir='ltr'>tas,</span> <span class='ocrx_word' id='word_1_783' title='bbox 2281 4860 2335 4902; x_wconf 87' lang='lat' dir='ltr'>et</span> <span class='ocrx_word' id='word_1_784' title='bbox 2361 4847 2650 4901; x_wconf 91' lang='lat' dir='ltr'>altissimis</span> <span class='ocrx_word' id='word_1_785' title='bbox 2679 4863 2712 4900; x_wconf 90' lang='lat' dir='ltr'>a</span> <span class='ocrx_word' id='word_1_786' title='bbox 2739 4861 2974 4916; x_wconf 90' lang='lat' dir='ltr'>corpore</span> <span class='ocrx_word' id='word_1_787' title='bbox 2999 4845 3261 4900; x_wconf 90' lang='lat' dir='ltr'>sordibus</span> <span class='ocrx_word' id='word_1_788' title='bbox 3281 4845 3501 4910; x_wconf 89' lang='lat' dir='ltr'>oblitas,</span> <span class='ocrx_word' id='word_1_789' title='bbox 3535 4861 3830 4914; x_wconf 89' lang='lat' dir='ltr'>nunquam</span> 
     </span>
    </p>
   </div>
   <div class='ocr_carea' id='block_1_113' title="bbox 2139 4933 3836 5000">
    <p class='ocr_par' dir='ltr' id='par_1_113' title="bbox 2139 4933 3836 5000">
     <span class='ocr_line' id='line_1_113' title="bbox 2139 4933 3836 5000; baseline -0.004 -8"><span class='ocrx_word' id='word_1_790' title='bbox 2139 4939 2247 4992; x_wconf 89' lang='lat' dir='ltr'>ista</span> <span class='ocrx_word' id='word_1_791' title='bbox 2275 4937 2418 4991; x_wconf 89' lang='lat' dir='ltr'>ratio</span> <span class='ocrx_word' id='word_1_792' title='bbox 2461 4935 2828 4990; x_wconf 88' lang='lat' dir='ltr'>subtilissima</span> <span class='ocrx_word' id='word_1_793' title='bbox 2870 4938 3178 5000; x_wconf 91' lang='lat' dir='ltr'>revocaret,</span> <span class='ocrx_word' id='word_1_794' title='bbox 3227 4933 3337 4987; x_wconf 90' lang='lat' dir='ltr'>nisi</span> <span class='ocrx_word' id='word_1_795' title='bbox 3379 4948 3637 4987; x_wconf 90' lang='lat' dir='ltr'>summus</span> <span class='ocrx_word' id='word_1_796' title='bbox 3686 4934 3836 4987; x_wconf 92' lang='lat' dir='ltr'>Deus</span> 
     </span>
    </p>
   </div>
   <div class='ocr_carea' id='block_1_114' title="bbox 2139 5021 3836 5097">
    <p class='ocr_par' dir='ltr' id='par_1_114' title="bbox 2139 5021 3836 5097">
     <span class='ocr_line' id='line_1_114' title="bbox 2139 5021 3836 5097; baseline -0.003 -17"><span class='ocrx_word' id='word_1_797' title='bbox 2139 5024 2401 5097; x_wconf 89' lang='lat' dir='ltr'>populari</span> <span class='ocrx_word' id='word_1_798' title='bbox 2429 5025 2675 5095; x_wconf 88' lang='lat' dir='ltr'>quadam</span> <span class='ocrx_word' id='word_1_799' title='bbox 2704 5022 3007 5077; x_wconf 89' lang='lat' dir='ltr'>clementia</span> <span class='ocrx_word' id='word_1_800' title='bbox 3035 5021 3212 5076; x_wconf 91' lang='lat' dir='ltr'>divini</span> <span class='ocrx_word' id='word_1_801' title='bbox 3241 5021 3562 5076; x_wconf 89' lang='lat' dir='ltr'>intellectus</span> <span class='ocrx_word' id='word_1_802' title='bbox 3587 5021 3836 5076; x_wconf 87' lang='lat' dir='ltr'>auctori-</span> 
     </span>
    </p>
   </div>
   <div class='ocr_carea' id='block_1_115' title="bbox 2138 5109 3831 5182">
    <p class='ocr_par' dir='ltr' id='par_1_115' title="bbox 2138 5109 3831 5182">
     <span class='ocr_line' id='line_1_115' title="bbox 2138 5109 3831 5182; baseline -0.003 -13"><span class='ocrx_word' id='word_1_803' title='bbox 2138 5119 2311 5169; x_wconf 90' lang='lat' dir='ltr'>tatem</span> <span class='ocrx_word' id='word_1_804' title='bbox 2343 5129 2525 5182; x_wconf 90' lang='lat' dir='ltr'>usque</span> <span class='ocrx_word' id='word_1_805' title='bbox 2563 5113 2635 5166; x_wconf 91' lang='lat' dir='ltr'>ad</span> <span class='ocrx_word' id='word_1_806' title='bbox 2680 5112 2866 5182; x_wconf 92' lang='lat' dir='ltr'>ipsum</span> <span class='ocrx_word' id='word_1_807' title='bbox 2905 5126 3108 5181; x_wconf 90' lang='lat' dir='ltr'>corpus</span> <span class='ocrx_word' id='word_1_808' title='bbox 3145 5111 3462 5165; x_wconf 88' lang='lat' dir='ltr'>humanum</span> <span class='ocrx_word' id='word_1_809' title='bbox 3503 5109 3831 5173; x_wconf 87' lang='lat' dir='ltr'>declinaret,</span> 
     </span>
    </p>
   </div>
   <div class='ocr_carea' id='block_1_116' title="bbox 2141 5198 3833 5274">
    <p class='ocr_par' dir='ltr' id='par_1_116' title="bbox 2141 5198 3833 5274">
     <span class='ocr_line' id='line_1_116' title="bbox 2141 5198 3833 5274; baseline -0.003 -16"><span class='ocrx_word' id='word_1_810' title='bbox 2141 5209 2311 5274; x_wconf 89' lang='lat' dir='ltr'>atque</span> <span class='ocrx_word' id='word_1_811' title='bbox 2358 5201 2744 5267; x_wconf 89' lang='lat' dir='ltr'>submitteret;</span> <span class='ocrx_word' id='word_1_812' title='bbox 2791 5199 2952 5270; x_wconf 90' lang='lat' dir='ltr'>cujus</span> <span class='ocrx_word' id='word_1_813' title='bbox 2992 5216 3111 5254; x_wconf 93' lang='lat' dir='ltr'>non</span> <span class='ocrx_word' id='word_1_814' title='bbox 3159 5199 3344 5252; x_wconf 90' lang='lat' dir='ltr'>solum</span> <span class='ocrx_word' id='word_1_815' title='bbox 3384 5198 3706 5269; x_wconf 81' lang='lat' dir='ltr'>praeceptis,</span> <span class='ocrx_word' id='word_1_816' title='bbox 3735 5200 3833 5253; x_wconf 90' lang='lat' dir='ltr'>sed</span> 
     </span>
    </p>
   </div>
   <div class='ocr_carea' id='block_1_117' title="bbox 2140 5286 3836 5356">
    <p class='ocr_par' dir='ltr' id='par_1_117' title="bbox 2140 5286 3836 5356">
     <span class='ocr_line' id='line_1_117' title="bbox 2140 5286 3836 5356; baseline -0.003 -10"><span class='ocrx_word' id='word_1_817' title='bbox 2140 5291 2312 5346; x_wconf 87' lang='lat' dir='ltr'>etiam</span> <span class='ocrx_word' id='word_1_818' title='bbox 2352 5289 2512 5344; x_wconf 86' lang='lat' dir='ltr'>factis</span> <span class='ocrx_word' id='word_1_819' title='bbox 2552 5288 2804 5343; x_wconf 66' lang='lat' dir='ltr'>excitata:</span> <span class='ocrx_word' id='word_1_820' title='bbox 2833 5287 3039 5342; x_wconf 73' lang='lat' dir='ltr'>anima:</span> <span class='ocrx_word' id='word_1_821' title='bbox 3082 5286 3268 5342; x_wconf 84' lang='lat' dir='ltr'>redire</span> <span class='ocrx_word' id='word_1_822' title='bbox 3296 5286 3354 5340; x_wconf 91' lang='lat' dir='ltr'>in</span> <span class='ocrx_word' id='word_1_823' title='bbox 3397 5287 3744 5356; x_wconf 90' lang='lat' dir='ltr'>semetipsas,</span> <span class='ocrx_word' id='word_1_824' title='bbox 3780 5292 3836 5341; x_wconf 93' lang='lat' dir='ltr'>et</span> 
     </span>
    </p>
   </div>
   <div class='ocr_carea' id='block_1_118' title="bbox 2205 5488 3554 5554">
    <p class='ocr_par' dir='ltr' id='par_1_118' title="bbox 2205 5488 3554 5554">
     <span class='ocr_line' id='line_1_118' title="bbox 2205 5488 3554 5554; baseline -0.004 -13"><span class='ocrx_word' id='word_1_825' title='bbox 2205 5493 2298 5540; x_wconf 77' lang='lat' dir='ltr'>1In</span> <span class='ocrx_word' id='word_1_826' title='bbox 2321 5493 2440 5540; x_wconf 88' lang='lat' dir='ltr'>Mss.</span> <span class='ocrx_word' id='word_1_827' title='bbox 2468 5504 2628 5554; x_wconf 88' lang='lat' dir='ltr'>prope</span> <span class='ocrx_word' id='word_1_828' title='bbox 2659 5491 2906 5554; x_wconf 76' lang='lat' dir='ltr'>omnibus</span> <span class='ocrx_word' id='word_1_829' title='bbox 2927 5490 3135 5554; x_wconf 75' lang='lat' dir='ltr'>legitur,</span> <span class='ocrx_word' id='word_1_830' title='bbox 3157 5501 3267 5539; x_wconf 80' lang='lat' dir='ltr'>non</span> <span class='ocrx_word' id='word_1_831' title='bbox 3298 5488 3360 5539; x_wconf 79' lang='lat' dir='ltr'>de</span> <span class='ocrx_word' id='word_1_832' title='bbox 3389 5491 3554 5539; x_wconf 78' lang='lat' dir='ltr'>recto.</span> 
     </span>
    </p>
   </div>
   <div class='ocr_carea' id='block_1_119' title="bbox 2201 5552 3066 5615">
    <p class='ocr_par' dir='ltr' id='par_1_119' title="bbox 2201 5552 3066 5615">
     <span class='ocr_line' id='line_1_119' title="bbox 2201 5552 3066 5615; baseline -0.008 -9"><span class='ocrx_word' id='word_1_833' title='bbox 2201 5556 2223 5590; x_wconf 79' lang='grc'><strong>²</strong></span> <span class='ocrx_word' id='word_1_834' title='bbox 2247 5552 2522 5614; x_wconf 65' lang='lat' dir='ltr'>Interesse,</span> <span class='ocrx_word' id='word_1_835' title='bbox 2543 5552 2697 5615; x_wconf 84' lang='lat' dir='ltr'>juxta</span> <span class='ocrx_word' id='word_1_836' title='bbox 2724 5553 2807 5600; x_wconf 88' lang='lat' dir='ltr'>Er.</span> <span class='ocrx_word' id='word_1_837' title='bbox 2839 5553 2969 5601; x_wconf 83' lang='lat' dir='ltr'>Ven.</span> <span class='ocrx_word' id='word_1_838' title='bbox 3000 5552 3066 5600; x_wconf 90' lang='lat' dir='ltr'>M.</span> 
     </span>
    </p>
   </div>
  </div>
