  <div class='ocr_page' id='page_1' title='image "/cluster/home/n/w/nwhite01/storage/ocr_20150623/32/umn.31951002477326y/490.png"; bbox 0 0 4058 6364; ppageno 0'>
   <div class='ocr_carea' id='block_1_1' title="bbox 163 292 2859 369">
    <p class='ocr_par' dir='ltr' id='par_1_1' title="bbox 163 292 2859 369">
     <span class='ocr_line' id='line_1_1' title="bbox 163 292 2859 369; baseline 0.003 -17"><span class='ocrx_word' id='word_1_1' title='bbox 163 303 257 352; x_wconf 75' lang='lat'><strong>957</strong></span> <span class='ocrx_word' id='word_1_2' title='bbox 1018 299 1416 357; x_wconf 84' lang='lat' dir='ltr'><strong>ADMONITIO</strong></span> <span class='ocrx_word' id='word_1_3' title='bbox 1456 292 1551 357; x_wconf 88' lang='lat' dir='ltr'><strong>DE</strong></span> <span class='ocrx_word' id='word_1_4' title='bbox 1591 301 1940 369; x_wconf 87' lang='lat' dir='ltr'><strong>SEQUENTI</strong></span> <span class='ocrx_word' id='word_1_5' title='bbox 1983 307 2051 361; x_wconf 93' lang='lat' dir='ltr'><strong>LI</strong></span> <span class='ocrx_word' id='word_1_6' title='bbox 2069 305 2207 361; x_wconf 80' lang='lat' dir='ltr'><strong>BRO</strong></span> <span class='ocrx_word' id='word_1_7' title='bbox 2247 306 2343 359; x_wconf 87' lang='lat' dir='ltr'><strong>DE</strong></span> <span class='ocrx_word' id='word_1_8' title='bbox 2384 304 2625 361; x_wconf 81' lang='lat' dir='ltr'><strong>BEATA</strong></span> <span class='ocrx_word' id='word_1_9' title='bbox 2664 304 2859 360; x_wconf 86' lang='lat' dir='ltr'><strong>VITA.</strong></span> 
     </span>
    </p>
   </div>
   <div class='ocr_carea' id='block_1_2' title="bbox 163 421 1856 496">
    <p class='ocr_par' dir='ltr' id='par_1_2' title="bbox 163 421 1856 496">
     <span class='ocr_line' id='line_1_2' title="bbox 163 421 1856 496; baseline 0.004 -21"><span class='ocrx_word' id='word_1_10' title='bbox 163 422 445 493; x_wconf 82' lang='lat' dir='ltr'><strong>respicere</strong></span> <span class='ocrx_word' id='word_1_11' title='bbox 465 422 734 493; x_wconf 89' lang='lat' dir='ltr'><strong>patriam,</strong></span> <span class='ocrx_word' id='word_1_12' title='bbox 761 421 934 476; x_wconf 84' lang='lat' dir='ltr'><strong>etiam</strong></span> <span class='ocrx_word' id='word_1_13' title='bbox 954 421 1078 478; x_wconf 88' lang='lat' dir='ltr'><strong>sine</strong></span> <span class='ocrx_word' id='word_1_14' title='bbox 1099 422 1550 496; x_wconf 81' lang='lat' dir='ltr'><strong>disputationum</strong></span> <span class='ocrx_word' id='word_1_15' title='bbox 1571 433 1856 482; x_wconf 87' lang='lat' dir='ltr'><strong>concerta-</strong></span> 
     </span>
    </p>
   </div>
   <div class='ocr_carea' id='block_1_3' title="bbox 164 511 693 583">
    <p class='ocr_par' dir='ltr' id='par_1_3' title="bbox 164 511 693 583">
     <span class='ocr_line' id='line_1_3' title="bbox 164 511 693 583; baseline 0.002 -18"><span class='ocrx_word' id='word_1_16' title='bbox 164 511 323 566; x_wconf 90' lang='lat' dir='ltr'><strong>tione</strong></span> <span class='ocrx_word' id='word_1_17' title='bbox 351 511 693 583; x_wconf 88' lang='lat' dir='ltr'><strong>potuissent.</strong></span> 
     </span>
    </p>
   </div>
   <div class='ocr_carea' id='block_1_4' title="bbox 523 601 1503 672">
    <p class='ocr_par' dir='ltr' id='par_1_4' title="bbox 523 601 1503 672">
     <span class='ocr_line' id='line_1_4' title="bbox 523 601 1503 672; baseline 0.003 -18"><span class='ocrx_word' id='word_1_18' title='bbox 523 601 748 655; x_wconf 83' lang='lat' dir='ltr'><strong>CAPUT</strong></span> <span class='ocrx_word' id='word_1_19' title='bbox 776 602 882 655; x_wconf 81' lang='lat' dir='ltr'><strong>XX.</strong></span> <span class='ocrx_word' id='word_1_20' title='bbox 915 630 983 641; x_wconf 92' lang='lat'><strong><em>—</em></strong></span> <span class='ocrx_word' id='word_1_21' title='bbox 1005 602 1280 657; x_wconf 83' lang='lat' dir='ltr'><strong>Conclusio</strong></span> <span class='ocrx_word' id='word_1_22' title='bbox 1309 605 1503 672; x_wconf 73' lang='lat' dir='ltr'><strong>operis.</strong></span> 
     </span>
    </p>
   </div>
   <div class='ocr_carea' id='block_1_5' title="bbox 233 689 1861 762">
    <p class='ocr_par' dir='ltr' id='par_1_5' title="bbox 233 689 1861 762">
     <span class='ocr_line' id='line_1_5' title="bbox 233 689 1861 762; baseline 0.002 -20"><span class='ocrx_word' id='word_1_23' title='bbox 233 689 326 744; x_wconf 85' lang='grc'><strong>43.</strong></span> <span class='ocrx_word' id='word_1_24' title='bbox 375 689 489 743; x_wconf 86' lang='lat' dir='ltr'><strong>Hoc</strong></span> <span class='ocrx_word' id='word_1_25' title='bbox 539 689 683 742; x_wconf 89' lang='lat' dir='ltr'><strong>mihi</strong></span> <span class='ocrx_word' id='word_1_26' title='bbox 743 689 813 742; x_wconf 91' lang='lat' dir='ltr'><strong>de</strong></span> <span class='ocrx_word' id='word_1_27' title='bbox 854 689 1206 744; x_wconf 80' lang='lat' dir='ltr'><strong>Academicis</strong></span> <span class='ocrx_word' id='word_1_28' title='bbox 1256 691 1491 745; x_wconf 81' lang='lat' dir='ltr'><strong>interim</strong></span> <span class='ocrx_word' id='word_1_29' title='bbox 1545 692 1861 762; x_wconf 91' lang='lat' dir='ltr'><strong>probabili-</strong></span> 
     </span>
    </p>
   </div>
   <div class='ocr_carea' id='block_1_6' title="bbox 165 778 1862 851">
    <p class='ocr_par' dir='ltr' id='par_1_6' title="bbox 165 778 1862 851">
     <span class='ocr_line' id='line_1_6' title="bbox 165 778 1862 851; baseline 0.003 -21"><span class='ocrx_word' id='word_1_30' title='bbox 165 781 272 842; x_wconf 87' lang='lat' dir='ltr'><strong>ter,</strong></span> <span class='ocrx_word' id='word_1_31' title='bbox 321 782 386 831; x_wconf 92' lang='lat' dir='ltr'><strong>ut</strong></span> <span class='ocrx_word' id='word_1_32' title='bbox 441 778 625 849; x_wconf 86' lang='lat' dir='ltr'><strong>potui,</strong></span> <span class='ocrx_word' id='word_1_33' title='bbox 680 778 954 848; x_wconf 84' lang='lat' dir='ltr'><strong>persuasi.</strong></span> <span class='ocrx_word' id='word_1_34' title='bbox 1007 779 1168 843; x_wconf 87' lang='lat' dir='ltr'><strong>Quod</strong></span> <span class='ocrx_word' id='word_1_35' title='bbox 1219 779 1266 832; x_wconf 90' lang='lat' dir='ltr'><strong>si</strong></span> <span class='ocrx_word' id='word_1_36' title='bbox 1313 779 1520 834; x_wconf 87' lang='lat' dir='ltr'><strong>falsum</strong></span> <span class='ocrx_word' id='word_1_37' title='bbox 1561 787 1667 851; x_wconf 89' lang='lat' dir='ltr'><strong>est,</strong></span> <span class='ocrx_word' id='word_1_38' title='bbox 1718 781 1862 836; x_wconf 89' lang='lat' dir='ltr'><strong>nihil</strong></span> 
     </span>
    </p>
   </div>
   <div class='ocr_carea' id='block_1_7' title="bbox 165 866 1860 941">
    <p class='ocr_par' dir='ltr' id='par_1_7' title="bbox 165 866 1860 941">
     <span class='ocr_line' id='line_1_7' title="bbox 165 866 1860 941; baseline 0.004 -23"><span class='ocrx_word' id='word_1_39' title='bbox 165 866 234 918; x_wconf 89' lang='lat' dir='ltr'><strong>ad</strong></span> <span class='ocrx_word' id='word_1_40' title='bbox 263 881 380 932; x_wconf 88' lang='lat' dir='ltr'><strong>me,</strong></span> <span class='ocrx_word' id='word_1_41' title='bbox 414 866 506 921; x_wconf 92' lang='lat' dir='ltr'><strong>cui</strong></span> <span class='ocrx_word' id='word_1_42' title='bbox 549 866 683 920; x_wconf 87' lang='lat' dir='ltr'><strong>satis</strong></span> <span class='ocrx_word' id='word_1_43' title='bbox 725 871 810 920; x_wconf 91' lang='lat' dir='ltr'><strong>est</strong></span> <span class='ocrx_word' id='word_1_44' title='bbox 843 866 962 936; x_wconf 89' lang='lat' dir='ltr'><strong>jam</strong></span> <span class='ocrx_word' id='word_1_45' title='bbox 987 883 1102 922; x_wconf 90' lang='lat' dir='ltr'><strong>non</strong></span> <span class='ocrx_word' id='word_1_46' title='bbox 1131 867 1416 935; x_wconf 89' lang='lat' dir='ltr'><strong>arbitrari,</strong></span> <span class='ocrx_word' id='word_1_47' title='bbox 1449 886 1566 924; x_wconf 92' lang='lat' dir='ltr'><strong>non</strong></span> <span class='ocrx_word' id='word_1_48' title='bbox 1594 887 1760 941; x_wconf 90' lang='lat' dir='ltr'><strong>posse</strong></span> <span class='ocrx_word' id='word_1_49' title='bbox 1792 871 1860 924; x_wconf 92' lang='lat' dir='ltr'><strong>ab</strong></span> 
     </span>
    </p>
   </div>
   <div class='ocr_carea' id='block_1_8' title="bbox 163 954 1862 1029">
    <p class='ocr_par' dir='ltr' id='par_1_8' title="bbox 163 954 1862 1029">
     <span class='ocr_line' id='line_1_8' title="bbox 163 954 1862 1029; baseline 0.003 -21"><span class='ocrx_word' id='word_1_50' title='bbox 163 954 401 1009; x_wconf 84' lang='lat' dir='ltr'><strong>homine</strong></span> <span class='ocrx_word' id='word_1_51' title='bbox 429 955 674 1008; x_wconf 88' lang='lat' dir='ltr'><strong>inveniri</strong></span> <span class='ocrx_word' id='word_1_52' title='bbox 701 955 1016 1010; x_wconf 82' lang='lat' dir='ltr'><strong>veritatem.</strong></span> <span class='ocrx_word' id='word_1_53' title='bbox 1051 956 1318 1027; x_wconf 88' lang='lat' dir='ltr'><strong>Quisquis</strong></span> <span class='ocrx_word' id='word_1_54' title='bbox 1342 963 1533 1012; x_wconf 88' lang='lat' dir='ltr'><strong>autem</strong></span> <span class='ocrx_word' id='word_1_55' title='bbox 1563 963 1726 1029; x_wconf 88' lang='lat' dir='ltr'><strong>putat</strong></span> <span class='ocrx_word' id='word_1_56' title='bbox 1754 959 1862 1013; x_wconf 93' lang='lat' dir='ltr'><strong>hoc</strong></span> 
     </span>
    </p>
   </div>
   <div class='ocr_carea' id='block_1_9' title="bbox 164 1043 1863 1114">
    <p class='ocr_par' dir='ltr' id='par_1_9' title="bbox 164 1043 1863 1114">
     <span class='ocr_line' id='line_1_9' title="bbox 164 1043 1863 1114; baseline 0.004 -18"><span class='ocrx_word' id='word_1_57' title='bbox 164 1044 409 1098; x_wconf 88' lang='lat' dir='ltr'><strong>sensisse</strong></span> <span class='ocrx_word' id='word_1_58' title='bbox 447 1043 836 1112; x_wconf 83' lang='lat' dir='ltr'><strong>Academicos,</strong></span> <span class='ocrx_word' id='word_1_59' title='bbox 881 1044 1072 1114; x_wconf 90' lang='lat' dir='ltr'><strong>ipsum</strong></span> <span class='ocrx_word' id='word_1_60' title='bbox 1123 1046 1454 1100; x_wconf 88' lang='lat' dir='ltr'><strong>Ciceronem</strong></span> <span class='ocrx_word' id='word_1_61' title='bbox 1505 1048 1716 1102; x_wconf 88' lang='lat' dir='ltr'><strong>audiat.</strong></span> <span class='ocrx_word' id='word_1_62' title='bbox 1766 1049 1863 1103; x_wconf 88' lang='lat' dir='ltr'><strong>Ait</strong></span> 
     </span>
    </p>
   </div>
   <div class='ocr_carea' id='block_1_10' title="bbox 163 1132 1859 1204">
    <p class='ocr_par' dir='ltr' id='par_1_10' title="bbox 163 1132 1859 1204">
     <span class='ocr_line' id='line_1_10' title="bbox 163 1132 1859 1204; baseline 0.003 -19"><span class='ocrx_word' id='word_1_63' title='bbox 163 1133 318 1186; x_wconf 92' lang='lat' dir='ltr'><strong>enim</strong></span> <span class='ocrx_word' id='word_1_64' title='bbox 350 1133 462 1186; x_wconf 88' lang='lat' dir='ltr'><strong>illis</strong></span> <span class='ocrx_word' id='word_1_65' title='bbox 494 1149 712 1187; x_wconf 91' lang='lat' dir='ltr'><strong>morem</strong></span> <span class='ocrx_word' id='word_1_66' title='bbox 742 1132 914 1186; x_wconf 92' lang='lat' dir='ltr'><strong>fuisse</strong></span> <span class='ocrx_word' id='word_1_67' title='bbox 947 1134 1266 1188; x_wconf 87' lang='lat' dir='ltr'><strong>occultandi</strong></span> <span class='ocrx_word' id='word_1_68' title='bbox 1295 1137 1638 1190; x_wconf 89' lang='lat' dir='ltr'><strong>sententiam</strong></span> <span class='ocrx_word' id='word_1_69' title='bbox 1675 1153 1859 1204; x_wconf 89' lang='lat' dir='ltr'><strong>suam,</strong></span> 
     </span>
    </p>
   </div>
   <div class='ocr_carea' id='block_1_11' title="bbox 162 1221 1861 1297">
    <p class='ocr_par' dir='ltr' id='par_1_11' title="bbox 162 1221 1861 1297">
     <span class='ocr_line' id='line_1_11' title="bbox 162 1221 1861 1297; baseline 0.004 -23"><span class='ocrx_word' id='word_1_70' title='bbox 162 1237 267 1275; x_wconf 91' lang='lat' dir='ltr'><strong>nec</strong></span> <span class='ocrx_word' id='word_1_71' title='bbox 287 1238 417 1275; x_wconf 90' lang='lat' dir='ltr'><strong>eam</strong></span> <span class='ocrx_word' id='word_1_72' title='bbox 440 1221 704 1293; x_wconf 87' lang='lat' dir='ltr'><strong>cuiquam</strong></span> <span class='ocrx_word' id='word_1_73' title='bbox 733 1221 844 1276; x_wconf 90' lang='lat' dir='ltr'><strong>nisi</strong></span> <span class='ocrx_word' id='word_1_74' title='bbox 872 1222 972 1292; x_wconf 87' lang='lat' dir='ltr'><strong>qui</strong></span> <span class='ocrx_word' id='word_1_75' title='bbox 997 1239 1188 1276; x_wconf 89' lang='lat' dir='ltr'><strong>secum</strong></span> <span class='ocrx_word' id='word_1_76' title='bbox 1215 1224 1285 1277; x_wconf 90' lang='lat' dir='ltr'><strong>ad</strong></span> <span class='ocrx_word' id='word_1_77' title='bbox 1306 1229 1656 1280; x_wconf 88' lang='lat' dir='ltr'><strong>senectutem</strong></span> <span class='ocrx_word' id='word_1_78' title='bbox 1680 1242 1861 1297; x_wconf 89' lang='lat' dir='ltr'><strong>usque</strong></span> 
     </span>
    </p>
   </div>
   <div class='ocr_carea' id='block_1_12' title="bbox 161 1308 1858 1380">
    <p class='ocr_par' dir='ltr' id='par_1_12' title="bbox 161 1308 1858 1380">
     <span class='ocr_line' id='line_1_12' title="bbox 161 1308 1858 1380; baseline 0.002 -17"><span class='ocrx_word' id='word_1_79' title='bbox 161 1308 472 1376; x_wconf 76' lang='lat' dir='ltr'><strong>vixisset‘,</strong></span> <span class='ocrx_word' id='word_1_80' title='bbox 529 1311 750 1380; x_wconf 89' lang='lat' dir='ltr'><strong>aperire</strong></span> <span class='ocrx_word' id='word_1_81' title='bbox 793 1325 1115 1364; x_wconf 89' lang='lat' dir='ltr'><strong>consuesse.</strong></span> <span class='ocrx_word' id='word_1_82' title='bbox 1173 1311 1310 1375; x_wconf 65' lang='lat' dir='ltr'><strong>Quae</strong></span> <span class='ocrx_word' id='word_1_83' title='bbox 1363 1313 1436 1366; x_wconf 87' lang='lat' dir='ltr'><strong>sit</strong></span> <span class='ocrx_word' id='word_1_84' title='bbox 1484 1317 1677 1368; x_wconf 89' lang='lat' dir='ltr'><strong>autem</strong></span> <span class='ocrx_word' id='word_1_85' title='bbox 1731 1314 1858 1379; x_wconf 90' lang='lat' dir='ltr'><strong>ista,</strong></span> 
     </span>
    </p>
   </div>
   <div class='ocr_carea' id='block_1_13' title="bbox 163 1398 1862 1463">
    <p class='ocr_par' dir='ltr' id='par_1_13' title="bbox 163 1398 1862 1463">
     <span class='ocr_line' id='line_1_13' title="bbox 163 1398 1862 1463; baseline 0.002 -11"><span class='ocrx_word' id='word_1_86' title='bbox 163 1401 317 1452; x_wconf 88' lang='lat' dir='ltr'><strong>Deus</strong></span> <span class='ocrx_word' id='word_1_87' title='bbox 337 1398 577 1463; x_wconf 87' lang='lat' dir='ltr'><strong>viderit;</strong></span> <span class='ocrx_word' id='word_1_88' title='bbox 610 1415 734 1453; x_wconf 88' lang='lat' dir='ltr'><strong>eam</strong></span> <span class='ocrx_word' id='word_1_89' title='bbox 765 1402 958 1453; x_wconf 90' lang='lat' dir='ltr'><strong>tamen</strong></span> <span class='ocrx_word' id='word_1_90' title='bbox 983 1399 1230 1453; x_wconf 86' lang='lat' dir='ltr'><strong>arbitror</strong></span> <span class='ocrx_word' id='word_1_91' title='bbox 1254 1401 1501 1454; x_wconf 88' lang='lat' dir='ltr'><strong>Platonis</strong></span> <span class='ocrx_word' id='word_1_92' title='bbox 1529 1402 1724 1456; x_wconf 89' lang='lat' dir='ltr'><strong>fuisse.</strong></span> <span class='ocrx_word' id='word_1_93' title='bbox 1753 1403 1862 1457; x_wconf 88' lang='lat' dir='ltr'><strong>Sed</strong></span> 
     </span>
    </p>
   </div>
   <div class='ocr_carea' id='block_1_14' title="bbox 159 1486 1861 1562">
    <p class='ocr_par' dir='ltr' id='par_1_14' title="bbox 159 1486 1861 1562">
     <span class='ocr_line' id='line_1_14' title="bbox 159 1486 1861 1562; baseline 0.002 -20"><span class='ocrx_word' id='word_1_94' title='bbox 159 1492 230 1542; x_wconf 91' lang='lat' dir='ltr'><strong>ut</strong></span> <span class='ocrx_word' id='word_1_95' title='bbox 255 1487 508 1542; x_wconf 86' lang='lat' dir='ltr'><strong>breviter</strong></span> <span class='ocrx_word' id='word_1_96' title='bbox 534 1486 824 1558; x_wconf 87' lang='lat' dir='ltr'><strong>accipiatis</strong></span> <span class='ocrx_word' id='word_1_97' title='bbox 854 1503 1023 1541; x_wconf 90' lang='lat' dir='ltr'><strong>omne</strong></span> <span class='ocrx_word' id='word_1_98' title='bbox 1053 1488 1418 1558; x_wconf 90' lang='lat' dir='ltr'><strong>propositum</strong></span> <span class='ocrx_word' id='word_1_99' title='bbox 1453 1506 1674 1556; x_wconf 90' lang='lat' dir='ltr'><strong>meum;</strong></span> <span class='ocrx_word' id='word_1_100' title='bbox 1709 1507 1861 1562; x_wconf 90' lang='lat' dir='ltr'><strong>quo-</strong></span> 
     </span>
    </p>
   </div>
   <div class='ocr_carea' id='block_1_15' title="bbox 161 1575 1862 1648">
    <p class='ocr_par' dir='ltr' id='par_1_15' title="bbox 161 1575 1862 1648">
     <span class='ocr_line' id='line_1_15' title="bbox 161 1575 1862 1648; baseline 0.002 -19"><span class='ocrx_word' id='word_1_101' title='bbox 161 1592 279 1646; x_wconf 87' lang='lat' dir='ltr'><strong>quo</strong></span> <span class='ocrx_word' id='word_1_102' title='bbox 309 1575 482 1630; x_wconf 91' lang='lat' dir='ltr'><strong>modo</strong></span> <span class='ocrx_word' id='word_1_103' title='bbox 509 1591 568 1630; x_wconf 90' lang='lat' dir='ltr'><strong>se</strong></span> <span class='ocrx_word' id='word_1_104' title='bbox 597 1575 805 1630; x_wconf 87' lang='lat' dir='ltr'><strong>habeat</strong></span> <span class='ocrx_word' id='word_1_105' title='bbox 822 1576 1076 1630; x_wconf 88' lang='lat' dir='ltr'><strong>humana</strong></span> <span class='ocrx_word' id='word_1_106' title='bbox 1102 1577 1398 1648; x_wconf 86' lang='lat' dir='ltr'><strong>sapientia,</strong></span> <span class='ocrx_word' id='word_1_107' title='bbox 1429 1594 1554 1632; x_wconf 91' lang='lat' dir='ltr'><strong>eam</strong></span> <span class='ocrx_word' id='word_1_108' title='bbox 1583 1595 1672 1633; x_wconf 90' lang='lat' dir='ltr'><strong>me</strong></span> <span class='ocrx_word' id='word_1_109' title='bbox 1699 1581 1862 1633; x_wconf 92' lang='lat' dir='ltr'><strong>video</strong></span> 
     </span>
    </p>
   </div>
   <div class='ocr_carea' id='block_1_16' title="bbox 159 1665 1863 1737">
    <p class='ocr_par' dir='ltr' id='par_1_16' title="bbox 159 1665 1863 1737">
     <span class='ocr_line' id='line_1_16' title="bbox 159 1665 1863 1737; baseline 0.002 -19"><span class='ocrx_word' id='word_1_110' title='bbox 159 1665 426 1718; x_wconf 88' lang='lat' dir='ltr'><strong>nondum</strong></span> <span class='ocrx_word' id='word_1_111' title='bbox 454 1665 798 1735; x_wconf 88' lang='lat' dir='ltr'><strong>percepisse.</strong></span> <span class='ocrx_word' id='word_1_112' title='bbox 840 1665 951 1720; x_wconf 91' lang='lat' dir='ltr'><strong>Sed</strong></span> <span class='ocrx_word' id='word_1_113' title='bbox 979 1681 1110 1719; x_wconf 91' lang='lat' dir='ltr'><strong>cum</strong></span> <span class='ocrx_word' id='word_1_114' title='bbox 1141 1666 1503 1737; x_wconf 82' lang='lat' dir='ltr'><strong>trigesimum</strong></span> <span class='ocrx_word' id='word_1_115' title='bbox 1538 1673 1593 1722; x_wconf 91' lang='lat' dir='ltr'><strong>et</strong></span> <span class='ocrx_word' id='word_1_116' title='bbox 1631 1669 1863 1722; x_wconf 86' lang='lat' dir='ltr'><strong>tertium</strong></span> 
     </span>
    </p>
   </div>
   <div class='ocr_carea' id='block_1_17' title="bbox 160 1754 1863 1828">
    <p class='ocr_par' dir='ltr' id='par_1_17' title="bbox 160 1754 1863 1828">
     <span class='ocr_line' id='line_1_17' title="bbox 160 1754 1863 1828; baseline 0.003 -21"><span class='ocrx_word' id='word_1_117' title='bbox 160 1754 351 1808; x_wconf 63' lang='lat' dir='ltr'><strong>aetatis</strong></span> <span class='ocrx_word' id='word_1_118' title='bbox 399 1769 618 1808; x_wconf 85' lang='lat' dir='ltr'><strong>annum</strong></span> <span class='ocrx_word' id='word_1_119' title='bbox 664 1770 832 1825; x_wconf 88' lang='lat' dir='ltr'><strong>agam</strong></span> <span class='ocrx_word' id='word_1_120' title='bbox 875 1756 971 1823; x_wconf 81' lang='grc' dir='ltr'><strong>(α),</strong></span> <span class='ocrx_word' id='word_1_121' title='bbox 1005 1771 1121 1808; x_wconf 90' lang='lat' dir='ltr'><strong>non</strong></span> <span class='ocrx_word' id='word_1_122' title='bbox 1165 1771 1256 1810; x_wconf 92' lang='lat' dir='ltr'><strong>me</strong></span> <span class='ocrx_word' id='word_1_123' title='bbox 1287 1756 1532 1810; x_wconf 88' lang='lat' dir='ltr'><strong>arbitror</strong></span> <span class='ocrx_word' id='word_1_124' title='bbox 1561 1759 1863 1828; x_wconf 84' lang='lat' dir='ltr'><strong>desperare</strong></span> 
     </span>
    </p>
   </div>
   <div class='ocr_carea' id='block_1_18' title="bbox 159 1843 1864 1917">
    <p class='ocr_par' dir='ltr' id='par_1_18' title="bbox 159 1843 1864 1917">
     <span class='ocr_line' id='line_1_18' title="bbox 159 1843 1864 1917; baseline 0.002 -21"><span class='ocrx_word' id='word_1_125' title='bbox 159 1843 378 1897; x_wconf 91' lang='lat' dir='ltr'><strong>debere</strong></span> <span class='ocrx_word' id='word_1_126' title='bbox 425 1858 549 1897; x_wconf 90' lang='lat' dir='ltr'><strong>eam</strong></span> <span class='ocrx_word' id='word_1_127' title='bbox 591 1859 683 1896; x_wconf 88' lang='lat' dir='ltr'><strong>me</strong></span> <span class='ocrx_word' id='word_1_128' title='bbox 731 1844 1075 1914; x_wconf 87' lang='lat' dir='ltr'><strong>quandoque</strong></span> <span class='ocrx_word' id='word_1_129' title='bbox 1107 1845 1465 1916; x_wconf 87' lang='lat' dir='ltr'><strong>adepturum.</strong></span> <span class='ocrx_word' id='word_1_130' title='bbox 1514 1847 1864 1917; x_wconf 88' lang='lat' dir='ltr'><strong>Contemptis</strong></span> 
     </span>
    </p>
   </div>
   <div class='ocr_carea' id='block_1_19' title="bbox 159 1932 1860 2006">
    <p class='ocr_par' dir='ltr' id='par_1_19' title="bbox 159 1932 1860 2006">
     <span class='ocr_line' id='line_1_19' title="bbox 159 1932 1860 2006; baseline 0.003 -21"><span class='ocrx_word' id='word_1_131' title='bbox 159 1937 362 1986; x_wconf 89' lang='lat' dir='ltr'><strong>tamen</strong></span> <span class='ocrx_word' id='word_1_132' title='bbox 391 1932 609 1986; x_wconf 63' lang='lat' dir='ltr'><strong>caeteris</strong></span> <span class='ocrx_word' id='word_1_133' title='bbox 650 1933 916 1986; x_wconf 91' lang='lat' dir='ltr'><strong>omnibus</strong></span> <span class='ocrx_word' id='word_1_134' title='bbox 947 1949 1076 2003; x_wconf 74' lang='lat' dir='ltr'><strong>quas</strong></span> <span class='ocrx_word' id='word_1_135' title='bbox 1127 1934 1278 1987; x_wconf 90' lang='lat' dir='ltr'><strong>bona</strong></span> <span class='ocrx_word' id='word_1_136' title='bbox 1325 1935 1594 1989; x_wconf 90' lang='lat' dir='ltr'><strong>mortales</strong></span> <span class='ocrx_word' id='word_1_137' title='bbox 1639 1941 1860 2006; x_wconf 88' lang='lat' dir='ltr'><strong>putant,</strong></span> 
     </span>
    </p>
   </div>
   <div class='ocr_carea' id='block_1_20' title="bbox 159 2020 1864 2094">
    <p class='ocr_par' dir='ltr' id='par_1_20' title="bbox 159 2020 1864 2094">
     <span class='ocr_line' id='line_1_20' title="bbox 159 2020 1864 2094; baseline 0.003 -21"><span class='ocrx_word' id='word_1_138' title='bbox 159 2020 302 2074; x_wconf 87' lang='lat' dir='ltr'><strong>huic</strong></span> <span class='ocrx_word' id='word_1_139' title='bbox 331 2021 740 2091; x_wconf 67' lang='lat' dir='ltr'><strong>investiganda:</strong></span> <span class='ocrx_word' id='word_1_140' title='bbox 761 2021 1034 2075; x_wconf 90' lang='lat' dir='ltr'><strong>inservire</strong></span> <span class='ocrx_word' id='word_1_141' title='bbox 1050 2021 1344 2092; x_wconf 88' lang='lat' dir='ltr'><strong>proposui.</strong></span> <span class='ocrx_word' id='word_1_142' title='bbox 1367 2025 1412 2076; x_wconf 83' lang='grc' dir='ltr'><strong>Α</strong></span> <span class='ocrx_word' id='word_1_143' title='bbox 1441 2039 1554 2094; x_wconf 93' lang='lat' dir='ltr'><strong>quo</strong></span> <span class='ocrx_word' id='word_1_144' title='bbox 1580 2039 1671 2078; x_wconf 89' lang='lat' dir='ltr'><strong>me</strong></span> <span class='ocrx_word' id='word_1_145' title='bbox 1691 2041 1864 2094; x_wconf 88' lang='lat' dir='ltr'><strong>nego-</strong></span> 
     </span>
    </p>
   </div>
   <div class='ocr_carea' id='block_1_21' title="bbox 161 2109 1863 2182">
    <p class='ocr_par' dir='ltr' id='par_1_21' title="bbox 161 2109 1863 2182">
     <span class='ocr_line' id='line_1_21' title="bbox 161 2109 1863 2182; baseline 0.003 -20"><span class='ocrx_word' id='word_1_146' title='bbox 161 2109 247 2163; x_wconf 90' lang='lat' dir='ltr'><strong>tio</strong></span> <span class='ocrx_word' id='word_1_147' title='bbox 279 2110 553 2180; x_wconf 89' lang='lat' dir='ltr'><strong>quoniam</strong></span> <span class='ocrx_word' id='word_1_148' title='bbox 584 2110 834 2164; x_wconf 87' lang='lat' dir='ltr'><strong>rationes</strong></span> <span class='ocrx_word' id='word_1_149' title='bbox 869 2110 1339 2165; x_wconf 88' lang='lat' dir='ltr'><strong>Academicorum</strong></span> <span class='ocrx_word' id='word_1_150' title='bbox 1376 2127 1494 2166; x_wconf 92' lang='lat' dir='ltr'><strong>non</strong></span> <span class='ocrx_word' id='word_1_151' title='bbox 1523 2113 1723 2166; x_wconf 88' lang='lat' dir='ltr'><strong>leviter</strong></span> <span class='ocrx_word' id='word_1_152' title='bbox 1749 2114 1863 2182; x_wconf 49' lang='lat' dir='ltr'><strong>Ide-</strong></span> 
     </span>
    </p>
   </div>
   <div class='ocr_carea' id='block_1_22' title="bbox 165 2197 1862 2271">
    <p class='ocr_par' dir='ltr' id='par_1_22' title="bbox 165 2197 1862 2271">
     <span class='ocr_line' id='line_1_22' title="bbox 165 2197 1862 2271; baseline 0.002 -20"><span class='ocrx_word' id='word_1_153' title='bbox 165 2197 480 2264; x_wconf 86' lang='lat' dir='ltr'><strong>terrebant,</strong></span> <span class='ocrx_word' id='word_1_154' title='bbox 512 2199 664 2265; x_wconf 85' lang='lat' dir='ltr'><strong>satis,</strong></span> <span class='ocrx_word' id='word_1_155' title='bbox 709 2204 776 2252; x_wconf 90' lang='lat' dir='ltr'><strong>ut</strong></span> <span class='ocrx_word' id='word_1_156' title='bbox 811 2198 1079 2265; x_wconf 88' lang='lat' dir='ltr'><strong>arbitror,</strong></span> <span class='ocrx_word' id='word_1_157' title='bbox 1113 2203 1310 2253; x_wconf 88' lang='lat' dir='ltr'><strong>contra</strong></span> <span class='ocrx_word' id='word_1_158' title='bbox 1338 2215 1430 2253; x_wconf 89' lang='lat' dir='ltr'><strong>eas</strong></span> <span class='ocrx_word' id='word_1_159' title='bbox 1457 2205 1579 2254; x_wconf 91' lang='lat' dir='ltr'><strong>tota</strong></span> <span class='ocrx_word' id='word_1_160' title='bbox 1607 2201 1862 2271; x_wconf 83' lang='lat' dir='ltr'><strong>disputa-</strong></span> 
     </span>
    </p>
   </div>
   <div class='ocr_carea' id='block_1_23' title="bbox 161 2286 1862 2360">
    <p class='ocr_par' dir='ltr' id='par_1_23' title="bbox 161 2286 1862 2360">
     <span class='ocr_line' id='line_1_23' title="bbox 161 2286 1862 2360; baseline 0.002 -20"><span class='ocrx_word' id='word_1_161' title='bbox 161 2286 327 2340; x_wconf 90' lang='lat' dir='ltr'><strong>tione</strong></span> <span class='ocrx_word' id='word_1_162' title='bbox 360 2286 614 2341; x_wconf 91' lang='lat' dir='ltr'><strong>munitus</strong></span> <span class='ocrx_word' id='word_1_163' title='bbox 650 2301 796 2340; x_wconf 91' lang='lat' dir='ltr'><strong>sum.</strong></span> <span class='ocrx_word' id='word_1_164' title='bbox 845 2287 995 2340; x_wconf 90' lang='lat' dir='ltr'><strong>Nulli</strong></span> <span class='ocrx_word' id='word_1_165' title='bbox 1027 2291 1221 2341; x_wconf 90' lang='lat' dir='ltr'><strong>autem</strong></span> <span class='ocrx_word' id='word_1_166' title='bbox 1249 2288 1488 2342; x_wconf 91' lang='lat' dir='ltr'><strong>dubium</strong></span> <span class='ocrx_word' id='word_1_167' title='bbox 1518 2294 1603 2343; x_wconf 90' lang='lat' dir='ltr'><strong>est</strong></span> <span class='ocrx_word' id='word_1_168' title='bbox 1630 2290 1862 2360; x_wconf 90' lang='lat' dir='ltr'><strong>gemino</strong></span> 
     </span>
    </p>
   </div>
   <div class='ocr_carea' id='block_1_24' title="bbox 165 2374 1863 2448">
    <p class='ocr_par' dir='ltr' id='par_1_24' title="bbox 165 2374 1863 2448">
     <span class='ocr_line' id='line_1_24' title="bbox 165 2374 1863 2448; baseline 0.002 -20"><span class='ocrx_word' id='word_1_169' title='bbox 165 2377 422 2446; x_wconf 89' lang='lat' dir='ltr'><strong>pondere</strong></span> <span class='ocrx_word' id='word_1_170' title='bbox 438 2391 542 2429; x_wconf 91' lang='lat' dir='ltr'><strong>nos</strong></span> <span class='ocrx_word' id='word_1_171' title='bbox 571 2374 793 2446; x_wconf 90' lang='lat' dir='ltr'><strong>impelli</strong></span> <span class='ocrx_word' id='word_1_172' title='bbox 819 2376 892 2430; x_wconf 87' lang='lat' dir='ltr'><strong>ad</strong></span> <span class='ocrx_word' id='word_1_173' title='bbox 921 2375 1278 2443; x_wconf 89' lang='lat' dir='ltr'><strong>discendum,</strong></span> <span class='ocrx_word' id='word_1_174' title='bbox 1309 2377 1662 2432; x_wconf 88' lang='lat' dir='ltr'><strong>auctoritatis</strong></span> <span class='ocrx_word' id='word_1_175' title='bbox 1693 2382 1863 2448; x_wconf 89' lang='lat' dir='ltr'><strong>atque</strong></span> 
     </span>
    </p>
   </div>
   <div class='ocr_carea' id='block_1_25' title="bbox 165 2464 1866 2536">
    <p class='ocr_par' dir='ltr' id='par_1_25' title="bbox 165 2464 1866 2536">
     <span class='ocr_line' id='line_1_25' title="bbox 165 2464 1866 2536; baseline 0.002 -19"><span class='ocrx_word' id='word_1_176' title='bbox 165 2464 428 2518; x_wconf 90' lang='lat' dir='ltr'><strong>rationis.</strong></span> <span class='ocrx_word' id='word_1_177' title='bbox 461 2464 595 2518; x_wconf 87' lang='lat' dir='ltr'><strong>Mihi</strong></span> <span class='ocrx_word' id='word_1_178' title='bbox 625 2472 818 2518; x_wconf 90' lang='lat' dir='ltr'><strong>autem</strong></span> <span class='ocrx_word' id='word_1_179' title='bbox 863 2468 1081 2519; x_wconf 92' lang='lat' dir='ltr'><strong>certum</strong></span> <span class='ocrx_word' id='word_1_180' title='bbox 1113 2469 1198 2519; x_wconf 87' lang='lat' dir='ltr'><strong>est</strong></span> <span class='ocrx_word' id='word_1_181' title='bbox 1246 2481 1532 2536; x_wconf 89' lang='lat' dir='ltr'><strong>nusquam</strong></span> <span class='ocrx_word' id='word_1_182' title='bbox 1570 2483 1802 2536; x_wconf 89' lang='lat' dir='ltr'><strong>prorsus</strong></span> <span class='ocrx_word' id='word_1_183' title='bbox 1830 2484 1866 2520; x_wconf 89' lang='lat' dir='ltr'><strong>a</strong></span> 
     </span>
    </p>
   </div>
   <div class='ocr_carea' id='block_1_26' title="bbox 167 2552 1862 2625">
    <p class='ocr_par' dir='ltr' id='par_1_26' title="bbox 167 2552 1862 2625">
     <span class='ocr_line' id='line_1_26' title="bbox 167 2552 1862 2625; baseline 0.001 -17"><span class='ocrx_word' id='word_1_184' title='bbox 167 2552 382 2608; x_wconf 88' lang='lat' dir='ltr'><strong>Christi</strong></span> <span class='ocrx_word' id='word_1_185' title='bbox 411 2553 742 2608; x_wconf 86' lang='lat' dir='ltr'><strong>auctoritate</strong></span> <span class='ocrx_word' id='word_1_186' title='bbox 775 2553 1096 2608; x_wconf 88' lang='lat' dir='ltr'><strong>discedere:</strong></span> <span class='ocrx_word' id='word_1_187' title='bbox 1146 2570 1261 2608; x_wconf 91' lang='lat' dir='ltr'><strong>non</strong></span> <span class='ocrx_word' id='word_1_188' title='bbox 1307 2555 1462 2608; x_wconf 91' lang='lat' dir='ltr'><strong>enim</strong></span> <span class='ocrx_word' id='word_1_189' title='bbox 1505 2555 1728 2625; x_wconf 90' lang='lat' dir='ltr'><strong>reperio</strong></span> <span class='ocrx_word' id='word_1_190' title='bbox 1767 2571 1862 2609; x_wconf 89' lang='lat' dir='ltr'><strong>va-</strong></span> 
     </span>
    </p>
   </div>
   <div class='ocr_carea' id='block_1_27' title="bbox 167 2642 1864 2708">
    <p class='ocr_par' dir='ltr' id='par_1_27' title="bbox 167 2642 1864 2708">
     <span class='ocr_line' id='line_1_27' title="bbox 167 2642 1864 2708; baseline 0.001 -12"><span class='ocrx_word' id='word_1_191' title='bbox 167 2642 492 2696; x_wconf 88' lang='lat' dir='ltr'><strong>lentiorem.</strong></span> <span class='ocrx_word' id='word_1_192' title='bbox 543 2643 701 2707; x_wconf 90' lang='lat' dir='ltr'><strong>Quod</strong></span> <span class='ocrx_word' id='word_1_193' title='bbox 743 2647 935 2696; x_wconf 89' lang='lat' dir='ltr'><strong>autem</strong></span> <span class='ocrx_word' id='word_1_194' title='bbox 974 2642 1344 2696; x_wconf 87' lang='lat' dir='ltr'><strong>subtilissima</strong></span> <span class='ocrx_word' id='word_1_195' title='bbox 1389 2643 1611 2697; x_wconf 90' lang='lat' dir='ltr'><strong>ratione</strong></span> <span class='ocrx_word' id='word_1_196' title='bbox 1667 2660 1864 2708; x_wconf 90' lang='lat' dir='ltr'><strong>perse-</strong></span> 
     </span>
    </p>
   </div>
   <div class='ocr_carea' id='block_1_28' title="bbox 166 2731 1864 2803">
    <p class='ocr_par' dir='ltr' id='par_1_28' title="bbox 166 2731 1864 2803">
     <span class='ocr_line' id='line_1_28' title="bbox 166 2731 1864 2803; baseline 0.002 -19"><span class='ocrx_word' id='word_1_197' title='bbox 166 2732 465 2803; x_wconf 87' lang='lat' dir='ltr'><strong>quendum</strong></span> <span class='ocrx_word' id='word_1_198' title='bbox 493 2736 577 2785; x_wconf 90' lang='lat' dir='ltr'><strong>est</strong></span> <span class='ocrx_word' id='word_1_199' title='bbox 601 2748 614 2798; x_wconf 95' lang='lat'><strong>;</strong></span> <span class='ocrx_word' id='word_1_200' title='bbox 648 2731 728 2785; x_wconf 91' lang='lat' dir='ltr'><strong>ita</strong></span> <span class='ocrx_word' id='word_1_201' title='bbox 757 2731 912 2785; x_wconf 90' lang='lat' dir='ltr'><strong>enim</strong></span> <span class='ocrx_word' id='word_1_202' title='bbox 935 2731 1058 2801; x_wconf 90' lang='lat' dir='ltr'><strong>jam</strong></span> <span class='ocrx_word' id='word_1_203' title='bbox 1087 2747 1213 2784; x_wconf 91' lang='lat' dir='ltr'><strong>sum</strong></span> <span class='ocrx_word' id='word_1_204' title='bbox 1248 2732 1500 2798; x_wconf 72' lang='lat' dir='ltr'><strong>allectus,</strong></span> <span class='ocrx_word' id='word_1_205' title='bbox 1531 2737 1594 2786; x_wconf 90' lang='lat' dir='ltr'><strong>ut</strong></span> <span class='ocrx_word' id='word_1_206' title='bbox 1623 2733 1759 2803; x_wconf 91' lang='lat' dir='ltr'><strong>quid</strong></span> <span class='ocrx_word' id='word_1_207' title='bbox 1790 2733 1864 2787; x_wconf 90' lang='lat' dir='ltr'><strong>sit</strong></span> 
     </span>
    </p>
   </div>
   <div class='ocr_carea' id='block_1_29' title="bbox 162 2817 1861 2888">
    <p class='ocr_par' dir='ltr' id='par_1_29' title="bbox 162 2817 1861 2888">
     <span class='ocr_line' id='line_1_29' title="bbox 162 2817 1861 2888; baseline 0 -16"><span class='ocrx_word' id='word_1_208' title='bbox 162 2834 387 2884; x_wconf 89' lang='lat' dir='ltr'><strong>verum,</strong></span> <span class='ocrx_word' id='word_1_209' title='bbox 420 2835 534 2873; x_wconf 93' lang='lat' dir='ltr'><strong>non</strong></span> <span class='ocrx_word' id='word_1_210' title='bbox 579 2817 863 2873; x_wconf 90' lang='lat' dir='ltr'><strong>credendo</strong></span> <span class='ocrx_word' id='word_1_211' title='bbox 907 2819 1109 2880; x_wconf 86' lang='lat' dir='ltr'><strong>solum,</strong></span> <span class='ocrx_word' id='word_1_212' title='bbox 1149 2818 1249 2872; x_wconf 84' lang='lat' dir='ltr'><strong>sed</strong></span> <span class='ocrx_word' id='word_1_213' title='bbox 1287 2818 1461 2873; x_wconf 90' lang='lat' dir='ltr'><strong>etiam</strong></span> <span class='ocrx_word' id='word_1_214' title='bbox 1490 2818 1861 2888; x_wconf 86' lang='lat' dir='ltr'><strong>intelligendo</strong></span> 
     </span>
    </p>
   </div>
   <div class='ocr_carea' id='block_1_30' title="bbox 163 2907 1862 2980">
    <p class='ocr_par' dir='ltr' id='par_1_30' title="bbox 163 2907 1862 2980">
     <span class='ocr_line' id='line_1_30' title="bbox 163 2907 1862 2980; baseline -0.001 -18"><span class='ocrx_word' id='word_1_215' title='bbox 163 2907 600 2980; x_wconf 88' lang='lat' dir='ltr'><strong>apprehendere</strong></span> <span class='ocrx_word' id='word_1_216' title='bbox 621 2907 987 2978; x_wconf 89' lang='lat' dir='ltr'><strong>impatienter</strong></span> <span class='ocrx_word' id='word_1_217' title='bbox 1004 2907 1349 2973; x_wconf 90' lang='lat' dir='ltr'><strong>desiderem;</strong></span> <span class='ocrx_word' id='word_1_218' title='bbox 1375 2908 1527 2977; x_wconf 90' lang='lat' dir='ltr'><strong>apud</strong></span> <span class='ocrx_word' id='word_1_219' title='bbox 1546 2907 1862 2962; x_wconf 87' lang='lat' dir='ltr'><strong>Platonicos</strong></span> 
     </span>
    </p>
   </div>
   <div class='ocr_carea' id='block_1_31' title="bbox 163 2995 1859 3067">
    <p class='ocr_par' dir='ltr' id='par_1_31' title="bbox 163 2995 1859 3067">
     <span class='ocr_line' id='line_1_31' title="bbox 163 2995 1859 3067; baseline -0.002 -15"><span class='ocrx_word' id='word_1_220' title='bbox 163 3013 260 3052; x_wconf 91' lang='lat' dir='ltr'><strong>me</strong></span> <span class='ocrx_word' id='word_1_221' title='bbox 290 2996 522 3051; x_wconf 90' lang='lat' dir='ltr'><strong>interim</strong></span> <span class='ocrx_word' id='word_1_222' title='bbox 553 2996 708 3067; x_wconf 91' lang='lat' dir='ltr'><strong>quod</strong></span> <span class='ocrx_word' id='word_1_223' title='bbox 736 2996 910 3050; x_wconf 90' lang='lat' dir='ltr'><strong>sacris</strong></span> <span class='ocrx_word' id='word_1_224' title='bbox 956 2995 1164 3051; x_wconf 86' lang='lat' dir='ltr'><strong>nostris</strong></span> <span class='ocrx_word' id='word_1_225' title='bbox 1204 3012 1323 3051; x_wconf 92' lang='lat' dir='ltr'><strong>non</strong></span> <span class='ocrx_word' id='word_1_226' title='bbox 1353 3000 1638 3067; x_wconf 87' lang='lat' dir='ltr'><strong>repugnet</strong></span> <span class='ocrx_word' id='word_1_227' title='bbox 1665 3011 1859 3067; x_wconf 90' lang='lat' dir='ltr'><strong>reper-</strong></span> 
     </span>
    </p>
   </div>
   <div class='ocr_carea' id='block_1_32' title="bbox 161 3085 785 3140">
    <p class='ocr_par' dir='ltr' id='par_1_32' title="bbox 161 3085 785 3140">
     <span class='ocr_line' id='line_1_32' title="bbox 161 3085 785 3140; baseline -0.002 0"><span class='ocrx_word' id='word_1_228' title='bbox 161 3091 361 3140; x_wconf 90' lang='lat' dir='ltr'><strong>turum</strong></span> <span class='ocrx_word' id='word_1_229' title='bbox 393 3101 512 3139; x_wconf 90' lang='lat' dir='ltr'><strong>esse</strong></span> <span class='ocrx_word' id='word_1_230' title='bbox 541 3085 785 3139; x_wconf 88' lang='lat' dir='ltr'><strong>conﬁdo.</strong></span> 
     </span>
    </p>
   </div>
   <div class='ocr_carea' id='block_1_33' title="bbox 231 3172 1176 3236">
    <p class='ocr_par' dir='ltr' id='par_1_33' title="bbox 231 3172 1176 3236">
     <span class='ocr_line' id='line_1_33' title="bbox 231 3172 1176 3236; baseline 0 -15"><span class='ocrx_word' id='word_1_231' title='bbox 231 3177 246 3210; x_wconf 82' lang='grc' dir='ltr'><strong>ι</strong></span> <span class='ocrx_word' id='word_1_232' title='bbox 276 3172 361 3236; x_wconf 84' lang='lat' dir='ltr'><strong>Sic</strong></span> <span class='ocrx_word' id='word_1_233' title='bbox 385 3173 540 3236; x_wconf 87' lang='lat' dir='ltr'><strong>juxta</strong></span> <span class='ocrx_word' id='word_1_234' title='bbox 575 3177 676 3222; x_wconf 89' lang='lat' dir='ltr'><strong>tres</strong></span> <span class='ocrx_word' id='word_1_235' title='bbox 697 3174 819 3223; x_wconf 87' lang='lat' dir='ltr'><strong>Mss.</strong></span> <span class='ocrx_word' id='word_1_236' title='bbox 849 3172 1176 3236; x_wconf 74' lang='lat' dir='ltr'><strong>[Vixissent].</strong></span> 
     </span>
    </p>
   </div>
   <div class='ocr_carea' id='block_1_34' title="bbox 230 3234 1860 3308">
    <p class='ocr_par' dir='ltr' id='par_1_34' title="bbox 230 3234 1860 3308">
     <span class='ocr_line' id='line_1_34' title="bbox 230 3234 1860 3308; baseline 0.001 -24"><span class='ocrx_word' id='word_1_237' title='bbox 230 3234 302 3306; x_wconf 71' lang='grc' dir='ltr'><strong>(α)</strong></span> <span class='ocrx_word' id='word_1_238' title='bbox 325 3234 539 3308; x_wconf 69' lang='lat' dir='ltr'><strong>Annum</strong></span> <span class='ocrx_word' id='word_1_239' title='bbox 575 3236 743 3307; x_wconf 67' lang='lat' dir='ltr'><strong>aetatis</strong></span> <span class='ocrx_word' id='word_1_240' title='bbox 780 3234 974 3308; x_wconf 31' lang='lat' dir='ltr'><strong>agebat.</strong></span> <span class='ocrx_word' id='word_1_241' title='bbox 999 3234 1326 3308; x_wconf 72' lang='lat' dir='ltr'><strong>trigesimum</strong></span> <span class='ocrx_word' id='word_1_242' title='bbox 1369 3237 1609 3308; x_wconf 54' lang='lat' dir='ltr'><strong>tertium,</strong></span> <span class='ocrx_word' id='word_1_243' title='bbox 1648 3237 1860 3308; x_wconf 71' lang='lat' dir='ltr'><strong>quando</strong></span> 
     </span>
    </p>
   </div>
   <div class='ocr_carea' id='block_1_35' title="bbox 163 3297 1860 3370">
    <p class='ocr_par' dir='ltr' id='par_1_35' title="bbox 163 3297 1860 3370">
     <span class='ocr_line' id='line_1_35' title="bbox 163 3297 1860 3370; baseline 0.001 -25"><span class='ocrx_word' id='word_1_244' title='bbox 163 3297 644 3370; x_wconf 38' lang='lat' dir='ltr'><strong>apicem‘ultimum</strong></span> <span class='ocrx_word' id='word_1_245' title='bbox 679 3297 991 3370; x_wconf 77' lang='lat' dir='ltr'><strong>imponebat</strong></span> <span class='ocrx_word' id='word_1_246' title='bbox 1006 3297 1128 3370; x_wconf 81' lang='lat' dir='ltr'><strong>huic</strong></span> <span class='ocrx_word' id='word_1_247' title='bbox 1148 3298 1291 3360; x_wconf 88' lang='lat' dir='ltr'><strong>operi</strong></span> <span class='ocrx_word' id='word_1_248' title='bbox 1313 3313 1324 3344; x_wconf 93' lang='lat'><strong>:</strong></span> <span class='ocrx_word' id='word_1_249' title='bbox 1356 3311 1538 3370; x_wconf 81' lang='lat' dir='ltr'><strong>verum</strong></span> <span class='ocrx_word' id='word_1_250' title='bbox 1563 3299 1614 3346; x_wconf 87' lang='lat' dir='ltr'><strong>id</strong></span> <span class='ocrx_word' id='word_1_251' title='bbox 1636 3297 1860 3370; x_wconf 77' lang='lat' dir='ltr'><strong>scribere</strong></span> 
     </span>
    </p>
   </div>
   <div class='ocr_carea' id='block_1_36' title="bbox 164 3360 1863 3472">
    <p class='ocr_par' dir='ltr' id='par_1_36' title="bbox 164 3360 1863 3472">
     <span class='ocr_line' id='line_1_36' title="bbox 164 3360 1863 3422; baseline 0.001 -14"><span class='ocrx_word' id='word_1_252' title='bbox 164 3363 400 3422; x_wconf 71' lang='lat' dir='ltr'><strong>coeperat</strong></span> <span class='ocrx_word' id='word_1_253' title='bbox 439 3360 677 3408; x_wconf 90' lang='lat' dir='ltr'><strong>nondum</strong></span> <span class='ocrx_word' id='word_1_254' title='bbox 715 3360 892 3422; x_wconf 87' lang='lat' dir='ltr'><strong>elapso</strong></span> <span class='ocrx_word' id='word_1_255' title='bbox 932 3361 1102 3408; x_wconf 69' lang='lat' dir='ltr'><strong>aetatis</strong></span> <span class='ocrx_word' id='word_1_256' title='bbox 1141 3374 1250 3408; x_wconf 70' lang='lat' dir='ltr'><strong>sure</strong></span> <span class='ocrx_word' id='word_1_257' title='bbox 1293 3373 1434 3409; x_wconf 88' lang='lat' dir='ltr'><strong>anno</strong></span> <span class='ocrx_word' id='word_1_258' title='bbox 1476 3361 1742 3421; x_wconf 90' lang='lat' dir='ltr'><strong>trigesimo</strong></span> <span class='ocrx_word' id='word_1_259' title='bbox 1786 3375 1863 3410; x_wconf 86' lang='lat' dir='ltr'><strong>se-</strong></span> 
     </span>
     <span class='ocr_line' id='line_1_37' title="bbox 165 3422 1862 3472; baseline 0.002 -3"><span class='ocrx_word' id='word_1_260' title='bbox 165 3422 345 3470; x_wconf 86' lang='lat' dir='ltr'><strong>cundo</strong></span> <span class='ocrx_word' id='word_1_261' title='bbox 367 3437 378 3472; x_wconf 87' lang='lat'><strong>:</strong></span> <span class='ocrx_word' id='word_1_262' title='bbox 405 3422 834 3472; x_wconf 77' lang='lat' dir='ltr'><strong>quandoquidem</strong></span> <span class='ocrx_word' id='word_1_263' title='bbox 858 3422 1162 3471; x_wconf 88' lang='lat' dir='ltr'><strong>inchoatum</strong></span> <span class='ocrx_word' id='word_1_264' title='bbox 1182 3423 1247 3472; x_wconf 86' lang='lat' dir='ltr'><strong>ab</strong></span> <span class='ocrx_word' id='word_1_265' title='bbox 1268 3422 1380 3472; x_wconf 87' lang='lat' dir='ltr'><strong>inso</strong></span> <span class='ocrx_word' id='word_1_266' title='bbox 1397 3423 1497 3472; x_wconf 86' lang='lat' dir='ltr'><strong>fuit</strong></span> <span class='ocrx_word' id='word_1_267' title='bbox 1511 3428 1631 3472; x_wconf 85' lang='lat' dir='ltr'><strong>ante</strong></span> <span class='ocrx_word' id='word_1_268' title='bbox 1649 3437 1780 3472; x_wconf 84' lang='lat' dir='ltr'><strong>onus</strong></span> <span class='ocrx_word' id='word_1_269' title='bbox 1798 3424 1862 3472; x_wconf 90' lang='lat' dir='ltr'><strong>de</strong></span> 
     </span>
    </p>
   </div>
   <div class='ocr_carea' id='block_1_37' title="bbox 165 3436 1861 3556">
    <p class='ocr_par' dir='ltr' id='par_1_37' title="bbox 165 3436 1861 3556">
     <span class='ocr_line' id='line_1_38' title="bbox 165 3436 1861 3486; baseline 0.001 -16"><span class='ocrx_word' id='word_1_270' title='bbox 165 3436 345 3470; x_wconf 80' lang='lat' dir='ltr'><strong>eundo</strong></span> <span class='ocrx_word' id='word_1_271' title='bbox 367 3437 378 3480; x_wconf 86' lang='lat'><strong>;</strong></span> <span class='ocrx_word' id='word_1_272' title='bbox 405 3436 618 3484; x_wconf 81' lang='lat' dir='ltr'><strong>quando</strong></span> <span class='ocrx_word' id='word_1_273' title='bbox 659 3436 834 3470; x_wconf 79' lang='lat' dir='ltr'><strong>niuem</strong></span> <span class='ocrx_word' id='word_1_274' title='bbox 858 3436 1162 3471; x_wconf 79' lang='lat' dir='ltr'><strong>inchoatum</strong></span> <span class='ocrx_word' id='word_1_275' title='bbox 1182 3436 1247 3472; x_wconf 88' lang='lat' dir='ltr'><strong>an</strong></span> <span class='ocrx_word' id='word_1_276' title='bbox 1268 3437 1283 3470; x_wconf 86' lang='lat'>1</span> <span class='ocrx_word' id='word_1_277' title='bbox 1323 3436 1380 3470; x_wconf 89' lang='lat' dir='ltr'><strong>so</strong></span> <span class='ocrx_word' id='word_1_278' title='bbox 1397 3436 1497 3472; x_wconf 78' lang='lat' dir='ltr'><strong>ruit</strong></span> <span class='ocrx_word' id='word_1_279' title='bbox 1511 3436 1631 3472; x_wconf 82' lang='lat' dir='ltr'><strong>ante</strong></span> <span class='ocrx_word' id='word_1_280' title='bbox 1649 3437 1780 3486; x_wconf 87' lang='lat' dir='ltr'><strong>opus</strong></span> <span class='ocrx_word' id='word_1_281' title='bbox 1798 3436 1861 3472; x_wconf 86' lang='lat' dir='ltr'><strong>ae</strong></span> 
     </span>
     <span class='ocr_line' id='line_1_39' title="bbox 169 3436 1861 3556; baseline 0 -24"><span class='ocrx_word' id='word_1_282' title='bbox 169 3484 328 3556; x_wconf 75' lang='lat' dir='ltr'><strong>Beata</strong></span> <span class='ocrx_word' id='word_1_283' title='bbox 349 3484 484 3556; x_wconf 36' lang='lat' dir='ltr'><strong>.V&#39;i-ta,</strong></span> <span class='ocrx_word' id='word_1_284' title='bbox 512 3436 653 3556; x_wconf 57' lang='lat' dir='ltr'><strong>quoa</strong></span> <span class='ocrx_word' id='word_1_285' title='bbox 678 3484 920 3556; x_wconf 76' lang='lat' dir='ltr'><strong>videlicet</strong></span> <span class='ocrx_word' id='word_1_286' title='bbox 940 3498 1096 3556; x_wconf 35' lang='lat' dir='ltr'><strong>«onon</strong></span> <span class='ocrx_word' id='word_1_287' title='bbox 1116 3438 1410 3556; x_wconf 36' lang='lat' dir='ltr'><strong>postl‘igros</strong></span> <span class='ocrx_word' id='word_1_288' title='bbox 1427 3485 1861 3556; x_wconf 39' lang='lat' dir='ltr'><strong>de‘Aeademicis,</strong></span> 
     </span>
    </p>
   </div>
   <div class='ocr_carea' id='block_1_38' title="bbox 172 3546 1858 3609">
    <p class='ocr_par' dir='ltr' id='par_1_38' title="bbox 172 3546 1858 3609">
     <span class='ocr_line' id='line_1_40' title="bbox 172 3546 1858 3609; baseline 0.004 -19"><span class='ocrx_word' id='word_1_289' title='bbox 172 3565 194 3590; x_wconf 75' lang='grc' dir='ltr'>ι</span> <span class='ocrx_word' id='word_1_290' title='bbox 219 3546 313 3595; x_wconf 90' lang='lat' dir='ltr'><strong>sed</strong></span> <span class='ocrx_word' id='word_1_291' title='bbox 353 3547 492 3594; x_wconf 89' lang='lat' dir='ltr'><strong>inter</strong></span> <span class='ocrx_word' id='word_1_292' title='bbox 521 3546 638 3594; x_wconf 88' lang='lat' dir='ltr'><strong>illos</strong></span> <span class='ocrx_word' id='word_1_293' title='bbox 671 3563 698 3591; x_wconf 87' lang='grc'><strong>)›</strong></span> <span class='ocrx_word' id='word_1_294' title='bbox 729 3561 783 3594; x_wconf 85' lang='lat' dir='ltr'><strong>se</strong></span> <span class='ocrx_word' id='word_1_295' title='bbox 808 3547 1076 3609; x_wconf 85' lang='lat' dir='ltr'><strong>scripsisse</strong></span> <span class='ocrx_word' id='word_1_296' title='bbox 1099 3547 1274 3608; x_wconf 85' lang='lat' dir='ltr'><strong>prodit</strong></span> <span class='ocrx_word' id='word_1_297' title='bbox 1303 3546 1394 3595; x_wconf 92' lang='lat' dir='ltr'><strong>lib.</strong></span> <span class='ocrx_word' id='word_1_298' title='bbox 1423 3551 1442 3595; x_wconf 83' lang='grc'><strong>1</strong></span> <span class='ocrx_word' id='word_1_299' title='bbox 1479 3548 1700 3596; x_wconf 78' lang='lat' dir='ltr'><strong>ltetract.</strong></span> <span class='ocrx_word' id='word_1_300' title='bbox 1733 3561 1776 3594; x_wconf 91' lang='lat' dir='ltr'><strong>c.</strong></span> <span class='ocrx_word' id='word_1_301' title='bbox 1813 3551 1858 3603; x_wconf 81' lang='lat'><strong>2.</strong></span> 
     </span>
    </p>
   </div>
   <div class='ocr_carea' id='block_1_39' title="bbox 169 3609 1864 3719">
    <p class='ocr_par' dir='ltr' id='par_1_39' title="bbox 169 3609 1864 3719">
     <span class='ocr_line' id='line_1_41' title="bbox 169 3609 1864 3665; baseline 0.003 -11"><span class='ocrx_word' id='word_1_302' title='bbox 169 3625 197 3653; x_wconf 76' lang='grc' dir='ltr'><strong><em>α</em></strong></span> <span class='ocrx_word' id='word_1_303' title='bbox 227 3609 505 3657; x_wconf 87' lang='lat' dir='ltr'><strong>occasione</strong></span> <span class='ocrx_word' id='word_1_304' title='bbox 526 3609 629 3658; x_wconf 91' lang='lat' dir='ltr'><strong>diei</strong></span> <span class='ocrx_word' id='word_1_305' title='bbox 655 3609 844 3658; x_wconf 86' lang='lat' dir='ltr'><strong>natalis</strong></span> <span class='ocrx_word' id='word_1_306' title='bbox 865 3609 964 3665; x_wconf 90' lang='lat' dir='ltr'><strong>sui,</strong></span> <span class='ocrx_word' id='word_1_307' title='bbox 986 3625 1014 3655; x_wconf 85' lang='grc'><strong>››</strong></span> <span class='ocrx_word' id='word_1_308' title='bbox 1081 3609 1134 3656; x_wconf 91' lang='lat' dir='ltr'><strong>ui</strong></span> <span class='ocrx_word' id='word_1_309' title='bbox 1166 3611 1219 3657; x_wconf 89' lang='lat' dir='ltr'><strong>in</strong></span> <span class='ocrx_word' id='word_1_310' title='bbox 1255 3611 1310 3658; x_wconf 89' lang='grc'><strong>13</strong></span> <span class='ocrx_word' id='word_1_311' title='bbox 1338 3610 1640 3658; x_wconf 85' lang='lat' dir='ltr'><strong>novembris</strong></span> <span class='ocrx_word' id='word_1_312' title='bbox 1669 3609 1864 3659; x_wconf 87' lang='lat' dir='ltr'><strong>incide-</strong></span> 
     </span>
     <span class='ocr_line' id='line_1_42' title="bbox 169 3622 1602 3719; baseline 0 0"><span class='ocrx_word' id='word_1_313' title='bbox 169 3671 277 3719; x_wconf 88' lang='lat' dir='ltr'><strong>bat.</strong></span> <span class='ocrx_word' id='word_1_314' title='bbox 302 3675 360 3719; x_wconf 91' lang='lat' dir='ltr'><strong>ut</strong></span> <span class='ocrx_word' id='word_1_315' title='bbox 389 3675 609 3719; x_wconf 87' lang='lat' dir='ltr'><strong>testatur</strong></span> <span class='ocrx_word' id='word_1_316' title='bbox 638 3671 728 3719; x_wconf 88' lang='lat' dir='ltr'><strong>lib.</strong></span> <span class='ocrx_word' id='word_1_317' title='bbox 758 3671 821 3719; x_wconf 92' lang='lat' dir='ltr'><strong>de</strong></span> <span class='ocrx_word' id='word_1_318' title='bbox 849 3672 1004 3719; x_wconf 87' lang='lat' dir='ltr'><strong>Beata</strong></span> <span class='ocrx_word' id='word_1_319' title='bbox 1034 3622 1170 3719; x_wconf 46' lang='lat' dir='ltr'><strong>sita.</strong></span> <span class='ocrx_word' id='word_1_320' title='bbox 1193 3671 1248 3719; x_wconf 92' lang='lat' dir='ltr'><strong>in</strong></span> <span class='ocrx_word' id='word_1_321' title='bbox 1277 3672 1602 3719; x_wconf 70' lang='lat' dir='ltr'><strong>nrazfatione.</strong></span> 
     </span>
    </p>
   </div>
   <div class='ocr_carea' id='block_1_40' title="bbox 168 3671 1602 3733">
    <p class='ocr_par' dir='ltr' id='par_1_40' title="bbox 168 3671 1602 3733">
     <span class='ocr_line' id='line_1_43' title="bbox 168 3671 1602 3733; baseline 0 -13"><span class='ocrx_word' id='word_1_322' title='bbox 168 3671 277 3730; x_wconf 88' lang='lat' dir='ltr'><strong>bat,</strong></span> <span class='ocrx_word' id='word_1_323' title='bbox 302 3675 360 3719; x_wconf 91' lang='lat' dir='ltr'><strong>ut</strong></span> <span class='ocrx_word' id='word_1_324' title='bbox 389 3675 609 3720; x_wconf 87' lang='lat' dir='ltr'><strong>testatur</strong></span> <span class='ocrx_word' id='word_1_325' title='bbox 638 3671 728 3720; x_wconf 88' lang='lat' dir='ltr'><strong>lib.</strong></span> <span class='ocrx_word' id='word_1_326' title='bbox 758 3671 821 3719; x_wconf 92' lang='lat' dir='ltr'><strong>de</strong></span> <span class='ocrx_word' id='word_1_327' title='bbox 849 3672 1004 3719; x_wconf 87' lang='lat' dir='ltr'><strong>Beata</strong></span> <span class='ocrx_word' id='word_1_328' title='bbox 1034 3671 1170 3730; x_wconf 89' lang='lat' dir='ltr'><strong>Vita,</strong></span> <span class='ocrx_word' id='word_1_329' title='bbox 1193 3671 1248 3719; x_wconf 92' lang='lat' dir='ltr'><strong>in</strong></span> <span class='ocrx_word' id='word_1_330' title='bbox 1277 3672 1602 3733; x_wconf 70' lang='lat' dir='ltr'><strong>praefatione.</strong></span> 
     </span>
    </p>
   </div>
   <div class='ocr_carea' id='block_1_41' title="bbox 3574 313 3678 365">
    <p class='ocr_par' dir='ltr' id='par_1_41' title="bbox 3574 313 3678 365">
     <span class='ocr_line' id='line_1_44' title="bbox 3574 313 3678 365; baseline 0 0"><span class='ocrx_word' id='word_1_331' title='bbox 3574 313 3678 365; x_wconf 86' lang='lat'><strong>958</strong></span> 
     </span>
    </p>
   </div>
   <div class='ocr_carea' id='block_1_42' title="bbox 2039 425 3680 502">
    <p class='ocr_par' dir='ltr' id='par_1_42' title="bbox 2039 425 3680 502">
     <span class='ocr_line' id='line_1_45' title="bbox 2039 425 3680 502; baseline 0.002 -20"><span class='ocrx_word' id='word_1_332' title='bbox 2039 429 2128 482; x_wconf 68' lang='grc'><strong>44.</strong></span> <span class='ocrx_word' id='word_1_333' title='bbox 2160 427 2258 481; x_wconf 84' lang='lat' dir='ltr'><strong>Hic</strong></span> <span class='ocrx_word' id='word_1_334' title='bbox 2280 431 2584 498; x_wconf 89' lang='lat' dir='ltr'><strong>postquam</strong></span> <span class='ocrx_word' id='word_1_335' title='bbox 2606 425 2888 481; x_wconf 88' lang='lat' dir='ltr'><strong>sermonis</strong></span> <span class='ocrx_word' id='word_1_336' title='bbox 2909 427 3085 482; x_wconf 87' lang='lat' dir='ltr'><strong>ﬁnem</strong></span> <span class='ocrx_word' id='word_1_337' title='bbox 3110 444 3201 483; x_wconf 92' lang='lat' dir='ltr'><strong>me</strong></span> <span class='ocrx_word' id='word_1_338' title='bbox 3226 429 3425 485; x_wconf 80' lang='lat' dir='ltr'><strong>iecisse</strong></span> <span class='ocrx_word' id='word_1_339' title='bbox 3445 447 3680 502; x_wconf 86' lang='lat' dir='ltr'><strong>aspexe-</strong></span> 
     </span>
    </p>
   </div>
   <div class='ocr_carea' id='block_1_43' title="bbox 1973 515 3675 587">
    <p class='ocr_par' dir='ltr' id='par_1_43' title="bbox 1973 515 3675 587">
     <span class='ocr_line' id='line_1_46' title="bbox 1973 515 3675 587; baseline 0.003 -18"><span class='ocrx_word' id='word_1_340' title='bbox 1973 520 2128 582; x_wconf 89' lang='lat' dir='ltr'><strong>runt,</strong></span> <span class='ocrx_word' id='word_1_341' title='bbox 2143 530 2493 586; x_wconf 89' lang='lat' dir='ltr'><strong>quamquam</strong></span> <span class='ocrx_word' id='word_1_342' title='bbox 2501 516 2625 586; x_wconf 88' lang='lat' dir='ltr'><strong>jam</strong></span> <span class='ocrx_word' id='word_1_343' title='bbox 2639 515 2774 586; x_wconf 53' lang='lat' dir='ltr'><strong>:erat</strong></span> <span class='ocrx_word' id='word_1_344' title='bbox 2795 532 2929 582; x_wconf 94' lang='lat' dir='ltr'><strong>nox,</strong></span> <span class='ocrx_word' id='word_1_345' title='bbox 2950 520 3007 570; x_wconf 94' lang='lat' dir='ltr'><strong>et</strong></span> <span class='ocrx_word' id='word_1_346' title='bbox 3019 516 3236 587; x_wconf 89' lang='lat' dir='ltr'><strong>aliquid</strong></span> <span class='ocrx_word' id='word_1_347' title='bbox 3250 517 3421 572; x_wconf 91' lang='lat' dir='ltr'><strong>etiam</strong></span> <span class='ocrx_word' id='word_1_348' title='bbox 3443 520 3675 574; x_wconf 90' lang='lat' dir='ltr'><strong>lucerna</strong></span> 
     </span>
    </p>
   </div>
   <div class='ocr_carea' id='block_1_44' title="bbox 1972 604 3673 674">
    <p class='ocr_par' dir='ltr' id='par_1_44' title="bbox 1972 604 3673 674">
     <span class='ocr_line' id='line_1_47' title="bbox 1972 604 3673 674; baseline 0.002 -16"><span class='ocrx_word' id='word_1_349' title='bbox 1972 604 2130 658; x_wconf 90' lang='lat' dir='ltr'><strong>illata</strong></span> <span class='ocrx_word' id='word_1_350' title='bbox 2158 604 2436 674; x_wconf 90' lang='lat' dir='ltr'><strong>scriptum</strong></span> <span class='ocrx_word' id='word_1_351' title='bbox 2461 609 2618 672; x_wconf 89' lang='lat' dir='ltr'><strong>erat;</strong></span> <span class='ocrx_word' id='word_1_352' title='bbox 2650 608 2844 658; x_wconf 91' lang='lat' dir='ltr'><strong>tamen</strong></span> <span class='ocrx_word' id='word_1_353' title='bbox 2879 604 2966 659; x_wconf 91' lang='lat' dir='ltr'><strong>illi</strong></span> <span class='ocrx_word' id='word_1_354' title='bbox 2993 605 3376 660; x_wconf 87' lang='lat' dir='ltr'><strong>adolescentes</strong></span> <span class='ocrx_word' id='word_1_355' title='bbox 3410 607 3673 661; x_wconf 88' lang='lat' dir='ltr'><strong>intentis-</strong></span> 
     </span>
    </p>
   </div>
   <div class='ocr_carea' id='block_1_45' title="bbox 1972 693 3674 764">
    <p class='ocr_par' dir='ltr' id='par_1_45' title="bbox 1972 693 3674 764">
     <span class='ocr_line' id='line_1_48' title="bbox 1972 693 3674 764; baseline 0.001 -18"><span class='ocrx_word' id='word_1_356' title='bbox 1972 694 2114 748; x_wconf 93' lang='lat' dir='ltr'><strong>sime</strong></span> <span class='ocrx_word' id='word_1_357' title='bbox 2160 693 2583 763; x_wconf 84' lang='lat' dir='ltr'><strong>exspectabant,</strong></span> <span class='ocrx_word' id='word_1_358' title='bbox 2628 698 2826 748; x_wconf 92' lang='lat' dir='ltr'><strong>utrum</strong></span> <span class='ocrx_word' id='word_1_359' title='bbox 2874 693 3112 764; x_wconf 88' lang='lat' dir='ltr'><strong>Alypius</strong></span> <span class='ocrx_word' id='word_1_360' title='bbox 3161 695 3249 748; x_wconf 91' lang='lat' dir='ltr'><strong>vel</strong></span> <span class='ocrx_word' id='word_1_361' title='bbox 3297 695 3431 749; x_wconf 89' lang='lat' dir='ltr'><strong>aliio</strong></span> <span class='ocrx_word' id='word_1_362' title='bbox 3479 695 3569 750; x_wconf 90' lang='lat' dir='ltr'><strong>die</strong></span> <span class='ocrx_word' id='word_1_363' title='bbox 3616 712 3674 748; x_wconf 90' lang='lat' dir='ltr'><strong>se</strong></span> 
     </span>
    </p>
   </div>
   <div class='ocr_carea' id='block_1_46' title="bbox 1973 783 3679 853">
    <p class='ocr_par' dir='ltr' id='par_1_46' title="bbox 1973 783 3679 853">
     <span class='ocr_line' id='line_1_49' title="bbox 1973 783 3679 853; baseline 0.001 -18"><span class='ocrx_word' id='word_1_364' title='bbox 1973 797 2382 853; x_wconf 88' lang='lat' dir='ltr'><strong>responsurum</strong></span> <span class='ocrx_word' id='word_1_365' title='bbox 2413 796 2532 835; x_wconf 89' lang='lat' dir='ltr'><strong>esse</strong></span> <span class='ocrx_word' id='word_1_366' title='bbox 2569 783 2953 851; x_wconf 87' lang='lat' dir='ltr'><strong>promitteret.</strong></span> <span class='ocrx_word' id='word_1_367' title='bbox 2985 785 3128 838; x_wconf 91' lang='lat' dir='ltr'><strong>Tum</strong></span> <span class='ocrx_word' id='word_1_368' title='bbox 3158 783 3293 838; x_wconf 91' lang='lat' dir='ltr'><strong>ille:</strong></span> <span class='ocrx_word' id='word_1_369' title='bbox 3337 784 3492 838; x_wconf 83' lang='lat' dir='ltr'><strong>Nihil</strong></span> <span class='ocrx_word' id='word_1_370' title='bbox 3534 784 3679 837; x_wconf 90' lang='lat' dir='ltr'><strong>mihi</strong></span> 
     </span>
    </p>
   </div>
   <div class='ocr_carea' id='block_1_47' title="bbox 1972 869 3679 941">
    <p class='ocr_par' dir='ltr' id='par_1_47' title="bbox 1972 869 3679 941">
     <span class='ocr_line' id='line_1_50' title="bbox 1972 869 3679 941; baseline 0 -17"><span class='ocrx_word' id='word_1_371' title='bbox 1972 870 2297 941; x_wconf 90' lang='lat' dir='ltr'><strong>aliquando,</strong></span> <span class='ocrx_word' id='word_1_372' title='bbox 2330 869 2536 939; x_wconf 91' lang='lat' dir='ltr'><strong>inquit,</strong></span> <span class='ocrx_word' id='word_1_373' title='bbox 2573 874 2692 922; x_wconf 89' lang='lat' dir='ltr'><strong>tam</strong></span> <span class='ocrx_word' id='word_1_374' title='bbox 2741 885 2807 922; x_wconf 87' lang='lat' dir='ltr'><strong>ex</strong></span> <span class='ocrx_word' id='word_1_375' title='bbox 2855 872 3134 925; x_wconf 91' lang='lat' dir='ltr'><strong>sententia</strong></span> <span class='ocrx_word' id='word_1_376' title='bbox 3162 872 3490 941; x_wconf 90' lang='lat' dir='ltr'><strong>provenisse</strong></span> <span class='ocrx_word' id='word_1_377' title='bbox 3521 873 3679 925; x_wconf 85' lang='lat' dir='ltr'><strong>afﬁr-</strong></span> 
     </span>
    </p>
   </div>
   <div class='ocr_carea' id='block_1_48' title="bbox 1971 959 3675 1030">
    <p class='ocr_par' dir='ltr' id='par_1_48' title="bbox 1971 959 3675 1030">
     <span class='ocr_line' id='line_1_51' title="bbox 1971 959 3675 1030; baseline 0.001 -18"><span class='ocrx_word' id='word_1_378' title='bbox 1971 975 2128 1013; x_wconf 90' lang='lat' dir='ltr'><strong>mare</strong></span> <span class='ocrx_word' id='word_1_379' title='bbox 2158 963 2390 1029; x_wconf 90' lang='lat' dir='ltr'><strong>paratus</strong></span> <span class='ocrx_word' id='word_1_380' title='bbox 2421 973 2570 1019; x_wconf 88' lang='lat' dir='ltr'><strong>sum,</strong></span> <span class='ocrx_word' id='word_1_381' title='bbox 2596 973 2772 1027; x_wconf 89' lang='lat' dir='ltr'><strong>quam</strong></span> <span class='ocrx_word' id='word_1_382' title='bbox 2801 959 2955 1029; x_wconf 89' lang='lat' dir='ltr'><strong>quod</strong></span> <span class='ocrx_word' id='word_1_383' title='bbox 2980 960 3255 1014; x_wconf 87' lang='lat' dir='ltr'><strong>hodierna</strong></span> <span class='ocrx_word' id='word_1_384' title='bbox 3287 961 3675 1030; x_wconf 85' lang='lat' dir='ltr'><strong>disputatione</strong></span> 
     </span>
    </p>
   </div>
   <div class='ocr_carea' id='block_1_49' title="bbox 1971 1045 3673 1120">
    <p class='ocr_par' dir='ltr' id='par_1_49' title="bbox 1971 1045 3673 1120">
     <span class='ocr_line' id='line_1_52' title="bbox 1971 1045 3673 1120; baseline 0.002 -20"><span class='ocrx_word' id='word_1_385' title='bbox 1971 1045 2198 1100; x_wconf 90' lang='lat' dir='ltr'><strong>discedo</strong></span> <span class='ocrx_word' id='word_1_386' title='bbox 2230 1051 2552 1116; x_wconf 89' lang='lat' dir='ltr'><strong>superatus.</strong></span> <span class='ocrx_word' id='word_1_387' title='bbox 2591 1046 2702 1099; x_wconf 86' lang='lat' dir='ltr'><strong>Nec</strong></span> <span class='ocrx_word' id='word_1_388' title='bbox 2732 1045 2897 1099; x_wconf 89' lang='lat' dir='ltr'><strong>istam</strong></span> <span class='ocrx_word' id='word_1_389' title='bbox 2931 1063 3117 1101; x_wconf 88' lang='lat' dir='ltr'><strong>meam</strong></span> <span class='ocrx_word' id='word_1_390' title='bbox 3147 1053 3372 1103; x_wconf 90' lang='lat' dir='ltr'><strong>tantum</strong></span> <span class='ocrx_word' id='word_1_391' title='bbox 3399 1055 3540 1120; x_wconf 88' lang='lat' dir='ltr'><strong>puto</strong></span> <span class='ocrx_word' id='word_1_392' title='bbox 3576 1051 3673 1103; x_wconf 92' lang='lat' dir='ltr'><strong>de-</strong></span> 
     </span>
    </p>
   </div>
   <div class='ocr_carea' id='block_1_50' title="bbox 1973 1132 3672 1205">
    <p class='ocr_par' dir='ltr' id='par_1_50' title="bbox 1973 1132 3672 1205">
     <span class='ocr_line' id='line_1_53' title="bbox 1973 1132 3672 1205; baseline 0.004 -20"><span class='ocrx_word' id='word_1_393' title='bbox 1973 1132 2108 1186; x_wconf 89' lang='lat' dir='ltr'><strong>bere</strong></span> <span class='ocrx_word' id='word_1_394' title='bbox 2128 1148 2248 1187; x_wconf 90' lang='lat' dir='ltr'><strong>esse</strong></span> <span class='ocrx_word' id='word_1_395' title='bbox 2273 1132 2552 1188; x_wconf 81' lang='lat' dir='ltr'><strong>laetitiam.</strong></span> <span class='ocrx_word' id='word_1_396' title='bbox 2577 1133 3025 1188; x_wconf 90' lang='lat' dir='ltr'><strong>Communicabo</strong></span> <span class='ocrx_word' id='word_1_397' title='bbox 3051 1152 3186 1205; x_wconf 89' lang='lat' dir='ltr'><strong>ergo</strong></span> <span class='ocrx_word' id='word_1_398' title='bbox 3209 1153 3334 1190; x_wconf 89' lang='lat' dir='ltr'><strong>eam</strong></span> <span class='ocrx_word' id='word_1_399' title='bbox 3354 1139 3672 1202; x_wconf 87' lang='lat' dir='ltr'><strong>vobiscum,</strong></span> 
     </span>
    </p>
   </div>
   <div class='ocr_carea' id='block_1_51' title="bbox 1972 1221 3672 1296">
    <p class='ocr_par' dir='ltr' id='par_1_51' title="bbox 1972 1221 3672 1296">
     <span class='ocr_line' id='line_1_54' title="bbox 1972 1221 3672 1296; baseline 0.004 -24"><span class='ocrx_word' id='word_1_400' title='bbox 1972 1225 2386 1276; x_wconf 87' lang='lat' dir='ltr'><strong>concertatores</strong></span> <span class='ocrx_word' id='word_1_401' title='bbox 2417 1221 2550 1287; x_wconf 90' lang='lat' dir='ltr'><strong>mei,</strong></span> <span class='ocrx_word' id='word_1_402' title='bbox 2583 1223 2668 1275; x_wconf 91' lang='lat' dir='ltr'><strong>vel</strong></span> <span class='ocrx_word' id='word_1_403' title='bbox 2704 1222 2927 1292; x_wconf 90' lang='lat' dir='ltr'><strong>judices</strong></span> <span class='ocrx_word' id='word_1_404' title='bbox 2959 1223 3158 1278; x_wconf 85' lang='lat' dir='ltr'><strong>nostri.</strong></span> <span class='ocrx_word' id='word_1_405' title='bbox 3194 1225 3672 1296; x_wconf 90' lang='lat' dir='ltr'><strong>Quandoquidem</strong></span> 
     </span>
    </p>
   </div>
   <div class='ocr_carea' id='block_1_52' title="bbox 1970 1308 3674 1382">
    <p class='ocr_par' dir='ltr' id='par_1_52' title="bbox 1970 1308 3674 1382">
     <span class='ocr_line' id='line_1_55' title="bbox 1970 1308 3674 1382; baseline 0.004 -21"><span class='ocrx_word' id='word_1_406' title='bbox 1970 1308 2079 1362; x_wconf 88' lang='lat' dir='ltr'><strong>isto</strong></span> <span class='ocrx_word' id='word_1_407' title='bbox 2120 1325 2178 1362; x_wconf 94' lang='lat' dir='ltr'><strong>se</strong></span> <span class='ocrx_word' id='word_1_408' title='bbox 2208 1314 2374 1378; x_wconf 89' lang='lat' dir='ltr'><strong>pacto</strong></span> <span class='ocrx_word' id='word_1_409' title='bbox 2409 1326 2439 1363; x_wconf 92' lang='lat' dir='ltr'><strong>a</strong></span> <span class='ocrx_word' id='word_1_410' title='bbox 2469 1309 2586 1363; x_wconf 91' lang='lat' dir='ltr'><strong>suis</strong></span> <span class='ocrx_word' id='word_1_411' title='bbox 2618 1310 2861 1380; x_wconf 88' lang='lat' dir='ltr'><strong>posteris</strong></span> <span class='ocrx_word' id='word_1_412' title='bbox 2890 1310 3060 1376; x_wconf 88' lang='lat' dir='ltr'><strong>vinci,</strong></span> <span class='ocrx_word' id='word_1_413' title='bbox 3091 1311 3201 1382; x_wconf 89' lang='lat' dir='ltr'><strong>ipsi</strong></span> <span class='ocrx_word' id='word_1_414' title='bbox 3231 1312 3403 1366; x_wconf 90' lang='lat' dir='ltr'><strong>etiam</strong></span> <span class='ocrx_word' id='word_1_415' title='bbox 3436 1314 3674 1367; x_wconf 88' lang='lat' dir='ltr'><strong>fortasse</strong></span> 
     </span>
    </p>
   </div>
   <div class='ocr_carea' id='block_1_53' title="bbox 1971 1396 3676 1467">
    <p class='ocr_par' dir='ltr' id='par_1_53' title="bbox 1971 1396 3676 1467">
     <span class='ocr_line' id='line_1_56' title="bbox 1971 1396 3676 1467; baseline 0.002 -17"><span class='ocrx_word' id='word_1_416' title='bbox 1971 1396 2294 1450; x_wconf 88' lang='lat' dir='ltr'><strong>Academici</strong></span> <span class='ocrx_word' id='word_1_417' title='bbox 2338 1401 2629 1467; x_wconf 88' lang='lat' dir='ltr'><strong>optarunt.</strong></span> <span class='ocrx_word' id='word_1_418' title='bbox 2664 1398 2812 1462; x_wconf 92' lang='lat' dir='ltr'><strong>Quid</strong></span> <span class='ocrx_word' id='word_1_419' title='bbox 2853 1399 3006 1453; x_wconf 88' lang='lat' dir='ltr'><strong>enim</strong></span> <span class='ocrx_word' id='word_1_420' title='bbox 3052 1401 3219 1454; x_wconf 90' lang='lat' dir='ltr'><strong>nobis</strong></span> <span class='ocrx_word' id='word_1_421' title='bbox 3259 1401 3368 1454; x_wconf 88' lang='lat' dir='ltr'><strong>hoc</strong></span> <span class='ocrx_word' id='word_1_422' title='bbox 3397 1401 3676 1455; x_wconf 89' lang='lat' dir='ltr'><strong>sermonis</strong></span> 
     </span>
    </p>
   </div>
   <div class='ocr_carea' id='block_1_54' title="bbox 1972 1485 3676 1560">
    <p class='ocr_par' dir='ltr' id='par_1_54' title="bbox 1972 1485 3676 1560">
     <span class='ocr_line' id='line_1_57' title="bbox 1972 1485 3676 1560; baseline 0.002 -22"><span class='ocrx_word' id='word_1_423' title='bbox 1972 1486 2166 1554; x_wconf 91' lang='lat' dir='ltr'><strong>lepore</strong></span> <span class='ocrx_word' id='word_1_424' title='bbox 2191 1485 2522 1555; x_wconf 89' lang='lat' dir='ltr'><strong>jucundius,</strong></span> <span class='ocrx_word' id='word_1_425' title='bbox 2573 1486 2712 1556; x_wconf 91' lang='lat' dir='ltr'><strong>quid</strong></span> <span class='ocrx_word' id='word_1_426' title='bbox 2757 1487 3170 1542; x_wconf 89' lang='lat' dir='ltr'><strong>sententiarum</strong></span> <span class='ocrx_word' id='word_1_427' title='bbox 3216 1489 3496 1560; x_wconf 83' lang='lat' dir='ltr'><strong>gravitate</strong></span> <span class='ocrx_word' id='word_1_428' title='bbox 3540 1506 3676 1560; x_wconf 88' lang='lat' dir='ltr'><strong>per-</strong></span> 
     </span>
    </p>
   </div>
   <div class='ocr_carea' id='block_1_55' title="bbox 1969 1573 3677 1647">
    <p class='ocr_par' dir='ltr' id='par_1_55' title="bbox 1969 1573 3677 1647">
     <span class='ocr_line' id='line_1_58' title="bbox 1969 1573 3677 1647; baseline 0.004 -21"><span class='ocrx_word' id='word_1_429' title='bbox 1969 1573 2224 1644; x_wconf 89' lang='lat' dir='ltr'><strong>pensius,</strong></span> <span class='ocrx_word' id='word_1_430' title='bbox 2252 1574 2393 1646; x_wconf 90' lang='lat' dir='ltr'><strong>quid</strong></span> <span class='ocrx_word' id='word_1_431' title='bbox 2427 1575 2824 1629; x_wconf 89' lang='lat' dir='ltr'><strong>benevolentia</strong></span> <span class='ocrx_word' id='word_1_432' title='bbox 2856 1577 3202 1647; x_wconf 89' lang='lat' dir='ltr'><strong>promptius,</strong></span> <span class='ocrx_word' id='word_1_433' title='bbox 3235 1578 3371 1647; x_wconf 90' lang='lat' dir='ltr'><strong>quid</strong></span> <span class='ocrx_word' id='word_1_434' title='bbox 3419 1578 3677 1632; x_wconf 87' lang='lat' dir='ltr'><strong>doctrina</strong></span> 
     </span>
    </p>
   </div>
   <div class='ocr_carea' id='block_1_56' title="bbox 1971 1661 3672 1737">
    <p class='ocr_par' dir='ltr' id='par_1_56' title="bbox 1971 1661 3672 1737">
     <span class='ocr_line' id='line_1_59' title="bbox 1971 1661 3672 1737; baseline 0.003 -23"><span class='ocrx_word' id='word_1_435' title='bbox 1971 1661 2214 1732; x_wconf 89' lang='lat' dir='ltr'><strong>peritius</strong></span> <span class='ocrx_word' id='word_1_436' title='bbox 2261 1662 2441 1717; x_wconf 90' lang='lat' dir='ltr'><strong>videri</strong></span> <span class='ocrx_word' id='word_1_437' title='bbox 2473 1670 2573 1718; x_wconf 90' lang='lat' dir='ltr'><strong>aut</strong></span> <span class='ocrx_word' id='word_1_438' title='bbox 2603 1664 2861 1718; x_wconf 83' lang='lat' dir='ltr'><strong>cxhibori</strong></span> <span class='ocrx_word' id='word_1_439' title='bbox 2892 1668 3135 1734; x_wconf 83' lang='lat' dir='ltr'><strong>posset?</strong></span> <span class='ocrx_word' id='word_1_440' title='bbox 3181 1668 3418 1719; x_wconf 84' lang='lat' dir='ltr'><strong>Prorsus</strong></span> <span class='ocrx_word' id='word_1_441' title='bbox 3456 1682 3672 1737; x_wconf 89' lang='lat' dir='ltr'><strong>nequa-</strong></span> 
     </span>
    </p>
   </div>
   <div class='ocr_carea' id='block_1_57' title="bbox 1974 1751 3672 1824">
    <p class='ocr_par' dir='ltr' id='par_1_57' title="bbox 1974 1751 3672 1824">
     <span class='ocr_line' id='line_1_60' title="bbox 1974 1751 3672 1824; baseline 0.003 -21"><span class='ocrx_word' id='word_1_442' title='bbox 1974 1766 2148 1821; x_wconf 89' lang='lat' dir='ltr'><strong>quam</strong></span> <span class='ocrx_word' id='word_1_443' title='bbox 2169 1751 2340 1821; x_wconf 81' lang='lat' dir='ltr'><strong>digne</strong></span> <span class='ocrx_word' id='word_1_444' title='bbox 2362 1751 2634 1805; x_wconf 90' lang='lat' dir='ltr'><strong>admirari</strong></span> <span class='ocrx_word' id='word_1_445' title='bbox 2657 1769 2910 1822; x_wconf 89' lang='lat' dir='ltr'><strong>possum,</strong></span> <span class='ocrx_word' id='word_1_446' title='bbox 2936 1754 3088 1824; x_wconf 91' lang='lat' dir='ltr'><strong>quod</strong></span> <span class='ocrx_word' id='word_1_447' title='bbox 3118 1758 3234 1807; x_wconf 89' lang='lat' dir='ltr'><strong>tam</strong></span> <span class='ocrx_word' id='word_1_448' title='bbox 3253 1754 3432 1808; x_wconf 89' lang='lat' dir='ltr'><strong>facete</strong></span> <span class='ocrx_word' id='word_1_449' title='bbox 3456 1771 3672 1824; x_wconf 90' lang='lat' dir='ltr'><strong>aspera,</strong></span> 
     </span>
    </p>
   </div>
   <div class='ocr_carea' id='block_1_58' title="bbox 1973 1839 3675 1911">
    <p class='ocr_par' dir='ltr' id='par_1_58' title="bbox 1973 1839 3675 1911">
     <span class='ocr_line' id='line_1_61' title="bbox 1973 1839 3675 1911; baseline 0.003 -19"><span class='ocrx_word' id='word_1_450' title='bbox 1973 1843 2091 1893; x_wconf 89' lang='lat' dir='ltr'><strong>tam</strong></span> <span class='ocrx_word' id='word_1_451' title='bbox 2136 1839 2362 1894; x_wconf 85' lang='lat' dir='ltr'><strong>fortiter</strong></span> <span class='ocrx_word' id='word_1_452' title='bbox 2392 1840 2709 1911; x_wconf 90' lang='lat' dir='ltr'><strong>desperata,</strong></span> <span class='ocrx_word' id='word_1_453' title='bbox 2764 1846 2876 1895; x_wconf 89' lang='lat' dir='ltr'><strong>tam</strong></span> <span class='ocrx_word' id='word_1_454' title='bbox 2915 1843 3209 1897; x_wconf 88' lang='lat' dir='ltr'><strong>moderate</strong></span> <span class='ocrx_word' id='word_1_455' title='bbox 3241 1843 3521 1910; x_wconf 87' lang='lat' dir='ltr'><strong>convicta,</strong></span> <span class='ocrx_word' id='word_1_456' title='bbox 3556 1847 3675 1897; x_wconf 89' lang='lat' dir='ltr'><strong>tam</strong></span> 
     </span>
    </p>
   </div>
   <div class='ocr_carea' id='block_1_59' title="bbox 1975 1927 3668 2001">
    <p class='ocr_par' dir='ltr' id='par_1_59' title="bbox 1975 1927 3668 2001">
     <span class='ocr_line' id='line_1_62' title="bbox 1975 1927 3668 2001; baseline 0.002 -21"><span class='ocrx_word' id='word_1_457' title='bbox 1975 1927 2224 1981; x_wconf 88' lang='lat' dir='ltr'><strong>dilucide</strong></span> <span class='ocrx_word' id='word_1_458' title='bbox 2266 1928 2508 1982; x_wconf 88' lang='lat' dir='ltr'><strong>obscura</strong></span> <span class='ocrx_word' id='word_1_459' title='bbox 2535 1933 2770 1983; x_wconf 89' lang='lat' dir='ltr'><strong>tractata</strong></span> <span class='ocrx_word' id='word_1_460' title='bbox 2797 1935 2950 1984; x_wconf 88' lang='lat' dir='ltr'><strong>sunt.</strong></span> <span class='ocrx_word' id='word_1_461' title='bbox 2980 1931 3166 1994; x_wconf 90' lang='lat' dir='ltr'><strong>Quare</strong></span> <span class='ocrx_word' id='word_1_462' title='bbox 3191 1931 3338 2001; x_wconf 91' lang='lat' dir='ltr'><strong>jam,</strong></span> <span class='ocrx_word' id='word_1_463' title='bbox 3370 1931 3504 1984; x_wconf 91' lang='lat' dir='ltr'><strong>socii</strong></span> <span class='ocrx_word' id='word_1_464' title='bbox 3535 1931 3668 1996; x_wconf 90' lang='lat' dir='ltr'><strong>mei,</strong></span> 
     </span>
    </p>
   </div>
   <div class='ocr_carea' id='block_1_60' title="bbox 1974 2015 3674 2090">
    <p class='ocr_par' dir='ltr' id='par_1_60' title="bbox 1974 2015 3674 2090">
     <span class='ocr_line' id='line_1_63' title="bbox 1974 2015 3674 2090; baseline 0.003 -22"><span class='ocrx_word' id='word_1_465' title='bbox 1974 2015 2452 2085; x_wconf 82' lang='lat' dir='ltr'><strong>exspectationem</strong></span> <span class='ocrx_word' id='word_1_466' title='bbox 2498 2021 2766 2084; x_wconf 84' lang='lat' dir='ltr'><strong>vestram,</strong></span> <span class='ocrx_word' id='word_1_467' title='bbox 2812 2034 2925 2088; x_wconf 91' lang='lat' dir='ltr'><strong>qua</strong></span> <span class='ocrx_word' id='word_1_468' title='bbox 2968 2035 3061 2072; x_wconf 92' lang='lat' dir='ltr'><strong>me</strong></span> <span class='ocrx_word' id='word_1_469' title='bbox 3103 2019 3176 2073; x_wconf 90' lang='lat' dir='ltr'><strong>ad</strong></span> <span class='ocrx_word' id='word_1_470' title='bbox 3207 2020 3674 2090; x_wconf 89' lang='lat' dir='ltr'><strong>respondendum</strong></span> 
     </span>
    </p>
   </div>
   <div class='ocr_carea' id='block_1_61' title="bbox 1972 2104 3676 2176">
    <p class='ocr_par' dir='ltr' id='par_1_61' title="bbox 1972 2104 3676 2176">
     <span class='ocr_line' id='line_1_64' title="bbox 1972 2104 3676 2176; baseline 0.003 -19"><span class='ocrx_word' id='word_1_471' title='bbox 1972 2104 2386 2174; x_wconf 88' lang='lat' dir='ltr'><strong>provocabatis,</strong></span> <span class='ocrx_word' id='word_1_472' title='bbox 2417 2105 2658 2160; x_wconf 87' lang='lat' dir='ltr'><strong>certiore</strong></span> <span class='ocrx_word' id='word_1_473' title='bbox 2681 2122 2779 2176; x_wconf 89' lang='lat' dir='ltr'><strong>spe</strong></span> <span class='ocrx_word' id='word_1_474' title='bbox 2812 2123 3037 2161; x_wconf 89' lang='lat' dir='ltr'><strong>mecum</strong></span> <span class='ocrx_word' id='word_1_475' title='bbox 3065 2108 3137 2162; x_wconf 92' lang='lat' dir='ltr'><strong>ad</strong></span> <span class='ocrx_word' id='word_1_476' title='bbox 3172 2107 3509 2163; x_wconf 88' lang='lat' dir='ltr'><strong>discendum</strong></span> <span class='ocrx_word' id='word_1_477' title='bbox 3538 2125 3676 2162; x_wconf 91' lang='lat' dir='ltr'><strong>con-</strong></span> 
     </span>
    </p>
   </div>
   <div class='ocr_carea' id='block_1_62' title="bbox 1972 2193 3674 2268">
    <p class='ocr_par' dir='ltr' id='par_1_62' title="bbox 1972 2193 3674 2268">
     <span class='ocr_line' id='line_1_65' title="bbox 1972 2193 3674 2268; baseline 0.003 -21"><span class='ocrx_word' id='word_1_478' title='bbox 1972 2194 2191 2248; x_wconf 83' lang='lat' dir='ltr'><strong>vertite.</strong></span> <span class='ocrx_word' id='word_1_479' title='bbox 2247 2193 2530 2249; x_wconf 87' lang='lat' dir='ltr'><strong>Habemus</strong></span> <span class='ocrx_word' id='word_1_480' title='bbox 2579 2195 2782 2250; x_wconf 90' lang='lat' dir='ltr'><strong>ducem</strong></span> <span class='ocrx_word' id='word_1_481' title='bbox 2835 2196 2934 2266; x_wconf 90' lang='lat' dir='ltr'><strong>qui</strong></span> <span class='ocrx_word' id='word_1_482' title='bbox 2978 2213 3084 2250; x_wconf 90' lang='lat' dir='ltr'><strong>nos</strong></span> <span class='ocrx_word' id='word_1_483' title='bbox 3130 2197 3192 2250; x_wconf 92' lang='lat' dir='ltr'><strong>in</strong></span> <span class='ocrx_word' id='word_1_484' title='bbox 3250 2197 3374 2268; x_wconf 89' lang='lat' dir='ltr'><strong>ipsa</strong></span> <span class='ocrx_word' id='word_1_485' title='bbox 3419 2197 3674 2252; x_wconf 88' lang='lat' dir='ltr'><strong>veritatis</strong></span> 
     </span>
    </p>
   </div>
   <div class='ocr_carea' id='block_1_63' title="bbox 1975 2283 3233 2354">
    <p class='ocr_par' dir='ltr' id='par_1_63' title="bbox 1975 2283 3233 2354">
     <span class='ocr_line' id='line_1_66' title="bbox 1975 2283 3233 2354; baseline 0.005 -20"><span class='ocrx_word' id='word_1_486' title='bbox 1975 2297 2202 2348; x_wconf 89' lang='lat' dir='ltr'><strong>arcana,</strong></span> <span class='ocrx_word' id='word_1_487' title='bbox 2236 2283 2351 2336; x_wconf 92' lang='lat' dir='ltr'><strong>Deo</strong></span> <span class='ocrx_word' id='word_1_488' title='bbox 2375 2283 2498 2354; x_wconf 89' lang='lat' dir='ltr'><strong>jam</strong></span> <span class='ocrx_word' id='word_1_489' title='bbox 2528 2288 2902 2350; x_wconf 87' lang='lat' dir='ltr'><strong>monstrante,</strong></span> <span class='ocrx_word' id='word_1_490' title='bbox 2934 2285 3233 2354; x_wconf 88' lang='lat' dir='ltr'><strong>perducat.</strong></span> 
     </span>
    </p>
   </div>
   <div class='ocr_carea' id='block_1_64' title="bbox 2043 2370 3674 2446">
    <p class='ocr_par' dir='ltr' id='par_1_64' title="bbox 2043 2370 3674 2446">
     <span class='ocr_line' id='line_1_67' title="bbox 2043 2370 3674 2446; baseline 0.004 -22"><span class='ocrx_word' id='word_1_491' title='bbox 2043 2372 2131 2424; x_wconf 81' lang='grc'><strong>45.</strong></span> <span class='ocrx_word' id='word_1_492' title='bbox 2167 2370 2266 2424; x_wconf 84' lang='lat' dir='ltr'><strong>Hic</strong></span> <span class='ocrx_word' id='word_1_493' title='bbox 2291 2387 2420 2441; x_wconf 87' lang='lat' dir='ltr'><strong>ego,</strong></span> <span class='ocrx_word' id='word_1_494' title='bbox 2452 2388 2583 2426; x_wconf 91' lang='lat' dir='ltr'><strong>cum</strong></span> <span class='ocrx_word' id='word_1_495' title='bbox 2625 2372 2710 2426; x_wconf 92' lang='lat' dir='ltr'><strong>illi</strong></span> <span class='ocrx_word' id='word_1_496' title='bbox 2739 2373 2956 2444; x_wconf 63' lang='lat' dir='ltr'><strong>{puerili</strong></span> <span class='ocrx_word' id='word_1_497' title='bbox 2988 2375 3238 2444; x_wconf 88' lang='lat' dir='ltr'><strong>quodam</strong></span> <span class='ocrx_word' id='word_1_498' title='bbox 3269 2374 3478 2441; x_wconf 92' lang='lat' dir='ltr'><strong>studio,</strong></span> <span class='ocrx_word' id='word_1_499' title='bbox 3520 2377 3674 2446; x_wconf 92' lang='lat' dir='ltr'><strong>quod</strong></span> 
     </span>
    </p>
   </div>
   <div class='ocr_carea' id='block_1_65' title="bbox 1973 2457 3677 2532">
    <p class='ocr_par' dir='ltr' id='par_1_65' title="bbox 1973 2457 3677 2532">
     <span class='ocr_line' id='line_1_68' title="bbox 1973 2457 3677 2532; baseline 0.004 -22"><span class='ocrx_word' id='word_1_500' title='bbox 1973 2457 2209 2527; x_wconf 87' lang='lat' dir='ltr'><strong>Alypius</strong></span> <span class='ocrx_word' id='word_1_501' title='bbox 2257 2474 2633 2527; x_wconf 87' lang='lat' dir='ltr'><strong>responsurus</strong></span> <span class='ocrx_word' id='word_1_502' title='bbox 2673 2477 2792 2514; x_wconf 90' lang='lat' dir='ltr'><strong>non</strong></span> <span class='ocrx_word' id='word_1_503' title='bbox 2831 2461 3146 2528; x_wconf 90' lang='lat' dir='ltr'><strong>videbatur,</strong></span> <span class='ocrx_word' id='word_1_504' title='bbox 3195 2462 3357 2532; x_wconf 88' lang='lat' dir='ltr'><strong>quasi</strong></span> <span class='ocrx_word' id='word_1_505' title='bbox 3386 2463 3677 2518; x_wconf 82' lang='lat' dir='ltr'><strong>fraudatus</strong></span> 
     </span>
    </p>
   </div>
   <div class='ocr_carea' id='block_1_66' title="bbox 1973 2550 3674 2623">
    <p class='ocr_par' dir='ltr' id='par_1_66' title="bbox 1973 2550 3674 2623">
     <span class='ocr_line' id='line_1_69' title="bbox 1973 2550 3674 2623; baseline 0.003 -22"><span class='ocrx_word' id='word_1_506' title='bbox 1973 2550 2136 2602; x_wconf 88' lang='lat' dir='ltr'><strong>vultu</strong></span> <span class='ocrx_word' id='word_1_507' title='bbox 2177 2565 2234 2602; x_wconf 91' lang='lat' dir='ltr'><strong>se</strong></span> <span class='ocrx_word' id='word_1_508' title='bbox 2281 2550 2694 2604; x_wconf 89' lang='lat' dir='ltr'><strong>ostenderunt:</strong></span> <span class='ocrx_word' id='word_1_509' title='bbox 2744 2551 3034 2616; x_wconf 90' lang='lat' dir='ltr'><strong>Iuvidetis,</strong></span> <span class='ocrx_word' id='word_1_510' title='bbox 3096 2553 3334 2623; x_wconf 90' lang='lat' dir='ltr'><strong>inquam</strong></span> <span class='ocrx_word' id='word_1_511' title='bbox 3397 2552 3674 2618; x_wconf 90' lang='lat' dir='ltr'><strong>arridens,</strong></span> 
     </span>
    </p>
   </div>
   <div class='ocr_carea' id='block_1_67' title="bbox 1973 2636 3673 2712">
    <p class='ocr_par' dir='ltr' id='par_1_67' title="bbox 1973 2636 3673 2712">
     <span class='ocr_line' id='line_1_70' title="bbox 1973 2636 3673 2712; baseline 0.002 -22"><span class='ocrx_word' id='word_1_512' title='bbox 1973 2636 2236 2691; x_wconf 90' lang='lat' dir='ltr'><strong>laudibus</strong></span> <span class='ocrx_word' id='word_1_513' title='bbox 2283 2639 2475 2692; x_wconf 88' lang='lat' dir='ltr'><strong>meis?</strong></span> <span class='ocrx_word' id='word_1_514' title='bbox 2523 2639 2629 2693; x_wconf 90' lang='lat' dir='ltr'><strong>Sed</strong></span> <span class='ocrx_word' id='word_1_515' title='bbox 2681 2639 2953 2709; x_wconf 89' lang='lat' dir='ltr'><strong>quoniam</strong></span> <span class='ocrx_word' id='word_1_516' title='bbox 3004 2641 3074 2694; x_wconf 89' lang='lat' dir='ltr'><strong>de</strong></span> <span class='ocrx_word' id='word_1_517' title='bbox 3125 2641 3314 2712; x_wconf 86' lang='lat' dir='ltr'><strong>Alypii</strong></span> <span class='ocrx_word' id='word_1_518' title='bbox 3363 2641 3673 2695; x_wconf 88' lang='lat' dir='ltr'><strong>constantia</strong></span> 
     </span>
    </p>
   </div>
   <div class='ocr_carea' id='block_1_68' title="bbox 1966 2725 3677 2800">
    <p class='ocr_par' dir='ltr' id='par_1_68' title="bbox 1966 2725 3677 2800">
     <span class='ocr_line' id='line_1_71' title="bbox 1966 2725 3677 2800; baseline 0.001 -22"><span class='ocrx_word' id='word_1_519' title='bbox 1966 2725 2088 2794; x_wconf 88' lang='lat' dir='ltr'><strong>jam</strong></span> <span class='ocrx_word' id='word_1_520' title='bbox 2131 2741 2363 2780; x_wconf 90' lang='lat' dir='ltr'><strong>securus</strong></span> <span class='ocrx_word' id='word_1_521' title='bbox 2391 2727 2537 2781; x_wconf 90' lang='lat' dir='ltr'><strong>nihil</strong></span> <span class='ocrx_word' id='word_1_522' title='bbox 2571 2744 2704 2781; x_wconf 92' lang='lat' dir='ltr'><strong>eum</strong></span> <span class='ocrx_word' id='word_1_523' title='bbox 2754 2728 2970 2793; x_wconf 88' lang='lat' dir='ltr'><strong>timeo;</strong></span> <span class='ocrx_word' id='word_1_524' title='bbox 3018 2733 3082 2782; x_wconf 93' lang='lat' dir='ltr'><strong>ut</strong></span> <span class='ocrx_word' id='word_1_525' title='bbox 3112 2745 3212 2782; x_wconf 90' lang='lat' dir='ltr'><strong>vos</strong></span> <span class='ocrx_word' id='word_1_526' title='bbox 3253 2745 3485 2800; x_wconf 90' lang='lat' dir='ltr'><strong>quoque</strong></span> <span class='ocrx_word' id='word_1_527' title='bbox 3531 2727 3677 2781; x_wconf 87' lang='lat' dir='ltr'><strong>mihi</strong></span> 
     </span>
    </p>
   </div>
   <div class='ocr_carea' id='block_1_69' title="bbox 1971 2813 3675 2887">
    <p class='ocr_par' dir='ltr' id='par_1_69' title="bbox 1971 2813 3675 2887">
     <span class='ocr_line' id='line_1_72' title="bbox 1971 2813 3675 2887; baseline 0.001 -20"><span class='ocrx_word' id='word_1_528' title='bbox 1971 2813 2184 2884; x_wconf 80' lang='lat' dir='ltr'><strong>gratias</strong></span> <span class='ocrx_word' id='word_1_529' title='bbox 2213 2815 2418 2885; x_wconf 90' lang='lat' dir='ltr'><strong>agatis,</strong></span> <span class='ocrx_word' id='word_1_530' title='bbox 2447 2815 2668 2870; x_wconf 90' lang='lat' dir='ltr'><strong>instruo</strong></span> <span class='ocrx_word' id='word_1_531' title='bbox 2700 2833 2800 2870; x_wconf 90' lang='lat' dir='ltr'><strong>vos</strong></span> <span class='ocrx_word' id='word_1_532' title='bbox 2829 2817 3095 2870; x_wconf 89' lang='lat' dir='ltr'><strong>adversus</strong></span> <span class='ocrx_word' id='word_1_533' title='bbox 3120 2817 3291 2870; x_wconf 90' lang='lat' dir='ltr'><strong>illum</strong></span> <span class='ocrx_word' id='word_1_534' title='bbox 3325 2816 3426 2887; x_wconf 91' lang='lat' dir='ltr'><strong>qui</strong></span> <span class='ocrx_word' id='word_1_535' title='bbox 3455 2821 3675 2870; x_wconf 90' lang='lat' dir='ltr'><strong>tantam</strong></span> 
     </span>
    </p>
   </div>
   <div class='ocr_carea' id='block_1_70' title="bbox 1971 2901 3676 2973">
    <p class='ocr_par' dir='ltr' id='par_1_70' title="bbox 1971 2901 3676 2973">
     <span class='ocr_line' id='line_1_73' title="bbox 1971 2901 3676 2973; baseline 0.001 -19"><span class='ocrx_word' id='word_1_536' title='bbox 1971 2901 2352 2956; x_wconf 88' lang='lat' dir='ltr'><strong>intentionem</strong></span> <span class='ocrx_word' id='word_1_537' title='bbox 2409 2906 2611 2956; x_wconf 59' lang='lat' dir='ltr'><strong>vestrae</strong></span> <span class='ocrx_word' id='word_1_538' title='bbox 2667 2903 3102 2973; x_wconf 86' lang='lat' dir='ltr'><strong>exspectationis</strong></span> <span class='ocrx_word' id='word_1_539' title='bbox 3161 2903 3421 2958; x_wconf 80' lang='lat' dir='ltr'><strong>offendit.</strong></span> <span class='ocrx_word' id='word_1_540' title='bbox 3482 2905 3676 2973; x_wconf 85' lang='lat' dir='ltr'><strong>Legite</strong></span> 
     </span>
    </p>
   </div>
   <div class='ocr_carea' id='block_1_71' title="bbox 1970 2989 3672 3061">
    <p class='ocr_par' dir='ltr' id='par_1_71' title="bbox 1970 2989 3672 3061">
     <span class='ocr_line' id='line_1_74' title="bbox 1970 2989 3672 3061; baseline 0.002 -19"><span class='ocrx_word' id='word_1_541' title='bbox 1970 2989 2368 3056; x_wconf 87' lang='lat' dir='ltr'><strong>Academicos;</strong></span> <span class='ocrx_word' id='word_1_542' title='bbox 2397 2994 2454 3044; x_wconf 89' lang='lat' dir='ltr'><strong>et</strong></span> <span class='ocrx_word' id='word_1_543' title='bbox 2473 3006 2601 3045; x_wconf 92' lang='lat' dir='ltr'><strong>cum</strong></span> <span class='ocrx_word' id='word_1_544' title='bbox 2624 2991 2706 3045; x_wconf 88' lang='lat' dir='ltr'><strong>ibi</strong></span> <span class='ocrx_word' id='word_1_545' title='bbox 2727 2991 2994 3045; x_wconf 88' lang='lat' dir='ltr'><strong>victorem</strong></span> <span class='ocrx_word' id='word_1_546' title='bbox 3019 2991 3177 3061; x_wconf 91' lang='lat' dir='ltr'><strong>(quid</strong></span> <span class='ocrx_word' id='word_1_547' title='bbox 3205 2992 3358 3046; x_wconf 89' lang='lat' dir='ltr'><strong>enim</strong></span> <span class='ocrx_word' id='word_1_548' title='bbox 3382 2991 3603 3046; x_wconf 90' lang='lat' dir='ltr'><strong>facilius</strong></span> <span class='ocrx_word' id='word_1_549' title='bbox 3618 2991 3672 3060; x_wconf 87' lang='lat'><strong>?)</strong></span> 
     </span>
    </p>
   </div>
   <div class='ocr_carea' id='block_1_72' title="bbox 1972 3076 3674 3151">
    <p class='ocr_par' dir='ltr' id='par_1_72' title="bbox 1972 3076 3674 3151">
     <span class='ocr_line' id='line_1_75' title="bbox 1972 3076 3674 3151; baseline 0.001 -20"><span class='ocrx_word' id='word_1_550' title='bbox 1972 3076 2211 3132; x_wconf 89' lang='lat' dir='ltr'><strong>istarum</strong></span> <span class='ocrx_word' id='word_1_551' title='bbox 2242 3094 2529 3148; x_wconf 87' lang='lat' dir='ltr'><strong>nugarum</strong></span> <span class='ocrx_word' id='word_1_552' title='bbox 2571 3080 2710 3151; x_wconf 73' lang='lat' dir='ltr'><strong>(Lib.</strong></span> <span class='ocrx_word' id='word_1_553' title='bbox 2746 3081 2767 3134; x_wconf 93' lang='grc' dir='ltr'>Ι</span> <span class='ocrx_word' id='word_1_554' title='bbox 2799 3083 3035 3146; x_wconf 81' lang='lat' dir='ltr'><strong>Rctract,</strong></span> <span class='ocrx_word' id='word_1_555' title='bbox 3072 3096 3193 3150; x_wconf 85' lang='lat' dir='ltr'><strong>cap.</strong></span> <span class='ocrx_word' id='word_1_556' title='bbox 3233 3084 3281 3146; x_wconf 87' lang='grc'><strong>1,</strong></span> <span class='ocrx_word' id='word_1_557' title='bbox 3317 3096 3372 3134; x_wconf 84' lang='lat' dir='ltr'><strong>n.</strong></span> <span class='ocrx_word' id='word_1_558' title='bbox 3408 3081 3480 3149; x_wconf 78' lang='grc'><strong>4),</strong></span> <span class='ocrx_word' id='word_1_559' title='bbox 3514 3080 3674 3134; x_wconf 90' lang='lat' dir='ltr'><strong>Cice-</strong></span> 
     </span>
    </p>
   </div>
   <div class='ocr_carea' id='block_1_73' title="bbox 1971 3164 3671 3238">
    <p class='ocr_par' dir='ltr' id='par_1_73' title="bbox 1971 3164 3671 3238">
     <span class='ocr_line' id='line_1_76' title="bbox 1971 3164 3671 3238; baseline 0.002 -20"><span class='ocrx_word' id='word_1_560' title='bbox 1971 3181 2174 3219; x_wconf 90' lang='lat' dir='ltr'><strong>ronem</strong></span> <span class='ocrx_word' id='word_1_561' title='bbox 2199 3164 2551 3235; x_wconf 88' lang='lat' dir='ltr'><strong>inveneritis,</strong></span> <span class='ocrx_word' id='word_1_562' title='bbox 2581 3171 2818 3238; x_wconf 84' lang='lat' dir='ltr'><strong>cogatur</strong></span> <span class='ocrx_word' id='word_1_563' title='bbox 2843 3167 2946 3222; x_wconf 90' lang='lat' dir='ltr'><strong>iste</strong></span> <span class='ocrx_word' id='word_1_564' title='bbox 2977 3184 3010 3221; x_wconf 90' lang='lat' dir='ltr'><strong>a</strong></span> <span class='ocrx_word' id='word_1_565' title='bbox 3037 3167 3196 3222; x_wconf 86' lang='lat' dir='ltr'><strong>vobis</strong></span> <span class='ocrx_word' id='word_1_566' title='bbox 3224 3167 3378 3222; x_wconf 91' lang='lat' dir='ltr'><strong>hunc</strong></span> <span class='ocrx_word' id='word_1_567' title='bbox 3408 3172 3671 3222; x_wconf 89' lang='lat' dir='ltr'><strong>nostrum</strong></span> 
     </span>
    </p>
   </div>
   <div class='ocr_carea' id='block_1_74' title="bbox 1973 3255 3672 3323">
    <p class='ocr_par' dir='ltr' id='par_1_74' title="bbox 1973 3255 3672 3323">
     <span class='ocr_line' id='line_1_77' title="bbox 1973 3255 3672 3323; baseline 0.002 -17"><span class='ocrx_word' id='word_1_568' title='bbox 1973 3270 2298 3308; x_wconf 89' lang='lat' dir='ltr'><strong>sermonem</strong></span> <span class='ocrx_word' id='word_1_569' title='bbox 2336 3259 2533 3309; x_wconf 88' lang='lat' dir='ltr'><strong>contra</strong></span> <span class='ocrx_word' id='word_1_570' title='bbox 2582 3255 2682 3309; x_wconf 89' lang='lat' dir='ltr'><strong>illa</strong></span> <span class='ocrx_word' id='word_1_571' title='bbox 2725 3255 2934 3310; x_wconf 88' lang='lat' dir='ltr'><strong>invicta</strong></span> <span class='ocrx_word' id='word_1_572' title='bbox 2969 3255 3292 3310; x_wconf 88' lang='lat' dir='ltr'><strong>defendere.</strong></span> <span class='ocrx_word' id='word_1_573' title='bbox 3346 3258 3500 3310; x_wconf 86' lang='lat' dir='ltr'><strong>Hanc</strong></span> <span class='ocrx_word' id='word_1_574' title='bbox 3540 3256 3672 3323; x_wconf 89' lang='lat' dir='ltr'><strong>tibi,</strong></span> 
     </span>
    </p>
   </div>
   <div class='ocr_carea' id='block_1_75' title="bbox 1971 3343 3668 3415">
    <p class='ocr_par' dir='ltr' id='par_1_75' title="bbox 1971 3343 3668 3415">
     <span class='ocr_line' id='line_1_78' title="bbox 1971 3343 3668 3415; baseline 0.002 -21"><span class='ocrx_word' id='word_1_575' title='bbox 1971 3343 2160 3413; x_wconf 84' lang='lat' dir='ltr'><strong>Alypi,</strong></span> <span class='ocrx_word' id='word_1_576' title='bbox 2189 3343 2393 3398; x_wconf 89' lang='lat' dir='ltr'><strong>duram</strong></span> <span class='ocrx_word' id='word_1_577' title='bbox 2422 3345 2742 3399; x_wconf 90' lang='lat' dir='ltr'><strong>mercedem</strong></span> <span class='ocrx_word' id='word_1_578' title='bbox 2775 3361 2878 3415; x_wconf 91' lang='lat' dir='ltr'><strong>pro</strong></span> <span class='ocrx_word' id='word_1_579' title='bbox 2903 3360 3032 3398; x_wconf 91' lang='lat' dir='ltr'><strong>mea</strong></span> <span class='ocrx_word' id='word_1_580' title='bbox 3052 3344 3194 3398; x_wconf 87' lang='lat' dir='ltr'><strong>falsa</strong></span> <span class='ocrx_word' id='word_1_581' title='bbox 3217 3344 3383 3399; x_wconf 88' lang='lat' dir='ltr'><strong>laude</strong></span> <span class='ocrx_word' id='word_1_582' title='bbox 3405 3343 3668 3398; x_wconf 90' lang='lat' dir='ltr'><strong>restituo.</strong></span> 
     </span>
    </p>
   </div>
   <div class='ocr_carea' id='block_1_76' title="bbox 1973 3431 3668 3500">
    <p class='ocr_par' dir='ltr' id='par_1_76' title="bbox 1973 3431 3668 3500">
     <span class='ocr_line' id='line_1_79' title="bbox 1973 3431 3668 3500; baseline 0.002 -17"><span class='ocrx_word' id='word_1_583' title='bbox 1973 3431 2073 3484; x_wconf 85' lang='lat' dir='ltr'><strong>Hic</strong></span> <span class='ocrx_word' id='word_1_584' title='bbox 2099 3448 2230 3486; x_wconf 89' lang='lat' dir='ltr'><strong>cum</strong></span> <span class='ocrx_word' id='word_1_585' title='bbox 2260 3433 2601 3500; x_wconf 89' lang='lat' dir='ltr'><strong>arrisissent,</strong></span> <span class='ocrx_word' id='word_1_586' title='bbox 2632 3433 2807 3488; x_wconf 84' lang='lat' dir='ltr'><strong>ﬁnem</strong></span> <span class='ocrx_word' id='word_1_587' title='bbox 2838 3438 3008 3488; x_wconf 62' lang='lat' dir='ltr'><strong>tantae</strong></span> <span class='ocrx_word' id='word_1_588' title='bbox 3043 3433 3439 3499; x_wconf 87' lang='lat' dir='ltr'><strong>conﬂictionis,</strong></span> <span class='ocrx_word' id='word_1_589' title='bbox 3479 3438 3668 3488; x_wconf 89' lang='lat' dir='ltr'><strong>utrum</strong></span> 
     </span>
    </p>
   </div>
   <div class='ocr_carea' id='block_1_77' title="bbox 1973 3520 3668 3592">
    <p class='ocr_par' dir='ltr' id='par_1_77' title="bbox 1973 3520 3668 3592">
     <span class='ocr_line' id='line_1_80' title="bbox 1973 3520 3668 3592; baseline 0.001 -18"><span class='ocrx_word' id='word_1_590' title='bbox 1973 3520 2364 3576; x_wconf 87' lang='lat' dir='ltr'><strong>ﬁrmissimam</strong></span> <span class='ocrx_word' id='word_1_591' title='bbox 2394 3522 2606 3590; x_wconf 90' lang='lat' dir='ltr'><strong>nescio,</strong></span> <span class='ocrx_word' id='word_1_592' title='bbox 2640 3523 2952 3578; x_wconf 89' lang='lat' dir='ltr'><strong>modestius</strong></span> <span class='ocrx_word' id='word_1_593' title='bbox 2985 3527 3177 3578; x_wconf 90' lang='lat' dir='ltr'><strong>tamen</strong></span> <span class='ocrx_word' id='word_1_594' title='bbox 3214 3526 3272 3576; x_wconf 90' lang='lat' dir='ltr'><strong>et</strong></span> <span class='ocrx_word' id='word_1_595' title='bbox 3301 3521 3467 3576; x_wconf 92' lang='lat' dir='ltr'><strong>citius</strong></span> <span class='ocrx_word' id='word_1_596' title='bbox 3495 3537 3668 3592; x_wconf 90' lang='lat' dir='ltr'><strong>quam</strong></span> 
     </span>
    </p>
   </div>
   <div class='ocr_carea' id='block_1_78' title="bbox 1975 3609 2630 3678">
    <p class='ocr_par' dir='ltr' id='par_1_78' title="bbox 1975 3609 2630 3678">
     <span class='ocr_line' id='line_1_81' title="bbox 1975 3609 2630 3678; baseline 0.005 -16"><span class='ocrx_word' id='word_1_597' title='bbox 1975 3623 2337 3678; x_wconf 90' lang='lat' dir='ltr'><strong>speraveram</strong></span> <span class='ocrx_word' id='word_1_598' title='bbox 2365 3609 2630 3666; x_wconf 90' lang='lat' dir='ltr'><strong>fecimus.</strong></span> 
     </span>
    </p>
   </div>
   <div class='ocr_carea' id='block_1_79' title="bbox 1517 3841 2326 3947">
    <p class='ocr_par' dir='ltr' id='par_1_79' title="bbox 1517 3841 2326 3947">
     <span class='ocr_line' id='line_1_82' title="bbox 1517 3841 2326 3947; baseline 0.005 -4"><span class='ocrx_word' id='word_1_599' title='bbox 1517 3841 2326 3947; x_wconf 89' lang='lat' dir='ltr'><strong>ADMONITIO</strong></span> 
     </span>
    </p>
   </div>
   <div class='ocr_carea' id='block_1_80' title="bbox 1139 3983 2693 4062">
    <p class='ocr_par' dir='ltr' id='par_1_80' title="bbox 1139 3983 2693 4062">
     <span class='ocr_line' id='line_1_83' title="bbox 1139 3983 2693 4062; baseline 0 -14"><span class='ocrx_word' id='word_1_600' title='bbox 1139 3984 1245 4049; x_wconf 89' lang='lat' dir='ltr'><strong>DE</strong></span> <span class='ocrx_word' id='word_1_601' title='bbox 1294 3984 1684 4062; x_wconf 87' lang='lat' dir='ltr'><strong>SEQUENTI</strong></span> <span class='ocrx_word' id='word_1_602' title='bbox 1733 3984 1965 4049; x_wconf 79' lang='lat' dir='ltr'>LIBRO</span> <span class='ocrx_word' id='word_1_603' title='bbox 2014 3985 2120 4048; x_wconf 93' lang='lat' dir='ltr'><strong>DE</strong></span> <span class='ocrx_word' id='word_1_604' title='bbox 2167 3984 2430 4049; x_wconf 82' lang='lat' dir='ltr'><strong>BEATA</strong></span> <span class='ocrx_word' id='word_1_605' title='bbox 2478 3983 2693 4062; x_wconf 78' lang='lat' dir='ltr'><strong>VITA,</strong></span> 
     </span>
    </p>
   </div>
   <div class='ocr_carea' id='block_1_81' title="bbox 238 4105 3673 4178">
    <p class='ocr_par' dir='ltr' id='par_1_81' title="bbox 238 4105 3673 4178">
     <span class='ocr_line' id='line_1_84' title="bbox 238 4105 3673 4178; baseline -0.001 -15"><span class='ocrx_word' id='word_1_606' title='bbox 238 4110 453 4163; x_wconf 90' lang='lat' dir='ltr'><strong>Damus</strong></span> <span class='ocrx_word' id='word_1_607' title='bbox 479 4106 568 4161; x_wconf 87' lang='lat' dir='ltr'><strong>hic</strong></span> <span class='ocrx_word' id='word_1_608' title='bbox 597 4105 707 4160; x_wconf 93' lang='lat' dir='ltr'><strong>loci</strong></span> <span class='ocrx_word' id='word_1_609' title='bbox 736 4105 948 4160; x_wconf 91' lang='lat' dir='ltr'><strong>librum</strong></span> <span class='ocrx_word' id='word_1_610' title='bbox 974 4106 1042 4160; x_wconf 93' lang='lat' dir='ltr'><strong>de</strong></span> <span class='ocrx_word' id='word_1_611' title='bbox 1074 4107 1242 4160; x_wconf 89' lang='lat' dir='ltr'><strong>Beata</strong></span> <span class='ocrx_word' id='word_1_612' title='bbox 1270 4107 1412 4173; x_wconf 88' lang='lat' dir='ltr'><strong>Vita,</strong></span> <span class='ocrx_word' id='word_1_613' title='bbox 1445 4107 1541 4178; x_wconf 91' lang='lat' dir='ltr'><strong>qui</strong></span> <span class='ocrx_word' id='word_1_614' title='bbox 1574 4123 1743 4178; x_wconf 89' lang='lat' dir='ltr'><strong>opere</strong></span> <span class='ocrx_word' id='word_1_615' title='bbox 1768 4109 1966 4160; x_wconf 90' lang='lat' dir='ltr'><strong>contra</strong></span> <span class='ocrx_word' id='word_1_616' title='bbox 1983 4106 2351 4161; x_wconf 89' lang='lat' dir='ltr'><strong>Academicos</strong></span> <span class='ocrx_word' id='word_1_617' title='bbox 2370 4107 2494 4178; x_wconf 90' lang='lat' dir='ltr'><strong>jam</strong></span> <span class='ocrx_word' id='word_1_618' title='bbox 2524 4107 2787 4161; x_wconf 86' lang='lat' dir='ltr'><strong>inchoato</strong></span> <span class='ocrx_word' id='word_1_619' title='bbox 2821 4110 2991 4177; x_wconf 91' lang='lat' dir='ltr'><strong>atque</strong></span> <span class='ocrx_word' id='word_1_620' title='bbox 3022 4105 3255 4160; x_wconf 89' lang='lat' dir='ltr'><strong>interim</strong></span> <span class='ocrx_word' id='word_1_621' title='bbox 3286 4105 3516 4161; x_wconf 89' lang='lat' dir='ltr'><strong>dimisso</strong></span> <span class='ocrx_word' id='word_1_622' title='bbox 3548 4123 3673 4160; x_wconf 90' lang='lat' dir='ltr'><strong>sus-</strong></span> 
     </span>
    </p>
   </div>
   <div class='ocr_carea' id='block_1_82' title="bbox 161 4193 3673 4268">
    <p class='ocr_par' dir='ltr' id='par_1_82' title="bbox 161 4193 3673 4268">
     <span class='ocr_line' id='line_1_85' title="bbox 161 4193 3673 4268; baseline -0.001 -16"><span class='ocrx_word' id='word_1_623' title='bbox 161 4201 385 4268; x_wconf 91' lang='lat' dir='ltr'><strong>ceptus,</strong></span> <span class='ocrx_word' id='word_1_624' title='bbox 425 4200 481 4251; x_wconf 90' lang='lat' dir='ltr'><strong>et</strong></span> <span class='ocrx_word' id='word_1_625' title='bbox 518 4195 846 4250; x_wconf 88' lang='lat' dir='ltr'><strong>continuata</strong></span> <span class='ocrx_word' id='word_1_626' title='bbox 872 4211 974 4265; x_wconf 91' lang='lat' dir='ltr'><strong>per</strong></span> <span class='ocrx_word' id='word_1_627' title='bbox 1003 4200 1114 4249; x_wconf 90' lang='lat' dir='ltr'><strong>tres</strong></span> <span class='ocrx_word' id='word_1_628' title='bbox 1144 4195 1263 4249; x_wconf 88' lang='lat' dir='ltr'><strong>dies</strong></span> <span class='ocrx_word' id='word_1_629' title='bbox 1294 4195 1676 4266; x_wconf 90' lang='lat' dir='ltr'><strong>disputatione</strong></span> <span class='ocrx_word' id='word_1_630' title='bbox 1707 4195 1860 4264; x_wconf 89' lang='lat' dir='ltr'><strong>apud</strong></span> <span class='ocrx_word' id='word_1_631' title='bbox 1888 4194 2211 4250; x_wconf 90' lang='lat' dir='ltr'><strong>Cassiacum</strong></span> <span class='ocrx_word' id='word_1_632' title='bbox 2243 4197 2529 4267; x_wconf 90' lang='lat' dir='ltr'><strong>perfectus</strong></span> <span class='ocrx_word' id='word_1_633' title='bbox 2559 4201 2660 4250; x_wconf 90' lang='lat' dir='ltr'><strong>est.</strong></span> <span class='ocrx_word' id='word_1_634' title='bbox 2698 4195 2840 4250; x_wconf 89' lang='lat' dir='ltr'><strong>Cum</strong></span> <span class='ocrx_word' id='word_1_635' title='bbox 2868 4211 3002 4248; x_wconf 90' lang='lat' dir='ltr'><strong>vero</strong></span> <span class='ocrx_word' id='word_1_636' title='bbox 3033 4194 3153 4265; x_wconf 86' lang='lat' dir='ltr'><strong>ejus</strong></span> <span class='ocrx_word' id='word_1_637' title='bbox 3185 4193 3390 4248; x_wconf 90' lang='lat' dir='ltr'><strong>edendi</strong></span> <span class='ocrx_word' id='word_1_638' title='bbox 3422 4196 3673 4248; x_wconf 88' lang='lat' dir='ltr'><strong>occasio-</strong></span> 
     </span>
    </p>
   </div>
   <div class='ocr_carea' id='block_1_83' title="bbox 162 4282 3783 4358">
    <p class='ocr_par' dir='ltr' id='par_1_83' title="bbox 162 4282 3783 4358">
     <span class='ocr_line' id='line_1_86' title="bbox 162 4282 3783 4358; baseline -0.001 -17"><span class='ocrx_word' id='word_1_639' title='bbox 162 4301 302 4341; x_wconf 88' lang='lat' dir='ltr'><strong>nem</strong></span> <span class='ocrx_word' id='word_1_640' title='bbox 336 4284 593 4338; x_wconf 87' lang='lat' dir='ltr'><strong>natalitio</strong></span> <span class='ocrx_word' id='word_1_641' title='bbox 621 4301 722 4338; x_wconf 84' lang='lat' dir='ltr'><strong>suo</strong></span> <span class='ocrx_word' id='word_1_642' title='bbox 747 4283 838 4338; x_wconf 89' lang='lat' dir='ltr'><strong>die</strong></span> <span class='ocrx_word' id='word_1_643' title='bbox 865 4283 1054 4338; x_wconf 88' lang='lat' dir='ltr'><strong>idibus</strong></span> <span class='ocrx_word' id='word_1_644' title='bbox 1081 4283 1404 4338; x_wconf 88' lang='lat' dir='ltr'><strong>novembris</strong></span> <span class='ocrx_word' id='word_1_645' title='bbox 1428 4287 1722 4338; x_wconf 89' lang='lat' dir='ltr'><strong>recurrent</strong></span> <span class='ocrx_word' id='word_1_646' title='bbox 1754 4287 1884 4354; x_wconf 90' lang='lat' dir='ltr'><strong>(quo</strong></span> <span class='ocrx_word' id='word_1_647' title='bbox 1916 4282 2175 4338; x_wconf 89' lang='lat' dir='ltr'><strong>videlicet</strong></span> <span class='ocrx_word' id='word_1_648' title='bbox 2203 4284 2292 4339; x_wconf 91' lang='lat' dir='ltr'><strong>die</strong></span> <span class='ocrx_word' id='word_1_649' title='bbox 2321 4285 2380 4340; x_wconf 93' lang='lat' dir='ltr'><strong>in</strong></span> <span class='ocrx_word' id='word_1_650' title='bbox 2413 4301 2627 4339; x_wconf 92' lang='lat' dir='ltr'><strong>annum</strong></span> <span class='ocrx_word' id='word_1_651' title='bbox 2656 4283 2776 4356; x_wconf 89' lang='lat' dir='ltr'><strong>ipse</strong></span> <span class='ocrx_word' id='word_1_652' title='bbox 2807 4301 2922 4338; x_wconf 71' lang='lat' dir='ltr'><strong>suae</strong></span> <span class='ocrx_word' id='word_1_653' title='bbox 2955 4283 3134 4338; x_wconf 67' lang='lat' dir='ltr'><strong>aetatis</strong></span> <span class='ocrx_word' id='word_1_654' title='bbox 3164 4282 3526 4354; x_wconf 84' lang='lat' dir='ltr'><strong>trigesimum</strong></span> <span class='ocrx_word' id='word_1_655' title='bbox 3557 4288 3672 4336; x_wconf 89' lang='lat' dir='ltr'><strong>ter-</strong></span> <span class='ocrx_word' id='word_1_656' title='bbox 3775 4351 3783 4358; x_wconf 29' lang='grc' dir='ltr'>ι</span> 
     </span>
    </p>
   </div>
   <div class='ocr_carea' id='block_1_84' title="bbox 164 4371 3670 4446">
    <p class='ocr_par' dir='ltr' id='par_1_84' title="bbox 164 4371 3670 4446">
     <span class='ocr_line' id='line_1_87' title="bbox 164 4371 3670 4446; baseline -0.001 -17"><span class='ocrx_word' id='word_1_657' title='bbox 164 4375 317 4430; x_wconf 90' lang='lat' dir='ltr'><strong>tium</strong></span> <span class='ocrx_word' id='word_1_658' title='bbox 342 4372 835 4444; x_wconf 89' lang='lat' dir='ltr'><strong>progrediebatur)</strong></span> <span class='ocrx_word' id='word_1_659' title='bbox 866 4377 1094 4426; x_wconf 87' lang='lat' dir='ltr'><strong>nactum</strong></span> <span class='ocrx_word' id='word_1_660' title='bbox 1135 4388 1192 4426; x_wconf 91' lang='lat' dir='ltr'><strong>se</strong></span> <span class='ocrx_word' id='word_1_661' title='bbox 1224 4371 1374 4426; x_wconf 90' lang='lat' dir='ltr'><strong>dicat</strong></span> <span class='ocrx_word' id='word_1_662' title='bbox 1395 4371 1762 4443; x_wconf 82' lang='lat' dir='ltr'><strong>Augustinus,</strong></span> <span class='ocrx_word' id='word_1_663' title='bbox 1796 4375 2056 4426; x_wconf 90' lang='lat' dir='ltr'><strong>constare</strong></span> <span class='ocrx_word' id='word_1_664' title='bbox 2087 4373 2321 4428; x_wconf 90' lang='lat' dir='ltr'><strong>omnino</strong></span> <span class='ocrx_word' id='word_1_665' title='bbox 2355 4373 2526 4428; x_wconf 91' lang='lat' dir='ltr'><strong>debet</strong></span> <span class='ocrx_word' id='word_1_666' title='bbox 2555 4391 2698 4446; x_wconf 89' lang='lat' dir='ltr'><strong>opus</strong></span> <span class='ocrx_word' id='word_1_667' title='bbox 2737 4378 3066 4444; x_wconf 87' lang='lat' dir='ltr'><strong>utrumque,</strong></span> <span class='ocrx_word' id='word_1_668' title='bbox 3101 4389 3231 4426; x_wconf 90' lang='lat' dir='ltr'><strong>cum</strong></span> <span class='ocrx_word' id='word_1_669' title='bbox 3262 4372 3370 4426; x_wconf 93' lang='lat' dir='ltr'><strong>hoc</strong></span> <span class='ocrx_word' id='word_1_670' title='bbox 3399 4373 3466 4426; x_wconf 93' lang='lat' dir='ltr'><strong>de</strong></span> <span class='ocrx_word' id='word_1_671' title='bbox 3497 4374 3670 4426; x_wconf 88' lang='lat' dir='ltr'><strong>Beata</strong></span> 
     </span>
    </p>
   </div>
   <div class='ocr_carea' id='block_1_85' title="bbox 168 4459 3674 4534">
    <p class='ocr_par' dir='ltr' id='par_1_85' title="bbox 168 4459 3674 4534">
     <span class='ocr_line' id='line_1_88' title="bbox 168 4459 3674 4534; baseline 0 -18"><span class='ocrx_word' id='word_1_672' title='bbox 168 4463 318 4531; x_wconf 85' lang='lat' dir='ltr'><strong>Vita,</strong></span> <span class='ocrx_word' id='word_1_673' title='bbox 351 4465 473 4515; x_wconf 92' lang='lat' dir='ltr'><strong>tum</strong></span> <span class='ocrx_word' id='word_1_674' title='bbox 495 4460 638 4515; x_wconf 93' lang='lat' dir='ltr'><strong>illud</strong></span> <span class='ocrx_word' id='word_1_675' title='bbox 667 4464 863 4514; x_wconf 90' lang='lat' dir='ltr'><strong>contra</strong></span> <span class='ocrx_word' id='word_1_676' title='bbox 885 4459 1247 4514; x_wconf 87' lang='lat' dir='ltr'><strong>Academicos</strong></span> <span class='ocrx_word' id='word_1_677' title='bbox 1276 4459 1630 4516; x_wconf 90' lang='lat' dir='ltr'><strong>elaboratum</strong></span> <span class='ocrx_word' id='word_1_678' title='bbox 1663 4460 1836 4515; x_wconf 90' lang='lat' dir='ltr'><strong>fuisse</strong></span> <span class='ocrx_word' id='word_1_679' title='bbox 1867 4466 2108 4517; x_wconf 78' lang='lat' dir='ltr'><strong>exeunte</strong></span> <span class='ocrx_word' id='word_1_680' title='bbox 2140 4463 2345 4518; x_wconf 83' lang='lat' dir='ltr'><strong>Christi</strong></span> <span class='ocrx_word' id='word_1_681' title='bbox 2372 4480 2524 4519; x_wconf 90' lang='lat' dir='ltr'><strong>anno</strong></span> <span class='ocrx_word' id='word_1_682' title='bbox 2554 4463 2950 4519; x_wconf 90' lang='lat' dir='ltr'><strong>trecentesimo</strong></span> <span class='ocrx_word' id='word_1_683' title='bbox 2977 4461 3326 4534; x_wconf 90' lang='lat' dir='ltr'><strong>octogesimo</strong></span> <span class='ocrx_word' id='word_1_684' title='bbox 3359 4467 3532 4524; x_wconf 90' lang='lat' dir='ltr'><strong>sexto,</strong></span> <span class='ocrx_word' id='word_1_685' title='bbox 3574 4461 3674 4534; x_wconf 90' lang='lat' dir='ltr'><strong>qui</strong></span> 
     </span>
    </p>
   </div>
   <div class='ocr_carea' id='block_1_86' title="bbox 169 4547 1172 4624">
    <p class='ocr_par' dir='ltr' id='par_1_86' title="bbox 169 4547 1172 4624">
     <span class='ocr_line' id='line_1_89' title="bbox 169 4547 1172 4624; baseline -0.004 -18"><span class='ocrx_word' id='word_1_686' title='bbox 169 4552 353 4624; x_wconf 90' lang='lat' dir='ltr'><strong>ipsius</strong></span> <span class='ocrx_word' id='word_1_687' title='bbox 383 4549 753 4605; x_wconf 87' lang='lat' dir='ltr'><strong>conversione</strong></span> <span class='ocrx_word' id='word_1_688' title='bbox 778 4548 1019 4619; x_wconf 91' lang='lat' dir='ltr'><strong>insignis</strong></span> <span class='ocrx_word' id='word_1_689' title='bbox 1045 4547 1172 4602; x_wconf 85' lang='lat' dir='ltr'><strong>fuit.</strong></span> 
     </span>
    </p>
   </div>
   <div class='ocr_carea' id='block_1_87' title="bbox 245 4636 3674 4710">
    <p class='ocr_par' dir='ltr' id='par_1_87' title="bbox 245 4636 3674 4710">
     <span class='ocr_line' id='line_1_90' title="bbox 245 4636 3674 4710; baseline -0.001 -16"><span class='ocrx_word' id='word_1_690' title='bbox 245 4640 407 4696; x_wconf 88' lang='lat' dir='ltr'><strong>Hisce</strong></span> <span class='ocrx_word' id='word_1_691' title='bbox 437 4655 608 4710; x_wconf 90' lang='lat' dir='ltr'><strong>porro</strong></span> <span class='ocrx_word' id='word_1_692' title='bbox 652 4639 722 4693; x_wconf 90' lang='lat' dir='ltr'><strong>de</strong></span> <span class='ocrx_word' id='word_1_693' title='bbox 760 4639 929 4692; x_wconf 89' lang='lat' dir='ltr'><strong>Beata</strong></span> <span class='ocrx_word' id='word_1_694' title='bbox 971 4637 1092 4690; x_wconf 88' lang='lat' dir='ltr'><strong>Vita</strong></span> <span class='ocrx_word' id='word_1_695' title='bbox 1137 4636 1639 4707; x_wconf 82' lang='lat' dir='ltr'><strong>disputationibus,</strong></span> <span class='ocrx_word' id='word_1_696' title='bbox 1672 4653 1812 4708; x_wconf 90' lang='lat' dir='ltr'><strong>quas</strong></span> <span class='ocrx_word' id='word_1_697' title='bbox 1856 4637 2045 4692; x_wconf 88' lang='lat' dir='ltr'><strong>festivi</strong></span> <span class='ocrx_word' id='word_1_698' title='bbox 2086 4655 2150 4693; x_wconf 90' lang='lat' dir='ltr'><strong>ac</strong></span> <span class='ocrx_word' id='word_1_699' title='bbox 2186 4640 2456 4694; x_wconf 88' lang='lat' dir='ltr'><strong>solemnis</strong></span> <span class='ocrx_word' id='word_1_700' title='bbox 2498 4641 2676 4694; x_wconf 88' lang='lat' dir='ltr'><strong>instar</strong></span> <span class='ocrx_word' id='word_1_701' title='bbox 2716 4639 2872 4710; x_wconf 88' lang='lat' dir='ltr'><strong>epuli</strong></span> <span class='ocrx_word' id='word_1_702' title='bbox 2907 4637 3230 4708; x_wconf 88' lang='lat' dir='ltr'><strong>exhibebat,</strong></span> <span class='ocrx_word' id='word_1_703' title='bbox 3264 4639 3460 4693; x_wconf 90' lang='lat' dir='ltr'><strong>adesse</strong></span> <span class='ocrx_word' id='word_1_704' title='bbox 3490 4639 3674 4694; x_wconf 88' lang='lat' dir='ltr'><strong>voluit</strong></span> 
     </span>
    </p>
   </div>
   <div class='ocr_carea' id='block_1_88' title="bbox 171 4725 3674 4799">
    <p class='ocr_par' dir='ltr' id='par_1_88' title="bbox 171 4725 3674 4799">
     <span class='ocr_line' id='line_1_91' title="bbox 171 4725 3674 4799; baseline -0.001 -15"><span class='ocrx_word' id='word_1_705' title='bbox 171 4729 525 4784; x_wconf 87' lang='lat' dir='ltr'><strong>convictores</strong></span> <span class='ocrx_word' id='word_1_706' title='bbox 554 4743 688 4782; x_wconf 88' lang='lat' dir='ltr'><strong>suos</strong></span> <span class='ocrx_word' id='word_1_707' title='bbox 712 4742 934 4794; x_wconf 89' lang='lat' dir='ltr'><strong>omnes,</strong></span> <span class='ocrx_word' id='word_1_708' title='bbox 965 4730 1135 4796; x_wconf 89' lang='lat' dir='ltr'><strong>atque</strong></span> <span class='ocrx_word' id='word_1_709' title='bbox 1165 4725 1223 4778; x_wconf 90' lang='lat' dir='ltr'><strong>in</strong></span> <span class='ocrx_word' id='word_1_710' title='bbox 1253 4725 1456 4795; x_wconf 90' lang='lat' dir='ltr'><strong>primis</strong></span> <span class='ocrx_word' id='word_1_711' title='bbox 1481 4725 1799 4779; x_wconf 86' lang='lat' dir='ltr'><strong>Monnicam</strong></span> <span class='ocrx_word' id='word_1_712' title='bbox 1829 4730 2073 4780; x_wconf 89' lang='lat' dir='ltr'><strong>matrem</strong></span> <span class='ocrx_word' id='word_1_713' title='bbox 2103 4744 2288 4794; x_wconf 91' lang='lat' dir='ltr'><strong>suam,</strong></span> <span class='ocrx_word' id='word_1_714' title='bbox 2323 4745 2452 4799; x_wconf 61' lang='lat' dir='ltr'><strong>qua:</strong></span> <span class='ocrx_word' id='word_1_715' title='bbox 2474 4729 2885 4783; x_wconf 90' lang='lat' dir='ltr'><strong>sententiarum</strong></span> <span class='ocrx_word' id='word_1_716' title='bbox 2916 4744 3148 4782; x_wconf 87' lang='lat' dir='ltr'><strong>suarum</strong></span> <span class='ocrx_word' id='word_1_717' title='bbox 3179 4728 3458 4799; x_wconf 89' lang='lat' dir='ltr'><strong>gravitate</strong></span> <span class='ocrx_word' id='word_1_718' title='bbox 3489 4744 3552 4783; x_wconf 87' lang='lat' dir='ltr'><strong>ac</strong></span> <span class='ocrx_word' id='word_1_719' title='bbox 3583 4746 3674 4782; x_wconf 91' lang='lat' dir='ltr'><strong>sa-</strong></span> 
     </span>
    </p>
   </div>
   <div class='ocr_carea' id='block_1_89' title="bbox 169 4813 3667 4891">
    <p class='ocr_par' dir='ltr' id='par_1_89' title="bbox 169 4813 3667 4891">
     <span class='ocr_line' id='line_1_92' title="bbox 169 4813 3667 4891; baseline 0 -18"><span class='ocrx_word' id='word_1_720' title='bbox 169 4819 392 4891; x_wconf 89' lang='lat' dir='ltr'><strong>pientia</strong></span> <span class='ocrx_word' id='word_1_721' title='bbox 427 4821 735 4887; x_wconf 65' lang='lat' dir='ltr'><strong>praesentes</strong></span> <span class='ocrx_word' id='word_1_722' title='bbox 769 4816 828 4870; x_wconf 94' lang='lat' dir='ltr'><strong>in</strong></span> <span class='ocrx_word' id='word_1_723' title='bbox 867 4813 1302 4870; x_wconf 89' lang='lat' dir='ltr'><strong>admirationem</strong></span> <span class='ocrx_word' id='word_1_724' title='bbox 1336 4814 1548 4885; x_wconf 90' lang='lat' dir='ltr'><strong>rapuit,</strong></span> <span class='ocrx_word' id='word_1_725' title='bbox 1585 4814 1934 4868; x_wconf 84' lang='lat' dir='ltr'><strong>exclamante</strong></span> <span class='ocrx_word' id='word_1_726' title='bbox 1974 4815 2146 4870; x_wconf 90' lang='lat' dir='ltr'><strong>etiam</strong></span> <span class='ocrx_word' id='word_1_727' title='bbox 2174 4817 2530 4888; x_wconf 90' lang='lat' dir='ltr'><strong>Augustino:</strong></span> <span class='ocrx_word' id='word_1_728' title='bbox 2563 4821 2744 4888; x_wconf 85' lang='lat' dir='ltr'><strong>Ipsam</strong></span> <span class='ocrx_word' id='word_1_729' title='bbox 2770 4833 3016 4886; x_wconf 81' lang='lat' dir='ltr'><strong>prorsus,</strong></span> <span class='ocrx_word' id='word_1_730' title='bbox 3051 4821 3242 4886; x_wconf 78' lang='lat' dir='ltr'><strong>mater,</strong></span> <span class='ocrx_word' id='word_1_731' title='bbox 3276 4815 3454 4874; x_wconf 76' lang='lat' dir='ltr'><strong>arcem</strong></span> <span class='ocrx_word' id='word_1_732' title='bbox 3485 4821 3667 4889; x_wconf 83' lang='lat' dir='ltr'><strong>philu-</strong></span> 
     </span>
    </p>
   </div>
   <div class='ocr_carea' id='block_1_90' title="bbox 168 4909 642 4978">
    <p class='ocr_par' dir='ltr' id='par_1_90' title="bbox 168 4909 642 4978">
     <span class='ocr_line' id='line_1_93' title="bbox 168 4909 642 4978; baseline -0.011 -14"><span class='ocrx_word' id='word_1_733' title='bbox 168 4910 376 4978; x_wconf 71' lang='lat' dir='ltr'><strong>sophize</strong></span> <span class='ocrx_word' id='word_1_734' title='bbox 405 4909 642 4962; x_wconf 76' lang='lat' dir='ltr'><strong>tenuisti.</strong></span> 
     </span>
    </p>
   </div>
   <div class='ocr_carea' id='block_1_91' title="bbox 243 4989 3670 5067">
    <p class='ocr_par' dir='ltr' id='par_1_91' title="bbox 243 4989 3670 5067">
     <span class='ocr_line' id='line_1_94' title="bbox 243 4989 3670 5067; baseline -0.001 -15"><span class='ocrx_word' id='word_1_735' title='bbox 243 4995 460 5052; x_wconf 89' lang='lat' dir='ltr'><strong>Dicavit</strong></span> <span class='ocrx_word' id='word_1_736' title='bbox 497 4995 707 5050; x_wconf 89' lang='lat' dir='ltr'><strong>librum</strong></span> <span class='ocrx_word' id='word_1_737' title='bbox 743 4994 896 5048; x_wconf 92' lang='lat' dir='ltr'><strong>hunc</strong></span> <span class='ocrx_word' id='word_1_738' title='bbox 930 4993 1243 5058; x_wconf 89' lang='lat' dir='ltr'><strong>Theodoro,</strong></span> <span class='ocrx_word' id='word_1_739' title='bbox 1289 4991 1450 5063; x_wconf 81' lang='lat' dir='ltr'><strong>cujus</strong></span> <span class='ocrx_word' id='word_1_740' title='bbox 1479 4989 1893 5046; x_wconf 90' lang='lat' dir='ltr'><strong>consuetudine</strong></span> <span class='ocrx_word' id='word_1_741' title='bbox 1926 4993 2078 5062; x_wconf 88' lang='lat' dir='ltr'><strong>apud</strong></span> <span class='ocrx_word' id='word_1_742' title='bbox 2119 4994 2495 5050; x_wconf 84' lang='lat' dir='ltr'><strong>Mediolanum</strong></span> <span class='ocrx_word' id='word_1_743' title='bbox 2526 4994 2738 5066; x_wconf 90' lang='lat' dir='ltr'><strong>potitus</strong></span> <span class='ocrx_word' id='word_1_744' title='bbox 2769 4998 2912 5063; x_wconf 91' lang='lat' dir='ltr'><strong>erat,</strong></span> <span class='ocrx_word' id='word_1_745' title='bbox 2950 4994 3035 5048; x_wconf 87' lang='lat' dir='ltr'><strong>uti</strong></span> <span class='ocrx_word' id='word_1_746' title='bbox 3067 4995 3200 5049; x_wconf 89' lang='lat' dir='ltr'><strong>satis</strong></span> <span class='ocrx_word' id='word_1_747' title='bbox 3241 5012 3304 5049; x_wconf 85' lang='lat' dir='ltr'><strong>ex</strong></span> <span class='ocrx_word' id='word_1_748' title='bbox 3334 4996 3670 5067; x_wconf 75' lang='lat' dir='ltr'><strong>praefatione</strong></span> 
     </span>
    </p>
   </div>
   <div class='ocr_carea' id='block_1_92' title="bbox 166 5078 3668 5156">
    <p class='ocr_par' dir='ltr' id='par_1_92' title="bbox 166 5078 3668 5156">
     <span class='ocr_line' id='line_1_95' title="bbox 166 5078 3668 5156; baseline -0.004 -14"><span class='ocrx_word' id='word_1_749' title='bbox 166 5085 529 5156; x_wconf 88' lang='lat' dir='ltr'><strong>intelligitur.</strong></span> <span class='ocrx_word' id='word_1_750' title='bbox 577 5086 628 5138; x_wconf 90' lang='lat' dir='ltr'><strong>Is</strong></span> <span class='ocrx_word' id='word_1_751' title='bbox 661 5099 792 5138; x_wconf 88' lang='lat' dir='ltr'><strong>vero</strong></span> <span class='ocrx_word' id='word_1_752' title='bbox 831 5083 923 5137; x_wconf 91' lang='lat' dir='ltr'><strong>cui</strong></span> <span class='ocrx_word' id='word_1_753' title='bbox 955 5081 1161 5137; x_wconf 83' lang='lat' dir='ltr'><strong>Manlio</strong></span> <span class='ocrx_word' id='word_1_754' title='bbox 1191 5097 1521 5152; x_wconf 65' lang='lat' dir='ltr'><strong>praenomen</strong></span> <span class='ocrx_word' id='word_1_755' title='bbox 1550 5079 1722 5135; x_wconf 87' lang='lat' dir='ltr'><strong>fuisse</strong></span> <span class='ocrx_word' id='word_1_756' title='bbox 1769 5080 1829 5134; x_wconf 89' lang='lat' dir='ltr'><strong>in</strong></span> <span class='ocrx_word' id='word_1_757' title='bbox 1867 5079 2286 5136; x_wconf 82' lang='lat' dir='ltr'><strong>Retractatione</strong></span> <span class='ocrx_word' id='word_1_758' title='bbox 2315 5079 2546 5143; x_wconf 90' lang='lat' dir='ltr'><strong>indicat,</strong></span> <span class='ocrx_word' id='word_1_759' title='bbox 2578 5094 2692 5133; x_wconf 91' lang='lat' dir='ltr'><strong>non</strong></span> <span class='ocrx_word' id='word_1_760' title='bbox 2722 5079 2946 5133; x_wconf 88' lang='lat' dir='ltr'><strong>videtur</strong></span> <span class='ocrx_word' id='word_1_761' title='bbox 2979 5095 3097 5133; x_wconf 89' lang='lat' dir='ltr'><strong>esse</strong></span> <span class='ocrx_word' id='word_1_762' title='bbox 3131 5079 3275 5132; x_wconf 87' lang='lat' dir='ltr'><strong>alius</strong></span> <span class='ocrx_word' id='word_1_763' title='bbox 3307 5079 3375 5133; x_wconf 90' lang='lat' dir='ltr'><strong>ab</strong></span> <span class='ocrx_word' id='word_1_764' title='bbox 3411 5095 3477 5132; x_wconf 90' lang='lat' dir='ltr'><strong>eo</strong></span> <span class='ocrx_word' id='word_1_765' title='bbox 3507 5078 3668 5146; x_wconf 85' lang='lat' dir='ltr'><strong>cujus</strong></span> 
     </span>
    </p>
   </div>
   <div class='ocr_carea' id='block_1_93' title="bbox 168 5167 3669 5240">
    <p class='ocr_par' dir='ltr' id='par_1_93' title="bbox 168 5167 3669 5240">
     <span class='ocr_line' id='line_1_96' title="bbox 168 5167 3669 5240; baseline -0.004 -10"><span class='ocrx_word' id='word_1_766' title='bbox 168 5174 438 5230; x_wconf 89' lang='lat' dir='ltr'><strong>meminit</strong></span> <span class='ocrx_word' id='word_1_767' title='bbox 467 5175 528 5227; x_wconf 92' lang='lat' dir='ltr'><strong>in</strong></span> <span class='ocrx_word' id='word_1_768' title='bbox 557 5172 657 5228; x_wconf 89' lang='lat' dir='ltr'><strong>lib.</strong></span> <span class='ocrx_word' id='word_1_769' title='bbox 698 5175 760 5226; x_wconf 82' lang='grc'><strong>18</strong></span> <span class='ocrx_word' id='word_1_770' title='bbox 792 5172 861 5226; x_wconf 92' lang='lat' dir='ltr'><strong>de</strong></span> <span class='ocrx_word' id='word_1_771' title='bbox 892 5170 1126 5226; x_wconf 90' lang='lat' dir='ltr'><strong>Civitate</strong></span> <span class='ocrx_word' id='word_1_772' title='bbox 1156 5170 1276 5236; x_wconf 92' lang='lat' dir='ltr'><strong>Dei,</strong></span> <span class='ocrx_word' id='word_1_773' title='bbox 1311 5187 1359 5224; x_wconf 92' lang='lat' dir='ltr'><strong>c.</strong></span> <span class='ocrx_word' id='word_1_774' title='bbox 1405 5171 1507 5224; x_wconf 61' lang='lat'><strong>34:</strong></span> <span class='ocrx_word' id='word_1_775' title='bbox 1557 5169 1656 5240; x_wconf 90' lang='lat' dir='ltr'><strong>qui</strong></span> <span class='ocrx_word' id='word_1_776' title='bbox 1701 5169 1961 5225; x_wconf 90' lang='lat' dir='ltr'><strong>videlicet</strong></span> <span class='ocrx_word' id='word_1_777' title='bbox 1987 5169 2348 5224; x_wconf 89' lang='lat' dir='ltr'><strong>consulatum</strong></span> <span class='ocrx_word' id='word_1_778' title='bbox 2390 5169 2562 5239; x_wconf 90' lang='lat' dir='ltr'><strong>gessit</strong></span> <span class='ocrx_word' id='word_1_779' title='bbox 2591 5184 2740 5223; x_wconf 87' lang='lat' dir='ltr'><strong>anno</strong></span> <span class='ocrx_word' id='word_1_780' title='bbox 2770 5167 2977 5222; x_wconf 89' lang='lat' dir='ltr'><strong>Christi</strong></span> <span class='ocrx_word' id='word_1_781' title='bbox 3009 5172 3131 5237; x_wconf 87' lang='lat'><strong>399,</strong></span> <span class='ocrx_word' id='word_1_782' title='bbox 3165 5173 3220 5222; x_wconf 89' lang='lat' dir='ltr'><strong>et</strong></span> <span class='ocrx_word' id='word_1_783' title='bbox 3257 5168 3370 5220; x_wconf 88' lang='lat' dir='ltr'><strong>alia</strong></span> <span class='ocrx_word' id='word_1_784' title='bbox 3397 5167 3669 5236; x_wconf 80' lang='lat' dir='ltr'><strong>praeclara</strong></span> 
     </span>
    </p>
   </div>
   <div class='ocr_carea' id='block_1_94' title="bbox 170 5255 3664 5330">
    <p class='ocr_par' dir='ltr' id='par_1_94' title="bbox 170 5255 3664 5330">
     <span class='ocr_line' id='line_1_97' title="bbox 170 5255 3664 5330; baseline -0.004 -11"><span class='ocrx_word' id='word_1_785' title='bbox 170 5279 414 5320; x_wconf 89' lang='lat' dir='ltr'><strong>munera</strong></span> <span class='ocrx_word' id='word_1_786' title='bbox 442 5262 548 5317; x_wconf 91' lang='lat' dir='ltr'><strong>sub</strong></span> <span class='ocrx_word' id='word_1_787' title='bbox 588 5261 822 5316; x_wconf 91' lang='lat' dir='ltr'><strong>diversis</strong></span> <span class='ocrx_word' id='word_1_788' title='bbox 854 5259 1296 5330; x_wconf 90' lang='lat' dir='ltr'><strong>imperatoribus</strong></span> <span class='ocrx_word' id='word_1_789' title='bbox 1327 5258 1551 5330; x_wconf 87' lang='lat' dir='ltr'><strong>egregie</strong></span> <span class='ocrx_word' id='word_1_790' title='bbox 1589 5258 1859 5313; x_wconf 88' lang='lat' dir='ltr'><strong>sustinuit</strong></span> <span class='ocrx_word' id='word_1_791' title='bbox 1887 5275 1899 5326; x_wconf 93' lang='lat'><strong>;</strong></span> <span class='ocrx_word' id='word_1_792' title='bbox 1934 5259 2084 5314; x_wconf 90' lang='lat' dir='ltr'><strong>unde</strong></span> <span class='ocrx_word' id='word_1_793' title='bbox 2124 5258 2288 5313; x_wconf 92' lang='lat' dir='ltr'><strong>illum</strong></span> <span class='ocrx_word' id='word_1_794' title='bbox 2319 5258 2662 5313; x_wconf 89' lang='lat' dir='ltr'><strong>Claudianus</strong></span> <span class='ocrx_word' id='word_1_795' title='bbox 2695 5257 3039 5329; x_wconf 85' lang='lat' dir='ltr'><strong>panegyrico</strong></span> <span class='ocrx_word' id='word_1_796' title='bbox 3070 5257 3129 5311; x_wconf 92' lang='lat' dir='ltr'><strong>in</strong></span> <span class='ocrx_word' id='word_1_797' title='bbox 3153 5257 3274 5326; x_wconf 88' lang='lat' dir='ltr'><strong>ejus</strong></span> <span class='ocrx_word' id='word_1_798' title='bbox 3303 5255 3664 5308; x_wconf 90' lang='lat' dir='ltr'><strong>consulatum</strong></span> 
     </span>
    </p>
   </div>
   <div class='ocr_carea' id='block_1_95' title="bbox 170 5348 1370 5421">
    <p class='ocr_par' dir='ltr' id='par_1_95' title="bbox 170 5348 1370 5421">
     <span class='ocr_line' id='line_1_98' title="bbox 170 5348 1370 5421; baseline -0.005 -12"><span class='ocrx_word' id='word_1_799' title='bbox 170 5355 326 5409; x_wconf 90' lang='lat' dir='ltr'><strong>edito</strong></span> <span class='ocrx_word' id='word_1_800' title='bbox 357 5351 610 5407; x_wconf 89' lang='lat' dir='ltr'><strong>carmine</strong></span> <span class='ocrx_word' id='word_1_801' title='bbox 640 5349 956 5421; x_wconf 90' lang='lat' dir='ltr'><strong>plurimum</strong></span> <span class='ocrx_word' id='word_1_802' title='bbox 984 5348 1370 5403; x_wconf 89' lang='lat' dir='ltr'><strong>commendat.</strong></span> 
     </span>
    </p>
   </div>
   <div class='ocr_carea' id='block_1_96' title="bbox 275 5427 3661 5529">
    <p class='ocr_par' dir='ltr' id='par_1_96' title="bbox 275 5427 3661 5529">
     <span class='ocr_line' id='line_1_99' title="bbox 275 5427 3661 5529; baseline -0.004 -22"><span class='ocrx_word' id='word_1_803' title='bbox 275 5439 432 5508; x_wconf 75' lang='lat' dir='ltr'><strong>Vide</strong></span> <span class='ocrx_word' id='word_1_804' title='bbox 455 5438 704 5504; x_wconf 73' lang='lat' dir='ltr'><strong>librum</strong></span> <span class='ocrx_word' id='word_1_805' title='bbox 737 5447 797 5518; x_wconf 83' lang='lat' dir='ltr'><strong>l,</strong></span> <span class='ocrx_word' id='word_1_806' title='bbox 828 5459 972 5526; x_wconf 84' lang='lat' dir='ltr'><strong>cap.</strong></span> <span class='ocrx_word' id='word_1_807' title='bbox 1009 5435 1073 5516; x_wconf 77' lang='lat'><strong>2,</strong></span> <span class='ocrx_word' id='word_1_808' title='bbox 1109 5438 1681 5503; x_wconf 83' lang='lat' dir='ltr'><strong>Retractationum</strong></span> <span class='ocrx_word' id='word_1_809' title='bbox 1711 5435 1832 5503; x_wconf 81' lang='lat' dir='ltr'><strong>col.</strong></span> <span class='ocrx_word' id='word_1_810' title='bbox 1869 5442 2020 5523; x_wconf 80' lang='lat'><strong>588,</strong></span> <span class='ocrx_word' id='word_1_811' title='bbox 2056 5459 2098 5501; x_wconf 84' lang='grc' dir='ltr'><em>α</em></span> <span class='ocrx_word' id='word_1_812' title='bbox 2128 5434 2364 5521; x_wconf 77' lang='lat' dir='ltr'><strong>verbis,</strong></span> <span class='ocrx_word' id='word_1_813' title='bbox 2406 5439 2682 5508; x_wconf 89' lang='lat' dir='ltr'><strong>Librum</strong></span> <span class='ocrx_word' id='word_1_814' title='bbox 2713 5440 2793 5502; x_wconf 91' lang='lat' dir='ltr'><strong>de</strong></span> <span class='ocrx_word' id='word_1_815' title='bbox 2825 5439 3047 5514; x_wconf 87' lang='lat' dir='ltr'><strong>Beata,</strong></span> <span class='ocrx_word' id='word_1_816' title='bbox 3082 5453 3287 5529; x_wconf 68' lang='lat' dir='ltr'><strong>usque</strong></span> <span class='ocrx_word' id='word_1_817' title='bbox 3315 5427 3408 5494; x_wconf 85' lang='lat' dir='ltr'><strong>ad</strong></span> <span class='ocrx_word' id='word_1_818' title='bbox 3433 5427 3661 5520; x_wconf 72' lang='lat' dir='ltr'><strong>verba,</strong></span> 
     </span>
    </p>
   </div>
   <div class='ocr_carea' id='block_1_97' title="bbox 172 5543 1234 5632">
    <p class='ocr_par' dir='ltr' id='par_1_97' title="bbox 172 5543 1234 5632">
     <span class='ocr_line' id='line_1_100' title="bbox 172 5543 1234 5632; baseline -0.006 -16"><span class='ocrx_word' id='word_1_819' title='bbox 172 5550 629 5632; x_wconf 78' lang='lat' dir='ltr'><strong>Philosophiae</strong></span> <span class='ocrx_word' id='word_1_820' title='bbox 668 5553 962 5630; x_wconf 90' lang='lat' dir='ltr'><strong>portum.</strong></span> <span class='ocrx_word' id='word_1_821' title='bbox 1148 5543 1234 5610; x_wconf 91' lang='lat' dir='ltr'><strong>M.</strong></span> 
     </span>
    </p>
   </div>
  </div>
