4058 6346
1255 426 1364 530 S.
1446 423 2095 531 AUBELII
2171 422 3006 529 AUGUSTINI

1674 589 2190 640 HIPPONENSIS
2224 589 2583 640 EPISCOPI

1022 721 1357 881 DE
1527 716 2429 877 BEATA
2586 694 3243 876 VITA

1725 947 2102 1034 LIBER
2167 946 2539 1033 UNUS.

445 1111 744 1161 Triduanas
772 1110 857 1160 hic
875 1110 1011 1159 liber
1032 1109 1402 1171 complectitur
1420 1106 1801 1171 disputationes
1815 1104 2088 1155 Theodore
2112 1107 2475 1168 nuncupatas;
2499 1104 2695 1168 quibus
2713 1117 2779 1155 eo
2803 1104 3014 1154 demum
3032 1117 3115 1155 res
3144 1103 3271 1164 abit,
3291 1107 3348 1153 ut
3358 1104 3567 1154 beatam
3592 1105 3763 1155 vitam
3777 1115 3891 1153 non

391 1173 494 1223 nisi
531 1174 588 1223 in
607 1173 837 1237 perfecta
866 1172 959 1220 Dei
989 1168 1289 1235 cognitione
1314 1168 1599 1219 consistere
1632 1168 1927 1218 deﬁniatur.

384 1384 617 1440 CAPUT
648 1383 943 1440 PRIMUM.
965 1412 1033 1425 -—
1061 1384 1341 1450 Prafatio.
1367 1384 1523 1437 Dicat
1553 1381 1753 1436 librum
1781 1381 2075 1448 Theodoro,

452 1474 608 1543 eique
628 1474 806 1542 aperit
825 1472 1019 1541 quibus
1046 1473 1215 1525 veluti
1251 1472 1435 1527 Ventis
1463 1470 1538 1525 ad
1567 1472 1879 1526 christimia:
1899 1471 2079 1540 philo-

449 1562 654 1630 sophias
677 1565 896 1630 portum
922 1560 1189 1629 impulsus
1226 1562 1318 1614 sit.
1349 1560 1566 1614 Occasio
1592 1559 2003 1629 disputationis.

458 1653 503 1703 Ι.
540 1649 596 1703 Si
622 1648 692 1703 ad
722 1648 1104 1720 philosophias
1132 1652 1384 1720 portum,
1415 1647 1486 1701 de
1523 1663 1636 1719 quo
1656 1648 1776 1717 jam
1807 1646 1867 1700 in
1894 1646 2077 1701 beate

385 1735 519 1791 vitae
540 1736 836 1807 regionem
861 1736 1162 1807 solumque
1188 1735 1533 1806 proceditur,
1553 1735 1641 1789 vir
1663 1735 2077 1791 humanissime

385 1828 560 1893 atque
581 1838 809 1894 magne,
840 1823 1154 1891 Theodore,
1185 1824 1406 1879 ratione
1441 1824 1736 1878 institutus
1771 1839 1989 1892 cursus,
2022 1827 2080 1878 et

380 1912 644 1966 voluntas
670 1912 793 1984 ipsa
820 1911 1198 1983 perduceret;
1231 1912 1421 1967 nescio
1449 1917 1645 1967 utrum
1674 1917 1890 1968 temere
1920 1912 2075 1967 dixe-

379 2000 513 2069 rim,
547 2001 733 2056 multo
761 2000 1001 2055 minoris
1030 2001 1256 2056 numeri
1285 2001 1546 2057 homines
1570 2001 1641 2057 ad
1673 2017 1807 2056 eum
1835 2017 2077 2072 perven-

380 2093 543 2145 turos
576 2089 771 2156 fuisse,
804 2090 1064 2162 quamvis
1092 2106 1246 2145 nunc
1275 2107 1522 2162 quoque,
1554 2095 1621 2145 ut
1649 2090 1928 2157 videmus,
1959 2089 2077 2143 rari

381 2177 691 2232 admodum
736 2177 1021 2248 paucique
1065 2178 1421 2247 perveniant.
1455 2179 1596 2233 Cum
1633 2178 1789 2231 enim
1828 2176 1888 2231 in
1925 2176 2077 2231 hunc

298 2268 308 2277 '
381 2265 687 2335 mundum,
710 2265 824 2319 sive
852 2266 1019 2332 Deus,
1052 2265 1167 2319 sive
1196 2270 1421 2328 natura,
1454 2265 1571 2319 sive
1602 2264 1923 2327 necessitas,
1957 2265 2073 2319 sive

378 2354 645 2407 voluntas
673 2357 884 2419 nostra,
919 2352 1035 2407 sive
1062 2354 1363 2424 conjuncta
1387 2354 1592 2407 horum
1617 2353 1831 2425 aliqua,
1862 2353 1978 2408 sive
1999 2353 2075 2407 si-

380 2442 504 2495 mul
550 2441 747 2495 omnia
793 2442 900 2510 (res
941 2440 1095 2496 enim
1139 2442 1383 2496 multum
1428 2442 1668 2497 obscura
1711 2446 1815 2508 est,
1850 2441 1947 2496 sed
1985 2446 2077 2496 ta—

381 2545 516 2583 men
544 2546 577 2583 a
604 2533 661 2583 te
684 2530 807 2599 jam
825 2529 1163 2584 illustranda
1185 2534 1463 2601 suscepta)
1496 2529 1670 2584 veluti
1696 2530 1755 2583 in
1787 2530 2075 2601 quoddam

381 2618 767 2688 procellosum
803 2618 987 2672 salum
1012 2634 1118 2672 nos
1146 2617 1309 2689 quasi
1334 2623 1548 2673 temere
1577 2619 1902 2690 passimque
1934 2634 2076 2689 pro-

373 2706 576 2777 jecerit
598 2724 611 2774 ;
637 2706 1088 2778 quotusquisque
1109 2712 1471 2778 cognosceret
1492 2723 1607 2778 quo
1637 2706 1746 2761 sibi
1774 2707 2076 2762 nitendum

379 2800 548 2861 esset,
590 2810 771 2866 quave
819 2795 1202 2861 redeundum,
1257 2795 1368 2849 nisi
1414 2795 1721 2867 aliquando
1768 2799 1826 2849 et
1867 2794 2075 2849 invitos

378 2888 692 2954 contraque
737 2883 1061 2939 obnitentes
1105 2883 1297 2956 aliqua
1331 2888 1661 2955 tempestas,
1710 2900 1841 2956 quas
1887 2885 2076 2940 stultis

377 2971 605 3026 videtur
629 2972 899 3044 {adversm
940 2972 1002 3028 in
1040 2972 1457 3045 optatissimam
1501 2977 1714 3027 terram
1760 2972 2074 3028 nescientes

379 3064 748 3132 errantesque
779 3061 1172 3132 compingeret
1187 3060 1216 3114 Ἰ

450 3151 503 3202 2.
531 3148 715 3218 Igitur
734 3149 1038 3203 hominum
1057 3165 1202 3220 quos
1221 3149 1585 3220 philosophia
1601 3153 1789 3220 potest
1799 3148 2074 3220 accipere,

380 3235 495 3289 tria
527 3235 692 3306 quasi
727 3237 1125 3307 navigantium
1173 3253 1383 3307 genera
1428 3238 1571 3291 mihi
1612 3236 1809 3292 videor
1859 3237 2071 3293 videre.

383 3324 575 3377 Unum
616 3328 701 3377 est
729 3339 951 3391 eorum,
983 3340 1128 3395 quos
1155 3324 1257 3379 ubi
1286 3329 1423 3379 astas
1457 3341 1691 3396 compos
1722 3325 1959 3380 rationis
1987 3342 2077 3380 as-

383 3409 714 3480 sumpserit,
736 3426 910 3480 parvo
930 3410 1145 3482 impetu
1166 3412 1452 3483 pulsuque
1476 3428 1761 3467 remorum
1788 3413 1856 3467 de
1880 3413 2075 3483 proxi-

384 3513 476 3552 mo
519 3497 770 3569 fugiunt,
812 3514 1048 3570 seseque
1097 3499 1350 3555 condunt
1393 3500 1455 3554 in
1503 3501 1599 3555 illa
1640 3502 2072 3572 tranquillitate,

382 3587 535 3641 unde
577 3587 797 3642 caeteris
835 3587 1051 3643 civibus
1095 3589 1301 3660 quibus
1344 3595 1604 3660 possunt,
1647 3606 1761 3661 quo
1798 3590 2078 3645 admoniti

380 3679 659 3729 conentur
702 3676 770 3731 ad
814 3692 895 3743 se,
951 3675 1370 3732 lucidissimum
1420 3678 1646 3749 signum
1697 3679 1785 3733 sui
1834 3679 2074 3751 alicujus

380 3764 569 3834 operis
590 3764 838 3836 erigunt.
861 3766 1121 3820 Alterum
1150 3782 1283 3821 vero
1305 3770 1390 3820 est
1417 3783 1639 3834 eorum,
1674 3768 2073 3839 snperioriqne

380 3854 753 3925 contrarium,
782 3854 881 3927 qui
910 3855 1272 3910 fallacissima
1305 3855 1448 3910 facie
1478 3856 1650 3910 maris
1687 3856 1927 3927 decepti,
1960 3857 2072 3910 cle-

378 3946 588 4012 gerunt
630 3942 690 3997 in
737 3943 993 3998 medium
1022 3944 1309 4015 progredi,
1354 3945 1637 4016 longeque
1670 3961 1703 3998 a
1742 3961 1844 3999 sna
1890 3944 2076 4015 patria

378 4031 736 4101 peregrinari
762 4032 995 4098 audent,
1028 4037 1084 4086 et
1101 4049 1251 4104 saepe
1282 4034 1404 4104 ejus
1428 4032 1855 4087 obliviscuntur.
1887 4034 1997 4086 Hos
2027 4033 2073 4086 si

383 4118 594 4186 nescio,
644 4135 757 4189 quo
797 4124 851 4173 et
894 4118 1067 4174 nimis
1110 4121 1323 4174 latente
1355 4121 1525 4175 modo
1574 4137 1607 4175 a
1635 4120 1815 4192 puppi
1851 4124 2071 4187 ventus,

385 4222 554 4277 quem
585 4222 924 4277 prosperum
955 4212 1177 4275 putant,
1200 4207 1371 4262 fuerit
1390 4215 1746 4279 prosecutus,
1772 4213 2077 4279 penetrant

379 4294 441 4347 in
488 4293 766 4347 altissima
794 4294 1157 4349 miseriarum
1190 4295 1322 4350 elati
1349 4299 1517 4367 atque
1555 4296 1890 4367 gaudentes,
1920 4297 2073 4368 quod

386 4381 468 4435 eis
523 4397 939 4452 usquequaque
987 4383 1350 4438 fallacissima
1402 4384 1673 4438 serenitas
1719 4386 2073 4455 voluptatum

382 4471 788 4541 honorumque
814 4470 1123 4527 blanditur.
1149 4472 1243 4527 His
1262 4473 1517 4544 profecto
1540 4472 1679 4544 quid
1700 4472 1855 4528 aliud
1877 4478 2076 4545 optan-

383 4559 523 4613 dum
554 4562 655 4627 est,
692 4575 865 4631 quam
912 4560 1177 4632 quaedam
1206 4561 1267 4616 in
1295 4561 1408 4616 illis
1437 4561 1606 4616 rebus
1635 4578 1667 4615 a
1695 4561 1903 4633 quibus
1937 4562 2076 4633 jacti

381 4645 764 4717 excipiuntur,
809 4648 1196 4721 improspera;
1243 4655 1317 4717 et,
1369 4650 1417 4704 si
1453 4665 1672 4720 penum
1703 4654 1808 4713 est,
1839 4649 2075 4705 saeviens

386 4734 623 4789 omnino
651 4740 978 4809 tempestas,
1012 4740 1410 4811 contrarieqne
1432 4740 1575 4793 ﬂans
1604 4744 1826 4805 ventus,
1855 4738 1954 4810 qui
1983 4756 2077 4793 eos

393 4823 464 4878 ad
494 4828 647 4878 certa
691 4829 748 4879 et
794 4825 973 4882 solida
1007 4828 1216 4899 gaudia
1243 4830 1284 4896 ¹,
1316 4828 1400 4883 vel
1431 4829 1634 4883 ﬂentes
1671 4832 2078 4899 gementesque

2184 1380 2505 1452 perducat?
2523 1378 2695 1450 hujus
2715 1376 2942 1450 generis
2964 1380 3155 1432 tamen
3181 1377 3443 1448 plerique
3472 1377 3739 1432 nondum
3764 1376 3889 1430 lon-

2182 1468 2311 1541 gius
2332 1467 2572 1539 evagati.
2598 1466 2942 1538 quibusdam
2960 1482 3079 1520 non
3106 1466 3185 1521 ita
3209 1465 3475 1538 gravibus
3498 1464 3780 1521 molestiis
3800 1481 3889 1519 re.

2184 1557 2493 1612 ducuntur.
2516 1556 2584 1610 Hi
2605 1560 2737 1610 sunt
2754 1554 3035 1621 homines,
3063 1571 3204 1626 quos
3224 1570 3352 1609 cum
3374 1555 3462 1608 vel
3483 1553 3890 1625 lacrymabiles

2182 1644 2483 1716 tragmdize
2524 1644 2884 1699 fortunarum
2914 1660 3171 1710 suarum,
3205 1643 3290 1697 vel
3322 1642 3582 1698 inanium
3610 1642 3890 1713 negotio-

2181 1750 2312 1789 rum
2345 1733 2529 1788 anxiae
2579 1732 2965 1801 difﬁcultates,
3022 1731 3184 1803 quasi
3224 1731 3369 1787 nihil
3413 1731 3570 1786 aliud
3604 1732 3892 1786 habentes

2182 1822 2337 1894 quod
2366 1826 2558 1894 agant,
2591 1820 2651 1875 in
2681 1821 2860 1877 libros
2886 1821 3185 1875 doctorum
3213 1819 3888 1891 sapientissimorumque

2181 1911 2483 1967 hominum
2513 1910 2807 1978 truserint,
2857 1910 2919 1963 in
2949 1909 3073 1981 ipso
3104 1908 3525 1981 quodammodo
3560 1913 3733 1979 portu
3761 1908 3887 1963 evi-

2182 1999 2380 2071 gilant,
2411 1999 2567 2053 unde
2597 1998 2723 2052 illos
2753 1998 2912 2053 nulla
2934 1997 3108 2052 maris
3138 1997 3292 2051 illius
3322 1997 3600 2069 promissa
3628 1996 3883 2051 nimium

2180 2088 2327 2143 falso
2374 2087 2615 2142 ridentis
2647 2088 2969 2142 excludant.
3010 2088 3105 2141 Est
3141 2090 3331 2141 autem
3367 2102 3549 2157 genus
3576 2085 3728 2140 inter
3755 2085 3885 2140 hac

2180 2177 2416 2233 tertium
2455 2192 2677 2241 eorum,
2719 2175 2819 2247 qui
2848 2176 2934 2230 vel
2973 2175 3036 2229 in
3065 2174 3188 2245 ipso
3223 2173 3619 2229 adolescentim
3652 2173 3880 2242 limine,

2183 2266 2270 2320 vel
2294 2266 2416 2337 jam
2445 2264 2543 2320 diu
2566 2266 2930 2335 multumque
2954 2263 3169 2335 jactati,
3204 2267 3399 2318 tamen
3420 2263 3683 2335 quaedam
3714 2266 3882 2332 signa

2180 2353 2514 2425 respiciunt,
2562 2358 2619 2408 et
2652 2369 2770 2408 suas
2817 2352 3160 2408 dulcissimae
3214 2351 3437 2422 patrias.
3498 2351 3758 2422 quamvis
3817 2351 3884 2405 in

2180 2442 2319 2514 ipsis
2338 2442 2606 2497 ﬂuctibus
2625 2442 2992 2496 recordentur
3014 2458 3027 2496 :
3051 2445 3109 2496 et
3135 2444 3232 2495 aut
3262 2445 3414 2495 recto
3437 2456 3607 2495 cursu
3630 2440 3687 2494 in
3716 2440 3881 2494 nullo

2179 2530 2327 2597 falsi,
2359 2534 2417 2585 et
2453 2529 2597 2584 nihil
2635 2529 2863 2596 morati,
2909 2545 3035 2583 eam
3066 2532 3373 2600 repetunt;
3404 2532 3504 2582 aut
3533 2527 3881 2599 plerumque

2179 2620 2268 2675 vel
2297 2619 2447 2673 inter
2475 2618 2674 2673 nubila
2716 2618 3029 2685 deviantes,
3074 2618 3159 2671 vel
3195 2617 3513 2688 mergentia
3541 2621 3879 2671 contuentes

2180 2706 2387 2773 sidera,
2420 2707 2505 2760 vel
2536 2706 2830 2761 nonnullis
2860 2706 3143 2761 illecebris
3181 2705 3335 2776 capti
3364 2706 3530 2760 bonae
3560 2704 3879 2775 navigatio—

2180 2793 2270 2849 nis
2312 2798 2573 2865 tempora
2615 2794 2964 2859 differentes,
3006 2798 3200 2849 errant
3226 2792 3463 2855 diutius,
3507 2809 3657 2863 saepe
3701 2792 3880 2848 etiam

2178 2882 2588 2953 periclitantur.
2622 2883 2775 2948 Quos
2810 2883 2949 2937 item
2986 2899 3137 2954 saepe
3173 2883 3451 2937 nonnulla
3476 2882 3538 2937 in
3565 2882 3733 2937 ﬂuxis
3758 2882 3880 2937 fer-

2180 2971 2337 3027 tunis
2366 2971 2675 3038 calamitas,
2713 2972 2877 3043 quasi
2908 2971 3205 3026 conatibus
3235 2987 3436 3025 eorum
3466 2971 3695 3025 adversa
3726 2975 3878 3027 tem-

2179 3066 2388 3132 pestas,
2421 3062 2481 3115 in
2528 3061 2941 3132 optatissimam
2995 3059 3278 3132 patriam'
3312 3059 3682 3131 quietamque
3709 3075 3877 3114 com-

2179 3149 2361 3221 pellit.

2253 3241 2304 3293 3.
2339 3237 2435 3293 His
2481 3243 2673 3292 autem
2713 3238 2998 3302 omnibus,
3045 3237 3141 3308 qui
3191 3252 3555 3309 quocumque
3588 3235 3762 3291 modo
3802 3238 3874 3290 ad

2181 3327 2362 3381 beatas
2402 3326 2533 3380 vitae
2577 3325 2873 3398 regionem
2913 3327 3192 3388 feruntur,
3235 3343 3385 3380 unus
3426 3318 3880 3380 immanissimus

2181 3430 2347 3470 mons
2372 3419 2503 3468 ante
2536 3413 2727 3484 ipsum
2755 3419 2989 3485 portum
3019 3416 3379 3479 constitutus,
3412 3414 3511 3486 qui
3540 3413 3713 3467 etiam
3746 3430 3877 3467 ma-

2181 3518 2321 3574 gnas
2352 3501 2806 3573 ingredientibus
2827 3503 3011 3574 gignit
3034 3502 3345 3575 angustias,
3378 3500 3878 3557 vehementissime

2180 3591 2591 3658 formidandus,
2646 3591 3085 3663 cautissimeque
3142 3592 3403 3645 vitandus
3457 3595 3562 3645 est.
3605 3592 3746 3644 Nam
3798 3590 3879 3644 ita

2181 3681 2381 3752 fulget,
2416 3680 2494 3734 ita
2520 3680 2829 3735 mentiente
2863 3681 2959 3735 illa
2990 3682 3113 3735 luce
3151 3680 3404 3746 vestitur,
3437 3685 3502 3734 ut
3541 3695 3656 3733 non
3688 3680 3878 3733 solum

2181 3768 2662 3841 pervenientibus,
2707 3770 3078 3841 nondumque
3113 3769 3384 3841 ingressis
3414 3768 3778 3823 incolendum
3816 3784 3878 3821 se

2181 3859 2399 3924 oﬂ'erat,
2448 3862 2504 3913 et
2547 3874 2748 3912 eorum
2795 3857 3179 3912 voluntatibus
3212 3874 3315 3929 pro
3365 3856 3486 3927 ipsa
3514 3856 3682 3910 beata
3724 3861 3882 3911 terra

2181 3946 2599 4001 satisfacturum
2652 3944 3033 4016 polliceatur;
3084 3946 3183 3999 sed
3243 3946 3582 4015 plerumque
3635 3944 3703 3998 de
3753 3943 3881 4015 ipso

2183 4038 2345 4107 portu
2382 4035 2449 4089 ad
2483 4051 2604 4089 sese
2651 4034 2911 4089 homines
2950 4033 3168 4100 invitat,
3215 4049 3427 4104 eosque
3455 4049 3879 4105 nonnunquam

2180 4122 2394 4178 detinet
2440 4122 2562 4193 ipsa
2603 4122 2904 4177 altitudine
2938 4122 3266 4188 delectatos,
3318 4123 3470 4176 unde
3507 4126 3744 4176 caeteros
3772 4122 3880 4175 de-

2182 4212 2398 4284 spicere
2447 4211 2639 4266 libeat.
2681 4210 2747 4265 Hi
2787 4214 2982 4265 tamen
3020 4211 3330 4265 admonent
3367 4226 3517 4282 saepe
3559 4209 3878 4280 venientes,

2182 4317 2255 4355 ne
2286 4303 2383 4354 aut
2414 4299 2649 4354 occultis
2679 4299 2872 4353 subter
2900 4299 3149 4369 scopulis
3178 4297 3559 4369 decipiantur,
3589 4304 3688 4353 aut
3717 4299 3787 4353 ad
3818 4316 3880 4353 se

2181 4388 2486 4443 ascendere
2530 4387 2695 4442 facile
2725 4391 2963 4458 putent;
2997 4392 3052 4441 et
3081 4404 3196 4459 qua
3239 4387 3359 4441 sine
3406 4387 3654 4458 periculo
3684 4387 3881 4457 ingre—

2183 4478 2455 4533 diantuur
2487 4481 2724 4545 propter
2766 4474 2918 4528 illius
2946 4479 3110 4529 terrae
3138 4475 3503 4541 vicinitatem,
3534 4476 3878 4530 benevolen-

2182 4564 2400 4620 tissime
2429 4564 2650 4618 docent.
2682 4565 2767 4618 lta
2803 4579 2932 4616 cum
2963 4563 3042 4616 eis
3082 4563 3340 4617 invident
3364 4563 3725 4619 vanissimam
3756 4565 3880 4636 glo-

2184 4654 2326 4709 riam
2355 4653 2539 4707 locum
2564 4651 2881 4707 securitatis
2905 4653 3234 4707 ostendunt.
3262 4653 3400 4706 Nam
3424 4668 3594 4723 quem
3624 4657 3881 4706 montem

2186 4739 2361 4793 alium
2392 4740 2511 4793 vult
2536 4739 2782 4811 intelligi
2811 4741 2956 4795 ratio
2990 4740 3505 4812 propinquantibus
3530 4741 3596 4793 ad
3629 4741 3883 4811 philoso-

2186 4828 2383 4900 phiam
2405 4828 2745 4900 iugressisve
2762 4830 3154 4897 metuendum,
3176 4828 3285 4883 nisi
3308 4829 3616 4900 superbum
3629 4829 3883 4884 studium

1698 4946 1974 4982 ADIONITIO
2007 4947 2082 4982 PP.
2112 4947 2558 4982 BBNBDICTINORUI.

442 5025 737 5089 Castigatus
766 5030 847 5076 est
871 5028 936 5076 ad
963 5029 1086 5078 Mss.
1112 5030 1335 5088 codices,
1364 5031 1680 5080 Sorbonicos
1704 5033 1827 5089 tres,
1850 5030 2192 5087 Victorinum,
2219 5030 2607 5085 Genovefaeum.
2633 5028 2983 5083 Michaelinm,
3010 5030 3337 5088 Thuaneuni,
3369 5030 3688 5089 Casalinum,
3718 5030 3887 5080 Arnu-

381 5102 609 5155 sensem,
633 5089 1082 5155 Cirsterciensem,
1101 5092 1463 5155 Vedastinum,
1490 5092 1730 5155 Regium,
1754 5092 2342 5155 Regio-montensemse
2365 5091 2683 5155 bibliotheca
2702 5089 2920 5155 _Colle_gii
2947 5091 3210 5140 Navarrici
3232 5094 3381 5152 duos,
3404 5107 3431 5141 e
3451 5092 3889 5142 bibliothecama—

373 5150 508 5217 joris
527 5155 833 5217 conventus
853 5151 1360 5217 Augustinianorum
1384 5155 1544 5204 Paris.
1568 5150 1773 5214 unum;
1800 5150 1865 5202 ad
1889 5154 2151 5204 variantes
2177 5153 2449 5203 Lectiones
2469 5167 2499 5201 a
2520 5150 2941 5201 Lovaniensibus
2969 5166 3033 5201 ex
3062 5158 3289 5215 quatuor
3309 5150 3529 5217 Belgicis
3549 5158 3815 5217 excertas;
3836 5160 3889 5205 et.

382 5213 448 5262 ad
478 5213 740 5262 editiones
770 5213 895 5262 Bad.
924 5213 1041 5263 Am.
1070 5216 1156 5264 Er.
1187 5217 1309 5264 Lov.

477 5295 1043 5383 Comparavimus
1083 5309 1416 5384 praeterea
1463 5318 1575 5364 eas
1621 5316 1848 5362 omnes
1896 5294 2209 5361 editiones
2257 5293 2443 5360 initio
2482 5295 3057 5361 Retractatienum
3098 5304 3166 5363 et
3202 5298 3723 5364 Confessionum
3762 5319 3887 5364 me-

390 5395 707 5450 moratas.

389 5494 718 5620 gaz‘lixtiabiss.
764 5497 999 5560 quinque
1025 5498 1233 5562 legitur.
1270 5499 1357 5561 qui
1380 5511 1469 5549 eos
1488 5499 1701 5554 atterat,
1734 5497 1783 5545 et
1812 5495 1884 5547 ad
1906 5495 2084 5546 solida

2188 5495 2393 5608 vu'aiic
2422 5496 2623 5560 aliquot
2650 5498 2773 5546 Mss.
2805 5497 2870 5547 At
2897 5499 3019 5549 Lov.
3038 5459 3103 5548 .et
3127 5498 3213 5549 alii
3235 5498 3383 5559 Cdd.,
3413 5501 3471 5550 in
3501 5499 3885 5562 optatissimam
