4058 6356
182 293 277 344 961

180 413 532 467 inanissimae
555 412 785 482 glorias:
809 413 966 484 quod
995 412 1073 467 ita
1099 414 1238 468 nihil
1269 413 1422 470 intus
1441 417 1676 486 plenum
1706 420 1876 488 atque

177 503 426 556 solidum
461 503 651 566 habet,
680 505 742 554 ut
792 501 1018 555 inﬂatos
1049 503 1159 556 sibi
1192 505 1718 574 superambulantes
1751 521 1876 560 suc-

175 595 445 661 crepante
475 590 665 660 fragili
709 591 826 643 solo
861 592 1153 661 demerget
1197 608 1260 645 ac
1303 594 1547 659 sorbeat,
1592 594 1784 664 eisque
1817 593 1876 648 in

172 680 440 733 tenebras
484 679 782 746 revolutis,
828 679 1031 749 eripiat
1072 681 1576 735 luculentissimam
1613 682 1872 746 domum,

173 785 346 840 quam
382 783 529 840 pene
562 767 684 838 jam
706 767 1008 821 viderant?

242 864 296 917 4.
334 855 471 921 Quae
491 872 622 910 cum
651 855 732 910 ita
752 857 884 920 sint,
918 855 1131 926 accipe,
1161 856 1240 911 mi
1270 858 1588 923 Theodore,
1619 875 1873 930 namque

171 944 331 998 adid
360 943 517 1016 quod
545 943 826 1009 desidero,
862 949 917 998 te
949 961 1130 999 unum
1161 946 1410 1016 intueor,
1441 951 1612 1018 teque
1643 949 1873 1018 aptissi-

169 1047 334 1086 mum
365 1048 592 1102 semper
621 1032 905 1097 admiror;
941 1033 1148 1103 accipe,
1183 1033 1440 1104 inquam,
1477 1040 1531 1088 et
1560 1036 1714 1106 quod
1744 1037 1870 1090 illo-

170 1137 301 1174 rum
331 1121 505 1174 trium
561 1137 743 1192 genus
775 1120 1074 1175 hominum
1107 1138 1196 1175 me
1239 1122 1343 1176 tibi
1392 1123 1629 1190 dederit,
1673 1129 1728 1179 et
1758 1141 1870 1196 quo

168 1208 294 1261 loco
323 1209 468 1263 mihi
497 1225 617 1262 esse
648 1209 862 1273 videar,
904 1214 960 1261 et
991 1210 1090 1262 abs
1136 1214 1190 1262 te
1234 1211 1550 1280 cujusmodi
1595 1213 1866 1267 auxilium

167 1303 356 1351 certus
385 1303 723 1367 exspectem.
767 1298 878 1367 Ego
912 1298 982 1350 ab
1029 1313 1209 1368 usque
1259 1299 1689 1370 undevigesimo
1719 1317 1868 1355 anno

168 1386 354 1440 aetatis
403 1401 567 1453 mem,
617 1389 920 1456 postquam
965 1386 1026 1439 in
1057 1387 1247 1440 schola
1275 1387 1516 1441 rhetoris
1559 1389 1768 1442 librum
1799 1389 1871 1443 il-

166 1475 290 1529 lum
323 1475 630 1544 Ciceronis,
659 1476 756 1546 qui
791 1475 1118 1528 Hortensius
1165 1481 1418 1538 vocatur,
1461 1477 1672 1547 accepi,
1713 1481 1869 1531 tanto

165 1579 362 1617 amore
393 1563 771 1634 philosophiae
803 1579 1102 1616 succensus
1131 1579 1278 1630 sum,
1323 1569 1388 1618 ut
1417 1564 1605 1617 statim
1636 1565 1703 1618 ad
1744 1581 1868 1620 eam

165 1669 258 1706 me
285 1651 598 1706 transferre
626 1651 960 1705 meditarer.
999 1651 1110 1705 Sed
1136 1668 1322 1723 neque
1354 1653 1496 1706 mihi
1520 1653 1744 1707 nebulas
1776 1655 1870 1708 de-

163 1741 422 1810 fuerunt,
453 1739 662 1811 quibus
693 1740 1143 1794 confunderetur
1170 1757 1368 1795 cursus
1403 1758 1590 1809 meus;
1642 1745 1699 1796 et
1746 1742 1865 1812 diu,

159 1830 370 1896 fateor,
402 1829 610 1900 quibus
641 1828 699 1882 in
731 1845 982 1883 errorem
1020 1829 1286 1891 ducebar,
1319 1830 1568 1884 labentia
1597 1830 1658 1884 in
1703 1847 1866 1885 ocea-

160 1934 303 1972 num
330 1923 476 1972 astra
510 1918 751 1988 suspexi.
781 1919 918 1972 Nam
951 1919 1349 1989 etsuperstitio
1371 1920 1636 1990 quasdam
1663 1920 1866 1990 pueri-

157 2007 233 2061 lis
288 2023 380 2061 me
437 2008 507 2060 ab
537 2007 660 2077 ipsa
705 2007 1076 2077 inquisitione
1126 2008 1416 2062 terrebat:
1449 2013 1504 2061 et
1544 2008 1640 2061 ubi
1688 2009 1864 2062 factus

159 2097 426 2162 erectior,
462 2097 614 2150 illam
671 2095 973 2165 caliginem
1028 2096 1259 2166 dispuli,
1312 2096 1570 2168 mihique
1609 2097 1864 2167 persuasi

160 2185 503 2239 docentibus
524 2183 714 2255 potius
754 2201 925 2254 quam
956 2185 1293 2254 jubentibus
1323 2201 1442 2238 esse
1473 2185 1816 2240 credendum
1845 2203 1858 2253 ;

159 2272 339 2326 incidi
371 2274 428 2327 in
460 2273 718 2327 homines
748 2273 956 2344 quibus
996 2274 1087 2326 lux
1101 2274 1205 2327 ista
1225 2290 1353 2344 quae
1384 2274 1560 2327 oculis
1590 2274 1856 2338 cernitur,

159 2360 318 2416 inter
349 2378 570 2416 summa
610 2367 667 2414 et
718 2362 908 2415 divina
959 2362 1199 2415 colenda
1242 2361 1532 2416 videretur
1585 2361 1678 2432 (a).
1740 2362 1861 2415 Non

158 2450 534 2516 assentiebar,
567 2450 662 2504 sed
696 2451 967 2520 putabam
999 2467 1096 2503 eos
1128 2467 1401 2520 magnum
1423 2450 1638 2521 aliquid
1671 2455 1861 2521 tegere

161 2539 276 2592 illis
309 2539 632 2606 involucris,
665 2539 821 2610 quod
873 2545 1061 2593 essent
1112 2539 1422 2610 aliquando
1469 2541 1741 2611 aperturi.
1792 2544 1863 2596 At

162 2627 259 2681 ubi
309 2629 587 2682 discussos
639 2645 736 2682 eos
785 2629 954 2696 evasi,
987 2628 1231 2682 maxime
1273 2631 1507 2699 trajecto
1552 2631 1661 2684 isto
1693 2631 1856 2697 mari,

160 2716 263 2770 diu
295 2716 677 2786 gubernacula
720 2734 845 2770 mea
878 2717 1258 2786 repugnantia
1288 2718 1556 2771 omnibus
1585 2719 1768 2771 ventis
1799 2718 1859 2772 in

157 2804 362 2857 mediis
384 2805 647 2859 [luctibus
677 2805 998 2859 Academici
1028 2809 1350 2860 tenuerunt.
1388 2806 1600 2859 Deinde
1637 2807 1766 2859 veni
1799 2806 1859 2860 in

157 2892 262 2944 has
296 2897 507 2958 terras;
555 2892 646 2946 hic
696 2893 1142 2963 septentrionem
1182 2893 1275 2948 cui
1319 2910 1409 2947 me
1448 2894 1737 2947 crederem
1771 2895 1857 2948 di-

158 2979 290 3033 dici.
325 2980 710 3036 Animadverti
739 2982 889 3035 enim
906 2986 959 3035 et
977 2998 1126 3051 saepe
1153 2982 1210 3035 in
1233 2982 1538 3036 sacerdotis
1561 2982 1738 3036 nostri
1758 2982 1855 3053 (b),

154 3072 214 3120 et
243 3069 557 3139 aliquando
590 3070 646 3124 in
680 3071 1039 3124 sermonibus
1065 3070 1200 3136 tuis,
1229 3087 1357 3124 cum
1393 3071 1460 3124 de
1496 3073 1607 3124 Deo
1635 3071 1856 3141 cogita-

1127 293 1223 348 DE
1263 293 1502 351 BEATA
1541 295 1727 364 VITA,
1771 298 1825 352 S.
1868 297 2248 354 AUGUSTINI
2292 300 2505 356 LIBER
2546 301 2750 357 UNUS.

3580 315 3682 366 962

1990 433 2105 471 una
2138 415 2154 449 ‘
2194 418 2358 472 beata
2400 425 2504 486 est,
2537 437 2628 475 me
2681 421 3066 487 advmoveam,
3120 428 3288 495 atque
3328 425 3678 497 contingam,

1989 522 2221 576 prorsus
2265 508 2483 578 ignoro.
2517 509 2661 573 Quid
2691 510 2845 563 enim
2873 511 3117 565 solidum
3146 513 3326 578 tenui,
3359 515 3451 568 cui
3495 517 3679 571 adhuc

1989 596 2058 648 de
2089 595 2280 648 anima
2309 596 2548 666 quaestio
2580 602 2741 652 nutat
2760 603 2817 652 et
2845 599 3129 654 ﬂuctuat?
3159 601 3342 664 Quare
3374 602 3603 657 obsecro
3624 608 3679 659 te

1987 698 2089 752 per
2120 685 2382 737 virtutem
2412 690 2589 752 tuam,
2623 702 2725 754 per
2752 686 3186 750 humanitatem,
3223 705 3326 759 per
3355 691 3678 746 animarum

1987 771 2136 823 inter
2177 787 2235 824 se
2282 771 2571 824 vinculum
2622 778 2792 842 atque
2831 776 3259 842 commercium,
3294 783 3358 831 ut
3384 778 3677 834 dexteram

1985 858 2262 929 porrigas.
2303 860 2417 912 Hoc
2447 865 2638 913 autem
2668 865 2768 924 est,
2804 866 2868 915 ut
2894 879 2985 916 me
3033 881 3208 931 ames,
3243 871 3298 919 et
3327 883 3358 917 a
3390 882 3480 920 me
3510 867 3681 920 vicis-

1985 947 2089 1000 sim
2121 952 2176 1000 te
2206 946 2386 1000 amari
2417 947 2613 1000 credas
2643 947 2990 1018 charumque
3022 951 3237 1005 haberi.
3281 952 3442 1016 Quod
3475 955 3522 1007 si
3563 954 3678 1008 im—

1983 1042 2304 1105 petravero,
2336 1035 2405 1089 ad
2436 1034 2618 1105 ipsam
2651 1028 2876 1089 beatam
2897 1038 3089 1104 vitam,
3122 1040 3211 1092 cui
3232 1045 3285 1092 te
3311 1042 3431 1110 jam
3454 1042 3673 1096 haerere

1982 1139 2286 1193 praesumo,
2322 1140 2496 1193 parvo
2527 1128 2733 1178 conatu
2763 1125 3028 1178 facillime
3060 1128 3336 1182 accedam.
3373 1131 3520 1193 Quid
3573 1148 3674 1186 au-

1983 1218 2098 1264 tem
2131 1227 2315 1281 agam.
2349 1228 2531 1282 quove
2560 1213 2730 1266 modo
2762 1213 2834 1266 ad
2867 1213 3038 1267 istum
3069 1220 3297 1284 portum
3329 1220 3674 1272 necessarios

1982 1315 2140 1352 meos
2193 1316 2538 1370 congregem
2587 1305 2650 1354 ut
2694 1317 3019 1370 cognoscas,
3069 1306 3126 1356 et
3164 1302 3188 1335 ³
3225 1321 3289 1357 ex
3319 1321 3384 1358 eo
3417 1306 3672 1361 animum

1983 1403 2173 1440 meum
2229 1392 2431 1458 (neque
2482 1388 2634 1442 enim
2683 1389 2794 1442 alia
2833 1391 2995 1459 signa
3058 1391 3286 1445 invenio
3337 1394 3543 1463 quibus
3585 1411 3676 1448 me

1981 1475 2294 1542 ostendam)
2317 1481 2378 1528 ut
2397 1476 2620 1545 plenius
2639 1475 2945 1547 intelligas,
2965 1477 3194 1532 initium
3226 1478 3677 1550 disputationum

1981 1578 2262 1628 mearum,
2324 1565 2477 1634 quod
2537 1563 2679 1618 mihi
2742 1565 2966 1619 videtur
3021 1567 3342 1637 religiosius
3415 1570 3674 1637 evasisse,

1981 1657 2149 1722 atque
2178 1656 2277 1704 tuo
2311 1652 2477 1705 titulo
2508 1652 2756 1722 dignius,
2789 1654 2860 1707 ad
2891 1659 2944 1707 te
2975 1655 3340 1709 scribendum
3371 1657 3583 1726 putavi,
3619 1663 3676 1712 et

1977 1739 2100 1809 ipso
2132 1745 2228 1793 tuo
2259 1741 2491 1794 nomine
2522 1740 2920 1794 dedicandum.
2963 1741 3265 1810 Aptissime
3313 1759 3487 1812 sane;
3540 1761 3671 1799 nam

1977 1829 2046 1880 de
2089 1827 2254 1881 beata
2310 1827 2422 1881 vita
2471 1827 2836 1898 quaesivimus
2882 1829 3031 1882 inter
3065 1845 3190 1894 nos,
3224 1830 3480 1900 nihilque
3512 1833 3668 1886 aliud

1975 1915 2139 1969 video
2173 1917 2326 1986 quod
2358 1917 2539 1986 magis
2556 1917 2652 1971 Dei
2676 1917 2888 1970 donum
2923 1919 3235 1972 vocandum
3263 1919 3355 1973 sit.
3387 1921 3670 1991 Eloquen-

1975 2003 2054 2056 tia
2084 2008 2182 2057 tua
2207 2004 2436 2057 territus
2467 2021 2583 2057 non
2615 2021 2741 2058 sum
2767 2021 2780 2072 ;
2814 2005 3092 2076 quidquid
3117 2006 3272 2060 enim
3295 2023 3446 2073 amo,
3475 2026 3672 2080 quam-

1976 2092 2058 2144 vis
2096 2108 2212 2145 non
2244 2108 2534 2163 assequar,
2566 2093 2767 2146 timere
2798 2109 2913 2146 non
2945 2111 3172 2164 possum
3199 2110 3214 2148 :
3257 2095 3505 2150 fortuna:
3538 2116 3670 2152 vero

1975 2184 2384 2238 sublimitatem
2442 2184 2622 2238 multo
2680 2185 2907 2251 minus;
2967 2187 3118 2256 apud
3171 2193 3224 2240 te
3294 2189 3447 2242 enim
3515 2207 3666 2257 vere,

1975 2272 2234 2341 quamvis
2263 2273 2335 2325 sit
2364 2289 2591 2344 magna,
2610 2273 2856 2326 secunda
2877 2279 2959 2326 est
2984 2294 2999 2339 ;
3030 2291 3162 2328 nam
3186 2276 3391 2346 quibus
3414 2277 3671 2331 domina-

1972 2365 2086 2426 tur,
2118 2360 2347 2414 eosdem
2385 2361 2538 2432 ipsos
2583 2361 2862 2415 secundos
2891 2362 3039 2416 facit.
3075 2362 3183 2417 Sed
3207 2365 3328 2434 jam
3359 2366 3496 2436 quid
3527 2367 3670 2420 affe-

1975 2467 2118 2517 ram,
2151 2467 2342 2521 quasso
2370 2456 2446 2516 te,
2478 2451 2724 2505 attende.

2046 2543 2098 2593 6.
2131 2540 2321 2592 Idibus
2351 2539 2675 2593 novembris
2695 2539 2833 2592 mihi
2857 2540 3058 2594 natalis
3078 2541 3196 2594 dies
3218 2545 3338 2595 erat
3363 2559 3375 2596 :
3402 2548 3531 2612 post
3552 2549 3669 2600 tam

1971 2632 2142 2681 tenue
2173 2627 2502 2698 prandium,
2528 2632 2590 2681 ut
2606 2629 2675 2680 ab
2706 2644 2772 2681 eo
2793 2628 2932 2682 nihil
2965 2628 3332 2699 ingeniorum
3360 2631 3668 2702 impedire-

1971 2720 2085 2781 tur,
2119 2732 2317 2769 omnes
2347 2717 2445 2787 qui
2482 2715 2649 2769 simul
2678 2733 2795 2769 non
2826 2717 2993 2771 modo
3023 2717 3122 2771 illo
3156 2718 3267 2784 die,
3293 2720 3386 2772 sed
3412 2721 3668 2790 quotidie

1971 2803 2434 2870 convivabamur,
2468 2803 2525 2856 in
2575 2803 2806 2856 balneas
2855 2803 2925 2856 ad
2975 2805 3397 2859 consedendum
3439 2808 3669 2874 vocavi;

1969 2907 2101 2944 nam
2134 2892 2180 2944 is
2227 2891 2475 2961 tempori
2514 2895 2681 2961 aptus
2729 2892 2886 2944 locus
2928 2897 3289 2963 secretasque
3323 2902 3664 2949 occurrerat.

1973 2981 2144 3032 Erant
2175 2983 2387 3042 autem,
2420 2995 2535 3032 non
2567 2978 2719 3031 enim
2752 2995 2951 3032 vereor
2971 2995 3065 3032 eos
3095 2979 3373 3048 singulari
3401 2981 3666 3052 benigni-

1968 3067 2069 3124 tati
2082 3071 2193 3120 tuae
2210 3071 2371 3120 notos
2384 3065 2613 3119 interim
2628 3065 2959 3120 nominibus
2972 3067 3240 3132 facere,in
3255 3068 3457 3138 primis
3470 3075 3665 3124 nostra

155 3162 336 3223 retur,
370 3159 511 3212 nihil
540 3160 776 3214 omnino
807 3159 1056 3231 corporis
1102 3176 1222 3213 esse
1251 3159 1638 3229 cogitandum,
1670 3176 1856 3231 neque
1905 3185 1933 3199 ι-
1965 3159 2150 3208 mater
2179 3155 2275 3225 (a),
2311 3155 2472 3224 cujus
2500 3154 2692 3208 meriti
2725 3155 2891 3208 credo
2936 3171 3054 3208 esse
3085 3171 3274 3209 omme
3311 3157 3462 3227 quod
3495 3157 3618 3212 vivo
3649 3175 3662 3225 ;

154 3262 287 3298 cum
319 3246 388 3300 de
420 3247 649 3301 anima:
678 3264 811 3302 nam
841 3247 894 3302 id
927 3253 1010 3301 est
1040 3265 1218 3302 unum
1244 3247 1301 3301 in
1337 3248 1502 3301 rebus
1531 3247 1871 3317 proximum'

157 3335 296 3388 Deo.
327 3335 434 3388 Sed
472 3352 541 3388 ne
575 3335 635 3389 iu
665 3336 1046 3406 philosophiae
1078 3336 1363 3406 gremium
1395 3335 1653 3390 celeriter
1681 3336 1854 3390 advo-
1892 3407 1908 3418 _

153 3423 359 3488 larem,
393 3423 588 3487 fateor,
624 3425 816 3478 uxoris
847 3425 1194 3496 honorisque
1226 3426 1490 3478 illecebra
1521 3425 1852 3493 detinebar;

155 3515 220 3564 ut
251 3527 382 3564 cum
415 3513 538 3565 haec
557 3529 739 3567 essem
766 3518 1126 3582 consecutus,
1160 3518 1283 3566 tum
1308 3513 1539 3568 demum
1558 3529 1671 3581 me,
1701 3514 1855 3584 quod

153 3599 354 3668 paucis
401 3599 738 3654 felicissimis
767 3601 946 3668 licuit,
990 3602 1125 3655 totis
1163 3602 1303 3656 velis
1345 3602 1726 3672 omnibusque
1765 3618 1851 3656 re-

154 3687 265 3740 mis
311 3687 369 3739 in
401 3686 562 3742 illum
611 3689 799 3742 sinum
834 3705 1116 3759 raperem,
1148 3689 1340 3761 ibique
1371 3689 1852 3760 conquiescerem.

155 3773 337 3828 Lectis
379 3778 568 3827 autem
624 3775 874 3829 Platonis
907 3775 923 3808 ί
956 3777 1312 3847 paucissimis
1360 3777 1535 3842 libris,
1585 3778 1745 3847 cujus
1797 3781 1854 3830 te

152 3878 275 3914 esse
308 3861 788 3916 studiosissimum
821 3865 1032 3934 accepi,
1065 3864 1637 3935 collataquecumeis,
1671 3880 1852 3935 quan-

149 3951 276 4000 tum
300 3947 481 4018 potui,
503 3949 676 4004 etiam
706 3950 934 4004 illorum
960 3953 1295 4006 auctoritate
1318 3951 1416 4023 qui
1443 3952 1635 4006 divina
1649 3957 1855 4022 myste-

149 4035 239 4090 ria
297 4036 672 4105 tradiderunt,
723 4039 802 4093 sic
854 4039 1056 4107 exarsi,
1114 4045 1180 4094 ut
1234 4056 1431 4094 omnes
1479 4040 1603 4094 illas
1650 4041 1851 4094 vellem

151 4127 431 4182 anchoras
479 4144 766 4199 rumpere,
821 4129 934 4184 nisi
991 4147 1080 4184 me
1109 4131 1519 4184 nonnullorum
1551 4130 1852 4185 hominum

152 4215 501 4271 existimatio
548 4223 933 4272 commoveret
970 4219 1160 4290 (Conf.
1207 4220 1302 4272 lib.
1341 4224 1396 4287 7,
1451 4235 1610 4288 capp.
1656 4223 1710 4288 9,
1742 4220 1848 4289 20).

152 4303 301 4366 Quid
342 4320 478 4375 ergo
509 4306 754 4360 restabat
784 4306 958 4373 aliud,
992 4307 1104 4361 nisi
1125 4310 1189 4360 ut
1216 4307 1549 4361 immoranti
1577 4307 1721 4362 mihi
1751 4324 1853 4362 su-

151 4391 414 4462 perﬂuis,
449 4397 754 4464 tempestas
783 4413 909 4466 qua:
943 4397 1250 4467 putabatur
1278 4396 1529 4462 adversa,
1565 4412 1854 4451 succurre-

152 4481 286 4535 ret?
317 4482 512 4552 Itaque
544 4487 732 4538 tantus
753 4501 842 4539 me
864 4484 1108 4556 arripuit
1131 4485 1374 4556 pectoris
1396 4485 1578 4555 dolor,
1608 4491 1672 4540 ut
1701 4485 1853 4540 illius

152 4570 521 4640 professionis
551 4589 696 4628 onus
727 4574 1008 4628 sustinere
1030 4591 1148 4628 non
1176 4575 1388 4641 valens,
1412 4591 1525 4646 qua
1553 4574 1696 4629 mihi
1721 4573 1854 4628 veli-

154 4658 398 4713 ﬁcabam
458 4659 692 4716 fortasse
749 4663 822 4717 ad
875 4663 1122 4731 Sirenas,
1172 4663 1476 4734 abjicerem
1525 4664 1740 4730 omnia,
1797 4668 1852 4718 et

151 4749 693 4819 optatranquillitati
753 4751 837 4804 vel
900 4756 1224 4822 quassatam
1291 4768 1491 4806 navem
1548 4753 1852 4824 fissamque

150 4835 551 4905 perducerem.

222 4937 276 4988 5.
304 4935 446 5005 Ergo
476 4934 632 4989 vides
663 4935 720 4990 in
753 4953 864 5008 qua
885 4937 1250 5008 philosophia
1272 4937 1435 5009 quasi
1463 4936 1523 4990 in
1550 4939 1722 5007 portu
1750 4952 1850 4990 na-

148 5022 362 5093 vigem.
395 5023 502 5077 Sed
542 5023 714 5078 etiam
744 5025 868 5095 ipse
898 5027 1009 5080 late
1037 5030 1212 5096 patet,
1247 5026 1484 5097 ejusque
1515 5024 1852 5096 magnitudo

149 5111 411 5182 quamvis
439 5112 562 5182 jam
595 5113 784 5167 minus
805 5115 1206 5185 periculosum,
1237 5132 1354 5170 non
1384 5121 1576 5169 tamen
1596 5113 1852 5185 pentitus

149 5201 397 5255 excludit
426 5217 704 5259 errorem.
741 5204 886 5258 Nam
915 5203 1007 5258 cui
1045 5205 1196 5275 parti
1230 5208 1414 5272 terrae,
1447 5220 1575 5274 quze
1595 5201 1851 5274 profecto

213 5433 226 5465 ¹
261 5431 508 5494 Quinque
541 5430 695 5479 Mss:
727 5435 896 5483 Lectis
919 5435 1100 5482 autem
1128 5433 1354 5485 Plotini.

209 5495 281 5554 (α)
307 5493 672 5552 Μαῑιὶεὶιωοες
703 5493 792 5549 lib.
824 5497 852 5544 3
887 5495 1057 5554 Conf.,
1079 5508 1125 5543 c.
1157 5497 1204 5544 6.

211 5495 260 5548 (a
307 5495 672 5552 Manichieoe;
703 5495 792 5549 lib.
824 5497 852 5544 3
887 5495 1057 5554 Conf.,
1079 5508 1125 5543 c.
1157 5497 1204 5544 6.

211 5495 281 5619 (bi
303 5555 600 5615 Ambrosii;
629 5554 723 5605 lib.
755 5559 804 5605 6.
833 5557 980 5606 Conf.
1017 5571 1063 5604 ο.
1093 5559 1141 5616 3,
1179 5570 1230 5605 n.
1260 5559 1305 5606 4.

1971 3243 2238 3313 Navigius
2269 3245 2442 3297 frater
2469 3259 2652 3309 meus,
2683 3243 2981 3313 Trygetius
3022 3249 3077 3296 et
3108 3244 3408 3312 Licentius,
3439 3246 3588 3300 cives
3610 3251 3666 3301 et

1967 3331 2230 3402 discipuli
2262 3331 2420 3386 mei?
2449 3348 2552 3386 nec
2584 3331 2967 3386 Lastidianum
2999 3329 3022 3366 ³
3053 3337 3108 3386 et
3140 3333 3431 3387 Rusticum
3463 3351 3666 3388 conso-

1964 3419 2158 3473 brinos
2189 3437 2365 3486 meos,
2401 3419 2659 3490 quamvis
2688 3421 2911 3474 nullum
2941 3422 3025 3474 vel
3049 3422 3483 3491 grammaticum
3514 3423 3666 3492 passi

1967 3508 2098 3573 sint,
2157 3508 2348 3562 deesse
2380 3509 2558 3576 volui,
2584 3507 2890 3580 ipsumque
2921 3525 3117 3563 eorum
3153 3527 3383 3564 sensum
3415 3527 3667 3564 commu-

1967 3613 2119 3662 nem,
2167 3599 2235 3650 ad
2271 3613 2390 3650 rem
2440 3613 2612 3667 quam
2669 3598 2965 3663 moliebar,
3009 3599 3390 3652 necessarium
3436 3599 3656 3673 putavi.

1967 3686 2096 3739 Erat
2122 3685 2292 3739 etiam
2323 3685 2623 3739 nobiscum
2651 3691 2815 3739 tettae
2848 3685 3120 3740 minimus
3141 3687 3422 3753 omnium,
3447 3689 3544 3742 sed
3572 3705 3665 3742 cu-

1959 3772 2053 3843 jus
2082 3772 2401 3842 ingenium,
2432 3773 2478 3826 si
2502 3790 2695 3827 amore
2719 3790 2834 3826 non
2862 3774 3048 3842 fallor,
3073 3791 3342 3844 magnum
3373 3775 3650 3845 quiddam

1962 3859 2283 3930 pollicetur,
2315 3859 2636 3914 Adeodatus
2665 3860 2814 3912 lilius
2846 3876 3024 3913 meus.
3048 3861 3523 3929 Quibusattentis,
3568 3863 3646 3916 sic

1964 3947 2128 4018 ccepi.

1964 4054 2188 4110 CAPUT
2213 4054 2277 4108 Il.
2315 4083 2382 4092 —
2412 4054 2721 4122 Disputatio
2748 4055 2941 4123 prima:
2969 4053 3098 4108 diei.
3127 4056 3214 4108 Ea:
3250 4055 3438 4107 anima
3464 4059 3516 4111 et
3547 4070 3658 4110 cor-

2026 4158 2160 4213 pore
2206 4146 2526 4197 constamus.
2571 4143 2730 4198 Cibus
2782 4145 2995 4211 corpori
3045 4145 3395 4197 neccssarius.
3441 4145 3661 4199 Anima

2034 4247 2242 4302 quoque
2269 4246 2398 4286 suus
2427 4235 2504 4286 est
2555 4231 2722 4285 cibus.
2759 4233 2949 4285 Beatus
2979 4248 3085 4286 non
3127 4237 3204 4286 est
3239 4235 3337 4301 qui
3367 4233 3514 4301 quod
3542 4235 3660 4288 vult

2032 4336 2139 4375 non
2177 4321 2353 4375 habet.
2388 4321 2490 4377 Nec
2520 4325 2697 4374 tamen
2719 4322 2889 4375 omnis
2920 4323 3017 4388 qui
3037 4321 3180 4390 quod
3200 4322 3314 4376 vult
3336 4321 3511 4389 habet,
3544 4322 3662 4376 bea-

2026 4481 2043 4514 ι
2069 4479 2146 4528 Ita
2174 4478 2295 4528 Mss.
2319 4478 2566 4527 tredecim
2597 4492 2717 4527 cum
2737 4477 2861 4526 Bad.
2885 4477 2999 4526 Am.
3022 4481 3074 4526 et
3097 4476 3181 4527 Er.
3208 4479 3273 4528 At
3289 4478 3343 4527 in
3363 4481 3511 4528 textu
3534 4479 3656 4528 Lov.

1963 4541 2239 4603 praefertur
2277 4554 2396 4604 qua:
2435 4544 2546 4591 vita
2573 4541 2728 4590 beata
2756 4543 2855 4590 est.

1977 4665 1988 4673 Α
2025 4605 2045 4638 ²
2068 4604 2152 4673 Er.
2181 4608 2233 4673 et
2259 4605 2381 4652 Lov.
2418 4603 2669 4673 omittunt
2698 4603 2780 4673 hic
2811 4601 3068 4673 particula
3094 4604 3315 4673 (inquas
3362 4603 3501 4666 apud
3532 4604 3658 4673 B_ad.

1963 4665 2076 4713 Am.
2109 4669 2159 4713 et
2181 4667 2300 4728 Mss.
2318 4665 2593 4728 reperitur.
2627 4664 2799 4728 Paulo
2816 4663 3068 4728 postvcro
3087 4663 3344 4728 editiones
3366 4663 3549 4715 omnes
3568 4667 3662 4715 ha-

1964 4728 2108 4784 bent,
2121 4725 2400 4788 quibusmé
2411 4725 2800 4790 ostendam,_vel
2819 4725 3140 4790 auo_plenius
3150 4726 3662 4790 intelligaspetagus

1963 4787 2377 4844 disputationum
2391 4801 2662 4845 mearum;
2681 4787 2845 4849 iisque
2859 4787 3580 4849 aliquotsulfraganturltlssi
3596 4791 3664 4840 At

1963 4851 2050 4899 alii
2087 4851 2212 4899 Cdd.
2237 4864 2334 4898 nec
2355 4851 2504 4959 pauci
2525 4850 2717 4908 ferunt,
2737 4848 2797 4898 ut
2811 4848 3015 4910 plenius
3037 4848 3316 4912 intelligas
3335 4867 3347 4910 ;
3365 4857 3582 4914 tumque
3596 4867 3659 4901 ex

1963 4913 2026 4959 iis
2056 4912 2269 4959 auidam
2289 4912 2355 4959 ha
2373 4916 2502 4959 ient.
2524 4915 2720 4959 seriem
2748 4911 3168 4959 disputationum
3192 4925 3458 4959 mearum.
3477 4916 3659 4959 Cister-

1963 4913 2026 4960 iis
2056 4912 2269 4974 quidam
2289 4911 2502 4974 habent,
2524 4915 2720 4961 seriem
2748 4911 3168 4974 disputationum
3192 4911 3458 4974 mearum.
3477 4911 3660 4963 Cister—

1963 4972 2153 5039 cieri—sis
2165 4987 2340 5039 porro,
2361 4972 2799 5039 disputationum
2810 4972 3055 5039 ineorum.
3067 4988 3212 5024 onus.
3240 4973 3476 5039 Denique
3494 4975 3658 5024 codex

1964 5037 2015 5085 S.
2042 5034 2242 5099 Arni—116
2273 5034 2535 5099 Metensis,
2566 5035 2780 5099 initium
2815 5034 3232 5099 disputationum
3256 5034 3517 5095 mearum,
3539 5051 3656 5099 qua:

1964 5100 2172 5170 Optima
2195 5098 2348 5169 lectio
2376 5098 2488 5145 visa
2509 5101 2602 5170 est.
2631 5098 2981 5170 Reips‘aeuirn.
3002 5099 3147 5147 hicce
3165 5098 3294 5170 liber
3317 5098 3655 5170 omnium’qui

1964 5160 2104 5223 apud
2137 5160 2484 5208 Cessiciacum
2515 5160 2834 5222 disputando
2859 5160 2986 5208 editi
3013 5167 3140 5209 sunt
3155 5161 3354 5223 primus
3382 5160 3655 5209 absolutus

1963 5222 2248 5293 fuit,_isque
2264 5222 2467 5293 ratione
2485 5223 2782 5293 argumenti
2808 5236 2916 5293 non
2934 5223 3192 5293 immeritp
3217 5223 3408 5293 dicitur
3435 5226 3656 5293 εἱληθ-

1966 5281 2239 5346 «ligiosior
2259 5281 2593 5338 evasisse,»id
2615 5288 2693 5333 est
2712 5285 2985 5347 prodiisse.
2999 5298 3103 5347 quo
3127 5281 3651 5347 signiﬁcatuadhibej

1963 5343 2223 5396 tur—istud
2247 5347 2460 5396 verbum
2490 5347 2587 5395 lib.
2610 5343 2839 5397 2co‘ntra
2863 5343 3112 5396 Académ.
3149 5343 3197 5395 c'.
3228 5347 3255 5391 7
3281 5357 3292 5391 :
3324 5349 3375 5392 et
3393 5343 3651 5394 Theodori

1965 5426 1992 5456 ‹‹
2021 5410 2235 5458 nomine
2264 5408 2492 5471 dignior.
2515 5425 2541 5454 ››

2023 5473 2044 5506 ³
2074 5472 2134 5520 In
2163 5471 2286 5520 Mss.
2317 5465 2478 5535 prope
2505 5471 2754 5521 omnibus
2776 5471 3016 5528 habetur,
3049 5465 3447 5520 Partidianum.

2026 5552 2102 5613 (α)
2123 5551 2384 5600 Monnica.
