4058 6352
405 326 507 378 963

476 450 561 500 tus
609 448 702 498 est.
733 442 876 509 Quid
915 443 1022 496 sibi
1059 441 1209 495 homo
1245 453 1558 508 comparare
1592 437 1744 492 debet
1781 439 1843 490 ut
1871 437 1941 489 sit
1974 435 2098 489 bea-

478 539 580 587 tus.
615 533 745 598 Quis
784 535 949 586 Deum
991 531 1208 584 habeat.
1243 529 1599 583 Academicus
1637 527 1820 580 beatus
1856 540 1966 580 esse
1994 539 2100 579 non

471 627 667 693 potest,
697 636 822 688 ergo
840 636 933 674 nec
962 621 1196 688 sapiens.

474 716 526 764 ’7.
563 709 918 765 Manifestum
971 695 1128 762 vobis
1166 705 1391 760 videtur
1424 721 1488 760 ex
1530 702 1722 757 anima
1762 705 1818 756 et
1863 717 2099 772 corpore

404 813 506 850 nos
540 812 660 850 esse
691 795 1076 866 compositos?
1099 795 1240 849 Cum
1263 809 1462 848 omnes
1485 791 1888 856 consentirent,
1930 789 2096 844 Navi-

407 886 535 956 gius
581 902 638 939 se
669 885 932 956 ignorare
963 882 1277 953 respondit.
1328 881 1432 935 Cui
1479 897 1621 951 ego:
1658 879 1828 944 Nihil,
1878 877 2098 931 nihilne

405 974 641 1028 omnino
671 973 796 1039 scis,
843 972 1079 1042 inquam
1133 987 1225 1036 an,
1268 970 1417 1022 inter
1465 969 1654 1039 aliqua
1709 983 1836 1038 quae
1869 966 2098 1048 ignoras

406 1062 576 1116 etiam
605 1062 710 1116 hoc
743 1059 1162 1115 numerandum
1195 1058 1324 1112 est?
1355 1058 1478 1110 Non
1534 1060 1672 1127 puto
1718 1071 1830 1122 me,
1888 1053 2094 1124 inquit,

407 1149 600 1204 omnia
629 1148 862 1204 nescire.
899 1149 1159 1215 Potesne,
1190 1147 1444 1216 inquam,
1473 1144 1637 1198 nobis
1669 1143 1856 1198 dicere
1880 1142 2097 1213 aliquid

405 1253 606 1292 eorum
628 1253 757 1307 qua:
778 1235 975 1289 nosti?
999 1237 1255 1300 Possum,
1278 1233 1481 1304 inquit.
1517 1232 1635 1286 Nisi
1668 1232 1971 1286 molestum
1991 1235 2094 1297 est,

405 1327 663 1396 inquam,
693 1323 889 1394 profer
918 1322 1148 1394 aliquid.
1184 1323 1400 1375 Etcum
1432 1320 1751 1376 dubitaret:
1781 1319 1994 1389 Scisne,
2015 1318 2098 1372 in-

405 1430 601 1485 quam,
630 1413 830 1466 saltem
861 1416 916 1464 te
947 1410 1171 1464 vivere?
1201 1409 1347 1476 Scio,
1372 1409 1578 1480 inquit.
1601 1409 1717 1463 Scis
1737 1424 1872 1478 ergo
1885 1407 2096 1461 habere

404 1507 459 1556 te
488 1501 685 1567 vitam,
735 1499 1021 1570 siquidem
1049 1499 1236 1552 vivere
1266 1515 1434 1551 nemo
1463 1497 1572 1551 nisi
1615 1497 1729 1550 vita
1767 1499 1970 1566 potest.
2033 1495 2099 1549 Et

402 1588 754 1660 hoc,inquit,
785 1589 926 1644 scio.
965 1587 1083 1642 Scis
1113 1586 1283 1640 etiam
1311 1602 1512 1657 corpus
1535 1589 1590 1639 te
1608 1584 1855 1639 habere?
1884 1585 2095 1637 Assen-

403 1677 675 1732 tiebatur.
707 1677 851 1746 Ergo
877 1675 998 1746 jam
1028 1674 1133 1728 scis
1162 1678 1217 1728 te
1256 1679 1514 1728 constare
1543 1691 1610 1728 ex
1641 1687 1846 1744 copore
1877 1675 1934 1726 et
1960 1671 2092 1725 vita.

403 1767 527 1822 Scio
557 1765 822 1831 interim;
851 1765 949 1819 sed
975 1768 1166 1818 utrum
1198 1763 1318 1817 haec
1347 1763 1463 1816 sola
1492 1762 1625 1829 sint,
1653 1761 1903 1815 incertus
1933 1776 2086 1815 sum.

405 1856 551 1925 Ergo
582 1854 696 1909 duo
726 1853 851 1919 ista,
901 1852 1160 1923 inquam,
1202 1868 1321 1905 esse
1364 1867 1484 1904 non
1533 1849 1780 1917 dubitas,
1810 1864 2014 1919 corpus
2043 1852 2099 1902 et

405 1943 691 1998 animam:
734 1942 832 1996 sed
879 1941 1128 1995 incertus
1182 1956 1240 1994 es
1279 1943 1474 1994 utrum
1522 1939 1594 1992 sit
1643 1937 1798 1993 aliud
1830 1937 1983 2008 quod
2026 1937 2095 1990 ad

403 2029 810 2101 complendum
841 2046 903 2082 ac
927 2028 1339 2100 perliciendum
1368 2026 1663 2082 hominem
1683 2025 1855 2081 valet.
1884 2027 1987 2091 Ita,
2007 2024 2095 2078 in-

404 2119 548 2191 quit.
584 2120 698 2172 Hoc
729 2118 894 2192 quale
909 2117 1003 2186 sit,
1034 2116 1194 2184 alias,
1219 2115 1266 2169 si
1290 2131 1608 2187 possumus,
1631 2129 1974 2185 quaeremus,
2005 2112 2094 2168 in-

403 2223 597 2280 quam.
630 2207 791 2260 Nunc
820 2205 963 2260 illud
986 2205 1105 2276 jam
1137 2221 1201 2259 ex
1224 2203 1491 2258 omnibus
1521 2219 1736 2274 quaero,
1757 2218 1885 2256 cum
1919 2201 2094 2256 fatea-

401 2313 533 2351 mur
565 2294 756 2350 cuncti
785 2310 972 2364 neque
1033 2293 1155 2348 sine
1203 2309 1453 2364 corpore,
1510 2309 1696 2364 neque
1738 2291 1857 2344 sine
1903 2290 2096 2344 anima

403 2401 523 2438 esse
553 2400 720 2454 posse
750 2382 1236 2450 hominem,cibos
1254 2385 1488 2452 propter
1513 2381 1651 2452 quid
1679 2381 1887 2435 horum
1919 2394 2093 2450 appe-

401 2471 610 2528 tamus.
644 2474 884 2543 Propter
904 2488 1129 2543 corpus,
1160 2471 1350 2542 inquit
1377 2470 1683 2525 Licentius.
1734 2468 1934 2523 Caeteri
1989 2484 2091 2522 au-

401 2566 518 2616 tem
571 2561 1003 2628 cunctabantur,
1034 2559 1305 2630 varioque
1355 2575 1617 2614 sermone
1666 2558 1816 2612 inter
1870 2573 1928 2611 se
1959 2573 2094 2628 age-

403 2651 558 2716 bant,
591 2649 878 2722 quomodo
907 2653 1097 2720 posset
1138 2652 1372 2720 propter
1400 2664 1604 2718 corpus
1635 2647 1795 2701 cibus
1834 2663 2092 2700 necessa-

403 2741 519 2793 rius
549 2739 748 2801 videri,
782 2755 912 2792 cum
943 2742 1315 2809 appetererur
1359 2741 1595 2807 propter
1641 2736 1838 2802 vitam,
1873 2740 1930 2790 et
1979 2735 2096 2789 vita

401 2844 517 2882 non
561 2827 668 2881 nisi
699 2827 771 2881 ad
802 2826 1054 2880 animam
1085 2825 1417 2896 pertineret.
1463 2825 1606 2879 Tum
1637 2840 1740 2894 ego
1777 2841 1789 2878 :
1839 2823 2094 2893 Videtur,

400 2916 660 2986 inquam,
693 2914 848 2968 vobis
879 2914 946 2967 ad
963 2929 1087 2967 eam
1117 2918 1339 2984 partem
1358 2911 1548 2966 cibum
1580 2913 1888 2983 pertinere,
1922 2928 2094 2983 quam

401 3003 527 3058 cibo
567 3019 816 3057 crescere
865 3002 1363 3072 robustioremque
1393 3001 1519 3055 fieri
1561 3001 1860 3056 videmus?
1887 3003 2093 3055 Assen-

401 3092 692 3146 tiebantur
721 3095 931 3162 praeter
957 3090 1312 3162 Trygetium.
1349 3089 1445 3144 Ait
1471 3089 1657 3144 enim:
1679 3090 1791 3144 Cur
1820 3105 1955 3160 ergo
1980 3097 2095 3144 no'n

400 3197 504 3251 pro
535 3181 808 3234 edacitate
861 3195 989 3232 mea
1039 3179 1232 3232 crevi?
1272 3179 1517 3245 Modum,
1576 3178 1833 3249 inquam,
1867 3194 2035 3232 suum
2065 3194 2097 3231 a

403 3273 608 3322 natura
639 3267 1008 3322 constitutum
1036 3267 1249 3321 habent
1268 3266 1460 3321 omnia
1480 3283 1738 3337 corpora,
1761 3268 1912 3321 ultra
1923 3281 2095 3336 quam

403 3371 733 3411 mensuram
776 3356 1047 3425 progredi
1099 3359 1422 3426 nequeant:
1480 3359 1674 3409 tamen
1726 3371 1792 3409 ea
1831 3371 2099 3410 mensura

404 3444 627 3500 minora
656 3447 862 3511 essent,
897 3443 944 3497 si
974 3443 1053 3496 eis
1085 3443 1355 3497 alimenta
1393 3443 1739 3511 defuissent;
1774 3445 1926 3515 quod
1956 3449 2012 3499 et
2038 3444 2097 3498 in

403 3533 705 3604 pecoribus
729 3532 949 3587 facilius
979 3532 1506 3588 animadvertimus.
1548 3535 1612 3587 Et
1657 3549 1826 3588 nemo
1875 3533 2100 3589 dubitat

404 3621 543 3676 cibis
599 3621 897 3676 subtractis
942 3622 1198 3676 omnium
1245 3621 1625 3676 animantium
1675 3639 1917 3694 corpora
1975 3641 2092 3678 ma-

402 3727 672 3766 crescere.
729 3712 1085 3776 Macrescere,
1165 3711 1354 3782 inquit
1417 3712 1722 3780 Licentius,
1795 3730 1912 3768 non
1998 3715 2094 3768 de-

401 3816 670 3854 crescere.
706 3800 851 3854 Satis
892 3805 975 3854 est
1019 3799 1182 3867 mihi,
1235 3800 1490 3872 inquam.
1548 3801 1618 3856 ad
1646 3801 1704 3857 id
1753 3803 1908 3873 quod
1936 3803 2086 3859 volo.

403 3888 623 3944 Etenim
655 3889 892 3962 quaestio
924 3892 1007 3943 est
1035 3893 1228 3943 utrum
1257 3889 1322 3944 ad
1368 3906 1572 3960 corpus
1602 3890 1761 3945 cibus
1789 3890 2092 3960 pertineat.

402 3978 656 4033 Pertinet
684 3983 894 4045 autem,
927 3993 1058 4033 cum
1090 3995 1156 4032 eo
1189 3979 1484 4044 subducto,
1515 3979 1586 4034 ad
1626 3979 1867 4035 maciem
1918 3980 2094 4035 dedu-

403 4065 568 4120 citur.
605 4067 814 4120 Omnes
841 4066 920 4119 ita
951 4082 1072 4119 esse
1097 4071 1458 4121 censuerunt.

471 4157 520 4208 8.
553 4153 698 4217 Quid
727 4170 864 4223 ergo
885 4153 1102 4222 anima,
1131 4154 1367 4226 inquam
1386 4158 1416 4209 ?
1445 4157 1605 4210 nulla
1654 4174 1725 4211 ne
1771 4159 1945 4214 habet
1992 4159 2094 4213 ali-

402 4246 594 4294 menta
622 4241 857 4311 propria
880 4241 908 4294 ?
937 4257 1007 4294 an
1040 4241 1163 4311 ejus
1192 4258 1318 4296 esca
1347 4243 1583 4296 scientia
1621 4244 1779 4298 vobis
1829 4245 2096 4300 videtur?

404 4330 604 4398 Plane,
629 4329 817 4399 inquit
845 4333 1061 4396 mater;
1089 4331 1247 4384 nulla
1274 4347 1336 4385 re
1366 4331 1476 4385 alia
1505 4333 1673 4387 credo
1719 4334 1791 4387 ali
1843 4334 2095 4390 animam

403 4434 576 4488 quam
606 4417 893 4471 intellectu
934 4433 1129 4473 rerum
1185 4423 1355 4490 atque
1394 4420 1647 4476 scientia.
1699 4423 1776 4476 De
1807 4437 1920 4494 qua
1966 4440 2094 4477 sen-

403 4505 582 4558 tentia
611 4520 740 4558 cum
767 4505 1063 4576 Trygetius
1101 4505 1339 4560 dubium
1383 4523 1442 4561 se
1494 4508 1856 4564 ostenderet:
1901 4510 2092 4576 hodie,

407 4592 724 4664 inquitilla,
741 4598 804 4648 tu
831 4593 950 4665 ipse
966 4609 1158 4649 nonne
1189 4595 1459 4650 docuistis
1479 4596 1630 4652 unde
1659 4602 1756 4652 aut
1787 4597 1883 4653 ubi
1904 4599 2096 4654 anima

406 4685 719 4752 pascatur?
760 4685 902 4739 Nam
931 4689 1062 4755 post
1103 4684 1453 4756 aliquantam
1501 4686 1731 4756 prandii
1770 4691 1992 4758 partem
2040 4692 2094 4744 te

409 4770 599 4824 dixisti
628 4788 746 4826 non
775 4773 1078 4828 advertisse
1150 4790 1262 4846 quo
1312 4775 1540 4829 vasculo
1589 4780 1903 4846 uteremur,
1945 4777 2096 4848 quod

409 4859 519 4912 alia
549 4860 737 4914 nescio
787 4878 915 4932 qua:
947 4865 1270 4933 cogitasses,
1301 4880 1405 4918 nec
1450 4869 1643 4919 tamen
1672 4865 1741 4920 ab
1779 4865 1902 4936 ipsa
1939 4867 2094 4921 cibo-

406 4963 534 5001 rum
567 4953 725 5019 parte
753 4950 1106 5005 abstinueras
1133 4968 1336 5007 manus
1362 4957 1530 5024 atque
1555 4969 1801 5010 morsus.
1839 4955 1946 5009 Ubi
1986 4955 2098 5026 igi-

407 5041 502 5091 tur
529 5042 650 5092 erat
678 5037 902 5092 animus
926 5043 1078 5107 tuus,
1113 5058 1224 5112 quo
1252 5047 1510 5113 tempore
1539 5042 1699 5110 illud,
1730 5049 1785 5098 te
1819 5050 2093 5113 vescente,

405 5141 523 5180 non
570 5127 936 5195 attendebat;
987 5128 1140 5198 inde,
1173 5131 1312 5185 mihi
1354 5131 1537 5198 crede,
1579 5136 1635 5186 et
1676 5133 1882 5188 talibus
1912 5133 2096 5204 epulis

405 5214 631 5269 animus
654 5215 926 5286 pascitur,
959 5216 1015 5271 id
1040 5221 1123 5271 est
1150 5219 1387 5274 theoriis
1410 5225 1469 5274 et
1486 5223 1923 5294 cogitationibus
1951 5221 2092 5292 suis,

407 5303 452 5356 si
480 5321 584 5374 per
613 5322 707 5360 eas
736 5305 956 5376 aliquid
973 5307 1267 5378 percipere
1283 5310 1480 5380 possit.
1514 5313 1591 5366 De
1619 5327 1731 5383 qua
1757 5328 1816 5365 re
1837 5327 1966 5365 cum
1987 5311 2094 5364 du-

405 5391 652 5448 bitanter
683 5399 1035 5466 streperent:
1083 5397 1302 5465 Nonne,
1351 5398 1606 5470 inquam,
1653 5399 1961 5454 conceditis
1988 5400 2094 5454 bo-

400 5479 624 5536 minum
652 5483 1111 5540 doctissimorum
1158 5487 1378 5543 animos
1405 5489 1587 5544 multo
1641 5505 1760 5544 esse
1790 5504 1963 5560 quam
1992 5487 2096 5542 im-

407 5567 725 5635 peritorum
746 5572 910 5643 quasi
935 5573 995 5629 in
1027 5591 1129 5630 suo
1159 5591 1366 5646 genere
1387 5577 1673 5648 pleniores
1701 5581 1872 5646 atque
1916 5575 2096 5646 majo-

1592 314 1686 370 DE
1725 312 1962 367 BEATA
1999 309 2192 380 VITA,
2237 309 2291 364 S.
2333 308 2716 366 AUGUSTINI

3811 312 3911 365 964

2211 433 2338 489 res?
2368 433 2729 488 Manifestum
2760 448 2882 486 esse
2920 431 3202 487 dixerunt.
3238 434 3408 487 Recte
3439 432 3616 503 igitur
3664 433 3914 489 dicimus

2211 539 2408 577 eorum
2421 521 2781 592 animos,qui
2812 522 2981 576 nullis
3009 521 3328 592 disciplinis
3341 521 3724 588 eruditisunt,
3750 521 3916 577 nihil-

2209 627 2321 684 que
2352 613 2634 666 bonarum
2669 611 2879 665 artium
2918 612 3252 677 hauserunt,
3279 610 3511 681 jejunos
3541 615 3598 665 et
3629 612 3798 683 quasi
3829 612 3912 666 fa-

2208 701 2439 755 melicos
2467 717 2606 754 esse.
2639 701 2863 764 Plenos,
2895 699 3083 771 inquit
3102 699 3422 770 Trygetius,
3447 703 3502 753 et
3532 699 3766 754 illorum
3798 701 3915 754 ani-

2210 807 2331 844 mos
2356 806 2476 844 esse
2506 789 2770 855 arbitror,
2805 789 2901 843 sed
2933 788 3083 842 vitiis
3106 792 3277 859 atque
3309 787 3580 859 nequitia.
3625 790 3740 842 Ista
3787 788 3915 858 ipsa

2209 883 2312 944 est,
2346 879 2604 948 inquam,
2637 878 2800 932 crede
2830 877 2993 944 mihi,
3024 877 3287 945 qumdam
3331 875 3602 930 sterilitas
3640 881 3698 930 et
3745 878 3915 948 quasi

2208 967 2386 1021 fames
2416 966 2760 1020 animorum.
2782 967 2920 1020 Nam
2935 965 3422 1036 quemadmodum
3435 982 3641 1036 corpus
3655 967 3915 1020 detracto

2209 1054 2334 1107 cibo
2364 1054 2706 1125 plerumque
2737 1054 2953 1112 morbis
2983 1058 3154 1124 atque
3186 1054 3370 1108 scabie
3402 1055 3679 1125 repletur,
3699 1071 3832 1126 quae
3851 1055 3915 1108 in

2208 1158 2274 1195 eo
2304 1141 2440 1196 vitia
2469 1141 2724 1196 indicant
2750 1142 2960 1197 famem
2997 1159 3010 1209 ;
3044 1143 3121 1196 ita
3163 1147 3220 1196 et
3265 1143 3496 1196 illorum
3539 1143 3720 1196 animi
3753 1143 3916 1213 pleni

2209 1238 2341 1287 sunt
2389 1233 2600 1287 morbis
2632 1233 2839 1304 quibus
2871 1250 2973 1286 sua
2995 1232 3221 1304 jejunia
3265 1235 3631 1288 confitentur.
3685 1235 3912 1288 Etenim

2205 1322 2388 1391 ipsam
2403 1320 2719 1392 nequitiam
2740 1325 2980 1375 matrem
2995 1321 3255 1376 omnium
3266 1322 3556 1388 vitiorum,
3582 1338 3647 1376 ex
3665 1339 3733 1376 eo
3754 1324 3911 1394 quod

2207 1409 2598 1480 nequidquam
2636 1409 2728 1475 sit,
2762 1409 2818 1463 id
2849 1413 2931 1462 est
2963 1425 3029 1463 ex
3058 1426 3123 1463 eo
3154 1409 3309 1480 quod
3341 1410 3486 1465 nihil
3533 1411 3625 1478 sit,
3687 1415 3915 1465 veteres

2208 1497 2416 1552 dictam
2450 1513 2571 1552 esse
2597 1498 2919 1551 voluerunt.
2954 1497 3057 1551 Cui
3078 1497 3213 1551 vitio
3255 1515 3385 1569 quae
3416 1499 3701 1553 contraria
3729 1500 3912 1554 virtus

2207 1590 2313 1656 est,
2344 1585 2639 1657 frugalitas
2667 1585 3017 1640 nominatur.
3049 1587 3116 1639 Ut
3147 1586 3327 1656 igitur
3345 1586 3716 1658 hzzec‘afruge,
3742 1587 3801 1642 id
3826 1593 3916 1642 est

2207 1691 2240 1729 a
2268 1675 2476 1740 fructu,
2509 1678 2746 1745 propter
2775 1673 3084 1745 quamdam
3105 1674 3434 1729 animorum
3455 1675 3911 1744 fecunditatem;

2207 1764 2284 1817 ita
2315 1763 2412 1816 illa
2440 1763 2509 1816 ab
2540 1762 2858 1828 sterilitate,
2891 1763 2997 1817 hoc
3027 1767 3110 1818 est
3140 1781 3171 1817 a
3203 1764 3403 1830 nihilo,
3435 1766 3695 1836 nequitia
3726 1766 3912 1820 nomi-

2207 1856 2340 1906 nata
2371 1855 2488 1906 est:
2522 1851 2667 1905 nihil
2697 1855 2783 1905 est
2811 1851 2965 1905 enim
2987 1868 3157 1906 omne
3189 1853 3342 1924 quod
3374 1852 3522 1920 fluit,
3555 1855 3710 1925 quod
3743 1855 3915 1910 solvi-

2206 1945 2318 2004 tur,
2352 1939 2504 2008 quod
2528 1939 2790 2010 liquescit
2825 1944 2882 1993 et
2914 1940 3075 2010 quasi
3105 1957 3331 2012 semper
3375 1942 3542 2012 perit.
3597 1943 3732 1998 Ideo
3767 1945 3914 1998 tales

2204 2027 2468 2082 homines
2501 2028 2672 2082 etiam
2702 2027 2949 2098 perditos
2979 2028 3239 2083 dicimus.
3283 2031 3377 2084 Est
3421 2035 3614 2084 autem
3662 2031 3909 2102 aliquid.

2205 2114 2250 2168 si
2283 2121 2492 2181 manet,
2523 2115 2569 2168 si
2596 2119 2834 2183 constat,
2863 2116 2908 2169 si
2951 2132 3176 2188 semper
3206 2118 3317 2172 tale
3350 2123 3453 2184 est,
3493 2122 3552 2171 ut
3582 2124 3667 2174 est
3697 2120 3904 2185 virtus,

2206 2205 2366 2275 cujus
2390 2220 2598 2275 magna
2627 2221 2758 2274 pars
2791 2208 2875 2259 est
2904 2208 3073 2276 atque
3103 2205 3656 2278 pulcherrima,qua3
3689 2212 3912 2280 tempe-

2203 2295 2392 2348 rantia
2411 2298 2466 2348 et
2496 2293 2793 2363 frugalitas
2826 2293 3052 2348 dicitur.
3091 2294 3200 2348 Sed
3248 2295 3295 2349 si
3343 2296 3452 2350 hoc
3491 2297 3791 2351 obscurius
3824 2304 3913 2353 est

2205 2399 2378 2455 quam
2406 2385 2470 2436 ut
2498 2380 2554 2434 id
2575 2381 2696 2452 jam
2723 2397 2821 2435 vos
2842 2380 3032 2435 videre
3060 2381 3287 2452 possitis
3312 2399 3326 2450 ;
3358 2388 3505 2436 certe
3534 2384 3677 2438 illud
3706 2401 3910 2440 conce-

2206 2471 2355 2537 ditis,
2390 2469 2525 2542 quia
2540 2470 2587 2522 si
2609 2469 3200 2540 animiimperitorum
3233 2471 3406 2526 etiam
3431 2471 3541 2544 ipsi
3560 2473 3719 2542 pleni
3744 2479 3906 2541 sunt,

2203 2560 2268 2612 ut
2292 2571 2618 2626 corporum,
2652 2554 2732 2608 ita
2760 2554 3085 2608 animorum
3118 2555 3229 2610 duo
3259 2557 3664 2611 alimentorum
3693 2575 3912 2630 genera

2204 2645 2608 2710 inveniuntur;
2640 2659 2820 2697 unum
2852 2643 3079 2698 salubre
3102 2645 3444 2715 atqueutile,
3478 2646 3722 2702 alterum
3751 2664 3912 2703 mor-

2204 2734 2402 2788 bidum
2441 2736 2610 2803 atque
2638 2732 2990 2803 pestiferum.

2277 2826 2328 2878 9.
2361 2822 2499 2887 Quae
2529 2837 2659 2876 cum
2687 2821 2768 2875 ita
2796 2820 2927 2888 sint,
2962 2820 3209 2876 arbitror
3242 2822 3332 2877 die
3364 2823 3542 2878 natali
3570 2841 3722 2892 meo,
3755 2843 3906 2897 quo-

2204 2913 2358 2966 niam
2391 2911 2503 2966 duo
2536 2911 2796 2982 quaedam
2829 2909 3024 2965 essein
3051 2911 3285 2965 homine
3312 2913 3574 2967 convenit
3605 2913 3755 2968 inter
3771 2931 3904 2982 nos,

2205 3002 2261 3056 id
2291 3017 2494 3071 corpus
2536 3003 2707 3071 atque
2739 2998 3011 3066 animam,
3061 3015 3173 3054 non
3229 3017 3320 3054 me
3373 3002 3677 3071 prandium
3729 3004 3908 3074 paulo

2205 3091 2416 3145 lautius
2428 3089 2758 3160 corporibus
2771 3088 2977 3142 nostris
2993 3089 3197 3155 solum,
3218 3089 3315 3143 sed
3331 3094 3387 3143 et
3407 3089 3613 3144 animis
3625 3091 3796 3145 etiam
3816 3109 3911 3146 ex-

2206 3180 2402 3234 hibere
2426 3179 2651 3233 debere.
2667 3177 2827 3242 Quod
2843 3181 3033 3231 autem
3047 3177 3151 3231 hoc
3165 3177 3553 3249 sitprandium
3565 3221 3578 3248 ,
3593 3179 3640 3233 si
3653 3181 3910 3249 esuritis,

2205 3270 2515 3340 proferam.
2549 3268 2691 3321 Nam
2731 3265 2775 3320 si
2824 3283 2922 3320 vos
2967 3266 3195 3333 invitos,
3249 3271 3307 3321 et
3353 3267 3707 3323 fastidientes
3753 3271 3912 3324 alere

2207 3358 2473 3424 conabor,
2533 3356 2741 3410 frustra
2790 3371 3023 3425 operam
3070 3355 3391 3424 insumam;
3452 3358 3723 3429 magique
3775 3365 3915 3414 vota

2206 3445 2460 3500 facienda
2488 3449 2641 3510 sunt,
2672 3447 2737 3498 ut
2778 3445 2918 3498 tales
2958 3445 3153 3515 epulas
3196 3445 3386 3515 potius
3417 3462 3590 3516 quam
3621 3446 3746 3500 illas
3777 3463 3912 3501 cor-

2205 3535 2362 3607 poris
2393 3532 2738 3589 desideretis.
2788 3533 2951 3598 Quod
2991 3533 3214 3587 eveniet
3253 3534 3300 3587 si
3349 3535 3473 3588 sani
3517 3534 3696 3589 animi
3724 3536 3912 3590 vestri

2206 3624 2456 3680 fuerint:
2491 3623 2628 3692 aegri
2679 3622 2854 3689 enim,
2887 3622 3030 3676 sicut
3059 3621 3119 3676 in
3149 3622 3361 3676 morbis
3409 3623 3588 3694 ipsius
3646 3625 3912 3694 corporis

2205 3715 2485 3783 videmus,
2516 3712 2670 3767 cibos
2712 3728 2841 3766 suos
2878 3716 3144 3765 recusant
3168 3717 3224 3765 et
3253 3717 3554 3783 respuunt.
3592 3712 3803 3767 Omnes
3848 3731 3912 3768 se

2205 3805 2364 3859 vultu
2393 3803 2516 3873 ipso
2531 3806 2586 3856 et
2611 3801 2996 3856 consentiente
3013 3815 3167 3869 voce,
3185 3800 3466 3872 quidquid
3487 3818 3909 3877 praeparassem

2199 3892 2320 3963 jam
2347 3894 2566 3944 tumere
2594 3905 2656 3942 ac
2684 3904 2881 3942 vorare
2911 3889 3052 3941 velle
3083 3887 3366 3942 dixerunt.

2281 3982 2363 4035 10.
2417 3981 2601 4050 Atque
2630 3993 2735 4048 ego
2765 3992 2962 4031 rursus
2994 3975 3323 4031 exordiens:
3394 3977 3597 4032 Beatos
3648 3994 3768 4033 esse
3800 3996 3912 4034 nos

2204 4069 2485 4134 volumus,
2517 4067 2751 4138 inquam
2780 4065 2808 4118 ?
2856 4065 2956 4118 Vix
2987 4064 3095 4118 hoc
3151 4065 3487 4133 effuderam,
3534 4075 3914 4124 occurrerunt

2205 4175 2323 4214 una
2363 4173 2496 4212 voce
2551 4154 2995 4210 consentientes.
3049 4155 3357 4209 Videturne
3409 4155 3592 4224 vobis,
3633 4156 3909 4228 inquam,

2206 4248 2404 4302 beatus
2441 4261 2588 4300 essse
2631 4243 2731 4316 qui
2775 4243 2927 4314 quod
2959 4245 3080 4297 vult
3109 4259 3223 4297 non
3256 4244 3474 4298 habet?
3520 4246 3906 4316 Negaverunt.

2205 4335 2353 4400 Quid
2372 4335 2400 4390 ?
2430 4333 2614 4390 omnis
2644 4332 2744 4404 qui
2773 4332 2928 4403 quod
2979 4331 3100 4386 vult
3129 4331 3321 4399 habet,
3352 4332 3551 4387 beatus
3591 4335 3725 4388 est?
3761 4335 3912 4390 Tum

2204 4429 2422 4478 mater:
2451 4423 2508 4478 Si
2553 4422 2725 4488 bona,
2768 4420 2978 4492 inquit,
3017 4419 3150 4474 velit
3181 4424 3236 4475 et
3277 4421 3504 4489 habeat,
3534 4421 3735 4476 beatus
3780 4429 3909 4491 est;

2205 4513 2253 4566 si
2281 4517 2474 4567 autem
2505 4511 2657 4564 mala
2685 4509 2841 4576 velit,
2873 4508 3134 4580 quamvis
3183 4509 3408 4577 habeat,
3442 4511 3617 4566 miser
3647 4517 3749 4566 est.
3802 4514 3912 4567 Cui

2206 4617 2313 4673 ego
2339 4600 2598 4655 arridens
2628 4603 2798 4670 atque
2821 4597 3070 4669 gestiens
3094 4600 3334 4670 :Ipsam,
3358 4598 3616 4670 inquam,
3647 4615 3908 4670 prorsus,

2205 4695 2405 4758 mater,
2438 4705 2626 4743 arcem
2653 4687 3038 4758 philosophice
3093 4687 3346 4742 tenuisti.
3385 4689 3529 4742 Nam
3562 4688 3665 4743 tibi
3698 4691 3908 4759 procul

2207 4779 2380 4836 dubio
2409 4779 2583 4834 verba
2615 4778 2941 4845 defuerunt,
2970 4783 3032 4832 ut
3065 4794 3182 4832 non
3211 4777 3358 4832 sicut
3379 4779 3599 4834 Tullius
3646 4783 3702 4832 te
3732 4779 3908 4834 modo

2205 4869 2504 4942 penderes,
2520 4868 2680 4939 cujus
2709 4867 2778 4921 de
2807 4867 2913 4921 hac
2945 4867 3226 4921 sententia
3245 4867 3417 4921 verba
3438 4867 3545 4922 ista
3574 4872 3727 4922 sunt.
3761 4869 3908 4922 Nam

2208 4960 2267 5013 in
2293 4956 2616 5022 Hortensio,
2649 4971 2820 5026 quem
2867 4955 2937 5009 de
2986 4954 3152 5009 laude
3183 4971 3246 5009 ac
3291 4954 3624 5010 defensione
3654 4955 3908 5026 philoso-

2205 5048 2357 5120 phize
2409 5046 2621 5101 librum
2669 5044 2838 5098 fecit:
2879 5045 3012 5098 Ecce
3040 5047 3240 5114 autem,
3299 5043 3396 5109 ait,
3446 5059 3552 5098 non
3595 5045 3910 5113 philosophi

2207 5136 2445 5207 quidem,
2487 5134 2581 5189 sed
2622 5134 2866 5202 prompti
2913 5136 3090 5186 tamen
3147 5133 3222 5186 ad
3272 5132 3686 5202 disputandum,
3728 5149 3908 5188 omnes

2205 5227 2362 5279 aiunt
2403 5238 2513 5278 esse
2553 5221 2728 5274 beatos
2777 5222 2873 5289 qui
2917 5222 3106 5274 vivant
3146 5225 3206 5275 ut
3250 5223 3360 5290 ipsi
3387 5222 3572 5275 velint.
3601 5222 3818 5276 Falsum
3849 5223 3910 5275 id

2205 5312 2459 5382 quidem:
2497 5311 2642 5365 Velle
2678 5311 2818 5363 enim
2844 5309 2988 5378 quod
3030 5324 3138 5364 non
3173 5309 3376 5378 deceat,
3409 5309 3553 5363 idem
3595 5312 3776 5379 ipsum
3810 5313 3909 5364 mi-

2203 5401 2509 5456 serrimum.
2543 5399 2648 5453 Nec
2677 5401 2789 5451 tam
2807 5401 3062 5452 miserum
3084 5402 3163 5452 est
3191 5413 3297 5453 non
3325 5399 3561 5468 adipisci
3580 5398 3726 5466 quod
3750 5400 3903 5465 velis,

2206 5501 2368 5554 quam
2407 5485 2646 5556 adipisci
2669 5487 2802 5540 velle
2829 5487 2973 5556 quod
2999 5502 3106 5542 non
3137 5492 3402 5556 oporteat.
3438 5489 3568 5542 Plus
3590 5489 3732 5541 enim
3773 5489 3909 5542 mali

2204 5577 2456 5644 pravitas
2491 5575 2784 5631 voluntatis
2811 5577 2991 5645 affert,
3023 5591 3186 5645 quam
3218 5577 3444 5642 fortuna
3474 5578 3728 5645 cuiquam
3762 5577 3901 5632 boui.
