4058 6356
164 326 274 378 965

160 444 230 496 In
270 443 478 514 quibus
515 441 704 496 verbis
761 441 858 495 illa
914 441 992 496 sic
1054 443 1423 510 exclamabat,
1475 447 1540 498 ut
1571 443 1733 498 obliti
1761 461 1864 515 pe-

162 531 323 586 nitus
355 547 520 585 sexus
551 531 692 601 ejus,
734 546 1010 600 magnum
1061 531 1310 603 aliquem
1341 532 1529 586 virum
1578 533 1870 586 considere

163 620 473 676 nobiseum
501 619 991 687 crederemus,me
1007 618 1259 685 interim,
1285 626 1567 692 quantum
1591 625 1872 691 poteram,

163 709 528 779 intelligente
559 725 626 762 ex
659 724 771 778 quo
801 707 919 773 illa,
963 713 1020 762 et
1054 724 1224 779 quam
1255 708 1446 763 divino
1476 709 1634 764 fonte
1673 725 1873 762 mana-

161 803 318 852 rent.
355 799 418 851 Et
450 796 730 850 Licentius
764 812 776 849 :
812 796 909 849 sed
942 795 1273 863 dicendum,
1304 796 1511 867 inquit,
1548 797 1654 851 tibi
1681 802 1782 863 est,
1816 799 1877 849 ut

165 887 374 940 beatus
404 886 474 938 sit
503 885 770 956 quisque,
801 883 939 955 quid
971 885 1115 938 velle
1157 886 1380 954 debeat,
1413 891 1468 941 et
1499 902 1745 958 quarum
1787 901 1876 939 re-

170 992 308 1030 rum
337 990 469 1028 eum
500 977 762 1044 oporteat
800 973 1008 1027 habere
1042 973 1408 1028 desiderium.
1443 975 1622 1029 Invita
1643 991 1756 1042 me,
1789 974 1877 1028 in-

171 1080 374 1135 quam,
409 1062 582 1116 natali
610 1066 728 1127 tuo,
752 1061 982 1132 quando
1015 1062 1372 1132 dignaberis;
1393 1063 1672 1134 quidquid
1703 1079 1878 1134 appo-

171 1151 360 1206 sueris
381 1151 624 1205 libenter
653 1166 894 1204 sumam.
915 1151 1036 1214 Qua
1062 1151 1388 1206 conditione
1415 1152 1584 1206 hodie
1615 1152 1765 1222 apud
1789 1167 1880 1205 me

175 1246 242 1296 ut
265 1240 512 1311 epuleris
541 1243 692 1310 peto,
718 1255 823 1291 nec
852 1239 1075 1308 flagites
1097 1240 1252 1309 quod
1276 1240 1508 1294 fortasse
1538 1256 1655 1293 non
1687 1243 1768 1293 est
1787 1257 1883 1310 pa-

172 1328 391 1376 ratum.
425 1322 604 1385 Quem
634 1335 764 1374 cum
795 1319 1071 1373 modestaa
1103 1335 1165 1372 ac
1194 1321 1529 1374 verecundze
1567 1320 1881 1374 commoni-

173 1412 354 1466 tionis
385 1425 501 1465 sum
529 1409 872 1480 pamiteret:
906 1409 1051 1478 Ergo
1093 1407 1256 1475 illud,
1310 1409 1569 1480 inquam,
1621 1409 1884 1463 convenit

175 1502 332 1555 inter
361 1515 487 1565 nos,
520 1513 708 1568 neque
738 1513 1089 1568 quemquam
1121 1497 1355 1552 beatum
1404 1514 1522 1552 esse
1566 1514 1750 1569 posse,
1785 1497 1883 1568 qui

176 1587 340 1658 quod
369 1591 468 1640 vut
489 1602 604 1640 non
633 1586 804 1640 habet
828 1604 842 1655 ;
871 1601 1056 1656 neque
1084 1602 1316 1640 omnem
1347 1586 1615 1658 quiquod
1645 1587 1765 1640 vult
1784 1587 1884 1640 ha-

175 1678 300 1742 bet,
331 1676 565 1730 beatum
594 1690 714 1728 esse
738 1676 766 1728 ‘?
799 1674 1112 1728 Dederunt.

258 1769 344 1820 11.
378 1765 521 1829 Quid
546 1763 704 1818 illud.
737 1762 996 1834 inquam,
1025 1762 1350 1828 conceditis,
1374 1779 1602 1818 omnem
1631 1763 1731 1835 qui
1753 1763 1884 1817 bea-

176 1859 276 1909 tus
308 1869 422 1907 non
455 1857 556 1919 est,
585 1852 1000 1922 miserumjesse
1021 1855 1049 1906 ‘?
1079 1853 1201 1906 Non
1230 1852 1652 1907 dubitaverunt.
1692 1853 1886 1908 Omnis

178 1945 384 2015 igitur,
418 1943 676 2012 inquam,
723 1941 822 2012 qui
853 1941 1008 2012 quod
1057 1942 1178 1996 vult
1210 1959 1327 1996 non
1355 1943 1544 2008 habet,
1579 1942 1752 1996 miser
1781 1946 1883 1996 est.

180 2032 410 2089 Placuit
435 2031 726 2086 omnibus.
765 2030 912 2094 Quid
937 2046 1073 2101 ergo
1103 2030 1210 2084 sibi
1239 2030 1412 2084 homo
1443 2045 1775 2102 comparare
1796 2031 1889 2084 de-

180 2124 304 2188 bet,
336 2125 403 2174 ut
429 2120 628 2174 beatus
658 2118 750 2185 sit,
783 2119 1016 2189 inquam
1037 2119 1064 2173 ?
1096 2120 1261 2172 Forte
1284 2119 1435 2172 enim
1469 2120 1640 2173 etiam
1668 2120 1775 2173 hoc
1796 2118 1888 2172 isti

180 2214 380 2264 nostro
411 2206 666 2261 convivio
693 2205 1238 2271 subministrabitur,
1281 2221 1353 2260 ne
1383 2206 1618 2260 Licentii
1647 2206 1886 2261 aviditas

184 2296 516 2368 negligatur
539 2311 551 2348 :
570 2310 707 2349 nam
727 2295 806 2360 id,
823 2294 1047 2366 opinor,
1067 2295 1118 2348 ei
1148 2297 1599 2364 comparandum
1617 2301 1721 2363 est,
1738 2295 1891 2366 quod

183 2403 322 2440 cum
352 2385 493 2446 vult,
525 2384 714 2438 habet.
749 2383 1106 2438 Manifestum
1151 2400 1270 2438 esse
1302 2384 1586 2439 dixerunt.
1620 2385 1684 2439 Id
1731 2400 1889 2454 ergo,

184 2476 429 2546 inquam
459 2488 684 2544 semper
716 2488 974 2538 manens,
1005 2488 1111 2526 nec
1160 2489 1223 2526 ex
1274 2473 1505 2527 fortuna
1552 2473 1891 2544 pendulum,

185 2581 298 2618 nec
323 2563 454 2618 ullis
485 2563 804 2632 subjectum
831 2561 1051 2615 casibus
1082 2577 1201 2615 esse
1224 2561 1417 2617 debet.
1446 2563 1587 2616 Nam
1614 2561 1894 2634 quidquid

189 2652 436 2708 mortale
464 2655 520 2705 et
547 2651 821 2705 caducum
853 2653 955 2715 est,
987 2665 1105 2704 non
1139 2655 1326 2720 potest
1367 2668 1400 2704 a
1449 2651 1612 2705 nobis
1662 2651 1893 2722 quando

190 2743 478 2807 volumus,
514 2743 570 2794 et
597 2739 873 2810 quamdiu
895 2738 1158 2792 volumus
1184 2738 1403 2793 haberi.
1430 2740 1899 2793 Assentiebantur

189 2846 416 2885 omnes.
447 2829 555 2883 Sed
585 2828 884 2899 Trygetius
918 2845 930 2882 :
972 2827 1132 2892 Sunt,
1167 2827 1359 2898 inquit
1388 2828 1555 2881 multi
1598 2828 1895 2894 fortunati,

187 2918 293 2990 qui
325 2933 418 2971 eas
447 2917 594 2986 ipsas
620 2931 711 2970 res
740 2915 968 2986 fragiles
1004 2914 1339 2986 casibusque
1371 2915 1671 2984 subiectas,
1703 2920 1896 2969 tamen

179 3006 476 3074 jucundas
503 3021 608 3076 pro
637 3004 742 3058 hac
771 3004 887 3058 vita
928 3004 1214 3057 cumulate
1269 3004 1538 3074 largeque
1569 3003 1899 3075 possideant

189 3112 298 3150 nec
329 3095 646 3166 quidquam
677 3092 788 3147 illis
819 3108 1021 3147 eorum
1052 3109 1179 3162 quae
1210 3096 1414 3146 votunt
1444 3093 1608 3147 desit.
1645 3093 1745 3148 Cui
1769 3108 1894 3163 ego:

196 3183 310 3248 Qui
337 3183 519 3249 timet,
555 3183 816 3252 inquam,
848 3181 1144 3235 videturne
1174 3180 1281 3234 tibi
1323 3181 1523 3234 beatus
1572 3198 1694 3236 esse
1715 3183 1744 3235 ?
1773 3183 1898 3236 Non

195 3273 444 3338 videtur,
479 3270 679 3341 inquit.
716 3272 857 3340 Ergo
893 3270 1043 3340 quod
1096 3275 1249 3324 amat
1284 3271 1528 3341 quisque
1560 3270 1607 3324 si
1637 3271 1900 3325 amittere

195 3365 408 3433 potest,
466 3363 723 3430 potestne
774 3375 890 3413 non
940 3358 1197 3413 timere?
1242 3359 1365 3412 Non
1428 3363 1632 3429 potest,
1687 3360 1897 3430 inquit.

197 3449 404 3505 Amitti
441 3454 632 3503 autem
653 3449 1012 3518 possuntilla
1026 3447 1282 3502 fortuita.
1318 3448 1442 3502 Non
1469 3448 1646 3518 igitur
1661 3449 1780 3502 hazc
1805 3449 1903 3520 qui

201 3544 358 3595 amat
385 3543 440 3592 et
468 3537 739 3609 possidet,
765 3543 955 3608 potest
981 3539 1097 3591 ullo
1130 3536 1302 3591 modo
1334 3537 1535 3591 beatus
1571 3554 1710 3592 esse.
1751 3539 1903 3592 Nihil

199 3625 562 3698 repugnavit.
589 3627 704 3679 Hoc
747 3626 865 3678 loco
904 3630 1097 3678 autem
1131 3629 1314 3678 mater
1344 3643 1359 3678 :
1395 3623 1627 3678 Etiamsi
1674 3640 1905 3679 securus

201 3717 276 3769 sit
307 3715 514 3785 inquit,
548 3731 610 3768 ea
641 3731 700 3768 se
730 3713 921 3767 omnia
970 3729 1084 3766 non
1135 3729 1252 3765 esse
1307 3713 1675 3777 amissurum,
1711 3716 1905 3765 tamen

201 3805 412 3859 talibus
444 3803 635 3857 satiari
665 3819 777 3856 non
792 3801 1016 3873 poterit.
1053 3803 1196 3872 Ergo
1228 3805 1284 3855 et
1313 3818 1378 3855 eo
1405 3802 1598 3866 miser,
1628 3817 1741 3871 quo
1765 3815 1908 3853 sem-

202 3911 310 3966 per
339 3898 424 3947 est
448 3893 702 3966 indigus.
744 3891 1001 3962 Cuiego:
1032 3891 1198 3955 Quid,
1233 3890 1491 3961 inquam,
1525 3889 1614 3944 his
1639 3891 1906 3944 omnibus

205 3983 506 4038 abundans
535 3980 704 4035 rebus
735 3987 904 4051 atque
932 3979 1369 4045 circumﬂuens,
1416 3979 1462 4032 si
1484 3979 1752 4050 cupiendi
1785 3995 1906 4033 mo-

203 4075 343 4129 dum
374 4072 482 4126 sibi
503 4075 730 4137 statuat,
762 4069 954 4140 eisque
984 4073 1283 4123 coutentus
1314 4069 1585 4122 decenter
1624 4067 1909 4134 jucunde-

204 4179 321 4234 que
344 4161 709 4232 perfruatur;
743 4175 934 4213 nonne
961 4159 1062 4212 tibi
1090 4158 1315 4212 videtur
1350 4158 1551 4212 beatus
1565 4159 1719 4211 ‘?Non
1750 4174 1908 4229 ergo,

205 4250 420 4322 inquit,
450 4249 562 4303 illis
593 4249 780 4314 rebus,
797 4248 912 4308 ,sed
957 4247 1133 4301 animi
1165 4247 1253 4300 sui
1281 4246 1678 4300 moderatione
1708 4248 1911 4302 beatus

205 4346 319 4396 est.
357 4338 602 4410 Optime,
634 4338 892 4408 inquam,
940 4353 1043 4390 nec
1074 4335 1204 4390 huic
1250 4334 1688 4406 interrogationi
1736 4335 1911 4403 aliud,

206 4445 316 4483 nec
347 4427 446 4481 abs
471 4432 528 4480 te
558 4425 709 4480 aliud
737 4425 934 4479 debuit
963 4421 1316 4494 responderi.
1353 4424 1498 4493 Ergo
1533 4423 1690 4476 nullo
1740 4423 1913 4478 modo

208 4516 564 4580 dubitamus,
597 4515 642 4568 si
673 4514 800 4585 quis
829 4514 1026 4567 beatus
1074 4529 1193 4565 esse
1249 4510 1471 4580 statuit,
1520 4510 1579 4566 id
1626 4527 1760 4566 eum
1807 4511 1916 4565 sibi

209 4620 542 4676 comparare
568 4603 774 4658 debere
802 4603 957 4674 quod
988 4617 1211 4672 semper
1243 4604 1456 4667 manet,
1512 4616 1615 4654 nec
1644 4601 1764 4655 ulla
1808 4617 1914 4655 sae-

209 4695 402 4748 viente
428 4692 655 4746 fortuna
692 4691 836 4762 eripi
884 4695 1093 4770 pptest.
1147 4690 1278 4755 Hoc,
1330 4689 1536 4759 inquit,
1592 4688 1913 4759 Trygetius,

204 4780 956 4854 jamdudumconsensimus
998 4776 1441 4847 Deus,inquam,
1461 4776 1618 4830 vobis
1641 4781 1914 4844 aeternus,

211 4873 270 4923 et
300 4883 527 4938 semper
553 4881 790 4919 manens
810 4864 1072 4918 videtur?
1092 4864 1204 4917 Hoc
1229 4863 1482 4933 quidem,
1510 4861 1699 4933 inquit
1725 4863 1918 4916 Licen-

211 4957 351 5023 tius,
385 4956 463 5009 ita
491 4957 706 5009 certum
737 4959 840 5019 est,
871 4957 936 5006 ut
964 4951 1414 5022 interrogatione
1447 4967 1562 5006 non
1595 4955 1796 5022 egeat;
1818 4968 1919 5005 caa-

212 5046 440 5117 terique
461 5059 658 5098 omnes
689 5043 786 5112 pia
810 5041 1111 5096 devutione
1142 5041 1573 5097 coucinueruut.
1606 5041 1788 5095 Deum
1815 5039 1921 5112 igi-

213 5143 332 5202 tur,
359 5136 617 5206 inquam,
659 5132 759 5203 qui
796 5132 988 5197 habet,
1023 5131 1224 5185 beatus
1253 5136 1356 5184 est.

293 5227 378 5280 1?.
409 5223 572 5288 Quod
605 5237 732 5275 cum
766 5221 1076 5292 gaudentes
1124 5219 1496 5275 libentissime
1545 5219 1868 5289 acciperent
1902 5231 1916 5274 :

217 5313 369 5368 Nihil
401 5327 561 5382 ergo,
595 5309 854 5380 inquam,
887 5309 1052 5364 nobis
1071 5310 1191 5380 jam
1213 5310 1591 5380 quierendum
1614 5324 1733 5362 esse
1765 5307 1917 5362 arbi-

215 5408 356 5470 tror,
399 5401 512 5456 nisi
539 5399 669 5470 quis
699 5399 997 5454 hominum
1027 5399 1235 5452 habeat
1277 5399 1491 5465 Deum;
1529 5397 1730 5452 beatus
1771 5396 1925 5451 enim

216 5492 468 5563 profecto
501 5490 549 5544 is
579 5487 707 5542 erit.
743 5488 820 5541 De
868 5504 982 5559 quo
1040 5502 1236 5558 quaaro
1283 5486 1424 5556 quid
1449 5485 1608 5540 vobis
1641 5485 1919 5542 videatur.

219 5581 316 5637 Hic
341 5577 630 5636 Licentius
659 5577 877 5631 :Deum
905 5576 1096 5645 habet,
1129 5574 1390 5646 quibene
1407 5574 1560 5630 vivit.
1593 5574 1915 5647 Trygetius:

1700 322 1910 378 LIBER
1953 321 2049 378 [ΙΝ
2055 321 2159 377 US.

3583 329 3684 380 966

1986 445 2167 497 Deum
2203 442 2392 507 habet,
2420 443 2629 514 inquit,
2657 443 2757 514 qui
2785 443 2917 496 facit
2947 459 3072 514 quae
3105 445 3249 498 Deus
3283 447 3403 499 vult
3433 447 3578 503 ﬁeri.
3611 448 3675 501 In

1981 533 2144 602 cujus
2172 531 2511 585 sententiam
2568 531 2920 586 Lastidianus
2951 533 3245 586 concessit.
3285 535 3431 588 Puer
3481 539 3678 590 autem

1983 620 2078 673 ille
2109 619 2382 673 minimus
2412 619 2701 674 omnium:
2731 623 2780 673 Is
2803 621 2972 675 habet
3003 622 3202 687 Deum,
3226 622 3324 690 ait,
3367 623 3466 693 qui
3506 623 3683 694 spiri-

1982 713 2106 762 tum
2136 707 2500 762 immundum
2529 724 2645 761 non
2700 709 2886 762 habet.
2924 711 3098 763 Mater
3138 727 3270 764 vero
3303 711 3518 777 omnia,
3581 712 3682 766 sed

1983 797 2090 850 hoc
2114 796 2358 850 maxime
2390 796 2737 866 approbavit.
2779 797 3045 868 Navigius
3075 799 3314 853 tacebat.
3340 799 3524 862 Quem
3553 815 3684 853 cum

1986 885 2429 956 iuterrogassem
2447 884 2583 955 quid
2607 885 2858 953 sentiret,
2883 886 3020 940 illud
3045 886 3313 941 ultimum
3335 887 3442 941 sibi
3457 889 3685 957 placere

1986 973 2298 1044 respondit.
2330 973 2441 1026 Nec
2483 972 2776 1026 Rusticum
2810 974 3129 1042 percontari
3170 975 3355 1029 visum
3387 980 3470 1029 est
3501 977 3683 1046 negli-

1987 1062 2262 1133 gendum,
2285 1077 2553 1133 quaenam
2576 1066 2720 1114 esset
2739 1061 2806 1114 de
2824 1077 2884 1115 re
2911 1066 3069 1115 tanta
3090 1063 3212 1132 ejus
3247 1065 3550 1134 sententia,
3581 1065 3683 1134 qui

1987 1151 2131 1204 mihi
2163 1150 2462 1204 videbatur
2484 1166 2601 1204 non
2622 1149 3030 1204 deliberatione
3057 1151 3238 1222 magis
3257 1169 3429 1224 quam
3457 1153 3671 1224 pudore

1988 1239 2298 1310 impeditus
2325 1239 2520 1306 silere;
2553 1238 2817 1308 Trygetio
2843 1239 3146 1292 consensit.

2065 1330 2147 1381 l3.
2181 1327 2323 1381 Tum
2355 1342 2494 1396 ego:
2539 1327 2748 1393 Teneo,
2780 1326 3034 1397 inquam,
3087 1325 3348 1381 omnium
3380 1328 3586 1398 placita
3617 1329 3690 1382 de

1991 1431 2051 1470 re
2083 1431 2291 1485 magna
2319 1432 2476 1481 sane,
2511 1419 2566 1469 et
2596 1414 2745 1468 ultra
2774 1430 2948 1484 quam
2995 1430 3101 1468 nec
3147 1414 3326 1485 quaeri
3371 1415 3694 1486 quidquam

1992 1511 2236 1576 oportet,
2269 1523 2374 1560 nec
2418 1505 2664 1560 inveniri
2692 1509 2898 1576 potest,
2929 1505 2978 1558 si
3008 1505 3178 1559 modo
3209 1521 3356 1573 eam,
3399 1507 3483 1561 uti
3514 1508 3696 1578 coepi-

1992 1611 2141 1661 mus,
2170 1593 2529 1649 serenissime
2560 1610 2624 1648 ac
2653 1593 3034 1648 sincerissime
3065 1593 3500 1664 investigemus.
3531 1595 3695 1660 Quod

1991 1682 2162 1738 hodie
2188 1683 2323 1754 quia
2341 1683 2582 1754 longum
2610 1687 2711 1749 est,
2746 1687 2802 1737 et
2830 1683 3116 1736 habentin
3137 1683 3320 1753 epulis
3337 1683 3456 1736 suis
3488 1687 3542 1737 et
3567 1684 3696 1738 ani-

1992 1771 2074 1825 mi
2101 1771 2409 1842 quamdam
2429 1770 2733 1836 luxuriem,
2766 1770 2812 1822 si
2840 1771 2986 1824 ultra
3011 1770 3250 1824 modum
3279 1770 3341 1824 in
3371 1788 3465 1824 eas
3495 1776 3552 1826 et
3595 1788 3694 1825 vo-

1994 1858 2200 1912 raciter
2221 1859 2442 1912 irruant
2462 1859 2560 1927 (ita
2581 1858 2733 1912 enim
2764 1859 2911 1912 male
2942 1858 3364 1928 quodammodo
3390 1859 3693 1929 digerunt;

1993 1947 2145 2001 unde
2166 1946 2480 2000 valetudini
2499 1947 2782 2001 mentium
2805 1964 2920 2001 non
2938 1947 3129 2001 minus
3153 1963 3327 2018 quam
3349 1947 3419 2001 ab
3445 1947 3546 2001 illa
3566 1947 3691 2018 ipsa

1995 2035 2144 2090 fame
2175 2035 2550 2090 metuendum
2582 2036 2708 2106 est),
2749 2036 2953 2090 melius
2997 2053 3098 2089 nos
3128 2035 3249 2090 haec
3284 2035 3526 2104 quaestio
3575 2053 3701 2090 eras

1997 2123 2326 2190 esurientes,
2346 2123 2393 2178 si
2415 2124 2662 2193 videtur,
2691 2123 2950 2194 accipiet.
2985 2123 3132 2178 Illud
3159 2124 3332 2178 modo
3363 2123 3614 2178 libenter
3634 2124 3702 2178 li-

1999 2212 2234 2282 guriatis
2262 2213 2410 2279 volo,
2446 2213 2601 2283 quod
2631 2211 2817 2266 subito
2850 2211 2993 2266 mihi
3023 2211 3396 2266 ministratori
3425 2217 3609 2266 vestro
3639 2213 3701 2266 in

1999 2305 2251 2355 mentem
2282 2306 2617 2372 suggestum
2663 2305 2748 2355 est
2796 2299 3193 2367 inferendum;
3228 2304 3284 2354 et
3314 2303 3417 2369 est,
3459 2300 3568 2354 nisi
3599 2302 3702 2355 fal-

2001 2390 2110 2460 lor,
2141 2390 2342 2460 qualia'
2362 2390 2548 2443 solent
2601 2389 2805 2443 ultima
2864 2389 3097 2460 apponi,
3155 2389 3316 2460 quasi
3369 2389 3702 2444 scholastice

2002 2478 2172 2532 melle
2224 2478 2544 2532 confectum
2577 2482 2747 2548 atque
2787 2478 3103 2532 conditum.
3163 2478 3286 2542 Quo
3348 2477 3541 2532 audito
3584 2494 3705 2532 sese

2005 2582 2205 2620 omnes
2235 2566 2397 2638 quasi
2429 2566 2488 2620 in
2521 2567 2735 2620 elatum
2765 2567 3045 2620 ferculum
3083 2566 3468 2637 tetenderunt,
3496 2583 3704 2637 coege-

2003 2660 2254 2726 runtque
2277 2660 2340 2710 ut
2359 2655 2544 2709 dicere
2564 2670 2934 2726 properarem
2957 2654 3234 2724 quidnam
3259 2653 3315 2709 id
3343 2659 3510 2710 esset.
3536 2656 3707 2723 Quid,

2003 2743 2262 2814 inquam,
2284 2743 2517 2813 putatis,
2541 2743 2653 2796 nisi
2683 2759 2813 2796 cum
2832 2742 3183 2797 Academicis
3206 2747 3388 2797 totum
3413 2745 3562 2814 quod
3589 2761 3710 2798 sus-

2006 2848 2341 2902 ceperamus
2385 2832 2706 2884 confectum
2754 2848 2875 2886 esse
2922 2831 3258 2902 negotium?
3305 2832 3427 2895 Quo
3474 2838 3707 2902 accepto

2005 2919 2261 2988 nomine,
2293 2925 2407 2973 tres
2437 2919 2522 2972 illi
2547 2919 2757 2990 quibus
2785 2936 2876 2973 res
2909 2925 3044 2972 nota
3069 2923 3210 2987 erat,
3243 2935 3362 2972 sese
3394 2927 3704 2974 erexerunt

2008 3005 2282 3072 alacrius;
2306 3010 2362 3058 et
2392 3005 2546 3058 velut
2574 3005 2864 3075 porrectis,
2898 3010 2963 3059 ut
3016 3005 3100 3074 iit,
3155 3005 3422 3059 manibus
3451 3006 3706 3060 inferen-

2007 3097 2122 3148 tem
2163 3093 2486 3148 ministrum
2527 3094 2886 3164 adjuverunt,
2921 3093 3125 3164 quibus
3155 3097 3471 3164 potuerunt
3499 3095 3708 3161 verbis,

2009 3183 2153 3237 nihil
2183 3199 2239 3236 se
2263 3182 2572 3252 jucundius
2602 3182 2894 3237 audituros
2924 3197 3044 3237 esse
3067 3186 3475 3238 monstrantes.

2085 3273 2165 3325 14.
2201 3272 2344 3325 Tum
2376 3287 2482 3341 ego
2513 3270 2591 3324 ita
2621 3287 2742 3324 rem
2777 3271 3076 3341 proposui.
3115 3270 3173 3325 Si
3205 3272 3576 3327 manifestum
3607 3276 3710 3340 est,

2012 3361 2270 3431 inquam,
2311 3361 2539 3414 beatum
2587 3376 2704 3414 non
2734 3376 2856 3416 esse
2907 3361 3005 3431 qui
3035 3360 3186 3432 quod
3216 3361 3338 3414 vult
3369 3377 3484 3415 non
3520 3361 3711 3427 habet,

2013 3451 2171 3521 quod
2189 3451 2360 3520 paulo
2383 3454 2511 3503 ante
2531 3448 2675 3504 ratio
2696 3449 3137 3514 demonstravit;
3157 3464 3325 3502 nemo
3347 3453 3540 3504 autem
3565 3464 3716 3519 quaa-

2013 3539 2088 3593 rit
2117 3539 2271 3610 quod
2291 3538 2548 3594 invenire
2575 3555 2693 3592 non
2715 3540 2856 3605 vult,
2888 3542 2943 3592 et
2963 3543 3233 3608 quierunt
3259 3537 3343 3591 illi
3371 3554 3600 3609 semper
3629 3554 3718 3591 ve-

2013 3628 2269 3682 ritatem:
2307 3627 2506 3683 volunt
2549 3643 2686 3700 ergo
2736 3627 3025 3693 invenire;
3055 3627 3255 3680 volunt
3295 3626 3475 3697 igitur
3501 3627 3714 3681 habere

2016 3716 2401 3770 inventionem
2451 3716 2723 3770 veritatis.
2755 3718 2830 3770 At
2876 3731 2991 3770 non
3021 3715 3323 3769 inveniunt
3355 3714 3405 3768 ¹;
3458 3715 3718 3786 sequitur

2017 3821 2110 3858 eos
2139 3821 2257 3858 non
2287 3804 2498 3858 habere
2530 3804 2681 3874 quod
2712 3805 2938 3868 volunt;
2973 3807 3029 3858 et
3049 3791 3215 3856 ex‘eo
3244 3803 3507 3873 sequitur
3538 3804 3711 3856 etiam

2016 3893 2209 3948 beatos
2230 3908 2348 3946 non
2369 3908 2510 3946 esse.
2533 3896 2607 3946 At
2632 3907 2802 3946 nemo
2821 3891 3068 3961 sapiens,
3097 3889 3208 3945 nisi
3230 3891 3457 3945 beatus:
3490 3891 3718 3962 sapiens

2015 3981 2191 4052 igitur
2210 3979 2580 4036 Academicus
2595 3996 2711 4035 non
2725 3985 2828 4036 est.
2852 3979 2951 4034 Hic
2963 3983 3200 4050 repente
3220 3979 3322 4043 illi,
3349 3979 3515 4050 quasi
3534 3984 3719 4034 totum

2019 4070 2306 4142 rapientes
2319 4070 2794 4124 exclamaverunt.
2810 4069 2917 4124 Sed
2934 4068 3216 4124 Licentius
3232 4069 3510 4122 attentius
3527 4073 3722 4123 etcau-

2020 4159 2131 4214 tius
2151 4159 2450 4213 advertens
2472 4158 2665 4213 timuit
2690 4157 3101 4227 assensionem,
3126 4162 3298 4229 atque
3320 4158 3592 4228 subjecit:
3616 4160 3722 4213 Ra-

2020 4250 2123 4322 pui
2153 4249 2386 4320 quidem
2441 4249 2753 4316 vobiscum,
2799 4247 3084 4319 siquidem
3115 4246 3427 4300 exclamavi
3459 4245 3559 4302 illa
3587 4262 3725 4300 con-

2022 4339 2274 4394 clusione
2308 4343 2648 4393 commotus.
2681 4337 2787 4392 Sed
2808 4337 2953 4391 nihil
2981 4336 3116 4390 hinc
3144 4335 3444 4390 admittam
3463 4335 3525 4388 in
3551 4335 3726 4391 visce-

2021 4445 2106 4495 ra,
2148 4433 2204 4482 et
2234 4434 2455 4499 partem
2485 4443 2675 4482 meam
2704 4426 2940 4480 servabo
2971 4424 3204 4496 Alypio:
3239 4440 3374 4478 nam
3422 4427 3521 4477 aut
3551 4422 3723 4476 simul

2023 4533 2150 4572 eam
2180 4533 2406 4572 mecum
2431 4517 2659 4579 lambet,
2692 4519 2791 4568 aut
2819 4530 2911 4568 me
2931 4512 3264 4567 admonebit
3286 4528 3390 4566 cur
3416 4527 3530 4565 non
3559 4527 3727 4581 opor-

2022 4609 2136 4658 teat
2167 4605 2465 4674 attingere.
2501 4602 2716 4669 Dulcia,
2751 4601 3010 4671 inquam,
3043 4599 3225 4670 magis
3258 4604 3517 4654 metuere
3547 4599 3719 4653 Navi-

2024 4692 2150 4763 gius
2173 4691 2421 4755 deberet,
2457 4689 2652 4759 splene
2695 4687 2914 4742 vitioso.
2950 4687 3048 4742 Hic
3076 4687 3172 4741 ille
3200 4687 3491 4742 arridens:
3527 4688 3721 4753 Plane,

2024 4779 2232 4850 inquit,
2265 4796 2358 4833 me
2387 4778 2524 4833 talia
2552 4777 2855 4831 sanabunt.
2889 4777 3028 4830 Nam
3053 4776 3240 4830 nescio
3264 4771 3553 4847 quomodo
3585 4792 3724 4830 con-

2025 4873 2236 4923 tortum
2266 4868 2374 4921 hoc
2403 4871 2459 4921 et
2489 4867 2833 4929 aculeatum,
2859 4865 3014 4935 quod
3039 4864 3300 4936 posuisti,
3327 4869 3390 4920 ut
3412 4865 3490 4919 ait
3510 4864 3629 4934 ille,
3653 4863 3722 4918 de

2025 4957 2193 5012 melle
2225 4954 2506 5026 Hymetio,
2558 4954 2762 5008 acriter
2789 4953 2953 5008 dulce
2983 4959 3086 5022 est,
3136 4954 3398 5026 nihilque
3443 4953 3606 5008 inflat
3644 4953 3726 5006 vi-

2028 5061 2202 5100 scera.
2224 5045 2407 5108 Quare
2431 5047 2613 5096 totum
2631 5042 2821 5106 etiam,
2849 5042 3038 5112 palato
3057 5042 3420 5113 aliquantum
3440 5056 3715 5106 remorso,

2028 5138 2222 5188 tamen
2269 5136 2328 5185 ut
2356 5147 2588 5202 possum
2643 5131 3018 5186 libentissime
3046 5132 3108 5185 in
3145 5132 3424 5186 medullas
3471 5127 3719 5198 trajicio.

2032 5223 2157 5276 Non
2183 5219 2339 5275 enim
2358 5219 2523 5275 video
2553 5202 2842 5291 quomodo
2871 5219 3141 5292 redargui
3168 5220 3344 5290 possit
3371 5219 3476 5271 ista
3505 5215 3731 5269 conclu-

2029 5309 2131 5364 sio.
2182 5311 2418 5363 Prorsus
2464 5310 2625 5364 nullo
2670 5309 2841 5365 modo
2885 5313 3093 5380 potest,
3169 5306 3358 5377 inquit
3424 5306 3724 5375 Trygetus.

2029 5400 2214 5464 Quare
2243 5399 2464 5470 gaudeo
2489 5399 2716 5470 jamdiu
2743 5415 2876 5454 cum
2908 5399 3024 5454 illis
3051 5412 3142 5452 me
3171 5393 3504 5450 inimicitias
3535 5408 3727 5448 susce-

2099 5584 2116 5618 ι
2145 5582 2235 5633 Er.
2277 5583 2407 5634 Ven.
2437 5584 2560 5634 Lov.
2586 5584 2843 5642 veritatis,
2875 5585 3060 5633 etnon
3083 5550 3390 5630 inveniunt.
3411 5579 3483 5629 M.
