4058 6350
365 285 465 336 967

364 405 532 476 pisse.
570 404 710 457 Nam
742 399 933 454 nescio
973 413 1088 469 qua
1119 397 1450 468 impellente
1481 399 1703 460 natura,
1735 393 1842 458 vel,
1874 395 1940 445 ut
1967 405 2056 444 ve-

365 493 485 546 rius
514 491 720 554 dicam,
753 489 888 555 Deo,
936 488 1108 540 etiam
1142 485 1396 539 nesciens
1435 482 1725 554 quomodo
1763 477 2060 534 refellendi

367 583 574 643 essent,
608 582 799 630 tamen
829 575 908 628 eis
931 574 1103 628 nimis
1131 573 1489 628 adversabar.

364 693 370 698 -
439 671 527 722 45.
555 665 652 720 Hic
675 664 985 719 Licentius:
1015 664 1146 732 Ego,
1173 661 1378 732 inquit,
1404 661 1529 713 illos
1554 658 1808 712 nondum
1840 656 2058 710 desero.

369 757 537 825 Ergo,
577 753 654 806 ait
682 751 1002 822 Trygetius,
1033 749 1296 805 dissentis
1326 766 1356 802 a
1378 748 1582 802 nobis?
1611 743 2059 816 Numquidnam,

370 845 465 898 ille
498 841 700 911 inquit.
759 857 854 892 vos
883 840 954 892 ab
985 837 1184 906 Alypio
1216 834 1564 890 dissentitis?
1619 833 1719 888 Cui
1758 847 1893 900 ego:
1939 831 2062 883 Non

372 930 592 994 dubito,
627 929 884 998 inquam,
917 927 1056 997 quin
1086 926 1130 977 si
1161 925 1379 978 adesset
1405 921 1660 992 Alypius,
1693 920 1826 975 huic
1854 918 2064 972 ratiun-

369 1020 511 1072 cuiae
543 1018 792 1071 cederet.
829 1017 953 1069 Non
985 1014 1137 1066 enim
1167 1017 1284 1066 tam
1311 1011 1553 1065 absurde
1585 1009 1794 1062 sentire
1819 1010 2060 1077 poterat,
2112 1033 2116 1036 -

372 1113 436 1160 ut
457 1113 554 1159 aut
568 1107 766 1159 beatus
787 1105 882 1156 ille
905 1104 923 1140 ¹
941 1102 1245 1162 videretur,
1261 1100 1360 1170 qui
1381 1104 1602 1153 tantum
1624 1098 1844 1151 bonum
1863 1093 2064 1160 animi,

374 1195 524 1264 quod
551 1192 945 1247 ardentissime
975 1190 1142 1243 vellet
1165 1189 1396 1249 habere,
1427 1204 1542 1240 non
1576 1186 1832 1250 haberet,
1877 1186 1974 1237 aut
2005 1182 2066 1234 il-

371 1281 454 1334 los
479 1281 629 1334 nolle
659 1279 913 1332 invenire
942 1277 1258 1342 veritatem,
1290 1281 1388 1328 aut
1417 1290 1547 1328 eum
1579 1271 1679 1344 qui
1718 1272 1918 1325 beatus
1948 1285 2066 1322 non

373 1369 445 1423 sit
469 1383 589 1422 esse
622 1367 964 1436 sapientem:
999 1381 1128 1418 nam
1158 1364 1245 1418 his
1267 1363 1466 1428 tribus,
1497 1360 1660 1433 quasi
1681 1359 1869 1424 melle,
1895 1359 2062 1424 farre,

375 1461 546 1526 atque
574 1454 810 1518 nucleis,
843 1453 981 1506 illud
1014 1453 1167 1523 quod
1210 1451 1436 1516 metuis,
1471 1455 1719 1520 gustare,
1747 1447 2066 1500 confectum

376 1551 479 1599 est.
510 1545 706 1609 Illene,
750 1542 954 1613 inquit,
998 1541 1130 1595 huic
1162 1545 1274 1594 tam
1305 1555 1492 1610 pravae
1540 1553 1849 1608 puerorum
1879 1535 2068 1588 illece-

377 1635 490 1687 brze
537 1633 777 1691 cederet.
811 1629 1279 1684 Academicorum
1322 1630 1479 1681 tanta
1526 1625 1792 1678 ubertare
1823 1623 2064 1688 deserta,

376 1737 488 1791 qua
517 1719 830 1773 inundante
856 1719 962 1772 hoc
992 1717 1180 1770 nescio
1212 1716 1348 1786 quid
1395 1715 1561 1768 breve
1615 1717 1711 1766 aut
1772 1712 2066 1773 obruetur,

374 1813 472 1862 aut
502 1807 904 1879 pertrahetur?
930 1806 1098 1870 Quasi
1121 1821 1276 1868 vero,
1305 1804 1562 1874 inquam,
1589 1803 1825 1871 longum
1852 1799 2068 1871 aliquid

375 1915 477 1951 nos
539 1912 882 1967 quaeramus,
934 1893 1251 1965 prsesertim
1291 1892 1560 1946 adversus
1599 1890 1892 1961 Alypium:
1937 1903 2070 1941 nam

374 2001 491 2038 non
527 1982 890 2038 mediocriter
924 1998 1094 2052 parva
1126 1981 1234 2034 ista
1273 1995 1391 2033 esse
1425 1977 1591 2032 fortia
1631 1981 1686 2031 et
1717 1977 1902 2044 utilia,
1935 1975 2070 2028 satis

372 2071 476 2125 sibi
501 2072 620 2142 ipse
653 2071 721 2124 de
761 2086 864 2124 suo
896 2085 1134 2140 corpore
1165 2069 1682 2138 argumentaretur.
1742 2066 1822 2119 'I‘u
1878 2068 2068 2118 autem

373 2161 473 2231 qui
503 2158 721 2230 elegisti
747 2159 816 2211 de
845 2157 1092 2212 absentis
1121 2155 1453 2210 auctoritate
1485 2154 1752 2225 pendere,
1787 2152 1921 2224 quid
1961 2153 2070 2206 ho-

371 2265 498 2302 rum
528 2265 645 2302 non
675 2247 920 2317 probas?
949 2245 1148 2298 Utrum
1181 2245 1410 2297 beatum
1441 2259 1559 2296 non
1601 2258 1743 2308 esse,
1783 2241 1882 2312 qui
1915 2239 2072 2311 quod

371 2337 494 2390 vult
517 2352 632 2389 non
658 2333 869 2388 habet?
901 2349 971 2386 an
1001 2333 1130 2386 illos
1160 2348 1335 2402 negas
1363 2332 1507 2385 velle
1539 2331 1749 2384 habere
1779 2329 2071 2382 inventam

373 2425 694 2488 veritatem,
738 2437 911 2492 quam
954 2421 1326 2475 vehementer
1369 2418 1706 2490 inquirunt?
1749 2435 1821 2472 an
1851 2417 2074 2471 videtur

373 2512 480 2566 tibi
511 2511 817 2582 quisquam
839 2508 1065 2579 sapiens
1085 2525 1201 2562 non
1223 2508 1420 2561 beatus
1435 2509 1464 2560 ‘P
1489 2509 1723 2561 Prorsus
1746 2506 1943 2560 beatus
1965 2510 2069 2571 est,

376 2600 587 2670 inquit,
621 2599 718 2670 qui
750 2599 900 2670 quod
929 2599 1052 2652 vult
1096 2613 1208 2651 non
1239 2597 1429 2662 habet,
1463 2596 1624 2667 quasi
1655 2595 2074 2649 stomachanter

377 2689 656 2742 arridens.
710 2688 872 2752 Quod
925 2703 1054 2740 cum
1092 2686 1358 2756 juberem
1414 2686 1477 2738 ut
1524 2684 1891 2738 scriberetur:
1949 2684 2074 2736 Non

377 2777 516 2844 dixi,
548 2776 737 2847 inquit
768 2777 1115 2829 exclamans.
1183 2774 1344 2839 Quod
1377 2773 1515 2828 item
1571 2789 1701 2826 cum
1757 2787 2071 2826 annuerem

378 2866 576 2920 scribi:
614 2865 760 2926 Dixi,
791 2865 998 2937 inquit.
1039 2867 1223 2934 Atque
1254 2879 1360 2933 ego
1393 2862 1566 2916 semel
1595 2876 1980 2932 przeceperam
2010 2865 2076 2914 ut

377 2955 600 3008 nullum
640 2953 875 3006 verbum
906 2956 1116 3022 praeter
1144 2951 1359 3005 litteras
1389 2949 1745 3004 funderetur.
1780 2950 1862 3002 Ita
1891 2948 2075 3002 adole-

376 3042 789 3095 scenteminter
808 3039 1212 3096 verecundiam
1235 3043 1404 3110 atque
1427 3037 1802 3092 constantiam
1832 3035 2076 3107 exagita-

377 3135 500 3183 tum
531 3130 818 3184 tenebam.

452 3223 535 3272 16.
573 3217 680 3272 Sed
710 3233 840 3271 cum
885 3216 975 3269 his
1003 3215 1190 3270 verbis
1220 3231 1350 3269 eum
1375 3209 1653 3282 iocantes,
1685 3213 1848 3284 quasi
1879 3213 1950 3266 ad
1979 3228 2073 3266 ve-

376 3304 639 3358 scendam
671 3303 1008 3374 particulam
1034 3319 1194 3356 suam
1215 3317 1675 3373 provocaremus,
1698 3299 2075 3354 animadverti

376 3395 608 3446 caeteros
636 3391 722 3444 rei
752 3390 927 3444 totius
957 3389 1205 3460 ignaros,
1235 3389 1328 3442 sed
1359 3388 1500 3442 scire
1523 3388 1817 3458 cupientes
1835 3387 1970 3458 quid
1993 3387 2077 3441 in-

375 3485 466 3534 ter
495 3496 600 3534 nos
631 3480 778 3533 solos
808 3483 925 3532 tam
961 3478 1210 3548 jucunde
1241 3482 1524 3548 ageretur,
1551 3478 1671 3531 sine
1701 3477 1815 3530 risu
1852 3493 1956 3531 nos
1985 3477 2074 3532 in-

378 3568 550 3622 tueri.
577 3567 684 3632 Qui
705 3567 850 3622 mihi
869 3583 1100 3637 prorsus
1123 3565 1336 3620 similes
1356 3565 1455 3619 visi
1479 3570 1630 3630 sunt,
1656 3565 1810 3636 quod
1830 3566 2078 3635 plerum-

381 3673 490 3728 que
519 3655 644 3711 ﬁeri
675 3656 836 3720 solet,
869 3655 940 3708 iis
987 3654 1086 3725 qui
1116 3671 1242 3708 cum
1285 3655 1592 3725 epulantur
1639 3655 1790 3708 inter
1817 3654 2074 3708 avidissi-

378 3763 504 3800 mos
534 3745 1046 3816 rapacissimosque
1077 3745 1360 3812 convi'vas,
1409 3762 1441 3799 a
1470 3745 1744 3816 rapiendo
1773 3745 1860 3799 vel
1891 3745 2076 3815 gravi-

378 3838 494 3888 tate
525 3851 646 3888 sese
679 3833 985 3900 abstinent,
1013 3833 1101 3887 vel
1127 3833 1348 3904 pudore
1379 3837 1685 3887 terrentur.
1715 3835 1779 3887 Et
1805 3833 1941 3904 quia
1970 3849 2075 3904 ego

376 3921 768 3986 invitaveram,
824 3925 881 3976 et
921 3920 1117 3992 magni
1148 3921 1442 3993 cujusdam
1470 3920 1720 3974 hominis
1748 3937 2074 3990 personam,

375 4015 546 4080 atque
576 4015 640 4064 ut
666 4013 852 4063 totum
885 4008 1180 4079 explicem,
1211 4009 1331 4063 veri
1361 4009 1613 4063 hominis
1663 4007 1836 4062 etiam
1866 4007 1928 4062 in
1957 4008 2072 4063 illis

377 4099 561 4169 epulis
589 4099 955 4153 invitatorem
981 4098 1270 4168 gerebam,
1303 4097 1580 4151 sustinere
1601 4112 1714 4150 non
1742 4095 1921 4166 potui,
1947 4112 2076 4151 con-

377 4187 672 4258 movitque
705 4203 796 4240 me
831 4187 853 4218 ²
876 4185 975 4240 illa
1003 4185 1366 4256 inasqualitas
1390 4201 1603 4238 mensas
1634 4189 1842 4238 nostra:
1876 4188 1931 4238 et
1957 4185 2071 4238 dis-

379 4273 693 4344 crepantia.
745 4271 922 4327 Arrisi
974 4272 1161 4326 matri.
1213 4275 1398 4342 Atque
1440 4272 1537 4326 illa
1586 4271 1876 4327 liberrime
1924 4273 2077 4344 quod

380 4362 574 4416 minus
601 4361 910 4429 habebant,
960 4361 1124 4431 quasi
1169 4361 1238 4415 de
1279 4376 1380 4414 suo
1429 4360 1653 4415 cellario
1691 4363 2076 4430 promendum

377 4450 704 4520 imperans:
736 4451 859 4504 Jam
910 4449 999 4504 dic
1028 4448 1214 4515 nobis,
1245 4449 1455 4519 inquit,
1503 4453 1560 4503 et
1615 4449 1789 4503 redde
1821 4449 1921 4520 qui
1963 4449 2080 4504 sint

379 4538 475 4592 isti
507 4537 850 4605 Academici,
883 4541 940 4592 et
977 4537 1113 4609 quid
1153 4537 1258 4591 sibi
1287 4537 1503 4592 velint?
1532 4538 1633 4593 Cui
1662 4538 1907 4592 breviter
1945 4555 2076 4592 cum

379 4625 769 4697 exposuissem
800 4631 1127 4698 aperteque,
1159 4627 1236 4680 ita
1265 4630 1329 4680 ut
1355 4641 1524 4681 nemo
1577 4626 1808 4681 illorum
1840 4627 2076 4698 ignarus

385 4713 742 4768 abscederet:
773 4715 871 4768 Isti
899 4715 1182 4780 homines,
1226 4713 1436 4785 inquit,
1467 4713 1751 4768 caducarii
1778 4718 1911 4768 sunt
1941 4714 2075 4785 (quo

379 4801 619 4855 nomine
643 4802 815 4873 vulgo
841 4803 990 4873 apud
1013 4819 1109 4856 eos
1129 4807 1422 4868 vocantur,
1447 4817 1591 4873 quos
1608 4801 1908 4856 comitialis
1928 4817 2079 4856 mor-

380 4891 490 4944 bus
517 4890 853 4961 subvertit),
885 4895 941 4945 et
971 4891 1138 4946 simul
1165 4891 1408 4945 surrexit
1435 4895 1500 4945 ut
1530 4889 1735 4958 abiret;
1785 4895 1953 4962 atque
1983 4889 2077 4944 hic

380 4995 590 5034 omnes
619 4979 736 5034 laeti
763 4996 825 5034 ac
849 4979 1120 5049 ridentes,
1167 4979 1501 5052 interposito
1546 4980 1660 5035 fine
1690 4979 2072 5035 discessimus.

439 5158 457 5191 ¹
488 5154 596 5214 Illi,
627 5152 748 5217 juxt
781 5153 897 5210 Era.
928 5155 1052 5204 Lov.
1090 5155 1157 5204 Μ.
1314 5197 1329 5210 .

438 5219 460 5253 ³
493 5211 614 5266 Mss.
627 5211 885 5266 'undecim
906 5231 917 5265 :
941 5219 1008 5268 In
1021 5217 1128 5282 illis
1141 5218 1312 5282 epulis
1328 5216 1684 5282 imitatorem
1699 5213 1970 5282 sustinere
1984 5211 2078 5282 do:

378 5281 549 5340 cuisti,
565 5282 858 5330 com-movit
873 5293 979 5338 me;
995 5281 1058 5329 ad
1073 5274 1228 5342 qua'm
1247 5280 1524 5328 lectionem
1542 5290 1702 5342 prope
1715 5277 1972 5342 acced_unt
1986 5274 2075 5322 alii

378 5343 483 5405 duo
507 5338 595 5405 qui
627 5341 820 5405 ferunt,
847 5338 1192 5393 sustinebam
1220 5342 1370 5405 docti,
1401 5341 1820 5405 commnvit_me.
1851 5338 2074 5405 Fortean

378 5399 630 5453 docuerat
684 5399 991 5454 TheOdorus
1019 5405 1102 5454 cui
1134 5403 1393 5453 tratandze
1427 5414 1512 5448 res
1539 5402 1716 5448 essent
1760 5412 1880 5446 cum
1911 5399 2075 5460 impe-

376 5466 719 5529 ritioribusgin
751 5467 1071 5529 ejuscemodi
1091 5464 1385 5528 colloquiis.
1417 5462 1476 5510 Id
1505 5461 1647 5523 quod
1679 5460 1932 5523 suspicari
1954 5460 2074 5509 licet

378 5541 442 5575 ex
468 5527 558 5576 lib.
590 5532 610 5575 1
637 5527 700 5576 de
731 5527 942 5590 ordine,
969 5543 1082 5591 cap.
1120 5531 1196 5576 ll.

1556 272 1648 325 DE
1690 269 1918 325 BEATA
1961 267 2149 331 VITA,
2194 267 2246 320 S.
2285 264 2662 321 AUGUSTINI

3772 264 3882 318 968

2173 388 2397 442 CAPUT
2435 389 2533 443 III.
2559 417 2628 428 —
2656 389 2966 457 Disputatio
2993 388 3236 442 secundat
3251 388 3377 444 diei.
3414 388 3554 454 Quis
3580 391 3751 442 Deum
3784 389 3883 442 ha-

2245 477 2363 531 beat
2392 492 2447 530 eo
2475 477 2629 530 modo
2656 481 2717 530 ut
2743 477 2926 530 beatus
2957 477 3048 532 sit.
3093 477 3340 546 Spiritus
3395 477 3706 532 immundus
3737 476 3879 531 duo-

2242 567 2338 621 bus
2367 565 2542 620 modis
2574 565 2844 634 appellari
2871 567 3019 620 solet.

2247 659 2328 708 t7.
2359 653 2636 708 Postridie
2661 659 2852 707 autem
2882 670 3010 708 cum
3055 655 3196 709 item
3234 659 3363 725 post
3401 654 3734 725 prandium,
3774 654 3878 708 sed

2172 742 2466 812 aliquanto
2499 758 2669 813 quam
2701 742 2884 812 pridie
2916 743 3116 811 serius,
3151 744 3323 798 iidem
3357 743 3689 814 ibidemque
3733 759 3879 797 con-

2170 831 2509 885 sedissemus
2543 844 2555 885 :
2590 832 2790 900 Tarde,
2822 831 3079 902 inquam,
3109 832 3340 886 venistis
3386 831 3458 885 ad
3499 831 3875 887 convivium:

2174 921 2329 990 quod
2368 920 2524 973 vobis
2563 936 2679 974 non
2697 920 2974 974 cruditate
3005 921 3272 975 accidisse
3297 920 3568 982 arbitror,
3600 921 3698 975 sed
3731 937 3878 991 pau-

2174 1006 2359 1061 citatis
2398 1007 2740 1061 ferculorum
2771 1007 3098 1075 securitate;
3132 1007 3283 1078 quod
3316 1023 3432 1061 non
3482 1012 3602 1061 tam
3647 1012 3880 1062 mature

2177 1095 2625 1166 aggrediendum
2653 1095 2836 1149 visum
2867 1100 2970 1162 est,
3004 1096 3156 1167 quod
3181 1097 3292 1150 cito
3312 1113 3408 1150 vos
3437 1113 3739 1166 peresuros
3763 1114 3877 1167 pu-

2176 1184 2349 1238 tastis.
2390 1185 2512 1237 Non
2537 1184 2786 1238 multum
2813 1184 2968 1238 enim
2988 1184 3362 1254 reliquiarum
3385 1185 3739 1239 credendum
3761 1188 3884 1238 erat

2178 1272 2643 1336 remansisse,ubi
2672 1272 2763 1326 die
2797 1271 2920 1343 ipso
2978 1277 3148 1343 atque
3192 1272 3553 1326 solemnitate
3603 1279 3718 1326 tam
3755 1273 3883 1326 exi-

2178 1377 2356 1430 guum
2388 1365 2678 1430 repertum
2709 1365 2848 1416 erat.
2879 1362 3132 1414 Fortasse
3176 1364 3344 1415 recte.
3387 1361 3494 1416 Sed
3541 1361 3679 1432 quid
3721 1362 3883 1416 vobis

2179 1455 2562 1520 praeparatum
2598 1449 2686 1509 sit,
2723 1465 2827 1519 ego
2860 1464 3088 1520 quoque
3143 1449 3437 1503 vobiscum
3477 1449 3688 1502 nescio.
3723 1450 3884 1504 Alius

2180 1543 2262 1592 est
2290 1537 2443 1592 enim
2463 1537 2841 1608 quiomnibus
2867 1554 2999 1591 cum
3029 1553 3226 1591 omnes
3244 1539 3285 1605 ί,
3311 1541 3433 1590 tum
3467 1536 3713 1590 maxime
3739 1537 3883 1591 tales

2180 1627 2376 1698 epulas
2405 1625 2658 1696 praebere
2686 1641 2800 1678 non
2833 1628 3012 1680 cessat
3042 1645 3054 1680 :
3091 1625 3185 1679 sed
3228 1640 3331 1678 nos
3383 1625 3453 1678 ab
3501 1624 3747 1690 edendo,
3794 1623 3885 1678 vel

2182 1715 2590 1780 imbecillitate,
2627 1714 2715 1768 vel
2748 1713 3065 1780 saturitate,
3112 1713 3201 1768 vel
3254 1713 3487 1782 negotio
3537 1713 3884 1784 plerumque

2181 1819 2465 1857 cessamus
2493 1817 2504 1859 :
2530 1818 2702 1874 quem
2733 1806 3058 1856 manentem
3099 1801 3160 1856 in
3189 1801 3521 1856 hominibus
3553 1802 3753 1856 beatos
3784 1818 3882 1856 eos

2180 1892 2548 1958 facere,inter
2579 1907 2679 1944 nos
2695 1891 2835 1954 heri,
2864 1890 2920 1944 ni
2949 1890 3134 1957 fallor,
3167 1889 3264 1960 pie
3293 1893 3736 1961 constanterque
3750 1906 3883 1944 con-

2181 1985 2431 2036 venerat.
2465 1982 2608 2035 Nam
2637 1995 2767 2033 cum
2793 1978 2938 2032 ratio
2985 1979 3425 2033 demonstrasset
3466 1994 3599 2034 eum
3645 1979 3883 2033 beatum

2182 2088 2301 2126 esse
2328 2069 2426 2141 qui
2461 2070 2634 2126 Deum
2665 2067 2919 2133 haberet,
2951 2083 3056 2122 nec
3084 2067 3216 2121 huic
3269 2066 3572 2138 quisquam
3627 2071 3882 2121 vestrum

2183 2158 2477 2215 sententias
2505 2156 2824 2224 restitisset,
2855 2156 3162 2228 quassitum
3191 2160 3275 2210 est
3302 2155 3568 2228 quisnam
3598 2155 3760 2210 vobis
3800 2157 3882 2210 vi-

2183 2249 2413 2303 deretur
2442 2248 2620 2300 Deum
2649 2244 2880 2298 habere.
2924 2244 3001 2298 De
3041 2259 3155 2314 qua
3211 2259 3292 2305 re,
3353 2243 3401 2297 si
3431 2244 3578 2297 bene
3613 2243 3883 2308 memini,

2182 2341 2297 2390 tres
2326 2333 2622 2389 sententiae
2657 2332 2820 2387 dictae
2849 2335 3000 2386 sunt.
3053 2333 3193 2386 Nam
3222 2331 3373 2402 parti
3419 2331 3655 2402 placuit,
3702 2332 3884 2385 Deum

2181 2425 2391 2479 habere
2416 2424 2580 2476 illum
2611 2422 2710 2493 qui
2739 2437 2805 2475 ea
2829 2421 3046 2475 faceret
3068 2437 3197 2490 quae.
3229 2422 3376 2474 Deus
3402 2420 3595 2485 vellet.
3637 2419 3884 2484 Quidam

2183 2517 2374 2567 autem
2401 2511 2668 2566 dixerunt
2699 2509 2852 2580 quod
2891 2509 2939 2563 is
2970 2510 3146 2563 Deum
3174 2509 3429 2573 haberet,
3473 2507 3573 2579 qui
3619 2508 3766 2563 bene
3797 2508 3884 2561 vi-

2182 2605 2361 2656 veret.
2401 2599 2657 2670 Reliquis
2679 2615 2814 2652 vero
2845 2597 2907 2652 in
2937 2597 3017 2652 eis
3048 2600 3327 2652 Deusesse
3351 2598 3505 2652 visus
3533 2601 3638 2660 est,
3671 2597 3732 2651 in
3751 2597 3886 2669 qui-

2183 2690 2287 2744 bus
2315 2687 2414 2760 qui
2434 2686 2767 2741 immundus
2797 2685 3138 2757 appellatur,
3165 2685 3401 2756 spiritns
3432 2701 3551 2739 non
3583 2689 3686 2739 est.

2259 2780 2344 2832 18.
2378 2775 2486 2830 Sed
2518 2776 2755 2830 fortasse
2781 2791 2979 2828 omnes
3007 2773 3242 2828 diversis
3271 2773 3457 2827 verbis
3489 2789 3669 2826 unum
3696 2772 3886 2827 idem—

2186 2883 2297 2939 que
2333 2864 2608 2919 sensistis.
2665 2865 2806 2918 Nam
2857 2863 2904 2917 si
2948 2862 3060 2918 duo
3105 2862 3292 2933 prima
3340 2860 3784 2927 consideremus,
3829 2866 3888 2916 et

2185 2954 2372 3010 omnis
2410 2952 2508 3024 qui
2539 2952 2684 3007 bene
2725 2951 2883 3016 vivit,
2931 2967 2997 3006 ea
3042 2951 3177 3005 facit
3226 2967 3357 3022 quae
3409 2950 3531 3004 vult
3582 2951 3771 3016 Deus;
3830 2953 3889 3004 et

2187 3042 2373 3097 omnis
2402 3041 2501 3113 qui
2532 3058 2598 3094 ea
2647 3040 2782 3094 facit
2823 3057 2951 3112 quas
2995 3039 3114 3094 vult
3161 3041 3327 3107 Deus,
3373 3038 3518 3093 bene
3573 3038 3752 3106 vivit;
3781 3053 3887 3092 nec

2186 3131 2500 3204 quidquam
2554 3133 2640 3183 est
2685 3128 2842 3183 aliud
2893 3128 3042 3182 bene
3097 3127 3310 3193 vivere,
3368 3142 3540 3198 quam
3587 3143 3654 3181 ea
3703 3125 3887 3182 facere

2186 3236 2316 3292 quae.
2371 3220 2484 3272 Deo
2530 3218 2833 3288 placeant:
2869 3216 2981 3270 nisi
3034 3215 3170 3287 quid
3219 3214 3378 3270 vobis
3435 3213 3586 3269 aliud
3637 3213 3884 3269 videtur.

2184 3306 2676 3364 Assentiebantur.
2706 3304 2959 3359 Tertium
2989 3320 3123 3358 vero
3164 3302 3308 3358 illud
3350 3302 3522 3373 paulo
3556 3302 3888 3373 diligentius

2186 3395 2664 3451 considerandum
2695 3397 3117 3464 est,propterea
3141 3391 3299 3464 quod
3313 3391 3888 3446 ritucastissimorum
3939 3417 3960 3434 ο

2186 3499 2476 3538 sacrorum
2533 3481 2767 3553 spiritus
2821 3480 3157 3535 immundus
3203 3484 3246 3548 ²,
3277 3483 3559 3551 quantum
3603 3479 3886 3551 intelligo,

2187 3572 2407 3627 duobus
2439 3570 2622 3626 modis
2652 3569 2931 3640 appellari
2960 3569 3103 3623 solet
3130 3582 3143 3625 :
3167 3569 3254 3622 vel
3291 3567 3386 3622 ille
3415 3567 3515 3639 qui
3536 3567 3889 3623 extrinsecus

2187 3659 2404 3714 invadit
2433 3659 2685 3713 animam
2736 3673 3052 3728 sensusque
3096 3656 3418 3722 conturbat,
3467 3659 3525 3712 et
3578 3656 3890 3728 quemdam

2188 3749 2520 3802 nominibus
2547 3747 2720 3801 infert
2748 3747 3038 3812 furorem;
3068 3745 3160 3800 cui
3203 3744 3552 3800 excludenda
3593 3743 3693 3815 qui
3738 3761 3889 3815 prte-

2188 3841 2340 3907 sunt,
2370 3852 2608 3891 manum
2639 3835 2933 3906 imponere
2971 3835 3058 3888 vel
3108 3833 3426 3888 exorcizare
3465 3833 3752 3901 dicuntur,
3782 3833 3892 3888 hoc

2188 3930 2294 3989 est,
2325 3941 2428 3997 per
2457 3923 2648 3980 divina
2677 3939 2810 3978 eum
2835 3921 3150 3992 odjurando
3168 3921 3664 3992 expellerezaliter
3693 3926 3889 3976 autem

2192 4013 2401 4068 dicitur
2431 4011 2666 4083 spiritus
2690 4011 3046 4080 immundus,
3075 4009 3264 4064 omnis
3288 4010 3526 4066 omnino
3551 4009 3746 4064 anima
3782 4010 3889 4065 im-

2185 4102 2402 4156 munda
2426 4119 2440 4167 ;
2474 4101 2624 4172 quod
2654 4099 2798 4154 nihil
2825 4103 2910 4154 est
2938 4099 3095 4154 aliud
3121 4114 3297 4170 quam
3324 4098 3478 4152 vitiis
3515 4102 3572 4153 et
3597 4097 3892 4154 erroribus

2184 4190 2508 4263 inquinata.
2545 4191 2742 4260 Itaque
2755 4189 2852 4243 abs
2881 4193 2937 4244 te
2968 4204 3185 4260 qurere,
3218 4194 3278 4242 tu
3319 4203 3482 4259 puer,
3510 4186 3609 4258 qui
3648 4186 3891 4241 fortasse

2186 4279 2480 4350 aliquanto
2513 4277 2800 4332 sereniore
2831 4293 2895 4331 ac
2915 4276 3247 4348 purgatiore
3285 4275 3492 4348 spiritu
3532 4274 3701 4329 istam
3745 4290 3886 4330 sen-

2185 4367 2422 4421 tentiam
2453 4365 2761 4435 protulisti,
2795 4364 2924 4436 quis
2953 4363 3060 4418 tibi
3087 4364 3346 4418 videatur
3374 4363 3736 4418 immundum
3771 4364 3890 4434 spi-

2186 4456 2362 4510 ritum
2393 4470 2510 4508 non
2541 4453 2752 4506 habere
2787 4465 2800 4508 :
2835 4453 3005 4506 illene
3032 4451 3132 4522 qui
3167 4451 3487 4506 daemonem
3525 4467 3642 4506 non
3688 4450 3890 4519 habet,

2187 4560 2300 4615 quo
2329 4541 2522 4596 vesani
2551 4541 2812 4595 homines
2841 4540 2966 4596 ﬁeri
2996 4541 3213 4606 solent;
3246 4557 3316 4595 an
3361 4539 3457 4594 ille
3497 4539 3598 4611 qui
3633 4538 3890 4594 animam

2188 4648 2350 4687 suam
2377 4647 2411 4684 a
2438 4630 2591 4685 vitiis
2621 4629 3004 4700 omnibusque
3034 4627 3280 4700 peccatis
3308 4627 3643 4682 mandavit?
3664 4627 3716 4681 Is
3744 4628 3893 4683 mihi

2184 4720 2429 4785 videtur,
2472 4717 2681 4790 inquit,
2713 4717 3076 4772 immundum
3107 4717 3372 4788 spiritum
3403 4732 3520 4770 non
3540 4716 3773 4782 habere,
3789 4717 3894 4786 qui

2186 4813 2333 4864 caste
2363 4807 2518 4861 vivit.
2542 4808 2646 4863 Sed
2671 4813 2911 4868 castum,
2942 4806 3204 4877 inquam,
3234 4821 3404 4876 quem
3433 4806 3647 4859 vocas?
3676 4819 3890 4859 eumne

2187 4897 2288 4969 qui
2317 4896 2461 4951 nihil
2481 4901 2696 4966 peccat,
2730 4912 2802 4950 an
2831 4911 2965 4949 eum
2993 4894 3093 4966 qui
3115 4894 3186 4949 ab
3215 4893 3414 4948 illicito
3434 4897 3658 4948 tantum
3687 4908 3893 4947 concu-

2184 4985 2308 5041 bitu
2339 4987 2664 5056 temperet?
2692 4983 3010 5052 Quomodo,
3056 4982 3265 5054 inquit,
3302 4985 3486 5037 castus
3514 4985 3702 5053 potest
3743 4997 3890 5049 esse,

2190 5211 2200 5222 O
2251 5149 2398 5258 ItQuIi
2426 5147 2674 5258 omﬁibus
2698 5147 2782 5197 vel
2802 5157 3113 5208 communes,
3133 5145 3286 5209 juxta
3313 5144 3400 5194 Er.
3435 5143 3516 5195 νει
3547 5157 3674 5195 cum
3703 5158 3893 5196 omnes

2190 5223 2278 5258 lux
2307 5225 2335 5258 8.
2397 5225 2481 5258 ον.
2571 5247 2582 5257 .

2208 5223 2335 5260 una
2360 5223 2481 5259 LOV.
2514 5223 2582 5258 Μ.

2181 5227 2339 5320 Νξῖἓ
2355 5227 2497 5334 {533's
2655 5270 2863 5332 legitur:
2881 5267 3024 5327 Quod
3033 5268 3137 5334 ritu
3149 5271 3565 5334 castissimon
3574 5281 3802 5319 sacroru
3809 5284 3891 5334 _m-

2186 5347 2290 5398 que
2320 5331 2612 5398 spirituum
2633 5331 2850 5397 spiritus
2876 5331 3336 5398 i_mmundus,et_c.,
3356 5331 3533 5379 minus
3552 5331 3707 5390 bene,
3729 5336 3790 5398 ut
3809 5332 3890 5380 in-

2185 5393 2440 5457 telligitur
2467 5396 2593 5445 satis
2635 5393 2723 5458 ex,
2742 5409 2797 5444 re
2821 5394 3061 5458 subjecta
3095 5398 3149 5443 et
3165 5408 3228 5443 ex
3255 5394 3403 5458 Mss._
3423 5407 3556 5455 quos
3594 5393 3889 5458 sequimur.

2185 5459 2279 5508 Hic
2303 5455 2490 5520 nempe
2509 5455 2934 5520 castissimorum
2949 5469 3229 5508 sacrorum
3261 5455 3477 5505 nomine
3509 5455 3891 5505 commendan-

2189 5524 2275 5569 tur
2303 5519 2632 5569 sacramenta
2655 5519 2945 5568 initiorum.
