  <div class='ocr_page' id='page_1' title='image "/cluster/home/n/w/nwhite01/storage/ocr_20150623/32/umn.31951002477326y/496.png"; bbox 0 0 4058 6356; ppageno 0'>
   <div class='ocr_carea' id='block_1_1' title="bbox 142 281 243 333">
    <p class='ocr_par' dir='ltr' id='par_1_1' title="bbox 142 281 243 333">
     <span class='ocr_line' id='line_1_1' title="bbox 142 281 243 333; baseline 0 -1"><span class='ocrx_word' id='word_1_1' title='bbox 142 281 243 333; x_wconf 81' lang='lat'><strong>969</strong></span> 
     </span>
    </p>
   </div>
   <div class='ocr_carea' id='block_1_2' title="bbox 141 401 1838 474">
    <p class='ocr_par' dir='ltr' id='par_1_2' title="bbox 141 401 1838 474">
     <span class='ocr_line' id='line_1_2' title="bbox 141 401 1838 474; baseline 0 -18"><span class='ocrx_word' id='word_1_2' title='bbox 141 402 240 474; x_wconf 85' lang='lat' dir='ltr'>qui</span> <span class='ocrx_word' id='word_1_3' title='bbox 266 402 339 457; x_wconf 91' lang='lat' dir='ltr'>ab</span> <span class='ocrx_word' id='word_1_4' title='bbox 369 401 569 456; x_wconf 90' lang='lat' dir='ltr'>illicito</span> <span class='ocrx_word' id='word_1_5' title='bbox 598 404 820 456; x_wconf 88' lang='lat' dir='ltr'>tantum</span> <span class='ocrx_word' id='word_1_6' title='bbox 851 401 1155 456; x_wconf 81' lang='lat' dir='ltr'>concubitu</span> <span class='ocrx_word' id='word_1_7' title='bbox 1183 401 1472 458; x_wconf 84' lang='lat' dir='ltr'>abstinens</span> <span class='ocrx_word' id='word_1_8' title='bbox 1499 417 1640 468; x_wconf 91' lang='lat' dir='ltr'>sese,</span> <span class='ocrx_word' id='word_1_9' title='bbox 1673 407 1838 456; x_wconf 70' lang='lat' dir='ltr'>ciete-</span> 
     </span>
    </p>
   </div>
   <div class='ocr_carea' id='block_1_3' title="bbox 143 489 1833 561">
    <p class='ocr_par' dir='ltr' id='par_1_3' title="bbox 143 489 1833 561">
     <span class='ocr_line' id='line_1_3' title="bbox 143 489 1833 561; baseline -0.001 -17"><span class='ocrx_word' id='word_1_10' title='bbox 143 491 218 544; x_wconf 90' lang='lat' dir='ltr'>ris</span> <span class='ocrx_word' id='word_1_11' title='bbox 245 490 496 561; x_wconf 81' lang='lat' dir='ltr'>peccatis</span> <span class='ocrx_word' id='word_1_12' title='bbox 527 505 643 544; x_wconf 93' lang='lat' dir='ltr'>non</span> <span class='ocrx_word' id='word_1_13' title='bbox 668 489 874 544; x_wconf 90' lang='lat' dir='ltr'>desiuit</span> <span class='ocrx_word' id='word_1_14' title='bbox 897 489 1227 561; x_wconf 83' lang='lat' dir='ltr'>inquinari?</span> <span class='ocrx_word' id='word_1_15' title='bbox 1248 490 1344 544; x_wconf 84' lang='lat' dir='ltr'>Ille</span> <span class='ocrx_word' id='word_1_16' title='bbox 1373 493 1458 543; x_wconf 91' lang='lat' dir='ltr'>est</span> <span class='ocrx_word' id='word_1_17' title='bbox 1477 505 1606 544; x_wconf 83' lang='lat' dir='ltr'>vere</span> <span class='ocrx_word' id='word_1_18' title='bbox 1632 494 1833 553; x_wconf 88' lang='lat' dir='ltr'>castus,</span> 
     </span>
    </p>
   </div>
   <div class='ocr_carea' id='block_1_4' title="bbox 140 577 1840 650">
    <p class='ocr_par' dir='ltr' id='par_1_4' title="bbox 140 577 1840 650">
     <span class='ocr_line' id='line_1_4' title="bbox 140 577 1840 650; baseline -0.001 -18"><span class='ocrx_word' id='word_1_19' title='bbox 140 578 239 650; x_wconf 86' lang='lat' dir='ltr'>qui</span> <span class='ocrx_word' id='word_1_20' title='bbox 271 579 452 632; x_wconf 88' lang='lat' dir='ltr'>Deum</span> <span class='ocrx_word' id='word_1_21' title='bbox 496 577 752 642; x_wconf 87' lang='lat' dir='ltr'>attendit,</span> <span class='ocrx_word' id='word_1_22' title='bbox 791 580 845 631; x_wconf 91' lang='lat' dir='ltr'>et</span> <span class='ocrx_word' id='word_1_23' title='bbox 873 577 939 632; x_wconf 92' lang='lat' dir='ltr'>ad</span> <span class='ocrx_word' id='word_1_24' title='bbox 963 577 1152 647; x_wconf 89' lang='lat' dir='ltr'>ipsum</span> <span class='ocrx_word' id='word_1_25' title='bbox 1187 579 1372 631; x_wconf 89' lang='lat' dir='ltr'>solum</span> <span class='ocrx_word' id='word_1_26' title='bbox 1407 593 1465 632; x_wconf 92' lang='lat' dir='ltr'>se</span> <span class='ocrx_word' id='word_1_27' title='bbox 1495 582 1669 632; x_wconf 91' lang='lat' dir='ltr'>tenet.</span> <span class='ocrx_word' id='word_1_28' title='bbox 1703 579 1840 642; x_wconf 61' lang='lat' dir='ltr'>Quae</span> 
     </span>
    </p>
   </div>
   <div class='ocr_carea' id='block_1_5' title="bbox 139 665 1840 736">
    <p class='ocr_par' dir='ltr' id='par_1_5' title="bbox 139 665 1840 736">
     <span class='ocr_line' id='line_1_5' title="bbox 139 665 1840 736; baseline 0 -16"><span class='ocrx_word' id='word_1_29' title='bbox 139 666 314 720; x_wconf 88' lang='lat' dir='ltr'>verba</span> <span class='ocrx_word' id='word_1_30' title='bbox 357 667 522 736; x_wconf 90' lang='lat' dir='ltr'>pueri</span> <span class='ocrx_word' id='word_1_31' title='bbox 570 666 714 720; x_wconf 85' lang='lat' dir='ltr'>sicut</span> <span class='ocrx_word' id='word_1_32' title='bbox 763 665 912 719; x_wconf 91' lang='lat' dir='ltr'>dicta</span> <span class='ocrx_word' id='word_1_33' title='bbox 967 669 1146 731; x_wconf 90' lang='lat' dir='ltr'>erant,</span> <span class='ocrx_word' id='word_1_34' title='bbox 1191 681 1320 719; x_wconf 91' lang='lat' dir='ltr'>cum</span> <span class='ocrx_word' id='word_1_35' title='bbox 1369 666 1649 720; x_wconf 83' lang='lat' dir='ltr'>conscribi</span> <span class='ocrx_word' id='word_1_36' title='bbox 1697 665 1840 720; x_wconf 88' lang='lat' dir='ltr'>mihi</span> 
     </span>
    </p>
   </div>
   <div class='ocr_carea' id='block_1_6' title="bbox 137 754 1841 826">
    <p class='ocr_par' dir='ltr' id='par_1_6' title="bbox 137 754 1841 826">
     <span class='ocr_line' id='line_1_6' title="bbox 137 754 1841 826; baseline 0 -18"><span class='ocrx_word' id='word_1_37' title='bbox 137 755 486 826; x_wconf 85' lang='lat' dir='ltr'>placuisset:</span> <span class='ocrx_word' id='word_1_38' title='bbox 523 756 574 808; x_wconf 89' lang='lat' dir='ltr'>Is</span> <span class='ocrx_word' id='word_1_39' title='bbox 604 770 759 825; x_wconf 89' lang='lat' dir='ltr'>ergo,</span> <span class='ocrx_word' id='word_1_40' title='bbox 809 754 1065 825; x_wconf 88' lang='lat' dir='ltr'>inquam,</span> <span class='ocrx_word' id='word_1_41' title='bbox 1116 770 1343 808; x_wconf 83' lang='lat' dir='ltr'>necesse</span> <span class='ocrx_word' id='word_1_42' title='bbox 1373 759 1457 808; x_wconf 89' lang='lat' dir='ltr'>est</span> <span class='ocrx_word' id='word_1_43' title='bbox 1498 759 1561 808; x_wconf 90' lang='lat' dir='ltr'>ut</span> <span class='ocrx_word' id='word_1_44' title='bbox 1589 755 1732 809; x_wconf 88' lang='lat' dir='ltr'><strong>bene</strong></span> <span class='ocrx_word' id='word_1_45' title='bbox 1762 754 1841 808; x_wconf 89' lang='lat' dir='ltr'>vi-</span> 
     </span>
    </p>
   </div>
   <div class='ocr_carea' id='block_1_7' title="bbox 137 841 1838 914">
    <p class='ocr_par' dir='ltr' id='par_1_7' title="bbox 137 841 1838 914">
     <span class='ocr_line' id='line_1_7' title="bbox 137 841 1838 914; baseline -0.001 -17"><span class='ocrx_word' id='word_1_46' title='bbox 137 850 253 909; x_wconf 89' lang='lat' dir='ltr'>vat,</span> <span class='ocrx_word' id='word_1_47' title='bbox 287 849 344 896; x_wconf 92' lang='lat' dir='ltr'>et</span> <span class='ocrx_word' id='word_1_48' title='bbox 373 843 471 914; x_wconf 89' lang='lat' dir='ltr'>qui</span> <span class='ocrx_word' id='word_1_49' title='bbox 502 843 646 897; x_wconf 89' lang='lat' dir='ltr'><strong>bene</strong></span> <span class='ocrx_word' id='word_1_50' title='bbox 693 842 830 896; x_wconf 83' lang='lat' dir='ltr'>vivit</span> <span class='ocrx_word' id='word_1_51' title='bbox 871 841 1188 896; x_wconf 88' lang='lat' dir='ltr'>necessario</span> <span class='ocrx_word' id='word_1_52' title='bbox 1230 842 1357 895; x_wconf 86' lang='lat' dir='ltr'>talis</span> <span class='ocrx_word' id='word_1_53' title='bbox 1402 847 1518 909; x_wconf 89' lang='lat' dir='ltr'>est;</span> <span class='ocrx_word' id='word_1_54' title='bbox 1561 841 1670 895; x_wconf 91' lang='lat' dir='ltr'>nisi</span> <span class='ocrx_word' id='word_1_55' title='bbox 1701 841 1838 912; x_wconf 91' lang='lat' dir='ltr'>quid</span> 
     </span>
    </p>
   </div>
   <div class='ocr_carea' id='block_1_8' title="bbox 136 929 1839 999">
    <p class='ocr_par' dir='ltr' id='par_1_8' title="bbox 136 929 1839 999">
     <span class='ocr_line' id='line_1_8' title="bbox 136 929 1839 999; baseline -0.001 -15"><span class='ocrx_word' id='word_1_56' title='bbox 136 931 242 986; x_wconf 89' lang='lat' dir='ltr'>tibi</span> <span class='ocrx_word' id='word_1_57' title='bbox 272 931 432 985; x_wconf 88' lang='lat' dir='ltr'>aliud</span> <span class='ocrx_word' id='word_1_58' title='bbox 478 931 719 984; x_wconf 86' lang='lat' dir='ltr'>videtur.</span> <span class='ocrx_word' id='word_1_59' title='bbox 770 929 1056 984; x_wconf 90' lang='lat' dir='ltr'>Concessit</span> <span class='ocrx_word' id='word_1_60' title='bbox 1100 945 1229 983; x_wconf 88' lang='lat' dir='ltr'>cum</span> <span class='ocrx_word' id='word_1_61' title='bbox 1278 930 1514 984; x_wconf 69' lang='lat' dir='ltr'>caeteris.</span> <span class='ocrx_word' id='word_1_62' title='bbox 1551 931 1694 999; x_wconf 85' lang='lat' dir='ltr'>Ergo</span> <span class='ocrx_word' id='word_1_63' title='bbox 1727 945 1839 983; x_wconf 87' lang='lat' dir='ltr'>una</span> 
     </span>
    </p>
   </div>
   <div class='ocr_carea' id='block_1_9' title="bbox 137 1017 1173 1088">
    <p class='ocr_par' dir='ltr' id='par_1_9' title="bbox 137 1017 1173 1088">
     <span class='ocr_line' id='line_1_9' title="bbox 137 1017 1173 1088; baseline -0.001 -15"><span class='ocrx_word' id='word_1_64' title='bbox 137 1025 224 1073; x_wconf 89' lang='lat' dir='ltr'>est</span> <span class='ocrx_word' id='word_1_65' title='bbox 253 1019 367 1084; x_wconf 91' lang='lat' dir='ltr'>hic,</span> <span class='ocrx_word' id='word_1_66' title='bbox 399 1019 656 1088; x_wconf 90' lang='lat' dir='ltr'>inquam,</span> <span class='ocrx_word' id='word_1_67' title='bbox 691 1018 841 1072; x_wconf 89' lang='lat' dir='ltr'>dicta</span> <span class='ocrx_word' id='word_1_68' title='bbox 871 1017 1173 1072; x_wconf 85' lang='lat' dir='ltr'>sententia.</span> 
     </span>
    </p>
   </div>
   <div class='ocr_carea' id='block_1_10' title="bbox 215 1105 1838 1175">
    <p class='ocr_par' dir='ltr' id='par_1_10' title="bbox 215 1105 1838 1175">
     <span class='ocr_line' id='line_1_10' title="bbox 215 1105 1838 1175; baseline -0.002 -15"><span class='ocrx_word' id='word_1_69' title='bbox 215 1111 299 1161; x_wconf 80' lang='grc'>19.</span> <span class='ocrx_word' id='word_1_70' title='bbox 335 1106 438 1160; x_wconf 89' lang='lat' dir='ltr'>Sed</span> <span class='ocrx_word' id='word_1_71' title='bbox 471 1106 610 1159; x_wconf 91' lang='lat' dir='ltr'>illud</span> <span class='ocrx_word' id='word_1_72' title='bbox 639 1121 672 1158; x_wconf 91' lang='lat' dir='ltr'>a</span> <span class='ocrx_word' id='word_1_73' title='bbox 703 1105 857 1159; x_wconf 85' lang='lat' dir='ltr'>vobis</span> <span class='ocrx_word' id='word_1_74' title='bbox 879 1105 1177 1175; x_wconf 89' lang='lat' dir='ltr'>paululum</span> <span class='ocrx_word' id='word_1_75' title='bbox 1207 1120 1422 1175; x_wconf 63' lang='lat' dir='ltr'>quaero,</span> <span class='ocrx_word' id='word_1_76' title='bbox 1455 1105 1664 1159; x_wconf 89' lang='lat' dir='ltr'>velitne</span> <span class='ocrx_word' id='word_1_77' title='bbox 1693 1106 1838 1158; x_wconf 91' lang='lat' dir='ltr'>Deus</span> 
     </span>
    </p>
   </div>
   <div class='ocr_carea' id='block_1_11' title="bbox 134 1193 1838 1264">
    <p class='ocr_par' dir='ltr' id='par_1_11' title="bbox 134 1193 1838 1264">
     <span class='ocr_line' id='line_1_11' title="bbox 134 1193 1838 1264; baseline -0.002 -15"><span class='ocrx_word' id='word_1_78' title='bbox 134 1200 202 1249; x_wconf 93' lang='lat' dir='ltr'>ut</span> <span class='ocrx_word' id='word_1_79' title='bbox 231 1196 410 1248; x_wconf 92' lang='lat' dir='ltr'>homo</span> <span class='ocrx_word' id='word_1_80' title='bbox 441 1195 618 1247; x_wconf 91' lang='lat' dir='ltr'>Deum</span> <span class='ocrx_word' id='word_1_81' title='bbox 641 1196 893 1264; x_wconf 78' lang='lat' dir='ltr'>quaerat?</span> <span class='ocrx_word' id='word_1_82' title='bbox 913 1193 1218 1247; x_wconf 89' lang='lat' dir='ltr'>Dederunt.</span> <span class='ocrx_word' id='word_1_83' title='bbox 1250 1194 1385 1246; x_wconf 87' lang='lat' dir='ltr'>Item</span> <span class='ocrx_word' id='word_1_84' title='bbox 1420 1209 1650 1264; x_wconf 62' lang='lat' dir='ltr'>quaero;</span> <span class='ocrx_word' id='word_1_85' title='bbox 1681 1209 1838 1246; x_wconf 88' lang='lat' dir='ltr'>num-</span> 
     </span>
    </p>
   </div>
   <div class='ocr_carea' id='block_1_12' title="bbox 135 1280 1834 1354">
    <p class='ocr_par' dir='ltr' id='par_1_12' title="bbox 135 1280 1834 1354">
     <span class='ocr_line' id='line_1_12' title="bbox 135 1280 1834 1354; baseline -0.001 -20"><span class='ocrx_word' id='word_1_86' title='bbox 135 1283 418 1354; x_wconf 84' lang='lat' dir='ltr'>quidnam</span> <span class='ocrx_word' id='word_1_87' title='bbox 457 1297 760 1351; x_wconf 89' lang='lat' dir='ltr'>possumus</span> <span class='ocrx_word' id='word_1_88' title='bbox 805 1281 1013 1347; x_wconf 90' lang='lat' dir='ltr'>dicere,</span> <span class='ocrx_word' id='word_1_89' title='bbox 1060 1281 1221 1334; x_wconf 90' lang='lat' dir='ltr'>illum</span> <span class='ocrx_word' id='word_1_90' title='bbox 1265 1281 1365 1352; x_wconf 89' lang='lat' dir='ltr'>qui</span> <span class='ocrx_word' id='word_1_91' title='bbox 1397 1282 1577 1334; x_wconf 91' lang='lat' dir='ltr'>Deum</span> <span class='ocrx_word' id='word_1_92' title='bbox 1608 1280 1834 1350; x_wconf 69' lang='lat' dir='ltr'>quazrit,</span> 
     </span>
    </p>
   </div>
   <div class='ocr_carea' id='block_1_13' title="bbox 136 1369 1835 1438">
    <p class='ocr_par' dir='ltr' id='par_1_13' title="bbox 136 1369 1835 1438">
     <span class='ocr_line' id='line_1_13' title="bbox 136 1369 1835 1438; baseline -0.001 -14"><span class='ocrx_word' id='word_1_93' title='bbox 136 1371 286 1424; x_wconf 88' lang='lat' dir='ltr'>male</span> <span class='ocrx_word' id='word_1_94' title='bbox 314 1370 540 1424; x_wconf 85' lang='lat' dir='ltr'>vivere?</span> <span class='ocrx_word' id='word_1_95' title='bbox 574 1371 740 1424; x_wconf 83' lang='lat' dir='ltr'>Nullo</span> <span class='ocrx_word' id='word_1_96' title='bbox 793 1370 989 1438; x_wconf 91' lang='lat' dir='ltr'>modo,</span> <span class='ocrx_word' id='word_1_97' title='bbox 1034 1369 1316 1424; x_wconf 82' lang='lat' dir='ltr'>dixerunt.</span> <span class='ocrx_word' id='word_1_98' title='bbox 1365 1369 1542 1423; x_wconf 86' lang='lat' dir='ltr'>Etiam</span> <span class='ocrx_word' id='word_1_99' title='bbox 1582 1370 1690 1422; x_wconf 94' lang='lat' dir='ltr'>hoc</span> <span class='ocrx_word' id='word_1_100' title='bbox 1722 1375 1835 1422; x_wconf 89' lang='lat' dir='ltr'>ter-</span> 
     </span>
    </p>
   </div>
   <div class='ocr_carea' id='block_1_14' title="bbox 135 1458 1837 1529">
    <p class='ocr_par' dir='ltr' id='par_1_14' title="bbox 135 1458 1837 1529">
     <span class='ocr_line' id='line_1_14' title="bbox 135 1458 1837 1529; baseline -0.002 -15"><span class='ocrx_word' id='word_1_101' title='bbox 135 1461 284 1514; x_wconf 91' lang='lat' dir='ltr'>tium</span> <span class='ocrx_word' id='word_1_102' title='bbox 319 1459 688 1529; x_wconf 84' lang='lat' dir='ltr'>respondete;</span> <span class='ocrx_word' id='word_1_103' title='bbox 729 1458 961 1528; x_wconf 88' lang='lat' dir='ltr'>spiritus</span> <span class='ocrx_word' id='word_1_104' title='bbox 1001 1458 1331 1511; x_wconf 88' lang='lat' dir='ltr'>immundus</span> <span class='ocrx_word' id='word_1_105' title='bbox 1362 1462 1624 1528; x_wconf 77' lang='lat' dir='ltr'>potestne</span> <span class='ocrx_word' id='word_1_106' title='bbox 1656 1458 1837 1511; x_wconf 91' lang='lat' dir='ltr'>Deum</span> 
     </span>
    </p>
   </div>
   <div class='ocr_carea' id='block_1_15' title="bbox 133 1545 1834 1618">
    <p class='ocr_par' dir='ltr' id='par_1_15' title="bbox 133 1545 1834 1618">
     <span class='ocr_line' id='line_1_15' title="bbox 133 1545 1834 1618; baseline -0.001 -18"><span class='ocrx_word' id='word_1_107' title='bbox 133 1549 438 1618; x_wconf 64' lang='lat' dir='ltr'>quaerere?</span> <span class='ocrx_word' id='word_1_108' title='bbox 466 1546 780 1617; x_wconf 86' lang='lat' dir='ltr'>Negabant,</span> <span class='ocrx_word' id='word_1_109' title='bbox 830 1546 1189 1618; x_wconf 90' lang='lat' dir='ltr'>aliquantum</span> <span class='ocrx_word' id='word_1_110' title='bbox 1237 1545 1531 1600; x_wconf 88' lang='lat' dir='ltr'>dubitante</span> <span class='ocrx_word' id='word_1_111' title='bbox 1576 1545 1834 1616; x_wconf 89' lang='lat' dir='ltr'>Navigio,</span> 
     </span>
    </p>
   </div>
   <div class='ocr_carea' id='block_1_16' title="bbox 133 1633 1834 1707">
    <p class='ocr_par' dir='ltr' id='par_1_16' title="bbox 133 1633 1834 1707">
     <span class='ocr_line' id='line_1_16' title="bbox 133 1633 1834 1707; baseline -0.001 -18"><span class='ocrx_word' id='word_1_112' title='bbox 133 1635 237 1707; x_wconf 88' lang='lat' dir='ltr'>qui</span> <span class='ocrx_word' id='word_1_113' title='bbox 268 1640 468 1705; x_wconf 90' lang='lat' dir='ltr'>postea</span> <span class='ocrx_word' id='word_1_114' title='bbox 495 1640 834 1689; x_wconf 63' lang='lat' dir='ltr'>caeterorum</span> <span class='ocrx_word' id='word_1_115' title='bbox 879 1635 1109 1688; x_wconf 87' lang='lat' dir='ltr'>vocibus</span> <span class='ocrx_word' id='word_1_116' title='bbox 1148 1633 1373 1688; x_wconf 71' lang='lat' dir='ltr'>cessit‘.</span> <span class='ocrx_word' id='word_1_117' title='bbox 1422 1635 1480 1689; x_wconf 91' lang='lat' dir='ltr'>Si</span> <span class='ocrx_word' id='word_1_118' title='bbox 1516 1634 1714 1704; x_wconf 78' lang='lat' dir='ltr'>igitur,</span> <span class='ocrx_word' id='word_1_119' title='bbox 1747 1635 1834 1687; x_wconf 89' lang='lat' dir='ltr'>in-</span> 
     </span>
    </p>
   </div>
   <div class='ocr_carea' id='block_1_17' title="bbox 133 1722 1839 1795">
    <p class='ocr_par' dir='ltr' id='par_1_17' title="bbox 133 1722 1839 1795">
     <span class='ocr_line' id='line_1_17' title="bbox 133 1722 1839 1795; baseline -0.001 -17"><span class='ocrx_word' id='word_1_120' title='bbox 133 1739 335 1794; x_wconf 89' lang='lat' dir='ltr'>quam,</span> <span class='ocrx_word' id='word_1_121' title='bbox 376 1724 474 1795; x_wconf 88' lang='lat' dir='ltr'>qui</span> <span class='ocrx_word' id='word_1_122' title='bbox 513 1724 692 1777; x_wconf 90' lang='lat' dir='ltr'>Deum</span> <span class='ocrx_word' id='word_1_123' title='bbox 737 1723 962 1794; x_wconf 71' lang='lat' dir='ltr'>quaerit,</span> <span class='ocrx_word' id='word_1_124' title='bbox 993 1723 1050 1776; x_wconf 92' lang='lat' dir='ltr'>id</span> <span class='ocrx_word' id='word_1_125' title='bbox 1081 1722 1214 1776; x_wconf 88' lang='lat' dir='ltr'>facit</span> <span class='ocrx_word' id='word_1_126' title='bbox 1244 1723 1394 1793; x_wconf 92' lang='lat' dir='ltr'>quod</span> <span class='ocrx_word' id='word_1_127' title='bbox 1428 1723 1573 1777; x_wconf 90' lang='lat' dir='ltr'>Deus</span> <span class='ocrx_word' id='word_1_128' title='bbox 1611 1723 1752 1790; x_wconf 86' lang='lat' dir='ltr'>vult,</span> <span class='ocrx_word' id='word_1_129' title='bbox 1783 1726 1839 1776; x_wconf 92' lang='lat' dir='ltr'>et</span> 
     </span>
    </p>
   </div>
   <div class='ocr_carea' id='block_1_18' title="bbox 133 1810 1837 1882">
    <p class='ocr_par' dir='ltr' id='par_1_18' title="bbox 133 1810 1837 1882">
     <span class='ocr_line' id='line_1_18' title="bbox 133 1810 1837 1882; baseline -0.002 -16"><span class='ocrx_word' id='word_1_130' title='bbox 133 1813 282 1866; x_wconf 90' lang='lat' dir='ltr'>bene</span> <span class='ocrx_word' id='word_1_131' title='bbox 326 1813 486 1880; x_wconf 82' lang='lat' dir='ltr'>vivit,</span> <span class='ocrx_word' id='word_1_132' title='bbox 514 1817 569 1866; x_wconf 92' lang='lat' dir='ltr'>et</span> <span class='ocrx_word' id='word_1_133' title='bbox 619 1811 885 1882; x_wconf 89' lang='lat' dir='ltr'>spiritum</span> <span class='ocrx_word' id='word_1_134' title='bbox 932 1811 1298 1865; x_wconf 90' lang='lat' dir='ltr'>immundum</span> <span class='ocrx_word' id='word_1_135' title='bbox 1340 1827 1458 1864; x_wconf 91' lang='lat' dir='ltr'>non</span> <span class='ocrx_word' id='word_1_136' title='bbox 1504 1811 1702 1875; x_wconf 90' lang='lat' dir='ltr'>habet;</span> <span class='ocrx_word' id='word_1_137' title='bbox 1738 1810 1837 1881; x_wconf 88' lang='lat' dir='ltr'>qui</span> 
     </span>
    </p>
   </div>
   <div class='ocr_carea' id='block_1_19' title="bbox 134 1898 1838 1970">
    <p class='ocr_par' dir='ltr' id='par_1_19' title="bbox 134 1898 1838 1970">
     <span class='ocr_line' id='line_1_19' title="bbox 134 1898 1838 1970; baseline -0.002 -16"><span class='ocrx_word' id='word_1_138' title='bbox 134 1906 330 1955; x_wconf 88' lang='lat' dir='ltr'>autem</span> <span class='ocrx_word' id='word_1_139' title='bbox 356 1901 534 1953; x_wconf 89' lang='lat' dir='ltr'>Deum</span> <span class='ocrx_word' id='word_1_140' title='bbox 557 1899 782 1970; x_wconf 78' lang='lat' dir='ltr'>quaerit,</span> <span class='ocrx_word' id='word_1_141' title='bbox 805 1899 1061 1953; x_wconf 91' lang='lat' dir='ltr'>nondum</span> <span class='ocrx_word' id='word_1_142' title='bbox 1082 1900 1252 1953; x_wconf 89' lang='lat' dir='ltr'>habet</span> <span class='ocrx_word' id='word_1_143' title='bbox 1282 1900 1458 1953; x_wconf 90' lang='lat' dir='ltr'>Deum</span> <span class='ocrx_word' id='word_1_144' title='bbox 1484 1915 1496 1952; x_wconf 93' lang='lat'>:</span> <span class='ocrx_word' id='word_1_145' title='bbox 1526 1915 1638 1952; x_wconf 91' lang='lat' dir='ltr'>non</span> <span class='ocrx_word' id='word_1_146' title='bbox 1664 1898 1838 1968; x_wconf 81' lang='lat' dir='ltr'>igitur</span> 
     </span>
    </p>
   </div>
   <div class='ocr_carea' id='block_1_20' title="bbox 133 1986 1838 2060">
    <p class='ocr_par' dir='ltr' id='par_1_20' title="bbox 133 1986 1838 2060">
     <span class='ocr_line' id='line_1_20' title="bbox 133 1986 1838 2060; baseline -0.002 -17"><span class='ocrx_word' id='word_1_147' title='bbox 133 1987 398 2060; x_wconf 89' lang='lat' dir='ltr'>quisquis</span> <span class='ocrx_word' id='word_1_148' title='bbox 424 1992 522 2042; x_wconf 89' lang='lat' dir='ltr'>aut</span> <span class='ocrx_word' id='word_1_149' title='bbox 546 1988 691 2042; x_wconf 91' lang='lat' dir='ltr'>bene</span> <span class='ocrx_word' id='word_1_150' title='bbox 726 1987 881 2053; x_wconf 87' lang='lat' dir='ltr'>vivit,</span> <span class='ocrx_word' id='word_1_151' title='bbox 919 1991 1018 2041; x_wconf 91' lang='lat' dir='ltr'>aut</span> <span class='ocrx_word' id='word_1_152' title='bbox 1048 1988 1202 2058; x_wconf 93' lang='lat' dir='ltr'>quod</span> <span class='ocrx_word' id='word_1_153' title='bbox 1232 1988 1348 2040; x_wconf 89' lang='lat' dir='ltr'>vult</span> <span class='ocrx_word' id='word_1_154' title='bbox 1378 1989 1526 2041; x_wconf 90' lang='lat' dir='ltr'>Deus</span> <span class='ocrx_word' id='word_1_155' title='bbox 1555 1986 1707 2054; x_wconf 84' lang='lat' dir='ltr'>facit,</span> <span class='ocrx_word' id='word_1_156' title='bbox 1741 1991 1838 2040; x_wconf 90' lang='lat' dir='ltr'>aut</span> 
     </span>
    </p>
   </div>
   <div class='ocr_carea' id='block_1_21' title="bbox 133 2073 1835 2146">
    <p class='ocr_par' dir='ltr' id='par_1_21' title="bbox 133 2073 1835 2146">
     <span class='ocr_line' id='line_1_21' title="bbox 133 2073 1835 2146; baseline -0.001 -18"><span class='ocrx_word' id='word_1_157' title='bbox 133 2076 402 2146; x_wconf 88' lang='lat' dir='ltr'>spiritum</span> <span class='ocrx_word' id='word_1_158' title='bbox 427 2075 790 2130; x_wconf 91' lang='lat' dir='ltr'>immundum</span> <span class='ocrx_word' id='word_1_159' title='bbox 805 2091 918 2128; x_wconf 93' lang='lat' dir='ltr'>non</span> <span class='ocrx_word' id='word_1_160' title='bbox 936 2075 1125 2138; x_wconf 91' lang='lat' dir='ltr'>habet,</span> <span class='ocrx_word' id='word_1_161' title='bbox 1146 2074 1415 2128; x_wconf 90' lang='lat' dir='ltr'>continuo</span> <span class='ocrx_word' id='word_1_162' title='bbox 1435 2075 1614 2127; x_wconf 90' lang='lat' dir='ltr'>Deum</span> <span class='ocrx_word' id='word_1_163' title='bbox 1626 2073 1835 2128; x_wconf 90' lang='lat' dir='ltr'>habere</span> 
     </span>
    </p>
   </div>
   <div class='ocr_carea' id='block_1_22' title="bbox 133 2161 1837 2218">
    <p class='ocr_par' dir='ltr' id='par_1_22' title="bbox 133 2161 1837 2218">
     <span class='ocr_line' id='line_1_22' title="bbox 133 2161 1837 2218; baseline -0.002 0"><span class='ocrx_word' id='word_1_164' title='bbox 133 2165 452 2218; x_wconf 86' lang='lat' dir='ltr'>credendus</span> <span class='ocrx_word' id='word_1_165' title='bbox 481 2169 583 2218; x_wconf 91' lang='lat' dir='ltr'>est.</span> <span class='ocrx_word' id='word_1_166' title='bbox 615 2163 713 2218; x_wconf 87' lang='lat' dir='ltr'>Hic</span> <span class='ocrx_word' id='word_1_167' title='bbox 751 2180 881 2217; x_wconf 90' lang='lat' dir='ltr'>cum</span> <span class='ocrx_word' id='word_1_168' title='bbox 923 2180 980 2216; x_wconf 90' lang='lat' dir='ltr'>se</span> <span class='ocrx_word' id='word_1_169' title='bbox 1007 2164 1194 2217; x_wconf 54' lang='lat' dir='ltr'>caeteri</span> <span class='ocrx_word' id='word_1_170' title='bbox 1235 2161 1694 2216; x_wconf 91' lang='lat' dir='ltr'>concessionibus</span> <span class='ocrx_word' id='word_1_171' title='bbox 1722 2161 1837 2214; x_wconf 90' lang='lat' dir='ltr'>suis</span> 
     </span>
    </p>
   </div>
   <div class='ocr_carea' id='block_1_23' title="bbox 133 2249 1838 2322">
    <p class='ocr_par' dir='ltr' id='par_1_23' title="bbox 133 2249 1838 2322">
     <span class='ocr_line' id='line_1_23' title="bbox 133 2249 1838 2322; baseline -0.003 -15"><span class='ocrx_word' id='word_1_172' title='bbox 133 2253 406 2322; x_wconf 81' lang='lat' dir='ltr'>deceptos</span> <span class='ocrx_word' id='word_1_173' title='bbox 439 2252 710 2318; x_wconf 89' lang='lat' dir='ltr'>riderent,</span> <span class='ocrx_word' id='word_1_174' title='bbox 753 2251 1058 2320; x_wconf 88' lang='lat' dir='ltr'>postulavit</span> <span class='ocrx_word' id='word_1_175' title='bbox 1088 2255 1290 2315; x_wconf 87' lang='lat' dir='ltr'>mater,</span> <span class='ocrx_word' id='word_1_176' title='bbox 1324 2266 1454 2304; x_wconf 92' lang='lat' dir='ltr'>cum</span> <span class='ocrx_word' id='word_1_177' title='bbox 1486 2249 1585 2303; x_wconf 91' lang='lat' dir='ltr'>diu</span> <span class='ocrx_word' id='word_1_178' title='bbox 1613 2249 1838 2319; x_wconf 90' lang='lat' dir='ltr'>stupida</span> 
     </span>
    </p>
   </div>
   <div class='ocr_carea' id='block_1_24' title="bbox 132 2337 1836 2410">
    <p class='ocr_par' dir='ltr' id='par_1_24' title="bbox 132 2337 1836 2410">
     <span class='ocr_line' id='line_1_24' title="bbox 132 2337 1836 2410; baseline -0.002 -16"><span class='ocrx_word' id='word_1_179' title='bbox 132 2340 356 2404; x_wconf 77' lang='lat' dir='ltr'>fuisset,</span> <span class='ocrx_word' id='word_1_180' title='bbox 391 2343 454 2393; x_wconf 92' lang='lat' dir='ltr'>ut</span> <span class='ocrx_word' id='word_1_181' title='bbox 485 2339 537 2393; x_wconf 91' lang='lat' dir='ltr'>ei</span> <span class='ocrx_word' id='word_1_182' title='bbox 565 2339 672 2394; x_wconf 94' lang='lat' dir='ltr'>hoc</span> <span class='ocrx_word' id='word_1_183' title='bbox 700 2339 890 2410; x_wconf 91' lang='lat' dir='ltr'>ipsum</span> <span class='ocrx_word' id='word_1_184' title='bbox 919 2339 1069 2410; x_wconf 91' lang='lat' dir='ltr'>quod</span> <span class='ocrx_word' id='word_1_185' title='bbox 1102 2337 1481 2394; x_wconf 89' lang='lat' dir='ltr'>conclusionis</span> <span class='ocrx_word' id='word_1_186' title='bbox 1502 2337 1836 2392; x_wconf 85' lang='lat' dir='ltr'>necessitate</span> 
     </span>
    </p>
   </div>
   <div class='ocr_carea' id='block_1_25' title="bbox 134 2427 1834 2498">
    <p class='ocr_par' dir='ltr' id='par_1_25' title="bbox 134 2427 1834 2498">
     <span class='ocr_line' id='line_1_25' title="bbox 134 2427 1834 2498; baseline -0.001 -16"><span class='ocrx_word' id='word_1_187' title='bbox 134 2430 352 2483; x_wconf 89' lang='lat' dir='ltr'>intorte</span> <span class='ocrx_word' id='word_1_188' title='bbox 383 2428 658 2496; x_wconf 85' lang='lat' dir='ltr'>dixeram,</span> <span class='ocrx_word' id='word_1_189' title='bbox 707 2427 1040 2498; x_wconf 58' lang='lat' dir='ltr'>ezplicando</span> <span class='ocrx_word' id='word_1_190' title='bbox 1084 2427 1396 2481; x_wconf 81' lang='lat' dir='ltr'>relaxarem</span> <span class='ocrx_word' id='word_1_191' title='bbox 1442 2429 1610 2497; x_wconf 90' lang='lat' dir='ltr'>atque</span> <span class='ocrx_word' id='word_1_192' title='bbox 1655 2427 1834 2480; x_wconf 91' lang='lat' dir='ltr'>solve-</span> 
     </span>
    </p>
   </div>
   <div class='ocr_carea' id='block_1_26' title="bbox 137 2515 1835 2586">
    <p class='ocr_par' dir='ltr' id='par_1_26' title="bbox 137 2515 1835 2586">
     <span class='ocr_line' id='line_1_26' title="bbox 137 2515 1835 2586; baseline -0.002 -14"><span class='ocrx_word' id='word_1_193' title='bbox 137 2534 286 2572; x_wconf 90' lang='lat' dir='ltr'>rem.</span> <span class='ocrx_word' id='word_1_194' title='bbox 319 2518 483 2582; x_wconf 87' lang='lat' dir='ltr'>Quod</span> <span class='ocrx_word' id='word_1_195' title='bbox 513 2534 643 2571; x_wconf 92' lang='lat' dir='ltr'>cum</span> <span class='ocrx_word' id='word_1_196' title='bbox 664 2517 875 2571; x_wconf 86' lang='lat' dir='ltr'>factum</span> <span class='ocrx_word' id='word_1_197' title='bbox 903 2521 1077 2570; x_wconf 88' lang='lat' dir='ltr'>esset:</span> <span class='ocrx_word' id='word_1_198' title='bbox 1111 2516 1219 2570; x_wconf 89' lang='lat' dir='ltr'>Sed</span> <span class='ocrx_word' id='word_1_199' title='bbox 1248 2531 1440 2581; x_wconf 92' lang='lat' dir='ltr'>nemo,</span> <span class='ocrx_word' id='word_1_200' title='bbox 1472 2515 1678 2586; x_wconf 89' lang='lat' dir='ltr'>inquit,</span> <span class='ocrx_word' id='word_1_201' title='bbox 1707 2519 1835 2585; x_wconf 91' lang='lat' dir='ltr'>pot-</span> 
     </span>
    </p>
   </div>
   <div class='ocr_carea' id='block_1_27' title="bbox 143 2589 1836 2677">
    <p class='ocr_par' dir='ltr' id='par_1_27' title="bbox 143 2589 1836 2677">
     <span class='ocr_line' id='line_1_27' title="bbox 143 2589 1836 2677; baseline -0.002 -17"><span class='ocrx_word' id='word_1_202' title='bbox 143 2612 231 2660; x_wconf 90' lang='lat' dir='ltr'>est</span> <span class='ocrx_word' id='word_1_203' title='bbox 261 2589 562 2677; x_wconf 72' lang='lat' dir='ltr'>pervenire</span> <span class='ocrx_word' id='word_1_204' title='bbox 586 2605 654 2659; x_wconf 92' lang='lat' dir='ltr'>ad</span> <span class='ocrx_word' id='word_1_205' title='bbox 683 2606 882 2669; x_wconf 90' lang='lat' dir='ltr'>Deum,</span> <span class='ocrx_word' id='word_1_206' title='bbox 909 2603 1019 2657; x_wconf 90' lang='lat' dir='ltr'>nisi</span> <span class='ocrx_word' id='word_1_207' title='bbox 1040 2605 1221 2657; x_wconf 89' lang='lat' dir='ltr'>Deum</span> <span class='ocrx_word' id='word_1_208' title='bbox 1243 2602 1556 2674; x_wconf 61' lang='lat' dir='ltr'>quaesierit.</span> <span class='ocrx_word' id='word_1_209' title='bbox 1589 2603 1836 2673; x_wconf 90' lang='lat' dir='ltr'>Optime,</span> 
     </span>
    </p>
   </div>
   <div class='ocr_carea' id='block_1_28' title="bbox 139 2691 1836 2765">
    <p class='ocr_par' dir='ltr' id='par_1_28' title="bbox 139 2691 1836 2765">
     <span class='ocr_line' id='line_1_28' title="bbox 139 2691 1836 2765; baseline -0.002 -17"><span class='ocrx_word' id='word_1_210' title='bbox 139 2695 402 2765; x_wconf 88' lang='lat' dir='ltr'>inquam.</span> <span class='ocrx_word' id='word_1_211' title='bbox 436 2696 648 2748; x_wconf 86' lang='lat' dir='ltr'>Tamen</span> <span class='ocrx_word' id='word_1_212' title='bbox 671 2693 769 2764; x_wconf 89' lang='lat' dir='ltr'>qui</span> <span class='ocrx_word' id='word_1_213' title='bbox 797 2693 983 2746; x_wconf 87' lang='lat' dir='ltr'>adhuc</span> <span class='ocrx_word' id='word_1_214' title='bbox 1010 2692 1237 2763; x_wconf 67' lang='lat' dir='ltr'>quaerit,</span> <span class='ocrx_word' id='word_1_215' title='bbox 1269 2691 1527 2745; x_wconf 91' lang='lat' dir='ltr'>nondum</span> <span class='ocrx_word' id='word_1_216' title='bbox 1554 2691 1622 2745; x_wconf 89' lang='lat' dir='ltr'>ad</span> <span class='ocrx_word' id='word_1_217' title='bbox 1654 2692 1836 2744; x_wconf 91' lang='lat' dir='ltr'>Deum</span> 
     </span>
    </p>
   </div>
   <div class='ocr_carea' id='block_1_29' title="bbox 141 2777 1837 2851">
    <p class='ocr_par' dir='ltr' id='par_1_29' title="bbox 141 2777 1837 2851">
     <span class='ocr_line' id='line_1_29' title="bbox 141 2777 1837 2851; baseline -0.002 -18"><span class='ocrx_word' id='word_1_218' title='bbox 141 2780 426 2851; x_wconf 86' lang='lat' dir='ltr'>pervenit,</span> <span class='ocrx_word' id='word_1_219' title='bbox 457 2779 678 2834; x_wconf 90' lang='lat' dir='ltr'>etiamsi</span> <span class='ocrx_word' id='word_1_220' title='bbox 703 2779 846 2832; x_wconf 90' lang='lat' dir='ltr'>bene</span> <span class='ocrx_word' id='word_1_221' title='bbox 875 2777 1028 2832; x_wconf 85' lang='lat' dir='ltr'>vivit.</span> <span class='ocrx_word' id='word_1_222' title='bbox 1062 2779 1185 2832; x_wconf 86' lang='lat' dir='ltr'>Non</span> <span class='ocrx_word' id='word_1_223' title='bbox 1207 2777 1383 2848; x_wconf 82' lang='lat' dir='ltr'>igitur</span> <span class='ocrx_word' id='word_1_224' title='bbox 1411 2777 1667 2848; x_wconf 84' lang='lat' dir='ltr'>quisquis</span> <span class='ocrx_word' id='word_1_225' title='bbox 1694 2777 1837 2830; x_wconf 87' lang='lat' dir='ltr'><strong>bene</strong></span> 
     </span>
    </p>
   </div>
   <div class='ocr_carea' id='block_1_30' title="bbox 144 2866 1836 2937">
    <p class='ocr_par' dir='ltr' id='par_1_30' title="bbox 144 2866 1836 2937">
     <span class='ocr_line' id='line_1_30' title="bbox 144 2866 1836 2937; baseline -0.002 -15"><span class='ocrx_word' id='word_1_226' title='bbox 144 2869 304 2932; x_wconf 86' lang='lat' dir='ltr'>vivit,</span> <span class='ocrx_word' id='word_1_227' title='bbox 331 2870 512 2922; x_wconf 90' lang='lat' dir='ltr'>Deum</span> <span class='ocrx_word' id='word_1_228' title='bbox 542 2868 732 2922; x_wconf 90' lang='lat' dir='ltr'>habet.</span> <span class='ocrx_word' id='word_1_229' title='bbox 765 2867 920 2935; x_wconf 86' lang='lat' dir='ltr'>Mihi,</span> <span class='ocrx_word' id='word_1_230' title='bbox 949 2866 1156 2937; x_wconf 90' lang='lat' dir='ltr'>inquit,</span> <span class='ocrx_word' id='word_1_231' title='bbox 1196 2866 1418 2919; x_wconf 91' lang='lat' dir='ltr'>videtur</span> <span class='ocrx_word' id='word_1_232' title='bbox 1449 2866 1626 2919; x_wconf 91' lang='lat' dir='ltr'>Deum</span> <span class='ocrx_word' id='word_1_233' title='bbox 1667 2880 1836 2918; x_wconf 92' lang='lat' dir='ltr'>nemo</span> 
     </span>
    </p>
   </div>
   <div class='ocr_carea' id='block_1_31' title="bbox 143 2952 1833 3026">
    <p class='ocr_par' dir='ltr' id='par_1_31' title="bbox 143 2952 1833 3026">
     <span class='ocr_line' id='line_1_31' title="bbox 143 2952 1833 3026; baseline -0.003 -16"><span class='ocrx_word' id='word_1_234' title='bbox 143 2973 263 3011; x_wconf 92' lang='lat' dir='ltr'>non</span> <span class='ocrx_word' id='word_1_235' title='bbox 287 2957 528 3011; x_wconf 90' lang='lat' dir='ltr'>habere:</span> <span class='ocrx_word' id='word_1_236' title='bbox 551 2957 643 3010; x_wconf 91' lang='lat' dir='ltr'>sed</span> <span class='ocrx_word' id='word_1_237' title='bbox 667 2972 798 3011; x_wconf 90' lang='lat' dir='ltr'>eum</span> <span class='ocrx_word' id='word_1_238' title='bbox 820 2955 918 3026; x_wconf 89' lang='lat' dir='ltr'>qui</span> <span class='ocrx_word' id='word_1_239' title='bbox 941 2955 1085 3009; x_wconf 90' lang='lat' dir='ltr'><strong>bene</strong></span> <span class='ocrx_word' id='word_1_240' title='bbox 1114 2954 1270 3020; x_wconf 90' lang='lat' dir='ltr'>vivit,</span> <span class='ocrx_word' id='word_1_241' title='bbox 1299 2954 1470 3007; x_wconf 88' lang='lat' dir='ltr'>habet</span> <span class='ocrx_word' id='word_1_242' title='bbox 1491 2952 1833 3023; x_wconf 90' lang='lat' dir='ltr'>propitium;</span> 
     </span>
    </p>
   </div>
   <div class='ocr_carea' id='block_1_32' title="bbox 143 3041 1839 3117">
    <p class='ocr_par' dir='ltr' id='par_1_32' title="bbox 143 3041 1839 3117">
     <span class='ocr_line' id='line_1_32' title="bbox 143 3041 1839 3117; baseline -0.003 -18"><span class='ocrx_word' id='word_1_243' title='bbox 143 3046 245 3117; x_wconf 91' lang='lat' dir='ltr'>qui</span> <span class='ocrx_word' id='word_1_244' title='bbox 291 3047 460 3112; x_wconf 89' lang='lat' dir='ltr'>male,</span> <span class='ocrx_word' id='word_1_245' title='bbox 508 3045 796 3099; x_wconf 85' lang='lat' dir='ltr'>infestum.</span> <span class='ocrx_word' id='word_1_246' title='bbox 845 3044 986 3098; x_wconf 83' lang='lat' dir='ltr'>Male</span> <span class='ocrx_word' id='word_1_247' title='bbox 1033 3043 1230 3113; x_wconf 82' lang='lat' dir='ltr'>igitur,</span> <span class='ocrx_word' id='word_1_248' title='bbox 1277 3042 1534 3113; x_wconf 90' lang='lat' dir='ltr'>inquam,</span> <span class='ocrx_word' id='word_1_249' title='bbox 1573 3041 1839 3094; x_wconf 90' lang='lat' dir='ltr'>hesterno</span> 
     </span>
    </p>
   </div>
   <div class='ocr_carea' id='block_1_33' title="bbox 143 3128 1835 3200">
    <p class='ocr_par' dir='ltr' id='par_1_33' title="bbox 143 3128 1835 3200">
     <span class='ocr_line' id='line_1_33' title="bbox 143 3128 1835 3200; baseline -0.004 -11"><span class='ocrx_word' id='word_1_250' title='bbox 143 3134 236 3189; x_wconf 89' lang='lat' dir='ltr'>die</span> <span class='ocrx_word' id='word_1_251' title='bbox 269 3133 653 3188; x_wconf 89' lang='lat' dir='ltr'>concessimus</span> <span class='ocrx_word' id='word_1_252' title='bbox 691 3148 823 3186; x_wconf 91' lang='lat' dir='ltr'>eum</span> <span class='ocrx_word' id='word_1_253' title='bbox 861 3131 1091 3185; x_wconf 90' lang='lat' dir='ltr'>beatum</span> <span class='ocrx_word' id='word_1_254' title='bbox 1133 3147 1252 3184; x_wconf 90' lang='lat' dir='ltr'>esse</span> <span class='ocrx_word' id='word_1_255' title='bbox 1291 3129 1390 3200; x_wconf 87' lang='lat' dir='ltr'>qui</span> <span class='ocrx_word' id='word_1_256' title='bbox 1420 3131 1599 3183; x_wconf 89' lang='lat' dir='ltr'>Deum</span> <span class='ocrx_word' id='word_1_257' title='bbox 1629 3128 1835 3183; x_wconf 90' lang='lat' dir='ltr'>habet:</span> 
     </span>
    </p>
   </div>
   <div class='ocr_carea' id='block_1_34' title="bbox 143 3216 1840 3294">
    <p class='ocr_par' dir='ltr' id='par_1_34' title="bbox 143 3216 1840 3294">
     <span class='ocr_line' id='line_1_34' title="bbox 143 3216 1840 3294; baseline -0.004 -18"><span class='ocrx_word' id='word_1_258' title='bbox 143 3223 434 3294; x_wconf 90' lang='lat' dir='ltr'>siquidem</span> <span class='ocrx_word' id='word_1_259' title='bbox 464 3221 651 3276; x_wconf 90' lang='lat' dir='ltr'>omnis</span> <span class='ocrx_word' id='word_1_260' title='bbox 677 3221 850 3275; x_wconf 89' lang='lat' dir='ltr'>homo</span> <span class='ocrx_word' id='word_1_261' title='bbox 876 3220 1054 3273; x_wconf 92' lang='lat' dir='ltr'>Deum</span> <span class='ocrx_word' id='word_1_262' title='bbox 1084 3218 1273 3286; x_wconf 90' lang='lat' dir='ltr'>habet,</span> <span class='ocrx_word' id='word_1_263' title='bbox 1303 3233 1406 3271; x_wconf 90' lang='lat' dir='ltr'>nec</span> <span class='ocrx_word' id='word_1_264' title='bbox 1431 3221 1625 3272; x_wconf 90' lang='lat' dir='ltr'>tamen</span> <span class='ocrx_word' id='word_1_265' title='bbox 1655 3216 1840 3271; x_wconf 87' lang='lat' dir='ltr'>omnis</span> 
     </span>
    </p>
   </div>
   <div class='ocr_carea' id='block_1_35' title="bbox 144 3305 1660 3378">
    <p class='ocr_par' dir='ltr' id='par_1_35' title="bbox 144 3305 1660 3378">
     <span class='ocr_line' id='line_1_35' title="bbox 144 3305 1660 3378; baseline -0.004 -12"><span class='ocrx_word' id='word_1_266' title='bbox 144 3314 323 3367; x_wconf 92' lang='lat' dir='ltr'>homo</span> <span class='ocrx_word' id='word_1_267' title='bbox 353 3312 552 3365; x_wconf 90' lang='lat' dir='ltr'>beatus</span> <span class='ocrx_word' id='word_1_268' title='bbox 581 3314 683 3364; x_wconf 85' lang='lat' dir='ltr'>est.</span> <span class='ocrx_word' id='word_1_269' title='bbox 707 3308 863 3363; x_wconf 84' lang='lat' dir='ltr'>Adde</span> <span class='ocrx_word' id='word_1_270' title='bbox 894 3324 1052 3378; x_wconf 91' lang='lat' dir='ltr'>ergo,</span> <span class='ocrx_word' id='word_1_271' title='bbox 1087 3307 1296 3378; x_wconf 92' lang='lat' dir='ltr'>inquit,</span> <span class='ocrx_word' id='word_1_272' title='bbox 1325 3305 1660 3377; x_wconf 89' lang='lat' dir='ltr'>propitium.</span> 
     </span>
    </p>
   </div>
   <div class='ocr_carea' id='block_1_36' title="bbox 216 3395 1836 3468">
    <p class='ocr_par' dir='ltr' id='par_1_36' title="bbox 216 3395 1836 3468">
     <span class='ocr_line' id='line_1_36' title="bbox 216 3395 1836 3468; baseline -0.006 -13"><span class='ocrx_word' id='word_1_273' title='bbox 216 3403 310 3455; x_wconf 82' lang='lat'>20.</span> <span class='ocrx_word' id='word_1_274' title='bbox 357 3399 590 3467; x_wconf 88' lang='lat' dir='ltr'>Saltem,</span> <span class='ocrx_word' id='word_1_275' title='bbox 637 3397 894 3468; x_wconf 91' lang='lat' dir='ltr'>inquam,</span> <span class='ocrx_word' id='word_1_276' title='bbox 938 3397 1048 3452; x_wconf 93' lang='lat' dir='ltr'>hoc</span> <span class='ocrx_word' id='word_1_277' title='bbox 1094 3395 1244 3449; x_wconf 91' lang='lat' dir='ltr'>inter</span> <span class='ocrx_word' id='word_1_278' title='bbox 1285 3411 1387 3449; x_wconf 92' lang='lat' dir='ltr'>nos</span> <span class='ocrx_word' id='word_1_279' title='bbox 1433 3395 1563 3448; x_wconf 90' lang='lat' dir='ltr'>satis</span> <span class='ocrx_word' id='word_1_280' title='bbox 1601 3396 1836 3458; x_wconf 89' lang='lat' dir='ltr'>constat,</span> 
     </span>
    </p>
   </div>
   <div class='ocr_carea' id='block_1_37' title="bbox 145 3483 1840 3557">
    <p class='ocr_par' dir='ltr' id='par_1_37' title="bbox 145 3483 1840 3557">
     <span class='ocr_line' id='line_1_37' title="bbox 145 3483 1840 3557; baseline -0.005 -13"><span class='ocrx_word' id='word_1_281' title='bbox 145 3506 282 3545; x_wconf 90' lang='lat' dir='ltr'>eum</span> <span class='ocrx_word' id='word_1_282' title='bbox 302 3489 534 3543; x_wconf 88' lang='lat' dir='ltr'>beatum</span> <span class='ocrx_word' id='word_1_283' title='bbox 566 3503 687 3541; x_wconf 89' lang='lat' dir='ltr'>esse</span> <span class='ocrx_word' id='word_1_284' title='bbox 710 3485 810 3557; x_wconf 88' lang='lat' dir='ltr'>qui</span> <span class='ocrx_word' id='word_1_285' title='bbox 830 3486 1000 3539; x_wconf 89' lang='lat' dir='ltr'>habet</span> <span class='ocrx_word' id='word_1_286' title='bbox 1018 3483 1335 3555; x_wconf 90' lang='lat' dir='ltr'>propitium</span> <span class='ocrx_word' id='word_1_287' title='bbox 1357 3484 1577 3538; x_wconf 86' lang='lat' dir='ltr'>Deum?</span> <span class='ocrx_word' id='word_1_288' title='bbox 1604 3483 1840 3550; x_wconf 91' lang='lat' dir='ltr'>Vellem,</span> 
     </span>
    </p>
   </div>
   <div class='ocr_carea' id='block_1_38' title="bbox 146 3571 1842 3649">
    <p class='ocr_par' dir='ltr' id='par_1_38' title="bbox 146 3571 1842 3649">
     <span class='ocr_line' id='line_1_38' title="bbox 146 3571 1842 3649; baseline -0.005 -16"><span class='ocrx_word' id='word_1_289' title='bbox 146 3577 341 3649; x_wconf 88' lang='lat' dir='ltr'>inquit</span> <span class='ocrx_word' id='word_1_290' title='bbox 385 3575 674 3646; x_wconf 86' lang='lat' dir='ltr'>Navigius,</span> <span class='ocrx_word' id='word_1_291' title='bbox 727 3573 1088 3628; x_wconf 90' lang='lat' dir='ltr'>consentire:</span> <span class='ocrx_word' id='word_1_292' title='bbox 1137 3573 1235 3627; x_wconf 87' lang='lat' dir='ltr'>sed</span> <span class='ocrx_word' id='word_1_293' title='bbox 1280 3573 1444 3627; x_wconf 91' lang='lat' dir='ltr'>illum</span> <span class='ocrx_word' id='word_1_294' title='bbox 1490 3588 1690 3626; x_wconf 88' lang='lat' dir='ltr'>vereor</span> <span class='ocrx_word' id='word_1_295' title='bbox 1743 3571 1842 3641; x_wconf 83' lang='lat' dir='ltr'>qui</span> 
     </span>
    </p>
   </div>
   <div class='ocr_carea' id='block_1_39' title="bbox 148 3661 1843 3736">
    <p class='ocr_par' dir='ltr' id='par_1_39' title="bbox 148 3661 1843 3736">
     <span class='ocr_line' id='line_1_39' title="bbox 148 3661 1843 3736; baseline -0.005 -15"><span class='ocrx_word' id='word_1_296' title='bbox 148 3668 337 3722; x_wconf 91' lang='lat' dir='ltr'>adhuc</span> <span class='ocrx_word' id='word_1_297' title='bbox 385 3665 617 3736; x_wconf 65' lang='lat' dir='ltr'>quaerit;</span> <span class='ocrx_word' id='word_1_298' title='bbox 667 3663 983 3734; x_wconf 65' lang='lat' dir='ltr'>praesertim</span> <span class='ocrx_word' id='word_1_299' title='bbox 1010 3678 1081 3716; x_wconf 91' lang='lat' dir='ltr'>ne</span> <span class='ocrx_word' id='word_1_300' title='bbox 1123 3661 1421 3716; x_wconf 89' lang='lat' dir='ltr'>concludas</span> <span class='ocrx_word' id='word_1_301' title='bbox 1461 3662 1692 3715; x_wconf 87' lang='lat' dir='ltr'>beatum</span> <span class='ocrx_word' id='word_1_302' title='bbox 1724 3675 1843 3714; x_wconf 89' lang='lat' dir='ltr'>esse</span> 
     </span>
    </p>
   </div>
   <div class='ocr_carea' id='block_1_40' title="bbox 148 3748 1843 3824">
    <p class='ocr_par' dir='ltr' id='par_1_40' title="bbox 148 3748 1843 3824">
     <span class='ocr_line' id='line_1_40' title="bbox 148 3748 1843 3824; baseline -0.005 -15"><span class='ocrx_word' id='word_1_303' title='bbox 148 3753 573 3822; x_wconf 80' lang='lat' dir='ltr'>Academicum,</span> <span class='ocrx_word' id='word_1_304' title='bbox 605 3752 705 3824; x_wconf 89' lang='lat' dir='ltr'>qui</span> <span class='ocrx_word' id='word_1_305' title='bbox 740 3751 1006 3805; x_wconf 88' lang='lat' dir='ltr'>hesterno</span> <span class='ocrx_word' id='word_1_306' title='bbox 1036 3766 1316 3817; x_wconf 88' lang='lat' dir='ltr'>sermone,</span> <span class='ocrx_word' id='word_1_307' title='bbox 1358 3748 1579 3820; x_wconf 87' lang='lat' dir='ltr'>vulgari</span> <span class='ocrx_word' id='word_1_308' title='bbox 1611 3748 1843 3818; x_wconf 84' lang='lat' dir='ltr'>quidem</span> 
     </span>
    </p>
   </div>
   <div class='ocr_carea' id='block_1_41' title="bbox 150 3836 1841 3910">
    <p class='ocr_par' dir='ltr' id='par_1_41' title="bbox 150 3836 1841 3910">
     <span class='ocr_line' id='line_1_41' title="bbox 150 3836 1841 3910; baseline -0.006 -12"><span class='ocrx_word' id='word_1_309' title='bbox 150 3849 208 3898; x_wconf 91' lang='lat' dir='ltr'>et</span> <span class='ocrx_word' id='word_1_310' title='bbox 235 3843 384 3897; x_wconf 91' lang='lat' dir='ltr'>male</span> <span class='ocrx_word' id='word_1_311' title='bbox 415 3840 615 3907; x_wconf 91' lang='lat' dir='ltr'>latino,</span> <span class='ocrx_word' id='word_1_312' title='bbox 646 3839 742 3894; x_wconf 92' lang='lat' dir='ltr'>sed</span> <span class='ocrx_word' id='word_1_313' title='bbox 793 3838 1084 3910; x_wconf 85' lang='lat' dir='ltr'>aptissimo</span> <span class='ocrx_word' id='word_1_314' title='bbox 1127 3855 1283 3904; x_wconf 90' lang='lat' dir='ltr'>sane,</span> <span class='ocrx_word' id='word_1_315' title='bbox 1322 3842 1388 3892; x_wconf 89' lang='lat' dir='ltr'>ut</span> <span class='ocrx_word' id='word_1_316' title='bbox 1423 3837 1567 3890; x_wconf 88' lang='lat' dir='ltr'>mihi</span> <span class='ocrx_word' id='word_1_317' title='bbox 1596 3836 1841 3905; x_wconf 90' lang='lat' dir='ltr'>videtur,</span> 
     </span>
    </p>
   </div>
   <div class='ocr_carea' id='block_1_42' title="bbox 148 3926 1845 3996">
    <p class='ocr_par' dir='ltr' id='par_1_42' title="bbox 148 3926 1845 3996">
     <span class='ocr_line' id='line_1_42' title="bbox 148 3926 1845 3996; baseline -0.006 -9"><span class='ocrx_word' id='word_1_318' title='bbox 148 3933 323 3987; x_wconf 89' lang='lat' dir='ltr'>verbo</span> <span class='ocrx_word' id='word_1_319' title='bbox 351 3929 685 3986; x_wconf 89' lang='lat' dir='ltr'>caducarius</span> <span class='ocrx_word' id='word_1_320' title='bbox 733 3928 1062 3983; x_wconf 89' lang='lat' dir='ltr'>nominatus</span> <span class='ocrx_word' id='word_1_321' title='bbox 1104 3929 1207 3982; x_wconf 86' lang='lat' dir='ltr'>est.</span> <span class='ocrx_word' id='word_1_322' title='bbox 1243 3928 1370 3981; x_wconf 87' lang='lat' dir='ltr'>Non</span> <span class='ocrx_word' id='word_1_323' title='bbox 1413 3926 1567 3980; x_wconf 89' lang='lat' dir='ltr'>enim</span> <span class='ocrx_word' id='word_1_324' title='bbox 1611 3939 1845 3996; x_wconf 89' lang='lat' dir='ltr'>possum</span> 
     </span>
    </p>
   </div>
   <div class='ocr_carea' id='block_1_43' title="bbox 151 4015 1841 4087">
    <p class='ocr_par' dir='ltr' id='par_1_43' title="bbox 151 4015 1841 4087">
     <span class='ocr_line' id='line_1_43' title="bbox 151 4015 1841 4087; baseline -0.006 -10"><span class='ocrx_word' id='word_1_325' title='bbox 151 4022 340 4077; x_wconf 91' lang='lat' dir='ltr'>dicere</span> <span class='ocrx_word' id='word_1_326' title='bbox 371 4016 594 4073; x_wconf 89' lang='lat' dir='ltr'>homini</span> <span class='ocrx_word' id='word_1_327' title='bbox 635 4019 812 4071; x_wconf 89' lang='lat' dir='ltr'>Deum</span> <span class='ocrx_word' id='word_1_328' title='bbox 843 4015 1120 4087; x_wconf 76' lang='lat' dir='ltr'>quaerenti</span> <span class='ocrx_word' id='word_1_329' title='bbox 1145 4015 1444 4070; x_wconf 87' lang='lat' dir='ltr'>adversum</span> <span class='ocrx_word' id='word_1_330' title='bbox 1475 4015 1653 4068; x_wconf 91' lang='lat' dir='ltr'>Deum</span> <span class='ocrx_word' id='word_1_331' title='bbox 1685 4029 1804 4067; x_wconf 90' lang='lat' dir='ltr'>esse</span> <span class='ocrx_word' id='word_1_332' title='bbox 1829 4029 1841 4067; x_wconf 91' lang='lat'>:</span> 
     </span>
    </p>
   </div>
   <div class='ocr_carea' id='block_1_44' title="bbox 153 4101 1846 4182">
    <p class='ocr_par' dir='ltr' id='par_1_44' title="bbox 153 4101 1846 4182">
     <span class='ocr_line' id='line_1_44' title="bbox 153 4101 1846 4182; baseline -0.006 -17"><span class='ocrx_word' id='word_1_333' title='bbox 153 4111 308 4182; x_wconf 88' lang='lat' dir='ltr'>quod</span> <span class='ocrx_word' id='word_1_334' title='bbox 331 4109 380 4162; x_wconf 91' lang='lat' dir='ltr'>si</span> <span class='ocrx_word' id='word_1_335' title='bbox 403 4107 514 4162; x_wconf 91' lang='lat' dir='ltr'>dici</span> <span class='ocrx_word' id='word_1_336' title='bbox 539 4107 698 4161; x_wconf 86' lang='lat' dir='ltr'>nefas</span> <span class='ocrx_word' id='word_1_337' title='bbox 721 4110 825 4174; x_wconf 87' lang='lat' dir='ltr'>est,</span> <span class='ocrx_word' id='word_1_338' title='bbox 853 4104 1136 4176; x_wconf 91' lang='lat' dir='ltr'>propitius</span> <span class='ocrx_word' id='word_1_339' title='bbox 1157 4103 1300 4170; x_wconf 88' lang='lat' dir='ltr'>erit;</span> <span class='ocrx_word' id='word_1_340' title='bbox 1325 4107 1380 4158; x_wconf 91' lang='lat' dir='ltr'>et</span> <span class='ocrx_word' id='word_1_341' title='bbox 1403 4102 1504 4174; x_wconf 91' lang='lat' dir='ltr'>qui</span> <span class='ocrx_word' id='word_1_342' title='bbox 1533 4101 1846 4172; x_wconf 91' lang='lat' dir='ltr'>propitium</span> 
     </span>
    </p>
   </div>
   <div class='ocr_carea' id='block_1_45' title="bbox 153 4189 1848 4262">
    <p class='ocr_par' dir='ltr' id='par_1_45' title="bbox 153 4189 1848 4262">
     <span class='ocr_line' id='line_1_45' title="bbox 153 4189 1848 4262; baseline -0.006 -8"><span class='ocrx_word' id='word_1_343' title='bbox 153 4203 339 4255; x_wconf 90' lang='lat' dir='ltr'>Deum</span> <span class='ocrx_word' id='word_1_344' title='bbox 387 4197 578 4262; x_wconf 86' lang='lat' dir='ltr'>habet,</span> <span class='ocrx_word' id='word_1_345' title='bbox 626 4195 825 4249; x_wconf 89' lang='lat' dir='ltr'>beatus</span> <span class='ocrx_word' id='word_1_346' title='bbox 875 4198 979 4248; x_wconf 90' lang='lat' dir='ltr'>est.</span> <span class='ocrx_word' id='word_1_347' title='bbox 1026 4195 1228 4248; x_wconf 88' lang='lat' dir='ltr'>Beatus</span> <span class='ocrx_word' id='word_1_348' title='bbox 1271 4208 1405 4262; x_wconf 89' lang='lat' dir='ltr'>ergo</span> <span class='ocrx_word' id='word_1_349' title='bbox 1449 4190 1556 4246; x_wconf 89' lang='lat' dir='ltr'>erit</span> <span class='ocrx_word' id='word_1_350' title='bbox 1609 4190 1703 4244; x_wconf 92' lang='lat' dir='ltr'>ille</span> <span class='ocrx_word' id='word_1_351' title='bbox 1749 4189 1848 4260; x_wconf 92' lang='lat' dir='ltr'>qui</span> 
     </span>
    </p>
   </div>
   <div class='ocr_carea' id='block_1_46' title="bbox 151 4277 1848 4361">
    <p class='ocr_par' dir='ltr' id='par_1_46' title="bbox 151 4277 1848 4361">
     <span class='ocr_line' id='line_1_46' title="bbox 151 4277 1848 4361; baseline -0.006 -18"><span class='ocrx_word' id='word_1_352' title='bbox 151 4287 397 4361; x_wconf 61' lang='lat' dir='ltr'>querit:</span> <span class='ocrx_word' id='word_1_353' title='bbox 430 4285 616 4340; x_wconf 88' lang='lat' dir='ltr'>omnis</span> <span class='ocrx_word' id='word_1_354' title='bbox 642 4288 830 4338; x_wconf 92' lang='lat' dir='ltr'>autem</span> <span class='ocrx_word' id='word_1_355' title='bbox 875 4299 1136 4354; x_wconf 70' lang='lat' dir='ltr'>quaarens</span> <span class='ocrx_word' id='word_1_356' title='bbox 1184 4282 1440 4336; x_wconf 89' lang='lat' dir='ltr'>nondum</span> <span class='ocrx_word' id='word_1_357' title='bbox 1482 4279 1655 4334; x_wconf 87' lang='lat' dir='ltr'>habet</span> <span class='ocrx_word' id='word_1_358' title='bbox 1692 4277 1848 4350; x_wconf 90' lang='lat' dir='ltr'>quod</span> 
     </span>
    </p>
   </div>
   <div class='ocr_carea' id='block_1_47' title="bbox 152 4367 1847 4444">
    <p class='ocr_par' dir='ltr' id='par_1_47' title="bbox 152 4367 1847 4444">
     <span class='ocr_line' id='line_1_47' title="bbox 152 4367 1847 4444; baseline -0.006 -12"><span class='ocrx_word' id='word_1_359' title='bbox 152 4378 297 4432; x_wconf 83' lang='lat' dir='ltr'>vult.</span> <span class='ocrx_word' id='word_1_360' title='bbox 324 4374 441 4430; x_wconf 89' lang='lat' dir='ltr'>Erit</span> <span class='ocrx_word' id='word_1_361' title='bbox 462 4372 634 4444; x_wconf 89' lang='lat' dir='ltr'>igitur</span> <span class='ocrx_word' id='word_1_362' title='bbox 651 4372 852 4426; x_wconf 90' lang='lat' dir='ltr'>beatus</span> <span class='ocrx_word' id='word_1_363' title='bbox 870 4371 1044 4425; x_wconf 89' lang='lat' dir='ltr'>homo</span> <span class='ocrx_word' id='word_1_364' title='bbox 1068 4369 1167 4441; x_wconf 91' lang='lat' dir='ltr'>qui</span> <span class='ocrx_word' id='word_1_365' title='bbox 1198 4369 1350 4441; x_wconf 89' lang='lat' dir='ltr'>quod</span> <span class='ocrx_word' id='word_1_366' title='bbox 1371 4369 1491 4423; x_wconf 88' lang='lat' dir='ltr'>vult</span> <span class='ocrx_word' id='word_1_367' title='bbox 1518 4384 1636 4422; x_wconf 91' lang='lat' dir='ltr'>non</span> <span class='ocrx_word' id='word_1_368' title='bbox 1656 4367 1847 4433; x_wconf 90' lang='lat' dir='ltr'>habet,</span> 
     </span>
    </p>
   </div>
   <div class='ocr_carea' id='block_1_48' title="bbox 152 4455 1852 4538">
    <p class='ocr_par' dir='ltr' id='par_1_48' title="bbox 152 4455 1852 4538">
     <span class='ocr_line' id='line_1_48' title="bbox 152 4455 1852 4538; baseline -0.006 -18"><span class='ocrx_word' id='word_1_369' title='bbox 152 4465 314 4538; x_wconf 91' lang='lat' dir='ltr'>quod</span> <span class='ocrx_word' id='word_1_370' title='bbox 343 4462 468 4518; x_wconf 88' lang='lat' dir='ltr'>heri</span> <span class='ocrx_word' id='word_1_371' title='bbox 497 4461 660 4516; x_wconf 91' lang='lat' dir='ltr'>nobis</span> <span class='ocrx_word' id='word_1_372' title='bbox 691 4460 957 4514; x_wconf 91' lang='lat' dir='ltr'>omnibus</span> <span class='ocrx_word' id='word_1_373' title='bbox 994 4458 1294 4512; x_wconf 86' lang='lat' dir='ltr'>videbatur</span> <span class='ocrx_word' id='word_1_374' title='bbox 1329 4457 1665 4521; x_wconf 88' lang='lat' dir='ltr'>absurdum;</span> <span class='ocrx_word' id='word_1_375' title='bbox 1699 4455 1852 4510; x_wconf 91' lang='lat' dir='ltr'>unde</span> 
     </span>
    </p>
   </div>
   <div class='ocr_carea' id='block_1_49' title="bbox 155 4545 1849 4609">
    <p class='ocr_par' dir='ltr' id='par_1_49' title="bbox 155 4545 1849 4609">
     <span class='ocr_line' id='line_1_49' title="bbox 155 4545 1849 4609; baseline -0.006 0"><span class='ocrx_word' id='word_1_376' title='bbox 155 4552 531 4609; x_wconf 88' lang='lat' dir='ltr'>credebamus</span> <span class='ocrx_word' id='word_1_377' title='bbox 583 4549 1051 4604; x_wconf 84' lang='lat' dir='ltr'>Academicorum</span> <span class='ocrx_word' id='word_1_378' title='bbox 1088 4547 1352 4602; x_wconf 90' lang='lat' dir='ltr'>tenebras</span> <span class='ocrx_word' id='word_1_379' title='bbox 1392 4563 1512 4600; x_wconf 89' lang='lat' dir='ltr'>esse</span> <span class='ocrx_word' id='word_1_380' title='bbox 1551 4545 1849 4600; x_wconf 80' lang='lat' dir='ltr'>discusses.</span> 
     </span>
    </p>
   </div>
   <div class='ocr_carea' id='block_1_50' title="bbox 155 4633 1852 4710">
    <p class='ocr_par' dir='ltr' id='par_1_50' title="bbox 155 4633 1852 4710">
     <span class='ocr_line' id='line_1_50' title="bbox 155 4633 1852 4710; baseline -0.006 -13"><span class='ocrx_word' id='word_1_381' title='bbox 155 4644 346 4708; x_wconf 85' lang='lat' dir='ltr'>Quare</span> <span class='ocrx_word' id='word_1_382' title='bbox 369 4641 488 4710; x_wconf 86' lang='lat' dir='ltr'>jam</span> <span class='ocrx_word' id='word_1_383' title='bbox 528 4639 597 4694; x_wconf 92' lang='lat' dir='ltr'>de</span> <span class='ocrx_word' id='word_1_384' title='bbox 628 4638 793 4692; x_wconf 92' lang='lat' dir='ltr'>nobis</span> <span class='ocrx_word' id='word_1_385' title='bbox 835 4637 1115 4692; x_wconf 85' lang='lat' dir='ltr'>Licentius</span> <span class='ocrx_word' id='word_1_386' title='bbox 1159 4633 1852 4703; x_wconf 89' lang='lat' dir='ltr'>triumphabit;nihilque</span> 
     </span>
    </p>
   </div>
   <div class='ocr_carea' id='block_1_51' title="bbox 155 4724 1853 4798">
    <p class='ocr_par' dir='ltr' id='par_1_51' title="bbox 155 4724 1853 4798">
     <span class='ocr_line' id='line_1_51' title="bbox 155 4724 1853 4798; baseline -0.007 -12"><span class='ocrx_word' id='word_1_387' title='bbox 155 4732 257 4786; x_wconf 92' lang='lat' dir='ltr'>illa</span> <span class='ocrx_word' id='word_1_388' title='bbox 306 4728 512 4795; x_wconf 88' lang='lat' dir='ltr'>dulcia,</span> <span class='ocrx_word' id='word_1_389' title='bbox 559 4743 686 4798; x_wconf 80' lang='lat' dir='ltr'>quae</span> <span class='ocrx_word' id='word_1_390' title='bbox 733 4729 931 4785; x_wconf 90' lang='lat' dir='ltr'>contra</span> <span class='ocrx_word' id='word_1_391' title='bbox 981 4724 1366 4781; x_wconf 89' lang='lat' dir='ltr'>valetudinem</span> <span class='ocrx_word' id='word_1_392' title='bbox 1404 4739 1592 4777; x_wconf 90' lang='lat' dir='ltr'>meam</span> <span class='ocrx_word' id='word_1_393' title='bbox 1637 4727 1853 4776; x_wconf 90' lang='lat' dir='ltr'>temere</span> 
     </span>
    </p>
   </div>
   <div class='ocr_carea' id='block_1_52' title="bbox 157 4809 1854 4891">
    <p class='ocr_par' dir='ltr' id='par_1_52' title="bbox 157 4809 1854 4891">
     <span class='ocr_line' id='line_1_52' title="bbox 157 4809 1854 4891; baseline -0.006 -18"><span class='ocrx_word' id='word_1_394' title='bbox 157 4817 376 4888; x_wconf 88' lang='lat' dir='ltr'>accepi,</span> <span class='ocrx_word' id='word_1_395' title='bbox 397 4817 498 4871; x_wconf 90' lang='lat' dir='ltr'>has</span> <span class='ocrx_word' id='word_1_396' title='bbox 527 4816 596 4870; x_wconf 91' lang='lat' dir='ltr'>de</span> <span class='ocrx_word' id='word_1_397' title='bbox 626 4831 718 4870; x_wconf 91' lang='lat' dir='ltr'>me</span> <span class='ocrx_word' id='word_1_398' title='bbox 747 4830 946 4886; x_wconf 67' lang='lat' dir='ltr'>poenas</span> <span class='ocrx_word' id='word_1_399' title='bbox 969 4813 1216 4886; x_wconf 88' lang='lat' dir='ltr'>exigere,</span> <span class='ocrx_word' id='word_1_400' title='bbox 1253 4811 1413 4891; x_wconf 79' lang='lat' dir='ltr'>quasi</span> <span class='ocrx_word' id='word_1_401' title='bbox 1447 4809 1702 4882; x_wconf 86' lang='lat' dir='ltr'>prudens</span> <span class='ocrx_word' id='word_1_402' title='bbox 1734 4824 1854 4863; x_wconf 87' lang='lat' dir='ltr'>me-</span> 
     </span>
    </p>
   </div>
   <div class='ocr_carea' id='block_1_53' title="bbox 157 4905 696 4964">
    <p class='ocr_par' dir='ltr' id='par_1_53' title="bbox 157 4905 696 4964">
     <span class='ocr_line' id='line_1_53' title="bbox 157 4905 696 4964; baseline -0.011 0"><span class='ocrx_word' id='word_1_403' title='bbox 157 4909 322 4964; x_wconf 89' lang='lat' dir='ltr'>dicus</span> <span class='ocrx_word' id='word_1_404' title='bbox 347 4905 696 4960; x_wconf 89' lang='lat' dir='ltr'>admonebit.</span> 
     </span>
    </p>
   </div>
   <div class='ocr_carea' id='block_1_54' title="bbox 228 4985 1861 5060">
    <p class='ocr_par' dir='ltr' id='par_1_54' title="bbox 228 4985 1861 5060">
     <span class='ocr_line' id='line_1_54' title="bbox 228 4985 1861 5060; baseline -0.006 -9"><span class='ocrx_word' id='word_1_405' title='bbox 228 5001 322 5051; x_wconf 76' lang='lat'>21.</span> <span class='ocrx_word' id='word_1_406' title='bbox 357 4995 454 5048; x_wconf 84' lang='lat' dir='ltr'>Hic</span> <span class='ocrx_word' id='word_1_407' title='bbox 501 5009 631 5048; x_wconf 91' lang='lat' dir='ltr'>cum</span> <span class='ocrx_word' id='word_1_408' title='bbox 679 4992 852 5048; x_wconf 90' lang='lat' dir='ltr'>etiam</span> <span class='ocrx_word' id='word_1_409' title='bbox 899 4995 1083 5048; x_wconf 86' lang='lat' dir='ltr'>mater</span> <span class='ocrx_word' id='word_1_410' title='bbox 1131 4990 1438 5046; x_wconf 86' lang='lat' dir='ltr'>arrisisset:</span> <span class='ocrx_word' id='word_1_411' title='bbox 1483 4989 1620 5060; x_wconf 88' lang='lat' dir='ltr'>Ego,</span> <span class='ocrx_word' id='word_1_412' title='bbox 1668 4985 1861 5057; x_wconf 88' lang='lat' dir='ltr'>inquit</span> 
     </span>
    </p>
   </div>
   <div class='ocr_carea' id='block_1_55' title="bbox 161 5073 1860 5157">
    <p class='ocr_par' dir='ltr' id='par_1_55' title="bbox 161 5073 1860 5157">
     <span class='ocr_line' id='line_1_55' title="bbox 161 5073 1860 5157; baseline -0.009 -15"><span class='ocrx_word' id='word_1_413' title='bbox 161 5084 484 5157; x_wconf 85' lang='lat' dir='ltr'>Trygetius,</span> <span class='ocrx_word' id='word_1_414' title='bbox 513 5099 632 5138; x_wconf 93' lang='lat' dir='ltr'>non</span> <span class='ocrx_word' id='word_1_415' title='bbox 665 5082 914 5138; x_wconf 90' lang='lat' dir='ltr'>concedo</span> <span class='ocrx_word' id='word_1_416' title='bbox 943 5081 1213 5136; x_wconf 89' lang='lat' dir='ltr'>continuo</span> <span class='ocrx_word' id='word_1_417' title='bbox 1246 5081 1426 5134; x_wconf 90' lang='lat' dir='ltr'>Deum</span> <span class='ocrx_word' id='word_1_418' title='bbox 1455 5074 1738 5132; x_wconf 88' lang='lat' dir='ltr'>adversari</span> <span class='ocrx_word' id='word_1_419' title='bbox 1768 5073 1860 5129; x_wconf 92' lang='lat' dir='ltr'>cui</span> 
     </span>
    </p>
   </div>
   <div class='ocr_carea' id='block_1_56' title="bbox 162 5161 1861 5244">
    <p class='ocr_par' dir='ltr' id='par_1_56' title="bbox 162 5161 1861 5244">
     <span class='ocr_line' id='line_1_56' title="bbox 162 5161 1861 5244; baseline -0.009 -13"><span class='ocrx_word' id='word_1_420' title='bbox 162 5192 281 5231; x_wconf 91' lang='lat' dir='ltr'>non</span> <span class='ocrx_word' id='word_1_421' title='bbox 307 5175 381 5228; x_wconf 90' lang='lat' dir='ltr'>sit</span> <span class='ocrx_word' id='word_1_422' title='bbox 407 5171 708 5244; x_wconf 89' lang='lat' dir='ltr'>propitius,</span> <span class='ocrx_word' id='word_1_423' title='bbox 743 5171 841 5226; x_wconf 91' lang='lat' dir='ltr'>sed</span> <span class='ocrx_word' id='word_1_424' title='bbox 873 5187 993 5225; x_wconf 90' lang='lat' dir='ltr'>esse</span> <span class='ocrx_word' id='word_1_425' title='bbox 1037 5168 1253 5241; x_wconf 90' lang='lat' dir='ltr'>aliquid</span> <span class='ocrx_word' id='word_1_426' title='bbox 1282 5165 1537 5222; x_wconf 91' lang='lat' dir='ltr'>medium</span> <span class='ocrx_word' id='word_1_427' title='bbox 1567 5168 1726 5236; x_wconf 91' lang='lat' dir='ltr'>puto.</span> <span class='ocrx_word' id='word_1_428' title='bbox 1759 5161 1861 5217; x_wconf 88' lang='lat' dir='ltr'>Cui</span> 
     </span>
    </p>
   </div>
   <div class='ocr_carea' id='block_1_57' title="bbox 164 5249 1864 5336">
    <p class='ocr_par' dir='ltr' id='par_1_57' title="bbox 164 5249 1864 5336">
     <span class='ocr_line' id='line_1_57' title="bbox 164 5249 1864 5336; baseline -0.008 -18"><span class='ocrx_word' id='word_1_429' title='bbox 164 5281 310 5336; x_wconf 90' lang='lat' dir='ltr'>ego:</span> <span class='ocrx_word' id='word_1_430' title='bbox 345 5263 526 5318; x_wconf 87' lang='lat' dir='ltr'>Istum</span> <span class='ocrx_word' id='word_1_431' title='bbox 555 5265 747 5315; x_wconf 91' lang='lat' dir='ltr'>tamen</span> <span class='ocrx_word' id='word_1_432' title='bbox 789 5258 1104 5326; x_wconf 91' lang='lat' dir='ltr'>hominem,</span> <span class='ocrx_word' id='word_1_433' title='bbox 1152 5258 1410 5328; x_wconf 91' lang='lat' dir='ltr'>inquam,</span> <span class='ocrx_word' id='word_1_434' title='bbox 1460 5253 1737 5318; x_wconf 89' lang='lat' dir='ltr'>medium,</span> <span class='ocrx_word' id='word_1_435' title='bbox 1773 5249 1864 5305; x_wconf 85' lang='lat' dir='ltr'>cui</span> 
     </span>
    </p>
   </div>
   <div class='ocr_carea' id='block_1_58' title="bbox 166 5345 1864 5421">
    <p class='ocr_par' dir='ltr' id='par_1_58' title="bbox 166 5345 1864 5421">
     <span class='ocr_line' id='line_1_58' title="bbox 166 5345 1864 5421; baseline -0.009 -13"><span class='ocrx_word' id='word_1_436' title='bbox 166 5371 269 5409; x_wconf 91' lang='lat' dir='ltr'>nec</span> <span class='ocrx_word' id='word_1_437' title='bbox 312 5353 461 5407; x_wconf 90' lang='lat' dir='ltr'>Deus</span> <span class='ocrx_word' id='word_1_438' title='bbox 501 5349 786 5421; x_wconf 90' lang='lat' dir='ltr'>propitius</span> <span class='ocrx_word' id='word_1_439' title='bbox 833 5352 917 5402; x_wconf 89' lang='lat' dir='ltr'>est</span> <span class='ocrx_word' id='word_1_440' title='bbox 961 5363 1066 5402; x_wconf 94' lang='lat' dir='ltr'>nec</span> <span class='ocrx_word' id='word_1_441' title='bbox 1106 5346 1362 5408; x_wconf 89' lang='lat' dir='ltr'>infestus,</span> <span class='ocrx_word' id='word_1_442' title='bbox 1409 5345 1589 5398; x_wconf 91' lang='lat' dir='ltr'>Deum</span> <span class='ocrx_word' id='word_1_443' title='bbox 1636 5355 1864 5412; x_wconf 90' lang='lat' dir='ltr'>quoquo</span> 
     </span>
    </p>
   </div>
   <div class='ocr_carea' id='block_1_59' title="bbox 167 5433 1860 5499">
    <p class='ocr_par' dir='ltr' id='par_1_59' title="bbox 167 5433 1860 5499">
     <span class='ocr_line' id='line_1_59' title="bbox 167 5433 1860 5499; baseline -0.009 0"><span class='ocrx_word' id='word_1_444' title='bbox 167 5443 338 5499; x_wconf 90' lang='lat' dir='ltr'>modo</span> <span class='ocrx_word' id='word_1_445' title='bbox 382 5440 596 5496; x_wconf 86' lang='lat' dir='ltr'>habere</span> <span class='ocrx_word' id='word_1_446' title='bbox 640 5437 940 5493; x_wconf 87' lang='lat' dir='ltr'>concedis?</span> <span class='ocrx_word' id='word_1_447' title='bbox 996 5436 1096 5492; x_wconf 84' lang='lat' dir='ltr'>Hic</span> <span class='ocrx_word' id='word_1_448' title='bbox 1150 5450 1281 5490; x_wconf 91' lang='lat' dir='ltr'>cum</span> <span class='ocrx_word' id='word_1_449' title='bbox 1329 5433 1424 5488; x_wconf 91' lang='lat' dir='ltr'>ille</span> <span class='ocrx_word' id='word_1_450' title='bbox 1470 5435 1860 5487; x_wconf 77' lang='lat' dir='ltr'>cunctaretur:</span> 
     </span>
    </p>
   </div>
   <div class='ocr_carea' id='block_1_60' title="bbox 230 5531 1155 5599">
    <p class='ocr_par' dir='ltr' id='par_1_60' title="bbox 230 5531 1155 5599">
     <span class='ocr_line' id='line_1_60' title="bbox 230 5531 1155 5599; baseline -0.011 -8"><span class='ocrx_word' id='word_1_451' title='bbox 230 5542 244 5575; x_wconf 73' lang='grc'><strong><em>³</em></strong></span> <span class='ocrx_word' id='word_1_452' title='bbox 277 5541 520 5599; x_wconf 83' lang='lat' dir='ltr'>Quatuor</span> <span class='ocrx_word' id='word_1_453' title='bbox 536 5536 682 5595; x_wconf 61' lang='lat' dir='ltr'>Msa,</span> <span class='ocrx_word' id='word_1_454' title='bbox 715 5533 960 5586; x_wconf 72' lang='lat' dir='ltr'>vultibus</span> <span class='ocrx_word' id='word_1_455' title='bbox 987 5531 1155 5585; x_wconf 79' lang='lat' dir='ltr'>cessit.</span> 
     </span>
    </p>
   </div>
   <div class='ocr_carea' id='block_1_61' title="bbox 478 5631 1068 5702">
    <p class='ocr_par' dir='ltr' id='par_1_61' title="bbox 478 5631 1068 5702">
     <span class='ocr_line' id='line_1_61' title="bbox 478 5631 1068 5702; baseline -0.007 0"><span class='ocrx_word' id='word_1_456' title='bbox 478 5637 765 5702; x_wconf 79' lang='lat' dir='ltr'>PATROL.</span> <span class='ocrx_word' id='word_1_457' title='bbox 817 5631 1068 5700; x_wconf 85' lang='lat' dir='ltr'>XXXII.</span> 
     </span>
    </p>
   </div>
   <div class='ocr_carea' id='block_1_62' title="bbox 1664 278 2129 334">
    <p class='ocr_par' dir='ltr' id='par_1_62' title="bbox 1664 278 2129 334">
     <span class='ocr_line' id='line_1_62' title="bbox 1664 278 2129 334; baseline -0.006 -1"><span class='ocrx_word' id='word_1_458' title='bbox 1664 279 1876 334; x_wconf 81' lang='lat' dir='ltr'>LIBER</span> <span class='ocrx_word' id='word_1_459' title='bbox 1927 278 2129 334; x_wconf 88' lang='lat' dir='ltr'>UNUS.</span> 
     </span>
    </p>
   </div>
   <div class='ocr_carea' id='block_1_63' title="bbox 3547 286 3652 338">
    <p class='ocr_par' dir='ltr' id='par_1_63' title="bbox 3547 286 3652 338">
     <span class='ocr_line' id='line_1_63' title="bbox 3547 286 3652 338; baseline 0.01 -1"><span class='ocrx_word' id='word_1_460' title='bbox 3547 286 3652 338; x_wconf 83' lang='lat'><strong>970</strong></span> 
     </span>
    </p>
   </div>
   <div class='ocr_carea' id='block_1_64' title="bbox 1950 401 3649 474">
    <p class='ocr_par' dir='ltr' id='par_1_64' title="bbox 1950 401 3649 474">
     <span class='ocr_line' id='line_1_64' title="bbox 1950 401 3649 474; baseline 0.005 -18"><span class='ocrx_word' id='word_1_461' title='bbox 1950 401 2119 456; x_wconf 78' lang='lat' dir='ltr'>Aliud</span> <span class='ocrx_word' id='word_1_462' title='bbox 2149 407 2253 467; x_wconf 88' lang='lat' dir='ltr'>est,</span> <span class='ocrx_word' id='word_1_463' title='bbox 2287 402 2474 473; x_wconf 87' lang='lat' dir='ltr'>inquit</span> <span class='ocrx_word' id='word_1_464' title='bbox 2495 407 2696 466; x_wconf 87' lang='lat' dir='ltr'>mater,</span> <span class='ocrx_word' id='word_1_465' title='bbox 2729 404 2909 458; x_wconf 91' lang='lat' dir='ltr'>Deum</span> <span class='ocrx_word' id='word_1_466' title='bbox 2937 403 3170 474; x_wconf 83' lang='lat' dir='ltr'>habere,</span> <span class='ocrx_word' id='word_1_467' title='bbox 3203 407 3357 461; x_wconf 91' lang='lat' dir='ltr'>aliud</span> <span class='ocrx_word' id='word_1_468' title='bbox 3386 423 3502 462; x_wconf 90' lang='lat' dir='ltr'>non</span> <span class='ocrx_word' id='word_1_469' title='bbox 3529 425 3649 464; x_wconf 87' lang='lat' dir='ltr'>esse</span> 
     </span>
    </p>
   </div>
   <div class='ocr_carea' id='block_1_65' title="bbox 1953 490 3645 562">
    <p class='ocr_par' dir='ltr' id='par_1_65' title="bbox 1953 490 3645 562">
     <span class='ocr_line' id='line_1_65' title="bbox 1953 490 3645 562; baseline 0.005 -19"><span class='ocrx_word' id='word_1_470' title='bbox 1953 490 2073 543; x_wconf 90' lang='lat' dir='ltr'>sine</span> <span class='ocrx_word' id='word_1_471' title='bbox 2108 491 2238 544; x_wconf 92' lang='lat' dir='ltr'>Deo.</span> <span class='ocrx_word' id='word_1_472' title='bbox 2272 490 2416 555; x_wconf 91' lang='lat' dir='ltr'>Quid</span> <span class='ocrx_word' id='word_1_473' title='bbox 2446 507 2597 562; x_wconf 81' lang='lat' dir='ltr'>ergo,</span> <span class='ocrx_word' id='word_1_474' title='bbox 2626 491 2882 562; x_wconf 91' lang='lat' dir='ltr'>inquam,</span> <span class='ocrx_word' id='word_1_475' title='bbox 2916 492 3122 546; x_wconf 91' lang='lat' dir='ltr'>melius</span> <span class='ocrx_word' id='word_1_476' title='bbox 3152 498 3269 560; x_wconf 90' lang='lat' dir='ltr'>est;</span> <span class='ocrx_word' id='word_1_477' title='bbox 3325 499 3518 550; x_wconf 91' lang='lat' dir='ltr'>utrum</span> <span class='ocrx_word' id='word_1_478' title='bbox 3543 497 3645 551; x_wconf 82' lang='lat' dir='ltr'>ha-</span> 
     </span>
    </p>
   </div>
   <div class='ocr_carea' id='block_1_66' title="bbox 1951 578 3644 654">
    <p class='ocr_par' dir='ltr' id='par_1_66' title="bbox 1951 578 3644 654">
     <span class='ocr_line' id='line_1_66' title="bbox 1951 578 3644 654; baseline 0.004 -22"><span class='ocrx_word' id='word_1_479' title='bbox 1951 578 2084 632; x_wconf 90' lang='lat' dir='ltr'>bere</span> <span class='ocrx_word' id='word_1_480' title='bbox 2115 579 2316 645; x_wconf 92' lang='lat' dir='ltr'>Deum,</span> <span class='ocrx_word' id='word_1_481' title='bbox 2355 595 2428 632; x_wconf 91' lang='lat' dir='ltr'>an</span> <span class='ocrx_word' id='word_1_482' title='bbox 2460 595 2572 632; x_wconf 92' lang='lat' dir='ltr'>non</span> <span class='ocrx_word' id='word_1_483' title='bbox 2605 595 2723 633; x_wconf 90' lang='lat' dir='ltr'>esse</span> <span class='ocrx_word' id='word_1_484' title='bbox 2753 582 2874 635; x_wconf 92' lang='lat' dir='ltr'>sine</span> <span class='ocrx_word' id='word_1_485' title='bbox 2908 582 3062 635; x_wconf 83' lang='lat' dir='ltr'>Deo?</span> <span class='ocrx_word' id='word_1_486' title='bbox 3095 581 3404 652; x_wconf 89' lang='lat' dir='ltr'>Quantum,</span> <span class='ocrx_word' id='word_1_487' title='bbox 3437 583 3644 654; x_wconf 87' lang='lat' dir='ltr'>inquit,</span> 
     </span>
    </p>
   </div>
   <div class='ocr_carea' id='block_1_67' title="bbox 1948 666 3647 742">
    <p class='ocr_par' dir='ltr' id='par_1_67' title="bbox 1948 666 3647 742">
     <span class='ocr_line' id='line_1_67' title="bbox 1948 666 3647 742; baseline 0.005 -25"><span class='ocrx_word' id='word_1_488' title='bbox 1948 682 2182 736; x_wconf 89' lang='lat' dir='ltr'>possum</span> <span class='ocrx_word' id='word_1_489' title='bbox 2213 666 2554 735; x_wconf 84' lang='lat' dir='ltr'>intelligere,</span> <span class='ocrx_word' id='word_1_490' title='bbox 2595 667 2701 721; x_wconf 91' lang='lat' dir='ltr'>ista</span> <span class='ocrx_word' id='word_1_491' title='bbox 2730 673 2813 721; x_wconf 91' lang='lat' dir='ltr'>est</span> <span class='ocrx_word' id='word_1_492' title='bbox 2839 669 3121 723; x_wconf 85' lang='lat' dir='ltr'>sententia</span> <span class='ocrx_word' id='word_1_493' title='bbox 3164 687 3325 724; x_wconf 91' lang='lat' dir='ltr'>mea:</span> <span class='ocrx_word' id='word_1_494' title='bbox 3374 672 3473 742; x_wconf 88' lang='lat' dir='ltr'>qui</span> <span class='ocrx_word' id='word_1_495' title='bbox 3503 673 3647 726; x_wconf 89' lang='lat' dir='ltr'>bene</span> 
     </span>
    </p>
   </div>
   <div class='ocr_carea' id='block_1_68' title="bbox 1948 753 3650 828">
    <p class='ocr_par' dir='ltr' id='par_1_68' title="bbox 1948 753 3650 828">
     <span class='ocr_line' id='line_1_68' title="bbox 1948 753 3650 828; baseline 0.005 -22"><span class='ocrx_word' id='word_1_496' title='bbox 1948 753 2103 819; x_wconf 90' lang='lat' dir='ltr'>vivit,</span> <span class='ocrx_word' id='word_1_497' title='bbox 2151 753 2320 807; x_wconf 90' lang='lat' dir='ltr'>habet</span> <span class='ocrx_word' id='word_1_498' title='bbox 2364 755 2565 819; x_wconf 90' lang='lat' dir='ltr'>Deum,</span> <span class='ocrx_word' id='word_1_499' title='bbox 2601 755 2696 808; x_wconf 93' lang='lat' dir='ltr'>sed</span> <span class='ocrx_word' id='word_1_500' title='bbox 2740 757 3091 826; x_wconf 89' lang='lat' dir='ltr'>propitium;</span> <span class='ocrx_word' id='word_1_501' title='bbox 3144 758 3242 828; x_wconf 89' lang='lat' dir='ltr'>qui</span> <span class='ocrx_word' id='word_1_502' title='bbox 3275 759 3445 825; x_wconf 89' lang='lat' dir='ltr'>male,</span> <span class='ocrx_word' id='word_1_503' title='bbox 3476 760 3650 814; x_wconf 83' lang='lat' dir='ltr'>habet</span> 
     </span>
    </p>
   </div>
   <div class='ocr_carea' id='block_1_69' title="bbox 1952 842 3648 917">
    <p class='ocr_par' dir='ltr' id='par_1_69' title="bbox 1952 842 3648 917">
     <span class='ocr_line' id='line_1_69' title="bbox 1952 842 3648 917; baseline 0.004 -21"><span class='ocrx_word' id='word_1_504' title='bbox 1952 843 2150 910; x_wconf 89' lang='lat' dir='ltr'>Deum,</span> <span class='ocrx_word' id='word_1_505' title='bbox 2183 842 2278 895; x_wconf 93' lang='lat' dir='ltr'>sed</span> <span class='ocrx_word' id='word_1_506' title='bbox 2305 843 2623 897; x_wconf 87' lang='lat' dir='ltr'>adversum.</span> <span class='ocrx_word' id='word_1_507' title='bbox 2665 843 2768 906; x_wconf 88' lang='lat' dir='ltr'>Qui</span> <span class='ocrx_word' id='word_1_508' title='bbox 2801 849 2990 898; x_wconf 88' lang='lat' dir='ltr'>autem</span> <span class='ocrx_word' id='word_1_509' title='bbox 3023 846 3204 900; x_wconf 89' lang='lat' dir='ltr'>adhuc</span> <span class='ocrx_word' id='word_1_510' title='bbox 3237 848 3462 917; x_wconf 66' lang='lat' dir='ltr'>quaerit,</span> <span class='ocrx_word' id='word_1_511' title='bbox 3496 865 3648 902; x_wconf 90' lang='lat' dir='ltr'>non-</span> 
     </span>
    </p>
   </div>
   <div class='ocr_carea' id='block_1_70' title="bbox 1949 929 3644 1005">
    <p class='ocr_par' dir='ltr' id='par_1_70' title="bbox 1949 929 3644 1005">
     <span class='ocr_line' id='line_1_70' title="bbox 1949 929 3644 1005; baseline 0.004 -22"><span class='ocrx_word' id='word_1_512' title='bbox 1949 929 2202 1000; x_wconf 90' lang='lat' dir='ltr'>dumque</span> <span class='ocrx_word' id='word_1_513' title='bbox 2234 929 2466 996; x_wconf 90' lang='lat' dir='ltr'>invenit,</span> <span class='ocrx_word' id='word_1_514' title='bbox 2513 946 2698 1000; x_wconf 90' lang='lat' dir='ltr'>neque</span> <span class='ocrx_word' id='word_1_515' title='bbox 2738 932 3054 1001; x_wconf 89' lang='lat' dir='ltr'>pr0pitium</span> <span class='ocrx_word' id='word_1_516' title='bbox 3094 950 3281 1005; x_wconf 92' lang='lat' dir='ltr'>neque</span> <span class='ocrx_word' id='word_1_517' title='bbox 3321 936 3644 1002; x_wconf 90' lang='lat' dir='ltr'>adversum,</span> 
     </span>
    </p>
   </div>
   <div class='ocr_carea' id='block_1_71' title="bbox 1948 1018 3645 1091">
    <p class='ocr_par' dir='ltr' id='par_1_71' title="bbox 1948 1018 3645 1091">
     <span class='ocr_line' id='line_1_71' title="bbox 1948 1018 3645 1091; baseline 0.004 -20"><span class='ocrx_word' id='word_1_518' title='bbox 1948 1018 2043 1072; x_wconf 94' lang='lat' dir='ltr'>sed</span> <span class='ocrx_word' id='word_1_519' title='bbox 2075 1033 2186 1071; x_wconf 94' lang='lat' dir='ltr'>non</span> <span class='ocrx_word' id='word_1_520' title='bbox 2215 1021 2300 1071; x_wconf 89' lang='lat' dir='ltr'>est</span> <span class='ocrx_word' id='word_1_521' title='bbox 2331 1018 2453 1070; x_wconf 79' lang='lat' dir='ltr'>sine</span> <span class='ocrx_word' id='word_1_522' title='bbox 2487 1019 2620 1071; x_wconf 93' lang='lat' dir='ltr'>Deo.</span> <span class='ocrx_word' id='word_1_523' title='bbox 2655 1019 2931 1086; x_wconf 68' lang='lat' dir='ltr'>Haeccine,</span> <span class='ocrx_word' id='word_1_524' title='bbox 2963 1021 3219 1091; x_wconf 89' lang='lat' dir='ltr'>inquam,</span> <span class='ocrx_word' id='word_1_525' title='bbox 3254 1029 3437 1077; x_wconf 89' lang='lat' dir='ltr'>vestra</span> <span class='ocrx_word' id='word_1_526' title='bbox 3469 1024 3645 1078; x_wconf 88' lang='lat' dir='ltr'>etiam</span> 
     </span>
    </p>
   </div>
   <div class='ocr_carea' id='block_1_72' title="bbox 1948 1105 3641 1183">
    <p class='ocr_par' dir='ltr' id='par_1_72' title="bbox 1948 1105 3641 1183">
     <span class='ocr_line' id='line_1_72' title="bbox 1948 1105 3641 1183; baseline 0.005 -25"><span class='ocrx_word' id='word_1_527' title='bbox 1948 1105 2230 1159; x_wconf 90' lang='lat' dir='ltr'>sententia</span> <span class='ocrx_word' id='word_1_528' title='bbox 2253 1108 2366 1159; x_wconf 88' lang='lat' dir='ltr'>est?</span> <span class='ocrx_word' id='word_1_529' title='bbox 2389 1107 2542 1159; x_wconf 87' lang='lat' dir='ltr'>Hanc</span> <span class='ocrx_word' id='word_1_530' title='bbox 2561 1122 2681 1160; x_wconf 91' lang='lat' dir='ltr'>esse</span> <span class='ocrx_word' id='word_1_531' title='bbox 2712 1107 2996 1161; x_wconf 82' lang='lat' dir='ltr'>dixerunt.</span> <span class='ocrx_word' id='word_1_532' title='bbox 3029 1109 3206 1163; x_wconf 91' lang='lat' dir='ltr'>Dicite</span> <span class='ocrx_word' id='word_1_533' title='bbox 3237 1111 3398 1177; x_wconf 90' lang='lat' dir='ltr'>mihi,</span> <span class='ocrx_word' id='word_1_534' title='bbox 3428 1127 3641 1183; x_wconf 69' lang='lat' dir='ltr'>quaeso,</span> 
     </span>
    </p>
   </div>
   <div class='ocr_carea' id='block_1_73' title="bbox 1946 1195 3638 1271">
    <p class='ocr_par' dir='ltr' id='par_1_73' title="bbox 1946 1195 3638 1271">
     <span class='ocr_line' id='line_1_73' title="bbox 1946 1195 3638 1271; baseline 0.004 -23"><span class='ocrx_word' id='word_1_535' title='bbox 1946 1195 2179 1265; x_wconf 85' lang='lat' dir='ltr'>inquam</span> <span class='ocrx_word' id='word_1_536' title='bbox 2205 1211 2217 1249; x_wconf 92' lang='lat'>:</span> <span class='ocrx_word' id='word_1_537' title='bbox 2254 1211 2370 1248; x_wconf 92' lang='lat' dir='ltr'>non</span> <span class='ocrx_word' id='word_1_538' title='bbox 2399 1195 2558 1248; x_wconf 92' lang='lat' dir='ltr'>vobis</span> <span class='ocrx_word' id='word_1_539' title='bbox 2601 1195 2826 1249; x_wconf 90' lang='lat' dir='ltr'>videtur</span> <span class='ocrx_word' id='word_1_540' title='bbox 2855 1212 2975 1250; x_wconf 90' lang='lat' dir='ltr'>esse</span> <span class='ocrx_word' id='word_1_541' title='bbox 3004 1196 3227 1250; x_wconf 92' lang='lat' dir='ltr'>homini</span> <span class='ocrx_word' id='word_1_542' title='bbox 3262 1199 3406 1252; x_wconf 89' lang='lat' dir='ltr'>Deus</span> <span class='ocrx_word' id='word_1_543' title='bbox 3436 1200 3638 1271; x_wconf 86' lang='lat' dir='ltr'>propi-</span> 
     </span>
    </p>
   </div>
   <div class='ocr_carea' id='block_1_74' title="bbox 1947 1282 3641 1356">
    <p class='ocr_par' dir='ltr' id='par_1_74' title="bbox 1947 1282 3641 1356">
     <span class='ocr_line' id='line_1_74' title="bbox 1947 1282 3641 1356; baseline 0.002 -20"><span class='ocrx_word' id='word_1_544' title='bbox 1947 1283 2061 1336; x_wconf 89' lang='lat' dir='ltr'>tius</span> <span class='ocrx_word' id='word_1_545' title='bbox 2090 1283 2179 1336; x_wconf 93' lang='lat' dir='ltr'>cui</span> <span class='ocrx_word' id='word_1_546' title='bbox 2212 1282 2400 1336; x_wconf 85' lang='lat' dir='ltr'>favet?</span> <span class='ocrx_word' id='word_1_547' title='bbox 2434 1285 2560 1337; x_wconf 90' lang='lat' dir='ltr'>Esse</span> <span class='ocrx_word' id='word_1_548' title='bbox 2592 1282 2832 1336; x_wconf 86' lang='lat' dir='ltr'>confessi</span> <span class='ocrx_word' id='word_1_549' title='bbox 2863 1287 3009 1336; x_wconf 91' lang='lat' dir='ltr'>sunt.</span> <span class='ocrx_word' id='word_1_550' title='bbox 3044 1285 3168 1337; x_wconf 85' lang='lat' dir='ltr'>Non</span> <span class='ocrx_word' id='word_1_551' title='bbox 3200 1300 3353 1355; x_wconf 86' lang='lat' dir='ltr'>ergo,</span> <span class='ocrx_word' id='word_1_552' title='bbox 3384 1285 3641 1356; x_wconf 89' lang='lat' dir='ltr'>inquam,</span> 
     </span>
    </p>
   </div>
   <div class='ocr_carea' id='block_1_75' title="bbox 1947 1369 3642 1443">
    <p class='ocr_par' dir='ltr' id='par_1_75' title="bbox 1947 1369 3642 1443">
     <span class='ocr_line' id='line_1_75' title="bbox 1947 1369 3642 1443; baseline 0.003 -20"><span class='ocrx_word' id='word_1_553' title='bbox 1947 1371 2096 1424; x_wconf 84' lang='lat' dir='ltr'>favet</span> <span class='ocrx_word' id='word_1_554' title='bbox 2141 1371 2287 1423; x_wconf 90' lang='lat' dir='ltr'>Deus</span> <span class='ocrx_word' id='word_1_555' title='bbox 2335 1369 2622 1440; x_wconf 66' lang='lat' dir='ltr'>quaerenti</span> <span class='ocrx_word' id='word_1_556' title='bbox 2671 1386 2790 1424; x_wconf 90' lang='lat' dir='ltr'>sese</span> <span class='ocrx_word' id='word_1_557' title='bbox 2840 1371 3111 1424; x_wconf 84' lang='lat' dir='ltr'>homini?</span> <span class='ocrx_word' id='word_1_558' title='bbox 3168 1373 3642 1443; x_wconf 82' lang='lat' dir='ltr'>Responderunt:</span> 
     </span>
    </p>
   </div>
   <div class='ocr_carea' id='block_1_76' title="bbox 1949 1459 3647 1532">
    <p class='ocr_par' dir='ltr' id='par_1_76' title="bbox 1949 1459 3647 1532">
     <span class='ocr_line' id='line_1_76' title="bbox 1949 1459 3647 1532; baseline 0.002 -19"><span class='ocrx_word' id='word_1_559' title='bbox 1949 1461 2131 1513; x_wconf 89' lang='lat' dir='ltr'>Favet.</span> <span class='ocrx_word' id='word_1_560' title='bbox 2165 1459 2342 1513; x_wconf 86' lang='lat' dir='ltr'>Habet</span> <span class='ocrx_word' id='word_1_561' title='bbox 2371 1459 2566 1528; x_wconf 88' lang='lat' dir='ltr'>igitur,</span> <span class='ocrx_word' id='word_1_562' title='bbox 2601 1459 2856 1530; x_wconf 89' lang='lat' dir='ltr'>inquam,</span> <span class='ocrx_word' id='word_1_563' title='bbox 2889 1461 2986 1530; x_wconf 91' lang='lat' dir='ltr'>qui</span> <span class='ocrx_word' id='word_1_564' title='bbox 3013 1463 3191 1515; x_wconf 91' lang='lat' dir='ltr'>Deum</span> <span class='ocrx_word' id='word_1_565' title='bbox 3215 1461 3440 1532; x_wconf 70' lang='lat' dir='ltr'>quaerit,</span> <span class='ocrx_word' id='word_1_566' title='bbox 3469 1463 3647 1517; x_wconf 90' lang='lat' dir='ltr'>Deum</span> 
     </span>
    </p>
   </div>
   <div class='ocr_carea' id='block_1_77' title="bbox 1946 1545 3643 1620">
    <p class='ocr_par' dir='ltr' id='par_1_77' title="bbox 1946 1545 3643 1620">
     <span class='ocr_line' id='line_1_77' title="bbox 1946 1545 3643 1620; baseline 0.002 -21"><span class='ocrx_word' id='word_1_567' title='bbox 1946 1546 2286 1616; x_wconf 85' lang='lat' dir='ltr'>propitium;</span> <span class='ocrx_word' id='word_1_568' title='bbox 2340 1551 2396 1600; x_wconf 92' lang='lat' dir='ltr'>et</span> <span class='ocrx_word' id='word_1_569' title='bbox 2451 1545 2638 1600; x_wconf 89' lang='lat' dir='ltr'>omnis</span> <span class='ocrx_word' id='word_1_570' title='bbox 2692 1547 2791 1618; x_wconf 89' lang='lat' dir='ltr'>qui</span> <span class='ocrx_word' id='word_1_571' title='bbox 2846 1548 3018 1602; x_wconf 86' lang='lat' dir='ltr'>habet</span> <span class='ocrx_word' id='word_1_572' title='bbox 3075 1550 3256 1603; x_wconf 87' lang='lat' dir='ltr'>Deum</span> <span class='ocrx_word' id='word_1_573' title='bbox 3311 1549 3643 1620; x_wconf 89' lang='lat' dir='ltr'>propitium,</span> 
     </span>
    </p>
   </div>
   <div class='ocr_carea' id='block_1_78' title="bbox 1945 1635 3644 1707">
    <p class='ocr_par' dir='ltr' id='par_1_78' title="bbox 1945 1635 3644 1707">
     <span class='ocr_line' id='line_1_78' title="bbox 1945 1635 3644 1707; baseline 0.002 -19"><span class='ocrx_word' id='word_1_574' title='bbox 1945 1635 2143 1688; x_wconf 90' lang='lat' dir='ltr'>beatus</span> <span class='ocrx_word' id='word_1_575' title='bbox 2175 1639 2276 1689; x_wconf 91' lang='lat' dir='ltr'>est.</span> <span class='ocrx_word' id='word_1_576' title='bbox 2310 1635 2511 1688; x_wconf 89' lang='lat' dir='ltr'>Beatus</span> <span class='ocrx_word' id='word_1_577' title='bbox 2534 1639 2618 1688; x_wconf 87' lang='lat' dir='ltr'>est</span> <span class='ocrx_word' id='word_1_578' title='bbox 2647 1650 2783 1705; x_wconf 90' lang='lat' dir='ltr'>ergo</span> <span class='ocrx_word' id='word_1_579' title='bbox 2815 1641 2871 1690; x_wconf 90' lang='lat' dir='ltr'>et</span> <span class='ocrx_word' id='word_1_580' title='bbox 2898 1636 2994 1689; x_wconf 91' lang='lat' dir='ltr'>ille</span> <span class='ocrx_word' id='word_1_581' title='bbox 3025 1637 3124 1707; x_wconf 92' lang='lat' dir='ltr'>qui</span> <span class='ocrx_word' id='word_1_582' title='bbox 3155 1637 3378 1707; x_wconf 64' lang='lat' dir='ltr'>quaerit.</span> <span class='ocrx_word' id='word_1_583' title='bbox 3410 1637 3516 1701; x_wconf 88' lang='lat' dir='ltr'>Qui</span> <span class='ocrx_word' id='word_1_584' title='bbox 3544 1654 3644 1692; x_wconf 89' lang='lat' dir='ltr'>au-</span> 
     </span>
    </p>
   </div>
   <div class='ocr_carea' id='block_1_79' title="bbox 1946 1722 3647 1796">
    <p class='ocr_par' dir='ltr' id='par_1_79' title="bbox 1946 1722 3647 1796">
     <span class='ocr_line' id='line_1_79' title="bbox 1946 1722 3647 1796; baseline 0.002 -20"><span class='ocrx_word' id='word_1_585' title='bbox 1946 1726 2060 1776; x_wconf 89' lang='lat' dir='ltr'>tem</span> <span class='ocrx_word' id='word_1_586' title='bbox 2109 1722 2333 1792; x_wconf 71' lang='lat' dir='ltr'>quaerit,</span> <span class='ocrx_word' id='word_1_587' title='bbox 2387 1722 2640 1776; x_wconf 92' lang='lat' dir='ltr'>nondum</span> <span class='ocrx_word' id='word_1_588' title='bbox 2687 1723 2860 1776; x_wconf 90' lang='lat' dir='ltr'>habet</span> <span class='ocrx_word' id='word_1_589' title='bbox 2911 1724 3064 1794; x_wconf 92' lang='lat' dir='ltr'>quod</span> <span class='ocrx_word' id='word_1_590' title='bbox 3112 1725 3249 1778; x_wconf 91' lang='lat' dir='ltr'>vult.</span> <span class='ocrx_word' id='word_1_591' title='bbox 3307 1724 3425 1779; x_wconf 90' lang='lat' dir='ltr'>Erit</span> <span class='ocrx_word' id='word_1_592' title='bbox 3469 1725 3647 1796; x_wconf 89' lang='lat' dir='ltr'>igitur</span> 
     </span>
    </p>
   </div>
   <div class='ocr_carea' id='block_1_80' title="bbox 1946 1811 3641 1883">
    <p class='ocr_par' dir='ltr' id='par_1_80' title="bbox 1946 1811 3641 1883">
     <span class='ocr_line' id='line_1_80' title="bbox 1946 1811 3641 1883; baseline 0.002 -19"><span class='ocrx_word' id='word_1_593' title='bbox 1946 1811 2143 1864; x_wconf 85' lang='lat' dir='ltr'>beatus</span> <span class='ocrx_word' id='word_1_594' title='bbox 2173 1811 2270 1881; x_wconf 92' lang='lat' dir='ltr'>qui</span> <span class='ocrx_word' id='word_1_595' title='bbox 2301 1811 2450 1880; x_wconf 90' lang='lat' dir='ltr'>quod</span> <span class='ocrx_word' id='word_1_596' title='bbox 2483 1811 2606 1864; x_wconf 89' lang='lat' dir='ltr'>vult</span> <span class='ocrx_word' id='word_1_597' title='bbox 2634 1826 2748 1864; x_wconf 90' lang='lat' dir='ltr'>non</span> <span class='ocrx_word' id='word_1_598' title='bbox 2787 1811 2976 1864; x_wconf 90' lang='lat' dir='ltr'>habet.</span> <span class='ocrx_word' id='word_1_599' title='bbox 3011 1813 3268 1878; x_wconf 92' lang='lat' dir='ltr'>Prorsus,</span> <span class='ocrx_word' id='word_1_600' title='bbox 3302 1812 3492 1883; x_wconf 90' lang='lat' dir='ltr'>inquit</span> <span class='ocrx_word' id='word_1_601' title='bbox 3522 1830 3641 1868; x_wconf 85' lang='lat' dir='ltr'>ma-</span> 
     </span>
    </p>
   </div>
   <div class='ocr_carea' id='block_1_81' title="bbox 1946 1898 3641 1970">
    <p class='ocr_par' dir='ltr' id='par_1_81' title="bbox 1946 1898 3641 1970">
     <span class='ocr_line' id='line_1_81' title="bbox 1946 1898 3641 1970; baseline 0.002 -19"><span class='ocrx_word' id='word_1_602' title='bbox 1946 1904 2052 1966; x_wconf 89' lang='lat' dir='ltr'>ter,</span> <span class='ocrx_word' id='word_1_603' title='bbox 2090 1914 2205 1952; x_wconf 91' lang='lat' dir='ltr'>non</span> <span class='ocrx_word' id='word_1_604' title='bbox 2235 1898 2377 1952; x_wconf 91' lang='lat' dir='ltr'>mihi</span> <span class='ocrx_word' id='word_1_605' title='bbox 2410 1899 2637 1952; x_wconf 90' lang='lat' dir='ltr'>videtur</span> <span class='ocrx_word' id='word_1_606' title='bbox 2676 1899 2873 1952; x_wconf 89' lang='lat' dir='ltr'>beatus</span> <span class='ocrx_word' id='word_1_607' title='bbox 2904 1915 3023 1953; x_wconf 90' lang='lat' dir='ltr'>esse</span> <span class='ocrx_word' id='word_1_608' title='bbox 3055 1900 3154 1970; x_wconf 92' lang='lat' dir='ltr'>qui</span> <span class='ocrx_word' id='word_1_609' title='bbox 3192 1901 3348 1970; x_wconf 89' lang='lat' dir='ltr'>quod</span> <span class='ocrx_word' id='word_1_610' title='bbox 3375 1902 3496 1955; x_wconf 88' lang='lat' dir='ltr'>vult</span> <span class='ocrx_word' id='word_1_611' title='bbox 3523 1918 3641 1955; x_wconf 93' lang='lat' dir='ltr'>non</span> 
     </span>
    </p>
   </div>
   <div class='ocr_carea' id='block_1_82' title="bbox 1946 1979 3642 2058">
    <p class='ocr_par' dir='ltr' id='par_1_82' title="bbox 1946 1979 3642 2058">
     <span class='ocr_line' id='line_1_82' title="bbox 1946 1979 3642 2058; baseline 0.002 -20"><span class='ocrx_word' id='word_1_612' title='bbox 1946 1979 2134 2039; x_wconf 80' lang='lat' dir='ltr'>habet.</span> <span class='ocrx_word' id='word_1_613' title='bbox 2185 1987 2350 2055; x_wconf 89' lang='lat' dir='ltr'>Ergo,</span> <span class='ocrx_word' id='word_1_614' title='bbox 2399 1985 2657 2055; x_wconf 91' lang='lat' dir='ltr'>inquam,</span> <span class='ocrx_word' id='word_1_615' title='bbox 2707 2001 2822 2039; x_wconf 92' lang='lat' dir='ltr'>non</span> <span class='ocrx_word' id='word_1_616' title='bbox 2869 1986 3056 2040; x_wconf 91' lang='lat' dir='ltr'>omnis</span> <span class='ocrx_word' id='word_1_617' title='bbox 3099 1988 3195 2058; x_wconf 92' lang='lat' dir='ltr'>qui</span> <span class='ocrx_word' id='word_1_618' title='bbox 3246 1988 3422 2042; x_wconf 89' lang='lat' dir='ltr'>habet</span> <span class='ocrx_word' id='word_1_619' title='bbox 3463 1989 3642 2042; x_wconf 86' lang='lat' dir='ltr'>Deum</span> 
     </span>
    </p>
   </div>
   <div class='ocr_carea' id='block_1_83' title="bbox 1946 2073 3642 2146">
    <p class='ocr_par' dir='ltr' id='par_1_83' title="bbox 1946 2073 3642 2146">
     <span class='ocr_line' id='line_1_83' title="bbox 1946 2073 3642 2146; baseline 0.002 -20"><span class='ocrx_word' id='word_1_620' title='bbox 1946 2073 2278 2145; x_wconf 89' lang='lat' dir='ltr'>propitium,</span> <span class='ocrx_word' id='word_1_621' title='bbox 2311 2073 2507 2128; x_wconf 90' lang='lat' dir='ltr'>beatus</span> <span class='ocrx_word' id='word_1_622' title='bbox 2538 2079 2643 2128; x_wconf 89' lang='lat' dir='ltr'>est.</span> <span class='ocrx_word' id='word_1_623' title='bbox 2677 2074 2735 2129; x_wconf 93' lang='lat' dir='ltr'>Si</span> <span class='ocrx_word' id='word_1_624' title='bbox 2773 2074 2879 2128; x_wconf 92' lang='lat' dir='ltr'>hoc</span> <span class='ocrx_word' id='word_1_625' title='bbox 2908 2075 3060 2144; x_wconf 87' lang='lat' dir='ltr'>cogit</span> <span class='ocrx_word' id='word_1_626' title='bbox 3086 2075 3251 2140; x_wconf 88' lang='lat' dir='ltr'>ratio,</span> <span class='ocrx_word' id='word_1_627' title='bbox 3283 2076 3492 2146; x_wconf 86' lang='lat' dir='ltr'>inquit,</span> <span class='ocrx_word' id='word_1_628' title='bbox 3526 2093 3642 2130; x_wconf 92' lang='lat' dir='ltr'>non</span> 
     </span>
    </p>
   </div>
   <div class='ocr_carea' id='block_1_84' title="bbox 1945 2161 3638 2232">
    <p class='ocr_par' dir='ltr' id='par_1_84' title="bbox 1945 2161 3638 2232">
     <span class='ocr_line' id='line_1_84' title="bbox 1945 2161 3638 2232; baseline 0.003 -18"><span class='ocrx_word' id='word_1_629' title='bbox 1945 2178 2176 2232; x_wconf 89' lang='lat' dir='ltr'>possum</span> <span class='ocrx_word' id='word_1_630' title='bbox 2207 2177 2439 2231; x_wconf 88' lang='lat' dir='ltr'>negare.</span> <span class='ocrx_word' id='word_1_631' title='bbox 2484 2163 2596 2215; x_wconf 90' lang='lat' dir='ltr'>Ista</span> <span class='ocrx_word' id='word_1_632' title='bbox 2625 2161 2818 2232; x_wconf 90' lang='lat' dir='ltr'>igitur,</span> <span class='ocrx_word' id='word_1_633' title='bbox 2860 2163 3117 2232; x_wconf 90' lang='lat' dir='ltr'>inquam,</span> <span class='ocrx_word' id='word_1_634' title='bbox 3151 2163 3477 2218; x_wconf 81' lang='lat' dir='ltr'>distributio</span> <span class='ocrx_word' id='word_1_635' title='bbox 3513 2165 3638 2230; x_wconf 88' lang='lat' dir='ltr'>erit,</span> 
     </span>
    </p>
   </div>
   <div class='ocr_carea' id='block_1_85' title="bbox 1948 2249 3643 2322">
    <p class='ocr_par' dir='ltr' id='par_1_85' title="bbox 1948 2249 3643 2322">
     <span class='ocr_line' id='line_1_85' title="bbox 1948 2249 3643 2322; baseline 0.002 -18"><span class='ocrx_word' id='word_1_636' title='bbox 1948 2255 2010 2304; x_wconf 87' lang='lat' dir='ltr'>ut</span> <span class='ocrx_word' id='word_1_637' title='bbox 2039 2249 2224 2304; x_wconf 89' lang='lat' dir='ltr'>omnis</span> <span class='ocrx_word' id='word_1_638' title='bbox 2253 2249 2352 2320; x_wconf 92' lang='lat' dir='ltr'>qui</span> <span class='ocrx_word' id='word_1_639' title='bbox 2391 2250 2512 2320; x_wconf 89' lang='lat' dir='ltr'>jam</span> <span class='ocrx_word' id='word_1_640' title='bbox 2559 2251 2739 2304; x_wconf 93' lang='lat' dir='ltr'>Deum</span> <span class='ocrx_word' id='word_1_641' title='bbox 2787 2250 3004 2304; x_wconf 90' lang='lat' dir='ltr'>invenit</span> <span class='ocrx_word' id='word_1_642' title='bbox 3037 2257 3092 2305; x_wconf 94' lang='lat' dir='ltr'>et</span> <span class='ocrx_word' id='word_1_643' title='bbox 3118 2251 3428 2322; x_wconf 89' lang='lat' dir='ltr'>propitium</span> <span class='ocrx_word' id='word_1_644' title='bbox 3465 2253 3643 2307; x_wconf 91' lang='lat' dir='ltr'>Deum</span> 
     </span>
    </p>
   </div>
   <div class='ocr_carea' id='block_1_86' title="bbox 1946 2337 3644 2410">
    <p class='ocr_par' dir='ltr' id='par_1_86' title="bbox 1946 2337 3644 2410">
     <span class='ocr_line' id='line_1_86' title="bbox 1946 2337 3644 2410; baseline 0.001 -18"><span class='ocrx_word' id='word_1_645' title='bbox 1946 2339 2172 2404; x_wconf 86' lang='lat' dir='ltr'>habeat,</span> <span class='ocrx_word' id='word_1_646' title='bbox 2205 2343 2260 2391; x_wconf 89' lang='lat' dir='ltr'>et</span> <span class='ocrx_word' id='word_1_647' title='bbox 2289 2338 2489 2391; x_wconf 85' lang='lat' dir='ltr'>beatus</span> <span class='ocrx_word' id='word_1_648' title='bbox 2518 2337 2622 2391; x_wconf 90' lang='lat' dir='ltr'>sit:</span> <span class='ocrx_word' id='word_1_649' title='bbox 2649 2337 2834 2391; x_wconf 91' lang='lat' dir='ltr'>omnis</span> <span class='ocrx_word' id='word_1_650' title='bbox 2866 2343 3057 2392; x_wconf 83' lang='lat' dir='ltr'>autem</span> <span class='ocrx_word' id='word_1_651' title='bbox 3090 2339 3190 2409; x_wconf 88' lang='lat' dir='ltr'>qui</span> <span class='ocrx_word' id='word_1_652' title='bbox 3222 2341 3401 2393; x_wconf 88' lang='lat' dir='ltr'>Deum</span> <span class='ocrx_word' id='word_1_653' title='bbox 3438 2340 3644 2410; x_wconf 60' lang='lat' dir='ltr'>quaerit</span> 
     </span>
    </p>
   </div>
   <div class='ocr_carea' id='block_1_87' title="bbox 1946 2425 3643 2498">
    <p class='ocr_par' dir='ltr' id='par_1_87' title="bbox 1946 2425 3643 2498">
     <span class='ocr_line' id='line_1_87' title="bbox 1946 2425 3643 2498; baseline 0.001 -18"><span class='ocrx_word' id='word_1_654' title='bbox 1946 2425 2263 2497; x_wconf 91' lang='lat' dir='ltr'>propitium</span> <span class='ocrx_word' id='word_1_655' title='bbox 2287 2427 2466 2479; x_wconf 92' lang='lat' dir='ltr'>Deum</span> <span class='ocrx_word' id='word_1_656' title='bbox 2487 2425 2714 2491; x_wconf 89' lang='lat' dir='ltr'>habeat,</span> <span class='ocrx_word' id='word_1_657' title='bbox 2749 2426 2844 2480; x_wconf 92' lang='lat' dir='ltr'>sed</span> <span class='ocrx_word' id='word_1_658' title='bbox 2862 2426 3119 2481; x_wconf 91' lang='lat' dir='ltr'>nondum</span> <span class='ocrx_word' id='word_1_659' title='bbox 3144 2427 3217 2481; x_wconf 90' lang='lat' dir='ltr'>sit</span> <span class='ocrx_word' id='word_1_660' title='bbox 3237 2427 3464 2493; x_wconf 88' lang='lat' dir='ltr'>beatus;</span> <span class='ocrx_word' id='word_1_661' title='bbox 3493 2429 3643 2498; x_wconf 90' lang='lat' dir='ltr'>jam-</span> 
     </span>
    </p>
   </div>
   <div class='ocr_carea' id='block_1_88' title="bbox 1947 2513 3640 2585">
    <p class='ocr_par' dir='ltr' id='par_1_88' title="bbox 1947 2513 3640 2585">
     <span class='ocr_line' id='line_1_88' title="bbox 1947 2513 3640 2585; baseline 0.001 -17"><span class='ocrx_word' id='word_1_662' title='bbox 1947 2531 2080 2568; x_wconf 90' lang='lat' dir='ltr'>vero</span> <span class='ocrx_word' id='word_1_663' title='bbox 2125 2513 2383 2584; x_wconf 88' lang='lat' dir='ltr'>quisquis</span> <span class='ocrx_word' id='word_1_664' title='bbox 2427 2513 2578 2568; x_wconf 91' lang='lat' dir='ltr'>vitiis</span> <span class='ocrx_word' id='word_1_665' title='bbox 2627 2518 2797 2585; x_wconf 91' lang='lat' dir='ltr'>atque</span> <span class='ocrx_word' id='word_1_666' title='bbox 2842 2515 3086 2584; x_wconf 89' lang='lat' dir='ltr'>peccatis</span> <span class='ocrx_word' id='word_1_667' title='bbox 3117 2531 3148 2568; x_wconf 93' lang='lat' dir='ltr'>a</span> <span class='ocrx_word' id='word_1_668' title='bbox 3174 2517 3288 2570; x_wconf 91' lang='lat' dir='ltr'>Deo</span> <span class='ocrx_word' id='word_1_669' title='bbox 3319 2532 3376 2569; x_wconf 90' lang='lat' dir='ltr'>se</span> <span class='ocrx_word' id='word_1_670' title='bbox 3407 2515 3640 2582; x_wconf 88' lang='lat' dir='ltr'>alienat,</span> 
     </span>
    </p>
   </div>
   <div class='ocr_carea' id='block_1_89' title="bbox 1947 2601 3653 2676">
    <p class='ocr_par' dir='ltr' id='par_1_89' title="bbox 1947 2601 3653 2676">
     <span class='ocr_line' id='line_1_89' title="bbox 1947 2601 3653 2676; baseline 0.001 -19"><span class='ocrx_word' id='word_1_671' title='bbox 1947 2618 2064 2657; x_wconf 93' lang='lat' dir='ltr'>non</span> <span class='ocrx_word' id='word_1_672' title='bbox 2096 2603 2267 2656; x_wconf 90' lang='lat' dir='ltr'>modo</span> <span class='ocrx_word' id='word_1_673' title='bbox 2304 2601 2504 2656; x_wconf 90' lang='lat' dir='ltr'>beatus</span> <span class='ocrx_word' id='word_1_674' title='bbox 2551 2619 2669 2657; x_wconf 92' lang='lat' dir='ltr'>non</span> <span class='ocrx_word' id='word_1_675' title='bbox 2711 2603 2804 2670; x_wconf 89' lang='lat' dir='ltr'>sit,</span> <span class='ocrx_word' id='word_1_676' title='bbox 2848 2603 2946 2658; x_wconf 90' lang='lat' dir='ltr'>sed</span> <span class='ocrx_word' id='word_1_677' title='bbox 2976 2619 3047 2658; x_wconf 92' lang='lat' dir='ltr'><strong>ne</strong></span> <span class='ocrx_word' id='word_1_678' title='bbox 3088 2605 3200 2658; x_wconf 90' lang='lat' dir='ltr'>Deo</span> <span class='ocrx_word' id='word_1_679' title='bbox 3230 2603 3462 2676; x_wconf 90' lang='lat' dir='ltr'>quidem</span> <span class='ocrx_word' id='word_1_680' title='bbox 3500 2604 3653 2658; x_wconf 90' lang='lat' dir='ltr'>vivat</span> 
     </span>
    </p>
   </div>
   <div class='ocr_carea' id='block_1_90' title="bbox 1893 2689 2224 2759">
    <p class='ocr_par' dir='ltr' id='par_1_90' title="bbox 1893 2689 2224 2759">
     <span class='ocr_line' id='line_1_90' title="bbox 1893 2689 2224 2759; baseline -0.003 -16"><span class='ocrx_word' id='word_1_681' title='bbox 1893 2713 1900 2718; x_wconf 91' lang='lat'><em>-</em></span> <span class='ocrx_word' id='word_1_682' title='bbox 1947 2689 2224 2759; x_wconf 89' lang='lat' dir='ltr'>propitio.</span> 
     </span>
    </p>
   </div>
   <div class='ocr_carea' id='block_1_91' title="bbox 2021 2777 3648 2848">
    <p class='ocr_par' dir='ltr' id='par_1_91' title="bbox 2021 2777 3648 2848">
     <span class='ocr_line' id='line_1_91' title="bbox 2021 2777 3648 2848; baseline 0.001 -17"><span class='ocrx_word' id='word_1_683' title='bbox 2021 2780 2109 2831; x_wconf 76' lang='lat'>22.</span> <span class='ocrx_word' id='word_1_684' title='bbox 2159 2777 2321 2841; x_wconf 92' lang='lat' dir='ltr'>Quod</span> <span class='ocrx_word' id='word_1_685' title='bbox 2365 2794 2495 2832; x_wconf 91' lang='lat' dir='ltr'>cum</span> <span class='ocrx_word' id='word_1_686' title='bbox 2543 2777 2849 2848; x_wconf 90' lang='lat' dir='ltr'>placuisset</span> <span class='ocrx_word' id='word_1_687' title='bbox 2893 2779 3196 2834; x_wconf 91' lang='lat' dir='ltr'>omnibus:</span> <span class='ocrx_word' id='word_1_688' title='bbox 3252 2780 3401 2832; x_wconf 90' lang='lat' dir='ltr'><strong>Bene</strong></span> <span class='ocrx_word' id='word_1_689' title='bbox 3453 2779 3648 2847; x_wconf 90' lang='lat' dir='ltr'>habet,</span> 
     </span>
    </p>
   </div>
   <div class='ocr_carea' id='block_1_92' title="bbox 1947 2866 3652 2936">
    <p class='ocr_par' dir='ltr' id='par_1_92' title="bbox 1947 2866 3652 2936">
     <span class='ocr_line' id='line_1_92' title="bbox 1947 2866 3652 2936; baseline 0 -16"><span class='ocrx_word' id='word_1_690' title='bbox 1947 2866 2220 2936; x_wconf 87' lang='lat' dir='ltr'>inquam;</span> <span class='ocrx_word' id='word_1_691' title='bbox 2251 2866 2354 2920; x_wconf 83' lang='lat' dir='ltr'>sed</span> <span class='ocrx_word' id='word_1_692' title='bbox 2380 2867 2565 2921; x_wconf 92' lang='lat' dir='ltr'>adhuc</span> <span class='ocrx_word' id='word_1_693' title='bbox 2588 2867 2732 2920; x_wconf 93' lang='lat' dir='ltr'>illud</span> <span class='ocrx_word' id='word_1_694' title='bbox 2763 2883 2980 2932; x_wconf 89' lang='lat' dir='ltr'>vereor,</span> <span class='ocrx_word' id='word_1_695' title='bbox 3015 2883 3086 2920; x_wconf 93' lang='lat' dir='ltr'><strong>ne</strong></span> <span class='ocrx_word' id='word_1_696' title='bbox 3115 2883 3212 2920; x_wconf 91' lang='lat' dir='ltr'>vos</span> <span class='ocrx_word' id='word_1_697' title='bbox 3243 2870 3468 2920; x_wconf 89' lang='lat' dir='ltr'>moveat</span> <span class='ocrx_word' id='word_1_698' title='bbox 3497 2866 3652 2936; x_wconf 88' lang='lat' dir='ltr'>quod</span> 
     </span>
    </p>
   </div>
   <div class='ocr_carea' id='block_1_93' title="bbox 1942 2955 3651 3026">
    <p class='ocr_par' dir='ltr' id='par_1_93' title="bbox 1942 2955 3651 3026">
     <span class='ocr_line' id='line_1_93' title="bbox 1942 2955 3651 3026; baseline -0.001 -18"><span class='ocrx_word' id='word_1_699' title='bbox 1942 2955 2063 3025; x_wconf 87' lang='lat' dir='ltr'>jam</span> <span class='ocrx_word' id='word_1_700' title='bbox 2093 2955 2355 3026; x_wconf 90' lang='lat' dir='ltr'>superius</span> <span class='ocrx_word' id='word_1_701' title='bbox 2391 2971 2870 3025; x_wconf 89' lang='lat' dir='ltr'>concesseramus,</span> <span class='ocrx_word' id='word_1_702' title='bbox 2924 2955 3199 3009; x_wconf 91' lang='lat' dir='ltr'>miserum</span> <span class='ocrx_word' id='word_1_703' title='bbox 3234 2971 3354 3009; x_wconf 89' lang='lat' dir='ltr'>esse</span> <span class='ocrx_word' id='word_1_704' title='bbox 3389 2955 3651 3025; x_wconf 90' lang='lat' dir='ltr'>quisquis</span> 
     </span>
    </p>
   </div>
   <div class='ocr_carea' id='block_1_94' title="bbox 1947 3042 3650 3113">
    <p class='ocr_par' dir='ltr' id='par_1_94' title="bbox 1947 3042 3650 3113">
     <span class='ocr_line' id='line_1_94' title="bbox 1947 3042 3650 3113; baseline 0 -17"><span class='ocrx_word' id='word_1_705' title='bbox 1947 3043 2144 3096; x_wconf 90' lang='lat' dir='ltr'>beatus</span> <span class='ocrx_word' id='word_1_706' title='bbox 2173 3059 2288 3097; x_wconf 92' lang='lat' dir='ltr'>non</span> <span class='ocrx_word' id='word_1_707' title='bbox 2323 3043 2430 3097; x_wconf 93' lang='lat' dir='ltr'>sit:</span> <span class='ocrx_word' id='word_1_708' title='bbox 2461 3043 2552 3096; x_wconf 93' lang='lat' dir='ltr'>cui</span> <span class='ocrx_word' id='word_1_709' title='bbox 2573 3059 2925 3113; x_wconf 91' lang='lat' dir='ltr'>consequens</span> <span class='ocrx_word' id='word_1_710' title='bbox 2955 3043 3064 3097; x_wconf 90' lang='lat' dir='ltr'>erit</span> <span class='ocrx_word' id='word_1_711' title='bbox 3093 3060 3213 3098; x_wconf 90' lang='lat' dir='ltr'>esse</span> <span class='ocrx_word' id='word_1_712' title='bbox 3241 3043 3511 3096; x_wconf 91' lang='lat' dir='ltr'>miserum</span> <span class='ocrx_word' id='word_1_713' title='bbox 3543 3042 3650 3096; x_wconf 91' lang='lat' dir='ltr'>ho-</span> 
     </span>
    </p>
   </div>
   <div class='ocr_carea' id='block_1_95' title="bbox 1951 3129 3647 3202">
    <p class='ocr_par' dir='ltr' id='par_1_95' title="bbox 1951 3129 3647 3202">
     <span class='ocr_line' id='line_1_95' title="bbox 1951 3129 3647 3202; baseline -0.001 -18"><span class='ocrx_word' id='word_1_714' title='bbox 1951 3131 2164 3184; x_wconf 91' lang='lat' dir='ltr'>minem</span> <span class='ocrx_word' id='word_1_715' title='bbox 2195 3129 2293 3201; x_wconf 88' lang='lat' dir='ltr'>qui</span> <span class='ocrx_word' id='word_1_716' title='bbox 2321 3129 2637 3201; x_wconf 88' lang='lat' dir='ltr'>propitium</span> <span class='ocrx_word' id='word_1_717' title='bbox 2657 3135 2815 3184; x_wconf 91' lang='lat' dir='ltr'>tenet</span> <span class='ocrx_word' id='word_1_718' title='bbox 2832 3131 3030 3198; x_wconf 90' lang='lat' dir='ltr'>Deum,</span> <span class='ocrx_word' id='word_1_719' title='bbox 3056 3146 3226 3202; x_wconf 90' lang='lat' dir='ltr'>quem</span> <span class='ocrx_word' id='word_1_720' title='bbox 3248 3129 3434 3184; x_wconf 90' lang='lat' dir='ltr'>adhuc</span> <span class='ocrx_word' id='word_1_721' title='bbox 3465 3131 3647 3183; x_wconf 92' lang='lat' dir='ltr'>Deum</span> 
     </span>
    </p>
   </div>
   <div class='ocr_carea' id='block_1_96' title="bbox 1951 3217 3649 3290">
    <p class='ocr_par' dir='ltr' id='par_1_96' title="bbox 1951 3217 3649 3290">
     <span class='ocr_line' id='line_1_96' title="bbox 1951 3217 3649 3290; baseline 0 -18"><span class='ocrx_word' id='word_1_722' title='bbox 1951 3222 2302 3290; x_wconf 66' lang='lat' dir='ltr'>quaerentem</span> <span class='ocrx_word' id='word_1_723' title='bbox 2343 3219 2600 3272; x_wconf 90' lang='lat' dir='ltr'>nondum</span> <span class='ocrx_word' id='word_1_724' title='bbox 2635 3217 2883 3272; x_wconf 88' lang='lat' dir='ltr'>diximus</span> <span class='ocrx_word' id='word_1_725' title='bbox 2921 3235 3040 3272; x_wconf 92' lang='lat' dir='ltr'>esse</span> <span class='ocrx_word' id='word_1_726' title='bbox 3079 3218 3334 3273; x_wconf 88' lang='lat' dir='ltr'>beatum.</span> <span class='ocrx_word' id='word_1_727' title='bbox 3376 3220 3464 3272; x_wconf 83' lang='lat' dir='ltr'>An</span> <span class='ocrx_word' id='word_1_728' title='bbox 3492 3233 3649 3283; x_wconf 89' lang='lat' dir='ltr'>vero,</span> 
     </span>
    </p>
   </div>
   <div class='ocr_carea' id='block_1_97' title="bbox 1951 3304 3654 3378">
    <p class='ocr_par' dir='ltr' id='par_1_97' title="bbox 1951 3304 3654 3378">
     <span class='ocr_line' id='line_1_97' title="bbox 1951 3304 3654 3378; baseline -0.002 -17"><span class='ocrx_word' id='word_1_729' title='bbox 1951 3307 2103 3378; x_wconf 91' lang='lat' dir='ltr'>quod</span> <span class='ocrx_word' id='word_1_730' title='bbox 2130 3306 2209 3360; x_wconf 86' lang='lat' dir='ltr'>ait</span> <span class='ocrx_word' id='word_1_731' title='bbox 2244 3307 2481 3372; x_wconf 88' lang='lat' dir='ltr'>Tullius,</span> <span class='ocrx_word' id='word_1_732' title='bbox 2515 3307 2828 3360; x_wconf 90' lang='lat' dir='ltr'>multorum</span> <span class='ocrx_word' id='word_1_733' title='bbox 2873 3306 2931 3358; x_wconf 92' lang='lat' dir='ltr'>in</span> <span class='ocrx_word' id='word_1_734' title='bbox 2964 3305 3133 3360; x_wconf 89' lang='lat' dir='ltr'>terris</span> <span class='ocrx_word' id='word_1_735' title='bbox 3163 3305 3515 3375; x_wconf 63' lang='lat' dir='ltr'>prmdiorum</span> <span class='ocrx_word' id='word_1_736' title='bbox 3546 3304 3654 3359; x_wconf 88' lang='lat' dir='ltr'>do-</span> 
     </span>
    </p>
   </div>
   <div class='ocr_carea' id='block_1_98' title="bbox 1951 3393 3656 3465">
    <p class='ocr_par' dir='ltr' id='par_1_98' title="bbox 1951 3393 3656 3465">
     <span class='ocr_line' id='line_1_98' title="bbox 1951 3393 3656 3465; baseline -0.003 -15"><span class='ocrx_word' id='word_1_737' title='bbox 1951 3395 2139 3450; x_wconf 91' lang='lat' dir='ltr'>minos</span> <span class='ocrx_word' id='word_1_738' title='bbox 2170 3394 2370 3450; x_wconf 90' lang='lat' dir='ltr'>divites</span> <span class='ocrx_word' id='word_1_739' title='bbox 2414 3394 2801 3465; x_wconf 87' lang='lat' dir='ltr'>appellamus;</span> <span class='ocrx_word' id='word_1_740' title='bbox 2832 3393 3094 3448; x_wconf 91' lang='lat' dir='ltr'>omnium</span> <span class='ocrx_word' id='word_1_741' title='bbox 3126 3393 3402 3448; x_wconf 88' lang='lat' dir='ltr'>virtutum</span> <span class='ocrx_word' id='word_1_742' title='bbox 3430 3409 3656 3464; x_wconf 89' lang='lat' dir='ltr'>posses-</span> 
     </span>
    </p>
   </div>
   <div class='ocr_carea' id='block_1_99' title="bbox 1952 3481 3657 3555">
    <p class='ocr_par' dir='ltr' id='par_1_99' title="bbox 1952 3481 3657 3555">
     <span class='ocr_line' id='line_1_99' title="bbox 1952 3481 3657 3555; baseline -0.003 -17"><span class='ocrx_word' id='word_1_743' title='bbox 1952 3501 2108 3538; x_wconf 90' lang='lat' dir='ltr'>sores</span> <span class='ocrx_word' id='word_1_744' title='bbox 2133 3499 2411 3555; x_wconf 91' lang='lat' dir='ltr'>pauperes</span> <span class='ocrx_word' id='word_1_745' title='bbox 2431 3481 2899 3537; x_wconf 88' lang='lat' dir='ltr'>nominabimus?</span> <span class='ocrx_word' id='word_1_746' title='bbox 2916 3481 3022 3536; x_wconf 90' lang='lat' dir='ltr'>Sed</span> <span class='ocrx_word' id='word_1_747' title='bbox 3056 3481 3197 3535; x_wconf 91' lang='lat' dir='ltr'>illud</span> <span class='ocrx_word' id='word_1_748' title='bbox 3221 3481 3434 3547; x_wconf 90' lang='lat' dir='ltr'>videte,</span> <span class='ocrx_word' id='word_1_749' title='bbox 3461 3485 3657 3534; x_wconf 85' lang='lat' dir='ltr'>utrum</span> 
     </span>
    </p>
   </div>
   <div class='ocr_carea' id='block_1_100' title="bbox 1953 3569 3659 3646">
    <p class='ocr_par' dir='ltr' id='par_1_100' title="bbox 1953 3569 3659 3646">
     <span class='ocr_line' id='line_1_100' title="bbox 1953 3569 3659 3646; baseline -0.004 -18"><span class='ocrx_word' id='word_1_750' title='bbox 1953 3574 2240 3646; x_wconf 90' lang='lat' dir='ltr'>quomodo</span> <span class='ocrx_word' id='word_1_751' title='bbox 2271 3589 2468 3626; x_wconf 91' lang='lat' dir='ltr'>verum</span> <span class='ocrx_word' id='word_1_752' title='bbox 2501 3576 2586 3626; x_wconf 92' lang='lat' dir='ltr'>est</span> <span class='ocrx_word' id='word_1_753' title='bbox 2628 3572 2782 3643; x_wconf 91' lang='lat' dir='ltr'>quod</span> <span class='ocrx_word' id='word_1_754' title='bbox 2831 3571 3017 3625; x_wconf 90' lang='lat' dir='ltr'>omnis</span> <span class='ocrx_word' id='word_1_755' title='bbox 3049 3587 3224 3641; x_wconf 86' lang='lat' dir='ltr'>egens</span> <span class='ocrx_word' id='word_1_756' title='bbox 3255 3569 3432 3624; x_wconf 91' lang='lat' dir='ltr'>miser</span> <span class='ocrx_word' id='word_1_757' title='bbox 3459 3569 3548 3635; x_wconf 91' lang='lat' dir='ltr'>sit,</span> <span class='ocrx_word' id='word_1_758' title='bbox 3580 3569 3659 3622; x_wconf 87' lang='lat' dir='ltr'>ita</span> 
     </span>
    </p>
   </div>
   <div class='ocr_carea' id='block_1_101' title="bbox 1953 3658 3656 3732">
    <p class='ocr_par' dir='ltr' id='par_1_101' title="bbox 1953 3658 3656 3732">
     <span class='ocr_line' id='line_1_101' title="bbox 1953 3658 3656 3732; baseline -0.004 -16"><span class='ocrx_word' id='word_1_759' title='bbox 1953 3663 2025 3716; x_wconf 91' lang='lat' dir='ltr'>sit</span> <span class='ocrx_word' id='word_1_760' title='bbox 2051 3677 2248 3715; x_wconf 92' lang='lat' dir='ltr'>verum</span> <span class='ocrx_word' id='word_1_761' title='bbox 2279 3661 2430 3732; x_wconf 93' lang='lat' dir='ltr'>quod</span> <span class='ocrx_word' id='word_1_762' title='bbox 2463 3661 2650 3714; x_wconf 90' lang='lat' dir='ltr'>omnis</span> <span class='ocrx_word' id='word_1_763' title='bbox 2686 3659 2859 3712; x_wconf 91' lang='lat' dir='ltr'>miser</span> <span class='ocrx_word' id='word_1_764' title='bbox 2886 3662 3068 3729; x_wconf 89' lang='lat' dir='ltr'>egeat.</span> <span class='ocrx_word' id='word_1_765' title='bbox 3115 3660 3200 3712; x_wconf 91' lang='lat' dir='ltr'>Ita</span> <span class='ocrx_word' id='word_1_766' title='bbox 3246 3658 3399 3712; x_wconf 91' lang='lat' dir='ltr'>enim</span> <span class='ocrx_word' id='word_1_767' title='bbox 3431 3658 3538 3711; x_wconf 89' lang='lat' dir='ltr'>erit</span> <span class='ocrx_word' id='word_1_768' title='bbox 3561 3673 3656 3710; x_wconf 92' lang='lat' dir='ltr'>ve-</span> 
     </span>
    </p>
   </div>
   <div class='ocr_carea' id='block_1_102' title="bbox 1953 3743 3659 3816">
    <p class='ocr_par' dir='ltr' id='par_1_102' title="bbox 1953 3743 3659 3816">
     <span class='ocr_line' id='line_1_102' title="bbox 1953 3743 3659 3816; baseline -0.004 -12"><span class='ocrx_word' id='word_1_769' title='bbox 1953 3766 2082 3804; x_wconf 92' lang='lat' dir='ltr'>rum</span> <span class='ocrx_word' id='word_1_770' title='bbox 2112 3749 2254 3803; x_wconf 90' lang='lat' dir='ltr'>nihil</span> <span class='ocrx_word' id='word_1_771' title='bbox 2285 3748 2438 3804; x_wconf 90' lang='lat' dir='ltr'>aliud</span> <span class='ocrx_word' id='word_1_772' title='bbox 2466 3765 2586 3801; x_wconf 91' lang='lat' dir='ltr'>esse</span> <span class='ocrx_word' id='word_1_773' title='bbox 2619 3747 2907 3801; x_wconf 88' lang='lat' dir='ltr'>miseriam</span> <span class='ocrx_word' id='word_1_774' title='bbox 2941 3761 3115 3815; x_wconf 87' lang='lat' dir='ltr'>quam</span> <span class='ocrx_word' id='word_1_775' title='bbox 3146 3749 3478 3816; x_wconf 89' lang='lat' dir='ltr'>egestatem,</span> <span class='ocrx_word' id='word_1_776' title='bbox 3504 3743 3659 3815; x_wconf 91' lang='lat' dir='ltr'>quod</span> 
     </span>
    </p>
   </div>
   <div class='ocr_carea' id='block_1_103' title="bbox 1953 3831 3658 3904">
    <p class='ocr_par' dir='ltr' id='par_1_103' title="bbox 1953 3831 3658 3904">
     <span class='ocr_line' id='line_1_103' title="bbox 1953 3831 3658 3904; baseline -0.005 -11"><span class='ocrx_word' id='word_1_777' title='bbox 1953 3855 2046 3893; x_wconf 89' lang='lat' dir='ltr'>me</span> <span class='ocrx_word' id='word_1_778' title='bbox 2089 3853 2260 3904; x_wconf 92' lang='lat' dir='ltr'>nunc,</span> <span class='ocrx_word' id='word_1_779' title='bbox 2293 3852 2423 3890; x_wconf 90' lang='lat' dir='ltr'>cum</span> <span class='ocrx_word' id='word_1_780' title='bbox 2472 3836 2774 3899; x_wconf 90' lang='lat' dir='ltr'>diceretur,</span> <span class='ocrx_word' id='word_1_781' title='bbox 2823 3833 3056 3887; x_wconf 91' lang='lat' dir='ltr'>laudare</span> <span class='ocrx_word' id='word_1_782' title='bbox 3087 3831 3358 3885; x_wconf 90' lang='lat' dir='ltr'>sensistis.</span> <span class='ocrx_word' id='word_1_783' title='bbox 3406 3834 3518 3886; x_wconf 84' lang='lat' dir='ltr'>Hoc</span> <span class='ocrx_word' id='word_1_784' title='bbox 3550 3848 3658 3885; x_wconf 92' lang='lat' dir='ltr'>au-</span> 
     </span>
    </p>
   </div>
   <div class='ocr_carea' id='block_1_104' title="bbox 1953 3924 3719 4000">
    <p class='ocr_par' dir='ltr' id='par_1_104' title="bbox 1953 3924 3719 4000">
     <span class='ocr_line' id='line_1_104' title="bbox 1953 3924 3719 4000; baseline -0.004 -19"><span class='ocrx_word' id='word_1_785' title='bbox 1953 3931 2068 3982; x_wconf 90' lang='lat' dir='ltr'>tem</span> <span class='ocrx_word' id='word_1_786' title='bbox 2095 3925 2263 3980; x_wconf 90' lang='lat' dir='ltr'>hodie</span> <span class='ocrx_word' id='word_1_787' title='bbox 2292 3925 2528 3994; x_wconf 87' lang='lat' dir='ltr'>longum</span> <span class='ocrx_word' id='word_1_788' title='bbox 2560 3927 2644 3976; x_wconf 90' lang='lat' dir='ltr'>est</span> <span class='ocrx_word' id='word_1_789' title='bbox 2679 3926 2739 3976; x_wconf 91' lang='lat' dir='ltr'>ut</span> <span class='ocrx_word' id='word_1_790' title='bbox 2781 3936 3141 3993; x_wconf 62' lang='lat' dir='ltr'>quaeramus;</span> <span class='ocrx_word' id='word_1_791' title='bbox 3191 3935 3367 3991; x_wconf 89' lang='lat' dir='ltr'>quare</span> <span class='ocrx_word' id='word_1_792' title='bbox 3409 3924 3541 3990; x_wconf 91' lang='lat' dir='ltr'>peto</span> <span class='ocrx_word' id='word_1_793' title='bbox 3585 3935 3659 3975; x_wconf 93' lang='lat' dir='ltr'>ne</span> <span class='ocrx_word' id='word_1_794' title='bbox 3707 3989 3719 4000; x_wconf 39' lang='lat'><strong><em>.</em></strong></span> 
     </span>
    </p>
   </div>
   <div class='ocr_carea' id='block_1_105' title="bbox 1953 4007 3658 4071">
    <p class='ocr_par' dir='ltr' id='par_1_105' title="bbox 1953 4007 3658 4071">
     <span class='ocr_line' id='line_1_105' title="bbox 1953 4007 3658 4071; baseline -0.005 -1"><span class='ocrx_word' id='word_1_795' title='bbox 1953 4015 2176 4071; x_wconf 90' lang='lat' dir='ltr'>fastidio</span> <span class='ocrx_word' id='word_1_796' title='bbox 2207 4013 2362 4067; x_wconf 87' lang='lat' dir='ltr'>vobis</span> <span class='ocrx_word' id='word_1_797' title='bbox 2391 4013 2462 4066; x_wconf 91' lang='lat' dir='ltr'>sit</span> <span class='ocrx_word' id='word_1_798' title='bbox 2489 4011 2561 4066; x_wconf 90' lang='lat' dir='ltr'>ad</span> <span class='ocrx_word' id='word_1_799' title='bbox 2600 4011 2767 4064; x_wconf 88' lang='lat' dir='ltr'>istam</span> <span class='ocrx_word' id='word_1_800' title='bbox 2799 4025 3057 4064; x_wconf 89' lang='lat' dir='ltr'>mensam</span> <span class='ocrx_word' id='word_1_801' title='bbox 3097 4024 3220 4062; x_wconf 91' lang='lat' dir='ltr'>cras</span> <span class='ocrx_word' id='word_1_802' title='bbox 3251 4007 3423 4062; x_wconf 88' lang='lat' dir='ltr'>etiam</span> <span class='ocrx_word' id='word_1_803' title='bbox 3453 4025 3658 4062; x_wconf 86' lang='lat' dir='ltr'>conve—</span> 
     </span>
    </p>
   </div>
   <div class='ocr_carea' id='block_1_106' title="bbox 1955 4096 3658 4167">
    <p class='ocr_par' dir='ltr' id='par_1_106' title="bbox 1955 4096 3658 4167">
     <span class='ocr_line' id='line_1_106' title="bbox 1955 4096 3658 4167; baseline -0.005 -9"><span class='ocrx_word' id='word_1_804' title='bbox 1955 4105 2100 4160; x_wconf 89' lang='lat' dir='ltr'>nire.</span> <span class='ocrx_word' id='word_1_805' title='bbox 2133 4102 2294 4167; x_wconf 91' lang='lat' dir='ltr'>Quod</span> <span class='ocrx_word' id='word_1_806' title='bbox 2327 4117 2456 4155; x_wconf 92' lang='lat' dir='ltr'>cum</span> <span class='ocrx_word' id='word_1_807' title='bbox 2487 4116 2686 4154; x_wconf 88' lang='lat' dir='ltr'>omnes</span> <span class='ocrx_word' id='word_1_808' title='bbox 2718 4115 2777 4153; x_wconf 92' lang='lat' dir='ltr'>se</span> <span class='ocrx_word' id='word_1_809' title='bbox 2817 4097 3197 4153; x_wconf 88' lang='lat' dir='ltr'>libentissime</span> <span class='ocrx_word' id='word_1_810' title='bbox 3234 4096 3446 4152; x_wconf 89' lang='lat' dir='ltr'>habere</span> <span class='ocrx_word' id='word_1_811' title='bbox 3484 4097 3658 4152; x_wconf 85' lang='lat' dir='ltr'>dixis-</span> 
     </span>
    </p>
   </div>
   <div class='ocr_carea' id='block_1_107' title="bbox 1957 4189 2501 4256">
    <p class='ocr_par' dir='ltr' id='par_1_107' title="bbox 1957 4189 2501 4256">
     <span class='ocr_line' id='line_1_107' title="bbox 1957 4189 2501 4256; baseline -0.006 -10"><span class='ocrx_word' id='word_1_812' title='bbox 1957 4196 2104 4256; x_wconf 85' lang='lat' dir='ltr'>sent,</span> <span class='ocrx_word' id='word_1_813' title='bbox 2133 4189 2501 4244; x_wconf 87' lang='lat' dir='ltr'>surreximus.</span> 
     </span>
    </p>
   </div>
   <div class='ocr_carea' id='block_1_108' title="bbox 1959 4273 3665 4345">
    <p class='ocr_par' dir='ltr' id='par_1_108' title="bbox 1959 4273 3665 4345">
     <span class='ocr_line' id='line_1_108' title="bbox 1959 4273 3665 4345; baseline -0.005 -9"><span class='ocrx_word' id='word_1_814' title='bbox 1959 4280 2182 4336; x_wconf 86' lang='lat' dir='ltr'>CAPUT</span> <span class='ocrx_word' id='word_1_815' title='bbox 2233 4279 2324 4333; x_wconf 87' lang='lat' dir='ltr'>IV.</span> <span class='ocrx_word' id='word_1_816' title='bbox 2378 4307 2446 4317; x_wconf 89' lang='lat'><strong><em>—</em></strong></span> <span class='ocrx_word' id='word_1_817' title='bbox 2498 4277 2810 4345; x_wconf 80' lang='lat' dir='ltr'>Disputatio</span> <span class='ocrx_word' id='word_1_818' title='bbox 2863 4275 3035 4329; x_wconf 59' lang='lat' dir='ltr'>tertia</span> <span class='ocrx_word' id='word_1_819' title='bbox 3077 4273 3208 4328; x_wconf 87' lang='lat' dir='ltr'>diei.</span> <span class='ocrx_word' id='word_1_820' title='bbox 3258 4275 3332 4328; x_wconf 91' lang='lat' dir='ltr'>De</span> <span class='ocrx_word' id='word_1_821' title='bbox 3377 4275 3665 4342; x_wconf 63' lang='lat' dir='ltr'>quastione</span> 
     </span>
    </p>
   </div>
   <div class='ocr_carea' id='block_1_109' title="bbox 2025 4363 3662 4439">
    <p class='ocr_par' dir='ltr' id='par_1_109' title="bbox 2025 4363 3662 4439">
     <span class='ocr_line' id='line_1_109' title="bbox 2025 4363 3662 4439; baseline -0.004 -18"><span class='ocrx_word' id='word_1_822' title='bbox 2025 4367 2210 4439; x_wconf 81' lang='lat' dir='ltr'>pridie</span> <span class='ocrx_word' id='word_1_823' title='bbox 2235 4367 2518 4436; x_wconf 84' lang='lat' dir='ltr'>proposita</span> <span class='ocrx_word' id='word_1_824' title='bbox 2559 4363 2866 4417; x_wconf 85' lang='lat' dir='ltr'>dicendum.</span> <span class='ocrx_word' id='word_1_825' title='bbox 2907 4364 3073 4416; x_wconf 78' lang='lat' dir='ltr'>Miser</span> <span class='ocrx_word' id='word_1_826' title='bbox 3103 4366 3180 4416; x_wconf 89' lang='lat' dir='ltr'>est</span> <span class='ocrx_word' id='word_1_827' title='bbox 3205 4366 3375 4416; x_wconf 80' lang='lat' dir='ltr'>omnis</span> <span class='ocrx_word' id='word_1_828' title='bbox 3405 4363 3502 4430; x_wconf 88' lang='lat' dir='ltr'>qui</span> <span class='ocrx_word' id='word_1_829' title='bbox 3529 4367 3662 4428; x_wconf 84' lang='lat' dir='ltr'>eget.</span> 
     </span>
    </p>
   </div>
   <div class='ocr_carea' id='block_1_110' title="bbox 2037 4451 3669 4525">
    <p class='ocr_par' dir='ltr' id='par_1_110' title="bbox 2037 4451 3669 4525">
     <span class='ocr_line' id='line_1_110' title="bbox 2037 4451 3669 4525; baseline -0.006 -13"><span class='ocrx_word' id='word_1_830' title='bbox 2037 4457 2266 4525; x_wconf 79' lang='lat' dir='ltr'>Sapiens</span> <span class='ocrx_word' id='word_1_831' title='bbox 2303 4468 2470 4524; x_wconf 85' lang='lat' dir='ltr'>porro</span> <span class='ocrx_word' id='word_1_832' title='bbox 2509 4453 2694 4521; x_wconf 83' lang='lat' dir='ltr'>aliquo</span> <span class='ocrx_word' id='word_1_833' title='bbox 2726 4467 2832 4506; x_wconf 88' lang='lat' dir='ltr'>non</span> <span class='ocrx_word' id='word_1_834' title='bbox 2873 4455 3005 4518; x_wconf 87' lang='lat' dir='ltr'>eget.</span> <span class='ocrx_word' id='word_1_835' title='bbox 3046 4451 3137 4505; x_wconf 85' lang='lat' dir='ltr'>An</span> <span class='ocrx_word' id='word_1_836' title='bbox 3177 4452 3352 4504; x_wconf 86' lang='lat' dir='ltr'>omnis</span> <span class='ocrx_word' id='word_1_837' title='bbox 3381 4451 3479 4518; x_wconf 86' lang='lat' dir='ltr'>qui</span> <span class='ocrx_word' id='word_1_838' title='bbox 3505 4452 3669 4504; x_wconf 84' lang='lat' dir='ltr'>miser</span> 
     </span>
    </p>
   </div>
   <div class='ocr_carea' id='block_1_111' title="bbox 2031 4538 3668 4611">
    <p class='ocr_par' dir='ltr' id='par_1_111' title="bbox 2031 4538 3668 4611">
     <span class='ocr_line' id='line_1_111' title="bbox 2031 4538 3668 4611; baseline -0.004 -12"><span class='ocrx_word' id='word_1_839' title='bbox 2031 4549 2130 4610; x_wconf 87' lang='lat' dir='ltr'>est,</span> <span class='ocrx_word' id='word_1_840' title='bbox 2171 4547 2341 4611; x_wconf 83' lang='lat' dir='ltr'>egeat.</span> <span class='ocrx_word' id='word_1_841' title='bbox 2365 4543 2557 4596; x_wconf 83' lang='lat' dir='ltr'>Animi</span> <span class='ocrx_word' id='word_1_842' title='bbox 2588 4545 2813 4608; x_wconf 86' lang='lat' dir='ltr'>egestas.</span> <span class='ocrx_word' id='word_1_843' title='bbox 2850 4539 3044 4592; x_wconf 85' lang='lat' dir='ltr'>Animi</span> <span class='ocrx_word' id='word_1_844' title='bbox 3069 4538 3370 4607; x_wconf 81' lang='lat' dir='ltr'>plenitudo.</span> <span class='ocrx_word' id='word_1_845' title='bbox 3413 4538 3546 4604; x_wconf 86' lang='lat' dir='ltr'>Quis</span> <span class='ocrx_word' id='word_1_846' title='bbox 3575 4538 3668 4592; x_wconf 78' lang='lat' dir='ltr'>dc-</span> 
     </span>
    </p>
   </div>
   <div class='ocr_carea' id='block_1_112' title="bbox 2031 4629 2504 4685">
    <p class='ocr_par' dir='ltr' id='par_1_112' title="bbox 2031 4629 2504 4685">
     <span class='ocr_line' id='line_1_112' title="bbox 2031 4629 2504 4685; baseline -0.006 0"><span class='ocrx_word' id='word_1_847' title='bbox 2031 4646 2177 4685; x_wconf 88' lang='lat' dir='ltr'>mum</span> <span class='ocrx_word' id='word_1_848' title='bbox 2201 4632 2275 4684; x_wconf 86' lang='lat' dir='ltr'>sit</span> <span class='ocrx_word' id='word_1_849' title='bbox 2300 4629 2504 4684; x_wconf 83' lang='lat' dir='ltr'>beatus.</span> 
     </span>
    </p>
   </div>
   <div class='ocr_carea' id='block_1_113' title="bbox 2033 4712 3670 4790">
    <p class='ocr_par' dir='ltr' id='par_1_113' title="bbox 2033 4712 3670 4790">
     <span class='ocr_line' id='line_1_113' title="bbox 2033 4712 3670 4790; baseline -0.002 -17"><span class='ocrx_word' id='word_1_850' title='bbox 2033 4721 2122 4773; x_wconf 80' lang='lat'>23.</span> <span class='ocrx_word' id='word_1_851' title='bbox 2155 4717 2386 4772; x_wconf 89' lang='lat' dir='ltr'>Tertius</span> <span class='ocrx_word' id='word_1_852' title='bbox 2418 4721 2610 4771; x_wconf 89' lang='lat' dir='ltr'>autem</span> <span class='ocrx_word' id='word_1_853' title='bbox 2635 4715 2758 4770; x_wconf 89' lang='lat' dir='ltr'>dies</span> <span class='ocrx_word' id='word_1_854' title='bbox 2789 4712 3190 4784; x_wconf 90' lang='lat' dir='ltr'>disputationis</span> <span class='ocrx_word' id='word_1_855' title='bbox 3219 4717 3450 4790; x_wconf 73' lang='lat' dir='ltr'>nostras,</span> <span class='ocrx_word' id='word_1_856' title='bbox 3480 4719 3670 4769; x_wconf 88' lang='lat' dir='ltr'>matu-</span> 
     </span>
    </p>
   </div>
   <div class='ocr_carea' id='block_1_114' title="bbox 1965 4801 3672 4876">
    <p class='ocr_par' dir='ltr' id='par_1_114' title="bbox 1965 4801 3672 4876">
     <span class='ocr_line' id='line_1_114' title="bbox 1965 4801 3672 4876; baseline -0.004 -14"><span class='ocrx_word' id='word_1_857' title='bbox 1965 4807 2114 4862; x_wconf 87' lang='lat' dir='ltr'>tinas</span> <span class='ocrx_word' id='word_1_858' title='bbox 2138 4805 2320 4860; x_wconf 88' lang='lat' dir='ltr'>nubes</span> <span class='ocrx_word' id='word_1_859' title='bbox 2351 4821 2481 4876; x_wconf 65' lang='lat' dir='ltr'>quae</span> <span class='ocrx_word' id='word_1_860' title='bbox 2523 4821 2624 4858; x_wconf 92' lang='lat' dir='ltr'>nos</span> <span class='ocrx_word' id='word_1_861' title='bbox 2655 4803 2937 4874; x_wconf 89' lang='lat' dir='ltr'>cogebant</span> <span class='ocrx_word' id='word_1_862' title='bbox 2980 4801 3039 4856; x_wconf 92' lang='lat' dir='ltr'>in</span> <span class='ocrx_word' id='word_1_863' title='bbox 3075 4801 3332 4870; x_wconf 90' lang='lat' dir='ltr'>balneas,</span> <span class='ocrx_word' id='word_1_864' title='bbox 3380 4803 3672 4874; x_wconf 88' lang='lat' dir='ltr'>dissipavit</span> 
     </span>
    </p>
   </div>
   <div class='ocr_carea' id='block_1_115' title="bbox 1965 4890 3664 4966">
    <p class='ocr_par' dir='ltr' id='par_1_115' title="bbox 1965 4890 3664 4966">
     <span class='ocr_line' id='line_1_115' title="bbox 1965 4890 3664 4966; baseline -0.004 -16"><span class='ocrx_word' id='word_1_865' title='bbox 1965 4900 2308 4966; x_wconf 90' lang='lat' dir='ltr'>tempusque</span> <span class='ocrx_word' id='word_1_866' title='bbox 2358 4891 2826 4963; x_wconf 89' lang='lat' dir='ltr'>pomeridianum</span> <span class='ocrx_word' id='word_1_867' title='bbox 2875 4890 3344 4945; x_wconf 90' lang='lat' dir='ltr'>candidissimum</span> <span class='ocrx_word' id='word_1_868' title='bbox 3392 4891 3664 4946; x_wconf 89' lang='lat' dir='ltr'>reddidit.</span> 
     </span>
    </p>
   </div>
   <div class='ocr_carea' id='block_1_116' title="bbox 1967 4978 3675 5052">
    <p class='ocr_par' dir='ltr' id='par_1_116' title="bbox 1967 4978 3675 5052">
     <span class='ocr_line' id='line_1_116' title="bbox 1967 4978 3675 5052; baseline -0.004 -13"><span class='ocrx_word' id='word_1_869' title='bbox 1967 4983 2186 5039; x_wconf 91' lang='lat' dir='ltr'>Placuit</span> <span class='ocrx_word' id='word_1_870' title='bbox 2218 4997 2353 5052; x_wconf 90' lang='lat' dir='ltr'>ergo</span> <span class='ocrx_word' id='word_1_871' title='bbox 2386 4980 2448 5034; x_wconf 91' lang='lat' dir='ltr'>in</span> <span class='ocrx_word' id='word_1_872' title='bbox 2477 4979 2692 5050; x_wconf 88' lang='lat' dir='ltr'>pratuli</span> <span class='ocrx_word' id='word_1_873' title='bbox 2734 4978 3062 5049; x_wconf 88' lang='lat' dir='ltr'>propinqua</span> <span class='ocrx_word' id='word_1_874' title='bbox 3099 4979 3458 5046; x_wconf 89' lang='lat' dir='ltr'>descendere,</span> <span class='ocrx_word' id='word_1_875' title='bbox 3505 4983 3675 5049; x_wconf 86' lang='lat' dir='ltr'>atque</span> 
     </span>
    </p>
   </div>
   <div class='ocr_carea' id='block_1_117' title="bbox 1971 5065 3674 5127">
    <p class='ocr_par' dir='ltr' id='par_1_117' title="bbox 1971 5065 3674 5127">
     <span class='ocr_line' id='line_1_117' title="bbox 1971 5065 3674 5127; baseline -0.006 0"><span class='ocrx_word' id='word_1_876' title='bbox 1971 5071 2242 5127; x_wconf 92' lang='lat' dir='ltr'>omnibus</span> <span class='ocrx_word' id='word_1_877' title='bbox 2270 5069 2436 5123; x_wconf 91' lang='lat' dir='ltr'>nobis</span> <span class='ocrx_word' id='word_1_878' title='bbox 2463 5068 2563 5122; x_wconf 90' lang='lat' dir='ltr'>ubi</span> <span class='ocrx_word' id='word_1_879' title='bbox 2606 5068 2975 5123; x_wconf 90' lang='lat' dir='ltr'>commodum</span> <span class='ocrx_word' id='word_1_880' title='bbox 3004 5067 3186 5122; x_wconf 90' lang='lat' dir='ltr'>visum</span> <span class='ocrx_word' id='word_1_881' title='bbox 3218 5073 3302 5121; x_wconf 90' lang='lat' dir='ltr'>est</span> <span class='ocrx_word' id='word_1_882' title='bbox 3330 5065 3674 5121; x_wconf 83' lang='lat' dir='ltr'>considenti-</span> 
     </span>
    </p>
   </div>
   <div class='ocr_carea' id='block_1_118' title="bbox 1971 5152 3677 5228">
    <p class='ocr_par' dir='ltr' id='par_1_118' title="bbox 1971 5152 3677 5228">
     <span class='ocr_line' id='line_1_118' title="bbox 1971 5152 3677 5228; baseline -0.007 -12"><span class='ocrx_word' id='word_1_883' title='bbox 1971 5161 2096 5227; x_wconf 90' lang='lat' dir='ltr'>bus,</span> <span class='ocrx_word' id='word_1_884' title='bbox 2132 5157 2392 5228; x_wconf 88' lang='lat' dir='ltr'>reliquus</span> <span class='ocrx_word' id='word_1_885' title='bbox 2421 5156 2502 5210; x_wconf 87' lang='lat' dir='ltr'>ita</span> <span class='ocrx_word' id='word_1_886' title='bbox 2530 5171 2719 5212; x_wconf 91' lang='lat' dir='ltr'>sermo</span> <span class='ocrx_word' id='word_1_887' title='bbox 2750 5161 3010 5227; x_wconf 86' lang='lat' dir='ltr'>peractus</span> <span class='ocrx_word' id='word_1_888' title='bbox 3040 5161 3139 5210; x_wconf 89' lang='lat' dir='ltr'>est.</span> <span class='ocrx_word' id='word_1_889' title='bbox 3172 5155 3372 5210; x_wconf 89' lang='lat' dir='ltr'>Omnia</span> <span class='ocrx_word' id='word_1_890' title='bbox 3402 5169 3568 5224; x_wconf 90' lang='lat' dir='ltr'>pene,</span> <span class='ocrx_word' id='word_1_891' title='bbox 3595 5152 3677 5205; x_wconf 89' lang='lat' dir='ltr'>in-</span> 
     </span>
    </p>
   </div>
   <div class='ocr_carea' id='block_1_119' title="bbox 1973 5239 3675 5320">
    <p class='ocr_par' dir='ltr' id='par_1_119' title="bbox 1973 5239 3675 5320">
     <span class='ocr_line' id='line_1_119' title="bbox 1973 5239 3675 5320; baseline -0.005 -19"><span class='ocrx_word' id='word_1_892' title='bbox 1973 5263 2166 5320; x_wconf 89' lang='lat' dir='ltr'>quam,</span> <span class='ocrx_word' id='word_1_893' title='bbox 2201 5262 2334 5318; x_wconf 70' lang='lat' dir='ltr'>quas</span> <span class='ocrx_word' id='word_1_894' title='bbox 2383 5245 2762 5316; x_wconf 89' lang='lat' dir='ltr'>interroganti</span> <span class='ocrx_word' id='word_1_895' title='bbox 2806 5244 2949 5299; x_wconf 89' lang='lat' dir='ltr'>mihi</span> <span class='ocrx_word' id='word_1_896' title='bbox 2989 5243 3219 5298; x_wconf 89' lang='lat' dir='ltr'>concedi</span> <span class='ocrx_word' id='word_1_897' title='bbox 3247 5259 3280 5298; x_wconf 88' lang='lat' dir='ltr'>a</span> <span class='ocrx_word' id='word_1_898' title='bbox 3303 5241 3460 5295; x_wconf 91' lang='lat' dir='ltr'>vobis</span> <span class='ocrx_word' id='word_1_899' title='bbox 3499 5239 3675 5306; x_wconf 91' lang='lat' dir='ltr'>volui,</span> 
     </span>
    </p>
   </div>
   <div class='ocr_carea' id='block_1_120' title="bbox 1974 5327 3679 5405">
    <p class='ocr_par' dir='ltr' id='par_1_120' title="bbox 1974 5327 3679 5405">
     <span class='ocr_line' id='line_1_120' title="bbox 1974 5327 3679 5405; baseline -0.005 -15"><span class='ocrx_word' id='word_1_900' title='bbox 1974 5336 2163 5392; x_wconf 90' lang='lat' dir='ltr'>habeo</span> <span class='ocrx_word' id='word_1_901' title='bbox 2195 5351 2258 5389; x_wconf 91' lang='lat' dir='ltr'>ac</span> <span class='ocrx_word' id='word_1_902' title='bbox 2288 5339 2494 5389; x_wconf 89' lang='lat' dir='ltr'>teneo:</span> <span class='ocrx_word' id='word_1_903' title='bbox 2539 5349 2716 5405; x_wconf 88' lang='lat' dir='ltr'>quare</span> <span class='ocrx_word' id='word_1_904' title='bbox 2759 5333 3041 5388; x_wconf 91' lang='lat' dir='ltr'>hodierno</span> <span class='ocrx_word' id='word_1_905' title='bbox 3081 5332 3191 5397; x_wconf 89' lang='lat' dir='ltr'>die,</span> <span class='ocrx_word' id='word_1_906' title='bbox 3236 5346 3349 5400; x_wconf 90' lang='lat' dir='ltr'>quo</span> <span class='ocrx_word' id='word_1_907' title='bbox 3392 5327 3679 5399; x_wconf 89' lang='lat' dir='ltr'>possimus</span> 
     </span>
    </p>
   </div>
   <div class='ocr_carea' id='block_1_121' title="bbox 1976 5417 3680 5490">
    <p class='ocr_par' dir='ltr' id='par_1_121' title="bbox 1976 5417 3680 5490">
     <span class='ocr_line' id='line_1_121' title="bbox 1976 5417 3680 5490; baseline -0.005 -9"><span class='ocrx_word' id='word_1_908' title='bbox 1976 5425 2213 5481; x_wconf 84' lang='lat' dir='ltr'>tandem</span> <span class='ocrx_word' id='word_1_909' title='bbox 2236 5423 2348 5478; x_wconf 91' lang='lat' dir='ltr'>hoc</span> <span class='ocrx_word' id='word_1_910' title='bbox 2376 5427 2636 5478; x_wconf 90' lang='lat' dir='ltr'>nostrum</span> <span class='ocrx_word' id='word_1_911' title='bbox 2667 5421 2988 5477; x_wconf 90' lang='lat' dir='ltr'>convivium</span> <span class='ocrx_word' id='word_1_912' title='bbox 3017 5420 3208 5490; x_wconf 90' lang='lat' dir='ltr'>aliquo</span> <span class='ocrx_word' id='word_1_913' title='bbox 3233 5417 3530 5471; x_wconf 88' lang='lat' dir='ltr'>intervallo</span> <span class='ocrx_word' id='word_1_914' title='bbox 3561 5417 3680 5472; x_wconf 89' lang='lat' dir='ltr'>die-</span> 
     </span>
    </p>
   </div>
   <div class='ocr_carea' id='block_1_122' title="bbox 1979 5506 3686 5585">
    <p class='ocr_par' dir='ltr' id='par_1_122' title="bbox 1979 5506 3686 5585">
     <span class='ocr_line' id='line_1_122' title="bbox 1979 5506 3686 5585; baseline -0.006 -15"><span class='ocrx_word' id='word_1_915' title='bbox 1979 5529 2116 5570; x_wconf 90' lang='lat' dir='ltr'>rum</span> <span class='ocrx_word' id='word_1_916' title='bbox 2162 5512 2538 5585; x_wconf 87' lang='lat' dir='ltr'>distinguere,</span> <span class='ocrx_word' id='word_1_917' title='bbox 2573 5523 2670 5568; x_wconf 84' lang='lat' dir='ltr'>aut</span> <span class='ocrx_word' id='word_1_918' title='bbox 2709 5511 2872 5580; x_wconf 91' lang='lat' dir='ltr'>nihil,</span> <span class='ocrx_word' id='word_1_919' title='bbox 2918 5512 3016 5564; x_wconf 90' lang='lat' dir='ltr'>aut</span> <span class='ocrx_word' id='word_1_920' title='bbox 3043 5523 3158 5562; x_wconf 92' lang='lat' dir='ltr'>non</span> <span class='ocrx_word' id='word_1_921' title='bbox 3186 5507 3436 5561; x_wconf 90' lang='lat' dir='ltr'>multum</span> <span class='ocrx_word' id='word_1_922' title='bbox 3465 5506 3592 5567; x_wconf 87' lang='lat' dir='ltr'>erit,</span> <span class='ocrx_word' id='word_1_923' title='bbox 3619 5511 3686 5562; x_wconf 87' lang='lat' dir='ltr'>ut</span> 
     </span>
    </p>
   </div>
   <div class='ocr_carea' id='block_1_123' title="bbox 2899 5617 3369 5698">
    <p class='ocr_par' dir='ltr' id='par_1_123' title="bbox 2899 5617 3369 5698">
     <span class='ocr_line' id='line_1_123' title="bbox 2899 5617 3369 5698; baseline -0.006 -17"><span class='ocrx_word' id='word_1_924' title='bbox 2899 5617 3369 5698; x_wconf 84' lang='lat' dir='ltr'>(Trente-une.)</span> 
     </span>
    </p>
   </div>
  </div>
