4058 6360
178 347 278 398 973

180 463 460 518 Licentius
506 464 674 519 laetus
721 465 1039 519 exclamans
1094 479 1108 522 :
1160 468 1418 534 Prorsus,
1467 466 1674 539 inquit,
1724 469 1872 524 nihil

177 552 386 618 verius,
415 551 561 606 nihil
592 552 839 607 divinius
869 553 978 607 dici
1008 554 1214 624 potuit.
1232 556 1375 609 Nam
1403 561 1459 610 et
1479 557 1666 627 major
1691 562 1746 612 et
1761 558 1873 611 mi-

178 639 475 693 serabilior
507 646 726 710 egestas
756 641 914 694 nulla
943 645 1047 709 est,
1073 658 1245 712 quam
1277 660 1446 714 egere
1479 644 1783 714 sapientia;
1819 649 1874 698 et

179 728 278 798 qui
299 727 582 798 sapientia
608 745 723 782 non
755 735 901 798 eget,
934 731 1088 783 nulla
1108 747 1166 784 re
1198 732 1435 786 omnino
1467 748 1633 803 egere
1663 737 1868 802 potest.

249 818 336 871 28.
398 817 487 870 Est
533 832 668 887 ergo
706 816 884 870 animi
922 823 1161 887 egestas,
1209 819 1467 889 inquam,
1527 820 1672 874 nihil
1716 819 1872 875 aliud

180 921 352 975 quam
391 904 654 959 stultitia.
696 906 824 959 Hac
857 910 940 958 est
968 905 1122 959 enim
1149 907 1432 961 contraria
1461 908 1776 978 sapientiae,
1820 913 1876 962 et

178 993 258 1046 ita
287 992 574 1046 contraria
598 996 663 1045 ut
691 1009 844 1046 mors
873 994 1020 1056 vitae,
1056 999 1120 1048 ut
1149 995 1313 1048 beata
1339 995 1452 1050 vita
1482 997 1734 1063 miserae;
1767 996 1874 1050 hoc

177 1086 280 1147 est,
315 1081 436 1134 sine
467 1081 661 1151 aliquo
711 1081 922 1134 medio.
977 1083 1120 1135 Nam
1171 1087 1236 1136 ut
1279 1083 1466 1136 omnis
1511 1100 1629 1138 non
1675 1084 1874 1138 beatus

175 1169 352 1222 homo
385 1168 558 1222 miser
587 1173 693 1238 est,
725 1169 1026 1239 omnisque
1056 1170 1229 1224 homo
1260 1187 1377 1224 non
1407 1176 1669 1225 mortuus
1703 1171 1870 1237 vivit;

179 1257 257 1310 sic
283 1273 515 1311 omnem
545 1273 662 1310 non
690 1258 930 1310 stultum
960 1257 1326 1311 manifestum
1369 1264 1455 1313 est
1495 1276 1614 1314 esse
1644 1259 1874 1329 sapien-

176 1350 314 1399 tem.
352 1347 428 1398 Ex
459 1361 574 1415 quo
609 1349 664 1398 et
691 1345 831 1398 illud
852 1346 970 1415 jam
997 1344 1130 1399 licet
1155 1344 1369 1413 videre,
1396 1363 1513 1401 non
1543 1364 1606 1401 ex
1654 1364 1721 1401 eo
1755 1355 1876 1402 tan-

179 1439 302 1486 tum
332 1433 595 1502 Sergium
630 1434 858 1487 Oratam
887 1433 1060 1487 fuisse
1090 1433 1383 1501 miserum,
1440 1437 1595 1506 quod
1643 1435 1876 1490 timebat

178 1537 248 1574 ne
283 1521 528 1574 fortunae
574 1520 670 1574 illa
723 1537 961 1574 munera
990 1521 1297 1588 amitteret,
1343 1523 1442 1576 sed
1490 1523 1626 1594 quia
1672 1525 1875 1578 stultus

179 1615 317 1664 erat.
353 1610 475 1674 Quo
521 1609 585 1662 fit
641 1611 704 1661 ut
755 1608 1021 1662 miserior
1050 1613 1214 1675 esset,
1247 1609 1294 1662 si
1326 1613 1444 1662 tam
1471 1611 1739 1680 pendulis
1769 1628 1875 1664 nu-

175 1699 548 1768 tantibusqne
579 1695 648 1750 iis
680 1713 809 1767 quae
839 1698 990 1751 bona
1016 1697 1274 1767 putabat,
1307 1698 1449 1751 nihil
1481 1699 1718 1753 omnino
1752 1716 1877 1753 me—

174 1786 398 1841 tuisset.
465 1787 624 1841 Esset
675 1785 829 1839 enim
878 1801 996 1839 non
1049 1784 1400 1839 fortitudinis
1461 1788 1726 1854 excubiis,
1778 1789 1876 1842 sed

177 1875 385 1929 mentis
407 1890 606 1944 sopore
637 1873 906 1940 securior,
954 1879 1010 1927 et
1053 1872 1252 1928 altiore
1300 1875 1539 1929 stultitia
1585 1876 1876 1931 demersus

175 1963 371 2018 miser.
404 1967 476 2016 At
503 1979 560 2016 se
591 1962 772 2016 omnis
793 1961 892 2033 qui
913 1961 1356 2032 caretsapicntia
1378 1979 1646 2034 magnam
1662 1965 1877 2034 patitur

176 2055 505 2123 egestatem,
539 2051 841 2121 omnisque
883 2067 1118 2120 compos
1155 2051 1448 2120 sapientiae
1494 2051 1675 2106 nihilo
1723 2057 1873 2123 eget,

176 2140 437 2211 sequitur
461 2144 528 2194 ut
565 2139 801 2193 stultitia
829 2139 902 2192 sit
939 2144 1175 2209 egestas.
1211 2139 1279 2192 Ut
1307 2143 1499 2193 autem
1529 2140 1712 2194 omnis
1733 2141 1876 2194 stul-

173 2233 266 2280 tus
301 2226 496 2290 miser,
523 2224 604 2278 ita
636 2224 822 2278 omnis
850 2224 1023 2278 miser
1052 2225 1258 2278 stultus
1289 2227 1389 2278 est.
1421 2225 1566 2295 Ergo
1595 2230 1657 2279 ut
1685 2225 1872 2279 omnis

175 2319 398 2386 egestas
427 2312 678 2382 miseria,
709 2313 788 2365 ita
819 2311 1007 2366 omnis
1053 2311 1284 2366 miseria
1317 2317 1538 2382 egestas
1586 2329 1707 2368 esse
1737 2330 1870 2368 con-

173 2401 422 2456 vincitur

244 2493 333 2545 29.
367 2490 549 2554 Quam
579 2489 1004 2543 conclusionem
1052 2488 1349 2559 Trygetius
1405 2504 1535 2543 cum
1566 2505 1624 2543 se
1665 2506 1871 2560 parum

171 2578 518 2633 intellexisse
549 2577 794 2632 diceret:
838 2577 1005 2645 Quid,
1040 2576 1299 2647 inquam,
1330 2577 1480 2631 inter
1516 2594 1620 2632 nos
1649 2579 1872 2634 ratione

174 2666 482 2721 convenit?
527 2667 667 2720 Eum
717 2682 908 2736 egere,
957 2665 1169 2736 inquit,
1223 2665 1324 2736 qui
1374 2666 1712 2736 sapientiam
1752 2684 1870 2722 non

173 2757 399 2811 habeat.
458 2755 604 2820 Quid
653 2759 738 2808 est
791 2771 950 2824 ergo,
976 2754 1235 2825 inquam,
1258 2754 1465 2824 egere?
1495 2754 1869 2825 Sapientiam,

174 2844 383 2914 inquit,
417 2859 532 2897 non
553 2843 781 2897 habere.
809 2841 954 2906 Quid
971 2847 1072 2907 est,
1103 2842 1360 2912 inquam,
1386 2823 1726 2912 sapientiam
1755 2859 1872 2897 non

173 2932 385 2987 habere
403 2931 430 2983 ?
461 2931 560 2985 Hic
589 2947 719 2984 cum
741 2934 969 2994 taceret,
991 2945 1185 2984 nonne
1216 2931 1325 2983 hoc
1354 2934 1456 3000 est,
1487 2929 1744 3000 inquam,
1766 2931 1869 2984 ha-

170 3021 308 3075 bere
336 3019 636 3073 stultitiam
656 3017 684 3070 ‘l
716 3019 850 3086 Hoc,
881 3017 1088 3088 inquit.
1118 3017 1270 3071 Nihil
1301 3022 1384 3071 est
1411 3034 1546 3089 ergo
1574 3018 1747 3084 aliud,
1780 3018 1869 3071 in-

171 3124 368 3180 quam,
416 3108 628 3161 habere
675 3111 1009 3178 egestatem.
1056 3121 1229 3177 quam
1279 3106 1616 3171 stultitiam;
1666 3123 1730 3160 ex
1751 3122 1865 3177 quo

163 3197 290 3266 jam
320 3211 548 3248 necesse
577 3199 663 3248 est
690 3197 1002 3264 egestatem
1025 3194 1134 3248 alio
1161 3193 1331 3247 verbo
1357 3193 1667 3263 nominari,
1694 3211 1871 3264 quan-

170 3286 243 3339 do
300 3283 541 3338 stultitia
570 3282 915 3337 nominatur.
965 3282 1304 3352 Quanquam
1349 3280 1536 3334 nescio
1585 3281 1871 3352 quomodo

173 3373 450 3439 dicamus,
485 3371 663 3425 Habet
691 3375 1021 3442 egestatem,
1053 3375 1174 3439 aut,
1202 3369 1371 3424 habet
1389 3369 1708 3424 stultitiam.
1738 3370 1870 3423 Tale

173 3467 258 3516 est
285 3460 441 3516 enim
471 3476 534 3514 ac
566 3459 614 3514 si
636 3461 827 3514 locum
857 3458 1130 3530 aliquem,
1161 3457 1261 3528 qui
1290 3458 1508 3512 lumine
1537 3463 1742 3525 careat,
1777 3458 1869 3512 di-

172 3565 369 3602 camus
397 3548 608 3602 hahere
667 3547 931 3620 tenebras
956 3559 970 3600 :
995 3546 1152 3617 quod
1200 3545 1341 3600 nihil
1380 3551 1462 3599 est
1511 3547 1668 3600 aliud
1698 3563 1871 3618 quam

170 3637 372 3691 lumen
401 3653 519 3689 non
548 3637 780 3690 habere.
816 3636 942 3690 Non
971 3634 1128 3689 enim
1156 3635 1406 3689 tenebrae
1436 3635 1599 3706 quasi
1636 3634 1873 3688 veniunt

169 3730 272 3778 aut
294 3724 606 3790 recedunt;
639 3723 736 3777 sed
763 3738 954 3776 carere
984 3721 1203 3775 lumine
1250 3721 1359 3775 hoc
1390 3721 1578 3791 ipsum
1627 3725 1711 3775 est
1748 3721 1870 3791 jam

167 3813 542 3867 tenebrosum
571 3828 709 3877 esse,
744 3815 808 3865 ut
827 3827 1020 3865 carere
1049 3813 1202 3864 veste
1231 3810 1340 3864 hoc
1370 3814 1455 3864 est
1483 3826 1604 3864 esse
1626 3809 1868 3863 nudum.

169 3903 297 3956 Non
328 3901 485 3956 enim
513 3906 666 3955 veste
697 3899 997 3954 accedente
1042 3897 1217 3953 veluti
1274 3898 1469 3969 aliqua
1519 3915 1610 3952 res
1658 3898 1870 3953 nobilis

167 3990 400 4045 nuditas
429 3989 597 4059 fugit.
625 3988 858 4058 Sicergo
871 3987 1113 4042 dicimus
1133 3986 1385 4057 aliquem
1414 3986 1623 4040 habere
1661 3991 1873 4058 egesta-

169 4084 312 4148 tem,
343 4078 507 4150 quasi
537 4077 788 4131 dicamus
808 4062 1022 4130 habere
1074 4075 1417 4130 nuditatem.
1457 4075 1688 4145 Egestas
1717 4075 1870 4129 enim

165 4169 412 4222 verbum
438 4171 522 4221 est
549 4183 665 4220 non
697 4164 967 4220 habendi.
995 4163 1398 4230 Quamobrem,
1446 4168 1512 4218 ut
1556 4163 1711 4234 quod
1741 4165 1869 4219 volo

168 4256 453 4327 explicem
483 4255 627 4309 sicut
651 4271 901 4325 possum,
936 4253 1017 4309 ita
1045 4253 1271 4319 dicitur,
1305 4253 1485 4306 Habet
1519 4256 1830 4322 egestatem
1856 4273 1872 4321 ;

166 4345 337 4417 quasi
368 4345 606 4411 dicatur,
642 4344 822 4398 Habet
849 4358 964 4397 non
987 4342 1216 4396 habere.
1251 4342 1466 4411 Itaque,
1496 4340 1543 4394 si
1573 4341 1870 4396 stultitiam

163 4434 356 4504 ipsam
387 4448 582 4486 veram
611 4435 666 4484 et
695 4435 908 4484 certam
957 4432 1266 4500 egestatem
1315 4443 1436 4481 esse
1485 4433 1872 4482 monstratum

165 4526 280 4588 est,
310 4521 435 4574 vide
456 4521 575 4590 jam
607 4519 982 4590 quaestionem
1007 4533 1181 4588 quam
1211 4532 1660 4586 susceperamus,
1679 4521 1871 4571 utrum

166 4611 363 4664 soluta
392 4609 484 4662 sit.
537 4606 910 4662 Dubitabatur
962 4606 1114 4660 enim
1160 4605 1314 4658 inter
1358 4621 1482 4671 nos,
1519 4610 1712 4659 utrum
1743 4621 1872 4659 cum

165 4698 595 4770 appellaremus
624 4695 937 4764 miseriam,
978 4693 1119 4748 nihil
1151 4693 1307 4746 aliud
1339 4709 1511 4764 quam
1562 4697 1874 4763 egestatem

166 4785 625 4842 nominaremus.
669 4783 941 4838 Dedimus
969 4788 1163 4840 autem
1192 4780 1494 4847 rationem,
1517 4786 1665 4836 recte
1688 4782 1872 4836 stulti-

165 4874 318 4928 tiam
346 4872 535 4927 vocari
565 4876 895 4943 egestatem.
944 4871 1102 4926 Sicut
1138 4885 1272 4940 ergo
1320 4872 1376 4924 et
1432 4868 1618 4923 omnis
1666 4871 1874 4925 stultus

164 4963 370 5029 miser,
398 4967 456 5016 et
481 4960 667 5015 omnis
692 4959 866 5015 miser
895 4959 1100 5014 stultus
1130 4964 1214 5013 est
1237 4975 1250 5025 ;
1279 4956 1359 5011 ita
1385 4972 1611 5011 necesse
1645 4962 1730 5012 est
1757 4975 1874 5013 non

165 5051 362 5106 solum
393 5065 624 5104 omnem
654 5048 754 5118 qui
783 5052 946 5119 egeat
968 5047 1276 5113 Emiserum,
1313 5045 1411 5100 sed
1440 5045 1612 5100 etiam
1642 5062 1873 5102 omnem

165 5138 276 5211 qui
306 5137 481 5192 miser
500 5137 571 5190 sit
600 5141 866 5206 egentem
896 5151 1017 5191 esse
1038 5135 1337 5188 fateamur.
1370 5135 1441 5186 At
1466 5132 1514 5186 si
1537 5149 1607 5187 ex
1637 5149 1703 5186 eo
1723 5133 1874 5205 quod

163 5234 226 5281 et
259 5225 446 5280 omnis
471 5225 682 5278 stultus
711 5223 885 5277 miser
913 5227 1018 5290 est,
1060 5225 1115 5276 et
1132 5219 1316 5275 omnis
1337 5219 1508 5274 miser
1538 5221 1741 5274 stultus
1769 5226 1872 5289 est,

165 5314 476 5370 conﬁcitur
517 5311 816 5366 stultitiam
857 5327 978 5365 esse
1025 5309 1351 5376 miseriam;
1391 5324 1491 5362 cur
1537 5324 1656 5362 non
1694 5325 1763 5362 ex
1807 5324 1874 5362 eo

163 5404 330 5476 quod
362 5408 419 5457 et
442 5401 705 5473 quisquis
739 5404 868 5470 eget
914 5399 1108 5467 miser,
1164 5401 1220 5452 et
1274 5396 1532 5469 quisquis
1592 5397 1765 5452 miser
1793 5402 1877 5451 est

161 5497 356 5563 egeat,
390 5489 514 5544 nihi
543 5487 701 5543 aliud
729 5489 1021 5544 miseriam
1046 5503 1221 5560 quam
1247 5491 1557 5557 egestatem
1587 5503 1708 5543 esse
1739 5502 1868 5542 con-

160 5579 434 5638 licimus?

1693 347 1905 403 LIBER
1957 347 2161 404 UNUS.

3576 357 3679 409 974

2060 473 2146 524 30.
2189 470 2350 534 Quod
2397 487 2527 525 cum
2587 487 2784 526 omnes
2840 471 2920 526 ita
2989 487 3110 526 esse
3169 472 3501 530 faterentur.
3534 476 3680 531 lllud

1976 558 2120 628 jam,
2145 557 2401 629 inquam,
2433 560 2711 630 sequitur,
2761 565 2820 614 ut
2839 561 3134 615 videamus
3164 562 3291 632 quis
3313 579 3430 616 non
3469 569 3632 633 egeat
3663 581 3676 618 :

1979 645 2028 698 is
2049 645 2204 699 enim
2233 646 2340 699 erit
2368 646 2590 716 sapiens
2619 653 2674 701 et
2704 649 2923 703 beatus.
2959 650 3188 719 Egestas
3221 655 3411 704 autem
3434 651 3676 705 stultitia

1982 737 2087 798 est,
2118 733 2495 804 egestatisque
2523 751 2733 788 nomen
2761 751 2772 789 :
2805 737 2911 789 hoc
2952 743 3145 790 autem
3180 738 3418 792 verbum
3465 739 3674 792 sterili-

1979 824 2153 873 tatem
2183 821 2470 890 quandam
2501 826 2558 875 et
2608 821 2862 892 inopiam
2902 825 3045 878 solet
3079 824 3421 894 signiﬁcare.
3470 828 3676 880 Atten-

1982 908 2116 975 dite,
2149 925 2361 979 qumso,
2385 910 2572 974 altius,
2592 915 2804 980 quanta
2831 928 2966 965 cura
2995 912 3313 982 priscorum
3350 913 3673 978 hominum,

1983 995 2096 1049 sive
2128 997 2340 1060 omnia,
2376 996 2490 1050 sive
2513 997 2666 1067 quod
2696 997 3061 1052 manifestum
3075 1004 3176 1066 est,
3209 1001 3473 1070 quaedam
3503 1002 3677 1056 verba

1983 1089 2172 1138 creata
2201 1089 2349 1153 sunt,
2383 1101 2580 1139 earum
2617 1101 2812 1138 rerum
2842 1086 3086 1140 maxime
3118 1104 3361 1157 quarum
3407 1095 3528 1144 erat
3573 1107 3678 1146 no-

1983 1171 2110 1226 titia
2137 1174 2578 1242 pernecessaria.
2610 1175 2735 1227 Jam
2768 1173 2918 1227 enim
2952 1175 3259 1228 conceditis
3280 1192 3508 1230 omnem
3544 1179 3682 1232 stul-

1984 1265 2107 1314 tum
2131 1277 2320 1330 egere,
2353 1265 2409 1315 et
2432 1278 2661 1315 omnem
2692 1261 2791 1332 qui
2815 1266 2982 1332 egeat
3024 1263 3262 1316 stultum
3312 1281 3431 1317 esse
3464 1281 3477 1318 :
3511 1266 3676 1320 credo

1984 1364 2083 1401 vos
2107 1348 2281 1402 etiam
2309 1349 2618 1404 concedere
2663 1350 2924 1404 animum
2955 1350 3190 1404 stultum
3242 1367 3362 1404 esse
3392 1351 3678 1420 vitiosum,

1983 1436 2288 1507 omniaque
2322 1436 2499 1490 animi
2528 1437 2664 1491 vitia
2695 1454 2805 1491 uno
2836 1437 3096 1492 stultitiae
3152 1439 3383 1492 nomine
3438 1440 3677 1495 includi.

1983 1524 2174 1578 Primo
2206 1530 2396 1578 autem
2417 1525 2506 1580 die
2521 1525 2693 1595 hujus
2713 1525 3110 1596 disputationis
3131 1531 3338 1581 nostra:
3367 1527 3684 1598 nequitiam

1988 1611 2312 1666 dixeramus
2342 1629 2463 1667 esse
2502 1613 2571 1667 ab
2603 1629 2668 1666 eo
2700 1613 2908 1667 dictam
2945 1614 3098 1684 quod
3127 1631 3231 1668 nec
3247 1615 3562 1686 quidquam
3590 1615 3682 1683 sit,

1987 1700 2078 1753 cui
2108 1701 2450 1754 contrariam
2465 1701 2850 1770 frugalitatem
2873 1702 3079 1770 afruge
3093 1702 3266 1756 fuisse
3295 1702 3675 1757 nominatam.

1988 1787 2132 1857 Ergo
2163 1789 2222 1841 in
2243 1788 2313 1841 iis
2344 1789 2566 1842 duobus
2588 1788 2906 1858 contrariis,
2937 1789 3041 1842 hoc
3064 1794 3148 1842 est
3164 1790 3491 1861 frugalitate
3510 1796 3681 1861 atque

1984 1877 2260 1948 nequitia,
2302 1877 2400 1931 illa
2418 1877 2530 1931 duo
2562 1877 2827 1930 videntur
2857 1877 3130 1942 eminere,
3165 1893 3285 1930 esse
3314 1882 3370 1930 et
3394 1893 3510 1931 non
3533 1894 3677 1933 esse.

1986 1965 2234 2034 Egestati
2259 1970 2452 2018 autem
2475 1965 2544 2018 de
2575 1980 2686 2035 qua
2715 1964 2955 2034 quaestio
2982 1969 3085 2030 est,
3111 1964 3245 2035 quid
3268 1969 3538 2034 putamus
3559 1981 3682 2020 esse

1986 2052 2383 2106 contrarium?
2433 2051 2530 2106 Hic
2559 2067 2690 2106 cum
2738 2052 3093 2122 aliquantum
3137 2058 3540 2108 cunctarentur
3577 2075 3588 2108 :
3624 2054 3684 2109 Si

1981 2142 2182 2206 dicam,
2217 2140 2405 2210 inquit
2433 2139 2749 2210 Trygetius,
2795 2139 3054 2204 divitias;
3089 2139 3254 2194 video
3300 2140 3390 2194 his
3419 2157 3668 2211 pauper-

1979 2234 2153 2284 tatem
2168 2246 2288 2283 esse
2318 2229 2684 2282 contrariam.
2709 2229 2804 2282 Est
2832 2227 3361 2300 quidem,inquam,
3393 2229 3664 2284 vicinum.

1984 2317 2122 2371 Nam
2179 2321 2484 2388 paupertas
2532 2322 2589 2370 et
2627 2320 2842 2386 egestas
2895 2332 3078 2370 unum
3118 2321 3285 2388 atque
3317 2317 3470 2372 idem
3502 2318 3681 2389 accipi

1982 2406 2184 2460 solent.
2217 2407 2431 2460 Tamen
2453 2405 2606 2459 aliud
2635 2405 2873 2458 verbum
2897 2405 3309 2460 inveniendum
3342 2411 3442 2471 est,
3469 2421 3539 2460 ne
3559 2422 3680 2460 me-

1981 2491 2113 2546 liori
2150 2491 2299 2562 parti
2326 2491 2682 2567 desit.unum
2715 2491 3078 2560 vocabulum,
3122 2495 3188 2545 ut
3232 2507 3363 2545 cum
3407 2491 3505 2545 illa
3545 2507 3678 2561 pars

1981 2579 2334 2651 paupertatis
2365 2583 2422 2633 et
2449 2578 2716 2650 egestatis
2747 2579 2979 2633 nomine
3010 2579 3279 2645 abundet,
3311 2597 3379 2633 ex
3396 2579 3503 2632 hac
3521 2584 3682 2649 parte

1981 2668 2166 2722 solum
2188 2667 2849 2738 apponaturdivitiarum
2873 2683 3108 2720 nomen.
3141 2666 3458 2720 Nihilcnim
3482 2667 3681 2720 absur-

1981 2755 2109 2810 dius
2139 2771 2312 2826 quam
2345 2759 2407 2808 ut
2432 2754 2526 2808 hic
2555 2754 2627 2807 sit
2654 2759 2872 2824 egestas
2902 2755 3183 2822 vocabuli,
3223 2755 3320 2809 ubi
3352 2759 3436 2808 est
3457 2759 3680 2808 ocntra-

1979 2843 2066 2897 ria
2094 2859 2226 2913 pars
2252 2843 2510 2913 egestati.
2553 2842 2879 2909 Plenitudo,
2939 2843 3130 2913 inquit
3158 2842 3459 2909 Licentius,
3492 2843 3540 2896 si
3569 2842 3679 2896 dici

1979 2935 2183 3002 potest,
2213 2931 2439 2984 videtur
2466 2929 2609 2984 mihi
2637 2934 2788 2984 recte
2817 2930 3033 3000 opponi
3063 2929 3318 2999 egestati.

2050 3023 2135 3073 31.
2168 3020 2387 3084 Postea,
2421 3018 2677 3088 inquam,
2714 3017 2784 3071 de
2838 3017 3009 3070 verbo
3058 3033 3383 3087 quaeremus
3437 3017 3675 3072 fortasse

1980 3105 2328 3176 diligentius.
2365 3107 2491 3159 Non
2520 3105 2674 3159 enim
2706 3105 2812 3159 hoc
2845 3105 3163 3158 curandum
3208 3110 3292 3159 est
3326 3105 3386 3158 in
3433 3104 3676 3176 inquisi-

1978 3194 2134 3248 tione
2161 3193 2429 3248 veritatis.
2489 3193 2753 3258 Quamvis
2807 3193 2961 3246 enim
3010 3193 3309 3247 Sallustius
3338 3193 3676 3247 lectissimus

1980 3287 2246 3354 pensator
2293 3283 2618 3349 verborum,
2670 3282 2910 3352 egestati
2940 3282 3271 3353 opposuerit
3325 3281 3677 3352 opulentiam

1982 3372 2312 3442 (Sallustius,
2361 3371 2425 3424 de
2480 3372 2615 3425 Bello
2669 3369 2956 3440 Catilin.);
3015 3375 3210 3423 tamen
3250 3369 3463 3440 accipio
3505 3369 3676 3423 istam

1981 3458 2414 3532 plenitudinem.
2451 3459 2578 3512 Non
2609 3457 2764 3512 enim
2793 3457 2884 3512 hic
2923 3458 3428 3528 grammaticorum
3476 3457 3680 3511 formi-

1980 3548 2112 3602 dine
2142 3546 2527 3602 laborabimus
2580 3544 2620 3612 ι,
2668 3550 2768 3599 aut
2819 3545 3186 3600 metuendem
3230 3549 3315 3599 est
3372 3560 3443 3598 ne
3496 3543 3566 3597 ab
3600 3543 3680 3596 eis

1981 3634 2346 3706 castigemur,
2377 3633 2530 3704 quod
2561 3633 2847 3686 incuriose
2877 3633 3097 3687 utimur
3111 3631 3678 3702 verbis,quiressuas

1979 3721 2146 3775 nobis
2170 3721 2239 3776 ad
2271 3721 2552 3775 utendum
2584 3720 2867 3774 dederunt
2896 3721 2999 3788 (a).
3038 3719 3141 3772 Ubi
3171 3735 3300 3772 cum
3334 3717 3673 3771 arrisissent:

1982 3811 2148 3880 Ergo,
2184 3809 2319 3880 quia
2347 3813 2570 3862 mentes
2595 3811 2827 3873 vestras,
2861 3807 3120 3876 inquam,
3153 3821 3281 3860 cum
3311 3805 3516 3859 intenti
3544 3805 3677 3859 estis

1981 3898 2041 3952 in
2082 3901 2279 3961 Deum,
2337 3897 2493 3950 velut
2545 3896 2809 3965 quedam
2867 3894 3096 3947 oracula
3141 3909 3260 3947 non
3312 3898 3678 3946 contemnere

1981 3985 2170 4050 statui,
2214 3984 2507 4038 videamus
2565 3983 2703 4054 quid
2743 3982 2854 4035 sibi
2903 3980 3040 4035 velit
3100 3981 3210 4036 hoc
3255 3996 3514 4048 nomen;
3545 3995 3678 4034 nam

1981 4075 2204 4130 nullum
2236 4073 2716 4128 accommodatius
2747 4087 2867 4126 esse
2901 4071 3149 4127 arbitror
3179 4069 3420 4124 veritati.
3480 4069 3678 4124 Pleni—

1979 4164 2116 4218 tudo
2139 4163 2314 4233 igitur
2342 4167 2398 4216 et
2426 4166 2647 4232 egestas
2677 4159 2960 4215 contraria
2993 4163 3161 4215 sunt:
3201 4163 3257 4212 at
3286 4158 3457 4212 etiam
3478 4157 3572 4212 hic
3602 4156 3680 4210 si-
3747 4149 3751 4153 ’

1978 4251 2212 4318 militer,
2246 4255 2311 4305 ut
2349 4239 2720 4321 inhequitia
2769 4252 2825 4303 et
2869 4248 3225 4320 frugalitate,
3274 4251 3555 4318 apparent
3583 4246 3682 4300 illa

1983 4341 2118 4408 duo,
2153 4356 2273 4393 esse
2301 4343 2358 4394 et
2386 4355 2501 4393 non
2529 4355 2671 4392 esse.
2707 4338 2772 4391 Et
2801 4336 2848 4391 si
2878 4341 3097 4407 egestas
3139 4341 3225 4390 est
3266 4336 3389 4406 ipsa
3417 4334 3681 4402 stultitia,

1981 4428 2275 4501 plenitudo
2289 4427 2398 4481 erit
2410 4426 2702 4497 sapientia.
2735 4424 2932 4480 Merito
2947 4423 3121 4479 etiam
3132 4423 3408 4478 virtutum
3420 4422 3682 4477 omnium

1981 4522 2219 4572 matrem
2244 4515 2411 4569 multi
2439 4514 2826 4584 frugalitatem
2848 4528 2968 4567 esse
2997 4511 3281 4566 dixerunt.
3301 4511 3518 4575 Quibus
3547 4527 3683 4565 con-

1983 4605 2234 4660 sentiens
2261 4603 2476 4657 Tullius
2510 4601 2685 4656 etiam
2736 4599 2798 4653 in
2847 4598 3110 4670 populari
3141 4597 3404 4652 oratione
3455 4597 3536 4652 ait
3565 4617 3581 4652 :
3618 4600 3686 4653 Ut

1982 4694 2120 4747 volet
2149 4693 2376 4760 quisque
2399 4691 2632 4758 accipiat
2661 4707 2677 4741 :
2711 4703 2804 4755 ego
2837 4691 3015 4740 tamen
3056 4687 3459 4754 frugalitatem,
3508 4686 3569 4740 id
3609 4691 3689 4741 est

1982 4782 2302 4837 modestiam
2326 4784 2378 4833 et
2407 4779 2836 4846 temperantiam,
2858 4779 3114 4830 virtutem
3142 4791 3251 4831 esse
3269 4779 3570 4830 maximam
3591 4777 3686 4845 ju-

1983 4871 2102 4926 dico
2135 4871 2305 4938 (Orat.
2337 4882 2440 4938 pro
2481 4865 2774 4935 Dejotaro).
2811 4866 3054 4919 Prorsus
3108 4865 3438 4919 doctissime
3481 4881 3546 4919 ac
3588 4865 3686 4919 de-

1983 4955 2308 5013 centissime
2342 4971 2355 5009 :
2396 4953 2771 5007 consideravit
2820 4953 2976 5007 enim
3025 4953 3283 5024 frugem,
3332 4953 3392 5007 id
3432 4956 3516 5008 est
3542 4951 3686 5006 illud

1983 5045 2140 5118 quod
2171 5061 2293 5098 esse
2324 5041 2584 5106 dicimus,
2619 5041 2711 5095 cui
2742 5045 2827 5095 est
2853 5057 2971 5095 non
3012 5056 3136 5096 esse
3169 5040 3537 5095 contrarium.
3579 5039 3687 5093 Sed

1983 5138 2220 5206 propter
2247 5132 2540 5201 vulgarem
2572 5130 2851 5200 loquendi
2900 5130 3395 5195 consuetudinem,
3427 5143 3540 5197 qua
3565 5126 3684 5179 fru-

1985 5222 2188 5294 galitas
2209 5219 2372 5292 quasi
2395 5218 2751 5291 parcimonia
2783 5218 2896 5274 dici
2928 5219 3075 5274 solet
3097 5218 3319 5272 duobus
3337 5229 3685 5283 consequen-

1985 5311 2137 5366 tibus
2163 5309 2299 5382 quid
2321 5308 2582 5376 senserit,
2613 5308 2935 5377 illustravit,
2967 5302 3316 5378 subjicienda
3345 5301 3680 5356 modestiam

2047 5459 2062 5492 ι
2091 5459 2169 5507 Ita
2187 5457 2303 5506 Mss.
2325 5457 2393 5520 At
2406 5458 2552 5520 prius
2569 5459 2749 5507 excusi
2765 5457 2964 5520 habent
2983 5470 2996 5504 :
3023 5455 3285 5519 Nopenlm
3307 5464 3402 5502 nec
3415 5451 3498 5502 hic
3506 5464 3686 5516 aram.

1983 5520 2307 5582 malicon
2335 5519 2627 5582 formidine
2649 5519 3015 5582 liberabimur.

2047 5581 2118 5643 (α)
2149 5575 2443 5632 Verecundi
2463 5580 2789 5646 grammatici
2818 5578 3130 5629 beneﬁcium
3154 5575 3468 5626 subindicat.
