4058 6346
369 315 468 366 975

369 438 427 487 et
452 428 924 501 temperantiam:
954 430 1010 480 et
1035 425 1157 480 haec
1182 424 1293 479 duo
1321 425 1495 478 verba
1523 421 1854 495 diligentius
1879 425 2056 476 atten-

369 522 586 575 damus.

441 612 528 662 3‘2.
579 603 847 660 Modestia
876 601 1071 672 utique
1101 600 1250 654 dicta
1281 603 1366 654 est
1393 616 1426 653 a
1455 599 1650 664 modo,
1688 603 1745 651 et
1773 614 1805 650 a
1832 600 2060 667 tempe-

372 697 454 750 rie
484 691 876 763 temperantia.
914 689 1016 744 Ubi
1047 695 1238 742 autem
1268 688 1476 742 modus
1514 692 1599 740 est
1643 690 1811 756 atque
1842 690 2060 754 tempe-

373 781 500 846 ries,
530 797 631 834 nec
661 780 785 849 plus
809 782 891 832 est
909 777 1220 848 quidquam
1252 792 1354 829 nec
1385 776 1595 829 minus.
1622 775 1750 844 Ipsa
1781 776 1864 826 est
1890 772 2064 842 igitur

371 868 687 938 plenitudo,
735 881 906 936 quam
962 863 1202 934 egestati
1249 863 1592 917 contrariam
1663 876 2061 931 posueramus,

375 957 553 1010 multo
585 954 786 1008 melius
815 967 987 1022 quam
1029 951 1075 1004 si
1121 951 1533 1005 abundantiam
1576 963 1946 1018 poneremus.
1999 948 2064 1000 In

375 1042 724 1098 abundantia
753 1042 906 1094 enim
937 1039 1279 1108 intelligitur
1299 1039 1593 1092 afﬂuentia
1616 1041 1674 1090 et
1701 1035 1865 1106 quasi
1888 1035 1969 1089 rei
1983 1034 2065 1088 ni-

375 1133 556 1184 mium
587 1128 943 1183 exuberantis
994 1127 1214 1180 effusio.
1276 1127 1436 1190 Quod
1488 1142 1617 1180 cum
1676 1124 1864 1178 evenit
1917 1125 2066 1177 ultra

376 1234 548 1287 quam
579 1217 710 1269 satis
742 1220 846 1282 est,
887 1215 1060 1268 etiam
1101 1213 1181 1266 ibi
1227 1213 1582 1267 desideratur
1628 1212 1855 1277 modus,
1896 1214 1951 1264 et
1979 1226 2066 1262 res

375 1321 504 1375 quae
533 1303 712 1358 nimia
738 1307 838 1362 est.
869 1301 1039 1355 modo
1071 1306 1215 1371 eget.
1252 1303 1396 1371 Ergo
1430 1317 1530 1354 nec
1559 1301 1628 1353 ab
1684 1299 1810 1370 ipsa
1856 1298 2065 1352 redun-

377 1394 570 1448 dantia
596 1398 815 1461 egestas
842 1391 1026 1444 aliena
1057 1396 1140 1444 est
1169 1407 1182 1457 ;
1217 1390 1430 1442 amodo
1463 1393 1652 1442 autem
1679 1388 1872 1458 etplus
1897 1393 1954 1442 et
1968 1387 2068 1440 mi-

375 1497 483 1534 nus
514 1480 696 1533 aliena
727 1483 876 1532 sunt.
913 1481 1096 1548 Ipsam
1128 1477 1300 1530 etiam
1318 1477 1673 1548 0pulentiam
1705 1476 1750 1528 si
1778 1475 2067 1541 discutias,

377 1568 632 1622 invenies
662 1583 788 1620 eam
819 1567 958 1618 nihil
989 1565 1147 1619 aliud
1180 1571 1372 1618 tenere
1420 1581 1594 1634 quam
1638 1563 1893 1617 modum.
1927 1564 2069 1616 Nam

377 1673 494 1709 non
524 1655 634 1708 nisi
663 1656 734 1708 ab
766 1670 873 1723 ope
905 1653 1055 1706 dicta
1085 1658 1170 1706 est
1197 1653 1509 1722 opulentia.
1538 1652 1832 1716 Quomodo
1876 1656 2066 1704 autem

376 1743 704 1812 opitulatur,
718 1741 872 1811 quod
885 1741 1127 1794 nimium
1141 1745 1244 1808 est,
1258 1757 1386 1794 eum
1403 1740 1819 1794 incommodius
1834 1739 1906 1792 sit
1919 1755 2068 1809 saepe

377 1846 548 1901 quam
579 1831 820 1900 parum?
847 1828 1132 1898 Quidquid
1167 1828 1344 1898 igitur
1361 1829 1447 1881 vel
1478 1843 1683 1898 parum
1711 1828 1797 1880 vel
1821 1827 2068 1880 nimium

377 1924 480 1984 est,
514 1920 649 1988 quia
679 1917 850 1970 modo
883 1922 1030 1985 eget,
1073 1915 1387 1970 obnoxium
1437 1919 1522 1969 est
1567 1915 1822 1985 egestati.
1875 1915 2070 1968 Modus

378 2022 513 2076 ergo
545 2004 722 2058 animi
761 2003 1038 2074 sapientia
1067 2009 1170 2057 est.
1207 2003 1427 2057 Etenim
1458 2001 1738 2073 sapientia
1784 2001 2068 2055 contraria

377 2093 632 2147 stultitia:
661 2108 779 2145 non
808 2097 1069 2160 negatur,
1090 2096 1147 2144 et
1176 2091 1417 2145 stultitia
1446 2095 1684 2161 egestas,
1717 2089 1954 2159 egestati
1976 2105 2070 2142 au-

377 2188 493 2237 tem
522 2181 806 2236 contraria
826 2180 1154 2250 plenitudo.
1193 2180 1486 2249 Sapientia
1505 2181 1681 2251 igitur
1702 2179 1878 2233 animi
1907 2178 1968 2231 in
1990 2195 2072 2232 sa-

379 2270 596 2339 pientia
625 2274 727 2322 est.
766 2269 924 2321 Unde
949 2267 1106 2321 aliud
1135 2269 1474 2336 praeclarum
1513 2273 1617 2333 est,
1653 2272 1708 2320 et
1737 2283 1855 2320 non
1873 2265 2072 2320 imme-

379 2357 484 2410 rito
514 2357 840 2410 diffamatur
863 2355 972 2408 hoc
1000 2353 1252 2423 primum
1292 2355 1354 2406 in
1381 2353 1496 2407 vita
1522 2370 1643 2408 esse
1674 2353 1810 2408 utile
1843 2369 1855 2407 :

874 2449 940 2498 Ut
974 2462 1039 2496 ne
1070 2449 1195 2510 quid
1221 2449 1396 2497 nimis.

815 2520 1044 2581 (Terent.
1071 2521 1127 2566 in
1147 2519 1372 2577 Andria,
1401 2520 1505 2567 act.
1525 2521 1737 2578 Lacen.
1760 2519 1825 2579 1.)

450 2623 537 2672 33.
572 2617 906 2672 Dixeramus
938 2621 1130 2669 autem
1168 2615 1228 2669 in
1261 2616 1494 2670 exordio
1535 2617 1828 2671 hodiernae
1873 2615 2072 2686 dispu-

381 2706 609 2760 tationis
640 2710 869 2770 nostra,
911 2704 1066 2774 quod
1097 2705 1143 2757 si
1171 2704 1558 2759 inveniremus
1589 2705 1732 2759 nihil
1759 2705 1912 2759 aliud
1953 2721 2072 2758 esse

379 2793 669 2846 miseriam
696 2809 867 2863 quam
899 2796 1227 2861 egestatem,
1271 2808 1405 2846 eum
1443 2793 1672 2846 beatum
1716 2809 1836 2847 esse
1866 2793 2070 2846 fatere-

380 2898 528 2948 mur,
561 2880 662 2952 qui
693 2897 808 2934 non
836 2884 1044 2949 egeret.
1079 2881 1171 2932 Est
1196 2884 1386 2933 autem
1418 2879 1746 2934 inventum:
1772 2897 1907 2952 ergo
1936 2880 2068 2934 bea-

380 2975 505 3024 tum
533 2986 652 3024 esse
684 2969 828 3024 nihil
855 2975 939 3022 est
968 2968 1120 3022 aliud
1139 2984 1313 3038 quam
1344 2985 1460 3022 non
1491 2985 1680 3039 egere,
1710 2969 1815 3023 hoc
1844 2973 1927 3022 est
1950 2985 2072 3022 esse

379 3059 715 3128 sapientem.
749 3058 806 3111 Si
835 3062 1025 3110 autem
1058 3057 1314 3126 quaeritis
1343 3057 1478 3127 quid
1511 3058 1585 3111 sit
1616 3058 1894 3127 sapientia
1921 3059 2071 3128 (nam

382 3151 440 3200 et
464 3147 646 3216 ipsam
679 3146 847 3214 ratio,
881 3150 1161 3216 quantum
1191 3145 1253 3199 in
1281 3146 1586 3216 praesentia
1615 3146 1822 3216 potuit,
1868 3145 2074 3200 evolvit

381 3239 550 3304 atque
582 3234 743 3300 eruit)
773 3251 786 3299 ;
821 3234 961 3287 nihil
994 3238 1078 3286 est
1107 3234 1262 3287 aliud
1291 3249 1464 3304 quam
1495 3237 1699 3289 modus
1728 3234 1930 3302 animi,
1967 3235 2072 3288 hoc

381 3326 483 3389 est,
511 3338 623 3391 quo
655 3337 775 3374 sese
809 3321 1033 3374 animus
1071 3321 1263 3386 librat,
1297 3327 1362 3374 ut
1391 3337 1576 3390 neque
1608 3325 1870 3375 excurrat
1905 3321 1965 3374 in
1992 3320 2074 3373 ni-

379 3409 583 3476 mium,
612 3426 796 3479 neque
828 3409 974 3462 infra
999 3424 1171 3479 quam
1199 3409 1436 3478 plenum
1463 3414 1547 3462 est
1585 3413 1920 3463 coarctetur.
1967 3410 2070 3463 Ex-

379 3499 556 3552 currit
607 3503 800 3551 autem
831 3497 892 3549 in
945 3497 1219 3564 luxurias,
1275 3497 1715 3558 dominationes,
1758 3496 2070 3567 superbias,

379 3589 696 3654 caeteraque
727 3583 1022 3653 idgenus,
1053 3583 1259 3653 quibus
1291 3583 1800 3638 immoderatorum
1834 3584 2070 3638 misero-

379 3688 621 3742 rumque
647 3671 824 3724 animi
858 3671 967 3725 sibi
997 3672 1221 3725 laetitias
1247 3676 1416 3742 atque
1443 3672 1724 3742 potentias
1751 3673 2072 3744 comparari

378 3763 597 3830 putant.
652 3762 980 3815 Coarctatur
1009 3766 1200 3814 autem
1231 3761 1514 3827 sordibus,
1566 3761 1887 3826 timoribus,
1931 3777 2071 3815 mce-

378 3865 524 3914 rore,
547 3848 877 3918 cupiditate,
909 3854 1078 3919 atque
1103 3849 1250 3918 aliis,
1282 3865 1658 3920 quascumque
1689 3855 1838 3916 sunt,
1864 3850 2072 3920 quibus

377 3938 637 3991 homines
676 3937 913 3990 miseros
945 3938 1119 3991 etiam
1149 3938 1343 3991 miseri
1369 3939 1735 3992 confitentur.
1767 3939 1909 3991 Cum
1938 3954 2071 3991 vero

377 4025 714 4095 sapientiam
747 4027 1169 4095 contemplatur
1199 4028 1512 4095 inventam,
1539 4042 1784 4096 cumque
1812 4031 1872 4078 ut
1902 4027 2072 4096 hujus

377 4114 540 4183 pueri
564 4114 734 4166 verbo
763 4120 910 4176 utar,
943 4113 1015 4167 ad
1044 4114 1228 4182 ipsam
1251 4130 1310 4166 se
1341 4119 1520 4179 tenet,
1561 4131 1663 4166 nec
1697 4129 1755 4166 se
1793 4113 1864 4166 ad
1896 4114 2071 4167 simu-

376 4202 661 4254 lacrorum
708 4200 1010 4264 fallaciam,
1057 4216 1301 4269 quorum
1335 4201 1559 4270 pondus
1587 4201 1878 4270 amplexus
1899 4217 1931 4254 a
1956 4203 2071 4255 Deo

379 4305 481 4341 suo
510 4289 710 4341 cadere
749 4291 921 4356 atque
953 4288 1211 4357 demergi
1241 4289 1404 4354 solet,
1423 4289 1538 4341 ulla
1558 4289 2073 4343 commotusinani-

377 4379 492 4428 tate
515 4374 793 4428 convertit
819 4373 996 4438 ;nihil
1022 4374 1537 4435 immoderationis,
1553 4382 1609 4428 et
1634 4376 1761 4429 ideo
1777 4375 1918 4429 nihil
1940 4393 2071 4447 ege-

379 4462 556 4528 statis,
588 4461 728 4514 nihil
779 4461 954 4530 igitur
1001 4461 1244 4515 miseriae
1290 4463 1660 4532 pertimescit.
1716 4464 1892 4517 Habet
1938 4482 2072 4536 ergo

380 4551 615 4603 modum
651 4565 838 4618 suum,
872 4550 926 4604 id
958 4557 1044 4604 est
1073 4551 1436 4621 sapientiam,
1460 4551 1720 4623 quisquis
1749 4553 1946 4606 beatus
1969 4559 2068 4608 est.

448 4639 532 4691 34.
577 4638 712 4700 Quae
763 4644 847 4692 est
907 4645 1099 4693 autem
1152 4640 1390 4694 dicenda
1440 4641 1739 4710 sapientia,
1789 4641 1900 4695 nisi
1944 4660 2072 4714 quas

380 4725 480 4778 Dei
505 4724 792 4794 Sapientia
821 4727 949 4780 est?
983 4727 1304 4798 accepimus
1355 4733 1549 4782 autem
1605 4729 1778 4783 etiam
1832 4731 2073 4784 auctori-

379 4817 490 4866 tate
520 4813 730 4878 divina,
768 4814 868 4867 Dei
899 4815 1102 4870 Filium
1135 4816 1281 4870 nihil
1314 4833 1434 4870 esse
1463 4807 1616 4871 aliud
1656 4833 1829 4888 quam
1861 4819 2070 4873 DeiSa-

376 4901 652 4970 pientiam
690 4903 727 4969 (Ι
769 4903 887 4957 Cor.
949 4920 984 4968 ι,
1042 4907 1168 4968 24);
1207 4909 1261 4958 et
1310 4909 1396 4958 est
1444 4905 1542 4958 Dei
1595 4906 1771 4960 Filius
1818 4906 2068 4976 profecto

379 4991 543 5043 Deus.
587 4990 760 5042 Deum
802 4989 974 5042 habet
1017 4991 1190 5060 igitur
1236 4993 1493 5062 quisquis
1532 4993 1730 5048 beatus
1761 5000 1845 5048 est
1874 5011 1890 5049 :
1921 4997 2069 5066 quod

378 5077 645 5131 omnibus
676 5077 839 5129 nobis
861 5077 982 5146 jam
1011 5084 1137 5131 ante
1166 5080 1396 5148 placuit,
1429 5096 1560 5134 cum
1597 5081 1706 5136 hoc
1749 5081 2070 5135 convivium

376 5165 619 5236 ingressi
673 5182 889 5221 sumus.
948 5166 1054 5220 Sed
1085 5167 1221 5236 quid
1282 5168 1492 5237 putatis
1537 5186 1656 5223 esse
1709 5169 2068 5240 sapientiam,

375 5254 484 5306 nisi
516 5255 849 5308 veritatem?
882 5253 1063 5306 Etiam
1092 5255 1197 5308 hoc
1225 5255 1374 5308 enim
1409 5256 1621 5310 dictum
1648 5263 1766 5312 est:
1799 5263 1912 5326 Ego
1952 5275 2068 5312 sum

382 5343 594 5396 Veritas
630 5347 798 5410 (Joan.
857 5359 966 5410 xw,
1002 5342 1081 5411 8).
1130 5343 1346 5396 Veritas
1380 5349 1569 5397 autem
1614 5350 1675 5398 ut
1728 5347 1814 5410 sit,
1876 5347 1940 5400 lit
1968 5363 2071 5418 per

375 5429 627 5500 aliquem
642 5448 928 5485 summum
954 5431 1209 5497 modum,
1237 5448 1268 5484 a
1290 5447 1402 5501 quo
1423 5433 1696 5501 procedit,
1723 5439 1778 5487 et
1807 5433 1866 5487 in
1897 5451 2069 5505 quem

377 5533 434 5569 se
465 5520 712 5587 perfecta
741 5521 1033 5575 convertit.
1065 5520 1177 5592 Ipsi
1205 5524 1394 5576 autem
1418 5536 1642 5576 summo
1674 5523 1844 5577 modo
1877 5524 2068 5578 nullus

1303 303 1397 358 DE
1436 301 1677 356 BEATA
1717 300 1908 366 VITA,
1951 298 2010 355 S.
2048 297 2433 356 AUGUSTINI
2475 300 2688 355 LIBER
2726 298 2931 356 UNUS.

3767 304 3882 354 97G

2171 420 2314 475 alius
2342 422 2546 476 modus
2572 421 2928 492 imponitur:
2961 421 3008 474 si
3034 421 3189 476 enim
3223 437 3482 478 summus
3523 423 3729 478 modus
3763 439 3880 494 per

2171 526 2460 563 summum
2487 510 2723 564 modum
2755 511 2956 564 modus
2988 514 3093 578 est,
3140 526 3243 580 per
3261 511 3510 580 seipsum
3533 511 3740 565 modus
3763 517 3875 565 est.

2173 596 2280 650 Sed
2311 597 2481 650 etiam
2510 613 2767 651 summus
2815 597 3017 651 modus
3047 613 3271 652 necesse
3303 603 3388 652 est
3424 604 3488 653 ut
3526 616 3694 654 verus
3743 616 3877 653 mo-

2173 685 2278 738 dus
2308 685 2396 738 sit.
2427 686 2495 738 Ut
2522 685 2716 755 igitur,
2740 685 2944 739 veritas
2976 685 3142 739 modo
3163 685 3441 757 gignitur,
3462 687 3540 740 ita
3556 688 3762 742 modus
3784 704 3880 741 ve-

2173 773 2338 827 ritate
2368 775 2748 842 cognoscitur.
2800 775 2993 844 Neque
3035 775 3210 844 igitur
3251 775 3458 828 veritas
3498 775 3624 828 sine
3673 777 3872 839 modo,

2176 877 2360 931 neque
2392 863 2595 915 modus
2626 861 2747 916 sine
2778 863 3010 915 veritate
3038 878 3292 933 unquam
3333 863 3456 917 fuit.
3490 863 3624 926 Quis
3653 868 3739 916 est
3774 864 3874 916 Dei

2175 950 2368 1003 tilius?
2400 950 2619 1003 Dictum
2643 955 2744 1015 est,
2759 952 2992 1004 Veritas.
3023 950 3158 1014 Quis
3180 955 3263 1004 est
3289 951 3390 1021 qui
3417 967 3531 1004 non
3559 951 3736 1004 habet
3767 967 3873 1021 pa-

2176 1043 2345 1106 trem,
2371 1039 2499 1108 quis
2525 1036 2669 1091 alius
2696 1055 2867 1109 quam
2897 1055 3154 1093 summus
3184 1039 3431 1092 modus?
3461 1039 3730 1110 Quisquis
3761 1039 3874 1110 igi-

2177 1132 2270 1179 tur
2298 1126 2369 1180 ad
2392 1143 2681 1180 summum
2706 1127 2936 1180 modum
2959 1143 3059 1197 per
3080 1127 3374 1181 veritatem
3396 1128 3634 1193 venerit,
3669 1129 3873 1181 beatus

2177 1217 2278 1266 est.
2315 1213 2427 1265 Hoc
2456 1217 2537 1266 est
2563 1214 2753 1266 animo
2785 1215 2959 1266 Deum
2983 1214 3210 1279 habere,
3245 1214 3301 1268 id
3331 1218 3416 1268 est
3446 1216 3561 1268 Deo
3590 1216 3724 1269 frui.
3761 1217 3875 1269 Cae-

2179 1305 2300 1353 tera
2319 1299 2471 1354 enim
2491 1301 2750 1370 quamvis
2770 1317 2803 1355 a
2820 1303 2932 1354 Deo
2949 1301 3284 1367 habeantur,
3299 1317 3416 1356 non
3437 1303 3649 1357 habent
3667 1304 3873 1357 Deum.

2251 1390 2336 1442 35.
2390 1389 2719 1443 Admonitio
2785 1395 2975 1442 autem
3034 1390 3316 1459 quaedam,
3382 1407 3512 1460 quae
3570 1391 3873 1445 nobiscum

2179 1475 2316 1545 agit,
2365 1481 2428 1529 ut
2475 1477 2652 1530 Deum
2695 1477 3080 1544 recordemur,
3125 1481 3190 1531 ut
3222 1493 3354 1532 eum
3403 1495 3749 1548 quaeramus,
3810 1485 3876 1534 ut

2180 1577 2310 1616 eum
2333 1565 2494 1632 pulso
2521 1565 2677 1616 omni
2699 1564 2922 1620 fastidio
2953 1565 3232 1629 sitiamus,
3265 1566 3333 1619 de
3357 1565 3479 1636 ipso
3502 1568 3572 1620 ad
3593 1583 3696 1621 nos
3717 1567 3877 1621 fonte

2179 1648 2432 1702 veritatis
2462 1654 2706 1703 emanat.
2745 1651 2858 1703 Hoc
2905 1649 3275 1704 interioribus
3318 1652 3633 1706 luminibus
3663 1653 3880 1707 nostris

2174 1736 2341 1804 jubar
2369 1738 2454 1790 sol
2478 1738 2575 1792 ille
2605 1744 2851 1792 secretus
2881 1737 3148 1794 infundit.
3175 1740 3352 1810 Hujus
3374 1745 3456 1793 est
3483 1757 3682 1794 verum
3703 1757 3878 1796 omne

2181 1824 2674 1896 quod'loquimur,
2711 1826 2884 1880 etiam
2913 1827 3140 1898 quando
3171 1827 3355 1882 adhuc
3381 1829 3467 1882 vel
3500 1815 3690 1884 minus
3714 1829 3869 1883 sanis

2181 1913 2267 1965 vel
2297 1919 2533 1982 repente
2554 1915 2762 1984 apertis
2792 1915 2967 1968 oculis
2990 1915 3258 1969 audacter
3300 1917 3572 1984 converti,
3607 1923 3664 1972 et
3686 1922 3874 1972 totum

2181 1999 2391 2053 intueri
2419 2001 2766 2071 trepidamus
2793 2018 2806 2055 :
2834 2002 3089 2072 nihilque
3117 2003 3269 2057 aliud
3301 2003 3471 2058 etiam
3502 2005 3610 2058 hoc
3638 2013 3878 2077 apparet

2183 2103 2303 2142 esse
2350 2104 2524 2158 quam
2587 2090 2788 2157 Deum,
2837 2091 2993 2143 nulla
3027 2090 3468 2160 degeneratione
3517 2091 3876 2163 impediente

2182 2177 2516 2246 perfectum.
2549 2178 2690 2231 Nam
2721 2177 2798 2231 ibi
2827 2182 3010 2232 totum
3036 2165 3206 2249 atque
3225 2195 3394 2234 omne
3426 2183 3740 2251 perfectum
3773 2189 3874 2249 est,

2184 2264 2468 2336 simulque
2523 2270 2607 2320 est
2656 2266 3240 2337 omnipotentissimus
3313 2269 3477 2323 Deus.
3521 2268 3628 2323 Sed
3683 2275 3880 2324 tamen

2185 2353 2461 2423 quamdiu
2483 2354 2813 2425 quaerimus,
2846 2355 3102 2410 nondum
3124 2355 3251 2426 ipso
3282 2355 3460 2422 fonte,
3491 2362 3664 2428 atque
3696 2363 3760 2412 ut
3780 2359 3880 2413 illo

2185 2441 2353 2495 verbo
2411 2447 2558 2510 utar,
2612 2442 2967 2514 plenitudine
3009 2443 3262 2508 saturati,
3324 2445 3582 2500 nondum
3639 2447 3710 2500 ad
3769 2463 3879 2502 no-

2185 2533 2365 2583 strum
2417 2531 2656 2583 modum
2710 2547 2816 2584 nos
2873 2532 3195 2601 pervenisse
3246 2532 3525 2587 fateamur
3567 2551 3582 2589 :
3625 2539 3682 2588 et
3722 2535 3883 2605 ideo,

2185 2617 2445 2687 quamvis
2458 2619 2578 2687 jam
2603 2619 2716 2672 Deo
2738 2619 3057 2688 adjuvante,
3091 2621 3350 2674 nondum
3373 2625 3565 2674 tamen
3595 2623 3883 2692 sapientes

2183 2719 2247 2757 ac
2274 2704 2426 2758 beati
2456 2695 2672 2760 sumus.
2707 2707 2808 2758 Illa
2863 2711 2946 2760 est
2974 2706 3151 2776 igitur
3177 2708 3349 2777 plena
3398 2709 3624 2764 satietas
3655 2711 3881 2765 animo-

2182 2807 2334 2858 rum,
2365 2792 2486 2846 haac
2515 2799 2598 2846 est
2627 2793 2794 2848 beata
2820 2794 2954 2862 vita,
2994 2795 3086 2866 pie
3118 2796 3481 2868 perfecteque
3533 2813 3879 2868 cognoscere

2183 2897 2216 2933 a
2241 2897 2353 2950 quo
2385 2881 2670 2936 inducaris
2717 2882 2778 2936 in
2813 2884 3130 2950 veritatem,
3181 2901 3295 2956 qua
3346 2892 3584 2940 veritate
3610 2890 3879 2957 perfrua-

2183 2967 2282 3036 ris,
2312 2984 2416 3038 per
2446 2969 2584 3040 quid
2620 2970 2971 3024 connectaris
3022 2987 3246 3026 summo
3299 2973 3468 3028 modo
3509 2971 3546 3028 ‘.
3591 2976 3728 3038 Quae
3768 2976 3883 3030 tria

2184 3072 2364 3110 unum
2411 3059 2593 3112 Deum
2635 3058 3087 3129 intelligentibus
3134 3077 3426 3134 unamque
3476 3063 3878 3131 substantiam,

2184 3145 2425 3198 exclusis
2453 3145 2799 3201 vanitatibus
2827 3148 2998 3202 varias
3047 3150 3494 3220 superstitionis,
3546 3154 3878 3208 ostendunt.

2184 3233 2284 3286 Hic
2314 3237 2496 3288 mater
2523 3235 2830 3305 recognitis
2863 3235 3049 3290 verbis
3088 3253 3218 3308 qua).
3269 3254 3387 3293 sure
3436 3241 3730 3294 memoriae
3775 3258 3880 3311 pe-

2184 3320 2337 3374 nitus
2367 3320 2739 3389 inhaerebant,
2773 3329 2832 3378 et
2870 3325 3033 3394 quasi
3077 3327 3354 3397 evigilans
3394 3328 3456 3383 in
3485 3329 3657 3383 tidem
3689 3346 3878 3402 suam,

2183 3423 2409 3462 versum
2447 3410 2609 3464 illum
2635 3413 2936 3466 sacerdotis
2968 3413 3147 3467 nostri
3179 3431 3193 3468 :

2462 3499 2595 3546 Fove
2626 3504 2915 3561 precantes,
2946 3501 3192 3561 Trinitas,

2541 3570 2868 3632 (Ambrosius
2894 3574 2948 3621 in
2977 3573 3141 3636 hym.,
3174 3579 3313 3624 Deus
3343 3579 3558 3628 creator
3591 3580 3879 3641 omnium.)

2183 3648 2314 3702 lmta
2344 3648 2558 3716 effudit,
2593 3656 2762 3722 atque
2785 3653 3022 3723 subjecit
3051 3671 3062 3707 :
3093 3655 3221 3709 Haec
3250 3662 3335 3710 est
3361 3659 3518 3711 nullo
3551 3658 3881 3730 ambigente

2183 3737 2350 3791 beata
2379 3739 2509 3807 vita,
2544 3756 2671 3822 quae
2703 3741 2816 3795 vita
2842 3743 3092 3811 perfecta
3119 3749 3222 3810 est,
3264 3745 3335 3798 ad
3367 3761 3540 3816 quam
3579 3764 3682 3801 nos
3713 3749 3880 3803 festi-

2183 3832 2381 3879 nantes
2409 3844 2574 3897 posse
2627 3830 2881 3899 perduci,
2938 3832 3114 3886 solida
3160 3832 3271 3886 lide
3306 3832 3348 3897 ’,
3399 3835 3570 3889 alacri
3617 3853 3736 3906 spe,
3771 3837 3880 3891 ﬂa-

2183 3918 2382 3984 grante
2412 3917 2683 3970 cliaritate
2705 3920 3174 3986 praesumendum
3205 3925 3307 3976 est.

2254 4004 2341 4057 36.
2379 4004 2542 4074 Ergo,
2565 4005 2821 4075 inquam,
2855 4007 3129 4076 quoniam
3159 4009 3360 4063 modus
3387 4008 3509 4080 ipse
3543 4027 3647 4064 nos
3677 4011 3877 4068 admo-

2182 4094 2300 4156 net,
2334 4091 2657 4146 convivium
2682 4093 2874 4164 aliquo
2896 4094 3193 4150 intervallo
3241 4097 3464 4152 dierum
3496 4099 3880 4172 distinguere,

2181 4185 2422 4247 quantas
2451 4197 2554 4251 pro
2599 4181 2810 4236 viribus
2853 4200 3088 4253 possum
3134 4185 3344 4255 gratias
3393 4204 3500 4258 ago
3551 4205 3776 4243 summo
3813 4196 3872 4244 et

2181 4281 2313 4318 vero
2345 4268 2456 4321 Deo
2486 4269 2659 4338 Patri,
2686 4270 2924 4324 Domino
2959 4273 3246 4327 liberatori
3267 4274 3591 4330 animarum
3621 4293 3633 4330 :
3672 4277 3882 4332 deinde

2184 4353 2342 4406 vobis
2372 4355 2470 4425 qui
2503 4358 2855 4412 concorditer
2871 4359 3119 4429 invitati,
3149 4361 3346 4416 multis
3376 4365 3548 4418 etiam
3563 4381 3653 4420 me
3685 4381 3886 4418 cumu-

2182 4441 2336 4495 lastis
2369 4445 2719 4500 muneribus.
2755 4447 2896 4501 Nam
2922 4452 3145 4502 tantum
3173 4447 3234 4503 in
3263 4458 3523 4506 nostrum
3555 4470 3882 4511 sermonem

2183 4532 2519 4602 contulistis,
2551 4542 2614 4587 ut
2643 4551 2734 4589 me
2775 4553 2984 4606 negare
3042 4555 3156 4592 non
3208 4541 3439 4610 possim,
3526 4543 3596 4596 ab
3629 4543 3884 4601 invitatis

2182 4619 2324 4674 meis
2355 4636 2474 4673 esse
2515 4622 2800 4676 satiatum.
2845 4625 2944 4678 Hic
2971 4626 3235 4680 omnibus
3266 4629 3646 4698 gaudentibus
3677 4638 3733 4686 et
3753 4634 3882 4690 lau-

2183 4708 2448 4762 dantibus
2480 4711 2658 4764 Deum
2685 4727 2697 4765 :
2722 4711 2904 4776 Quam
2936 4715 3156 4780 vellem,
3188 4715 3382 4787 inquit
3409 4719 3726 4790 Trygetius,
3768 4723 3882 4779 hoc

2180 4797 2346 4851 modo
2418 4813 2522 4853 nos
2560 4800 2813 4871 quotidie
2854 4818 3134 4872 pasceres.
3192 4805 3412 4873 Modus,
3460 4807 3720 4879 inquam,
3780 4814 3881 4868 ille

2180 4885 2394 4956 ubique
2425 4888 2734 4943 servandus
2764 4895 2866 4956 est,
2901 4891 3113 4962 ubique
3143 4895 3446 4960 amandus,
3471 4896 3519 4949 si
3541 4898 3700 4952 vobis
3721 4903 3881 4956 cordi

2181 4980 2266 5029 est
2291 4975 2362 5029 ad
2394 4977 2574 5031 Deum
2606 4979 2818 5032 reditus
2847 4985 3062 5038 noster.
3099 4982 3194 5036 His
3223 4983 3409 5048 dictis,
3433 4985 3580 5040 facto
3611 4988 3878 5057 disputa-

2179 5062 2353 5118 tionis
2379 5065 2510 5128 fine,
2543 5066 2922 5123 discessimus.

2245 5164 2258 5196 ι
2297 5163 2440 5235 Lov.,
2470 5165 3183 5235 quonven’tateperfruqris,
3236 5183 3340 5235 per
3385 5172 3512 5235 quid
3551 5179 3885 5228 contrectari:

2179 5237 2381 5272 summa
2401 5227 2543 5274 bono.
2577 5227 2673 5274 Sed
2705 5227 3018 5277 concinnius
3044 5227 3441 5282 alimeditionés
3462 5241 3516 5284 et
3544 5237 3667 5286 Mss.
3705 5227 3882 5288 nobis;

2181 5288 2628 5356 cumpraaferunt,
2655 5295 3066 5356 quatientem...
3096 5307 3306 5344 summa
3327 5297 3504 5346 modo.

2242 5349 2358 5425 2f‘Sie
2381 5349 2746 5425 incunctanter
2763 5351 3042 5425 legendum
3055 5368 3174 5425 eum
3193 5360 3368 5405 Msset
3380 5359 3628 5425 omnibus
3649 5363 3882 5425 antiquis

2181 5409 2766 5484 editiqnibus‘liad.A_m.
2798 5413 2880 5461 Er.
2912 5417 3291 5484 e_t_Colouiens.A
3318 5434 3401 5467 an.
3431 5424 3564 5469 1520.
3592 5424 3705 5470 Non
3730 5409 3881 5484 vero,

2180 5471 2287 5545 sola
2316 5472 2777 5545 ﬁde,_utihahetur
2806 5478 2945 5545 apud
2967 5479 3087 5545 Eov.
3111 5480 3400 5545 manifesto
3446 5483 3615 5545 lapsu,
3663 5471 3882 5536 cumad

2179 5532 2293 5581 haec
2317 5532 2652 5585 ’continenter
2670 5532 2909 5589 addatur.
2945 5540 3117 5591 alacri
3148 5553 3251 5604 spe,
3280 5532 3548 5606 ﬂagrante
3583 5532 3876 5601 éhdiabfe‘.
