4058 6406
1528 482 2406 589 ADMONITIO

1037 667 1142 731 DE
1190 667 1729 746 SEQUENTIBUS
1777 669 2090 736 DUOBUS
2141 671 2245 736 DE
2294 671 2586 737 ORDINE
2636 674 2909 739 LIBRIS.

286 936 375 990 Ad
405 937 693 992 edendum
716 955 858 1010 opus
878 940 945 994 de
972 941 1178 996 Ordine
1207 941 1466 997 animum
1497 944 1704 1014 adjecit
1723 945 2075 1014 Augustinus
2106 947 2337 998 auctore
2367 943 2635 1011 Zenobio,
2668 946 2828 1015 cujus
2856 945 2962 998 viri
2993 946 3299 1000 amicitiam
3333 952 3387 1000 et
3410 947 3720 1017 plurimam

215 1023 276 1076 in
305 1040 365 1076 se
399 1041 646 1095 suosque
675 1027 980 1080 familiares
1013 1029 1462 1084 benevolentiam
1493 1036 1904 1085 commemorat
1926 1031 2022 1085 lib.
2060 1037 2108 1098 l,
2139 1049 2184 1086 c.
2213 1037 2243 1086 7
2268 1049 2280 1098 ;
2309 1032 2407 1085 ubi
2435 1049 2492 1086 se
2518 1032 2630 1103 ipsi
2655 1049 2720 1086 ea
2750 1033 2818 1086 de
2847 1050 2908 1087 re
2938 1036 3116 1087 multa
3149 1040 3317 1105 atque
3341 1037 3453 1090 alta
3482 1053 3721 1105 percon-

213 1112 359 1165 tanti
390 1113 575 1168 facere
607 1115 739 1167 satis
762 1117 999 1169 antehac
1028 1133 1145 1170 non
1164 1119 1418 1188 potuisse
1449 1119 1604 1186 dicit,
1636 1135 1763 1173 cum
1796 1135 1911 1173 non
1941 1119 2108 1172 modo
2135 1118 2214 1172 rei
2238 1118 2560 1186 difﬁcultas,
2591 1121 2687 1174 sed
2715 1124 3044 1190 temporum
3076 1122 3248 1175 etiam
3280 1123 3562 1192 angustia:
3588 1139 3722 1193 pro-

217 1201 501 1256 hiberent.
531 1204 811 1258 Caeterum
843 1204 1024 1259 amico
1055 1207 1423 1262 vehementer
1453 1209 1688 1262 instanti
1717 1225 1786 1262 ne
1816 1207 2030 1262 diutius
2061 1207 2334 1273 dilferret,
2368 1213 2537 1278 atque
2562 1209 2634 1261 ad
2655 1208 2942 1278 copiosius
2980 1210 3440 1278 respondendum
3474 1212 3723 1265 carmine

214 1291 552 1358 provocanti
582 1307 800 1346 morem
831 1309 1026 1363 gerere
1058 1295 1332 1363 oportuit.

286 1378 468 1448 Coepit
492 1379 684 1449 itaque
713 1381 1132 1436 conscribendis
1155 1383 1306 1437 hisce
1328 1383 1486 1439 libris
1520 1402 1713 1439 vacare
1745 1385 1894 1455 apud
1923 1383 2298 1438 Cassiciacum
2323 1384 2426 1438 sub
2454 1383 2629 1438 ﬁnem
2653 1384 2788 1437 anni
2815 1387 2918 1439 386
2941 1401 2954 1451 ;
2980 1385 3193 1455 quippe
3219 1401 3350 1439 cum
3371 1385 3622 1456 primum
3652 1387 3721 1439 1i-

214 1467 388 1520 brum
419 1467 720 1536 perfecerit
745 1473 1050 1540 antequam
1074 1472 1385 1526 Mediolano
1411 1489 1703 1543 regressus
1727 1478 1873 1526 esset
1900 1472 2155 1543 Alypius,
2184 1472 2283 1542 qui
2312 1472 2579 1525 inchoato
2595 1473 2717 1542 jam
2749 1477 2944 1525 contra
2975 1471 3338 1525 Academicos
3372 1488 3564 1541 opere,
3597 1477 3727 1524 ante

222 1558 284 1609 13
319 1555 470 1609 diem
501 1557 821 1611 novembris
852 1575 917 1613 eo
955 1560 1258 1630 profectus,
1284 1561 1415 1616 inde
1446 1563 1612 1616 rediit
1641 1568 1960 1633 Opportune
1990 1565 2053 1614 ut
2085 1559 2384 1613 interesset
2411 1565 2534 1613 tum
2566 1560 2822 1630 ejusdem
2849 1559 3037 1630 operis
3069 1559 3481 1628 posterioribus
3505 1559 3728 1613 duobus

216 1644 582 1698 absolvendis
610 1644 790 1713 libris,
822 1652 944 1701 tum
974 1648 1144 1702 etiam
1191 1649 1355 1703 alteri
1384 1650 1643 1704 cudendo
1692 1651 1834 1703 libro
1883 1650 1952 1703 de
1990 1647 2230 1704 ordine:
2275 1648 2333 1700 in
2374 1664 2486 1718 quo
2518 1647 2725 1701 citatur
2764 1648 3053 1701 interdum
3086 1647 3230 1700 liber
3259 1647 3326 1700 de
3376 1648 3547 1700 Beata
3577 1647 3720 1711 Vita,

215 1730 488 1784 laudatur
515 1732 686 1786 etiam
709 1734 865 1787 locus
887 1734 1021 1790 libri
1038 1735 1192 1790 tertii
1222 1740 1416 1790 contra
1443 1737 1838 1791 Academicos:
1866 1736 2014 1790 unde
2036 1736 2349 1790 secundum
2369 1736 2521 1789 hunc
2541 1736 2609 1790 de
2633 1735 2843 1790 Ordine
2864 1735 3075 1788 librum
3104 1739 3231 1805 post
3250 1733 3390 1787 istos
3408 1734 3728 1803 perfectum

215 1835 341 1874 esse
369 1819 764 1891 intelligimus.

287 1910 708 1979 Argumentum
738 1908 1032 1981 utriusque
1063 1910 1194 1965 libri
1223 1911 1449 1966 exhibet
1478 1928 1699 1966 annexa
1727 1912 1819 1966 hic
1857 1911 2222 1967 Retractatio.
2259 1913 2322 1965 In
2353 1911 2538 1981 primo
2571 1910 2854 1981 insignior
2883 1911 3037 1964 locus
3067 1913 3170 1979 est,
3205 1910 3301 1963 ubi
3331 1909 3722 1980 comprimun-

213 2000 314 2050 tur
342 1996 722 2051 aamulationis
765 2001 819 2050 et
863 1997 1051 2051 inanis
1089 1999 1385 2069 juctantias
1417 2005 1600 2054 motus
1630 2000 1736 2066 illi,
1770 2001 1976 2070 quibus
2007 2001 2209 2070 agitari
2241 2001 2427 2054 solent
2455 2000 2839 2054 adolescentes
2869 2000 2968 2070 qui
2999 1999 3200 2052 litteris
3227 2004 3436 2052 navant
3465 2015 3718 2068 Operam.

216 2086 282 2139 In
325 2085 573 2138 secundo
614 2084 759 2138 libro
791 2101 858 2139 ex
908 2085 1124 2140 ordinis
1160 2087 1487 2142 definitione
1521 2093 1829 2142 nascuntur
1856 2089 2026 2143 variae
2055 2088 2402 2160 quaestiones
2428 2132 2440 2145 .
2474 2105 2719 2160 cumque
2747 2088 2833 2142 rei
2863 2088 3165 2142 difficultas
3198 2088 3608 2141 collocutorum
3639 2105 3722 2141 ca-

214 2178 384 2244 ptum
429 2179 741 2245 superaret,
780 2175 961 2228 visum
990 2179 1073 2229 est
1099 2176 1415 2246 Augustino
1443 2181 1663 2231 rectum
1691 2177 1956 2231 studendi
1981 2178 2241 2231 ordinem
2272 2178 2531 2233 edocere.
2563 2178 2927 2246 Quapropter
2953 2175 3206 2246 primum
3237 2175 3306 2230 de
3348 2175 3724 2228 informandis

213 2263 325 2317 rite
357 2262 633 2330 moribus,
679 2269 801 2317 tum
849 2264 917 2318 de
948 2264 1348 2334 comparandis
1384 2264 1649 2318 humanis
1678 2265 1992 2335 disciplinis
2022 2265 2268 2333 disserit,
2308 2266 2517 2337 quibus
2547 2265 2724 2320 fretus
2756 2263 3105 2334 adjumentis
3131 2263 3357 2318 animus
3387 2264 3458 2318 ad
3486 2263 3724 2318 celsiora

218 2353 458 2406 demum
489 2352 862 2423 percipienda
890 2354 1177 2407 evehatur.

321 2439 480 2508 Vide
510 2439 754 2507 librum
790 2449 852 2522 1,
889 2463 1034 2530 cap.
1073 2449 1136 2523 3,
1167 2443 1766 2524 Retractationum,
1800 2442 1921 2509 col.
1956 2449 2267 2524 588-589,
2303 2440 2603 2524 acerbis,
2640 2444 2767 2509 Per
2796 2444 2976 2508 idem
3006 2449 3302 2527 tempus,
3336 2463 3403 2506 η.
3441 2449 3502 2520 1,
3528 2462 3730 2528 usque

215 2538 312 2606 ad
345 2539 547 2605 verba
572 2562 640 2605 η.
679 2547 744 2619 3,
789 2541 1104 2606 Ordinem
1140 2561 1369 2606 rerum
1409 2543 1680 2606 Zenobi.
1912 2542 1997 2606 M.

1069 2843 1178 2947 S.
1279 2843 1925 2948 AURELII
2025 2841 2872 2946 AUGUSTINI

1480 3025 2036 3081 HIPPONENSIS
2087 3023 2468 3080 EPISCOPI

769 3181 1273 3367 DE
1584 3176 3230 3367 ORDINE

1600 3458 1922 3534 LIBRI
2007 3456 2342 3542 DUO‘“).

1289 3758 1834 3881 LIBER
1929 3669 2648 3878 PRIMUS.

284 3953 685 4016 Disputationes
711 3953 842 4001 duas
867 3951 1097 4009 exhibet,
1125 3963 1346 4014 quarum
1372 3949 1541 4012 prima
1562 3948 1714 3997 docet
1737 3949 1915 3997 omnia
1938 3961 2148 4011 prorsus
2170 3951 2222 3996 et
2246 3947 2387 3996 bona
2405 3951 2456 3996 et
2479 3947 2618 3995 mala
2647 3944 2831 3994 ordine
2858 3945 3052 3994 divina:
3083 3944 3428 4006 providentiae
3449 3943 3728 3991 contineri.

219 4031 473 4081 Secunda
500 4032 564 4081 de
594 4031 795 4080 ordinis
817 4031 1119 4095 praestantia
1144 4034 1195 4078 et
1215 4030 1430 4078 notione
1451 4029 1696 4077 nonnihil
1720 4029 1919 4091 tangit;
1944 4032 2098 4090 atque
2123 4027 2208 4075 hic
2224 4027 2344 4076 data
2365 4027 2640 4075 occasione
2660 4024 3036 4087 incompositos
3061 4024 3220 4071 animi
3247 4027 3419 4071 motus
3437 4025 3487 4071 et
3505 4023 3731 4084 pueriles

220 4110 463 4175 gloriolae
486 4111 703 4160 obtentu
727 4111 868 4159 rixas
887 4110 1224 4159 alumnorum
1249 4121 1468 4157 suorum
1487 4108 1719 4171 graviter
1734 4108 1899 4170 carpit
1917 4107 2276 4170 Augustinus;
2301 4110 2518 4170 tumque
2542 4105 2844 4155 Monnicam
2869 4104 2997 4152 dicit
3019 4104 3086 4151 ob
3102 4117 3287 4151 sexum
3318 4117 3348 4149 a
3369 4101 3734 4164 philOSOphica

221 4191 588 4254 disputatione
621 4191 841 4239 minime
865 4189 1144 4239 arcendam
1179 4201 1310 4237 esse.

1822 4263 2136 4274 _———_

939 4374 1206 4413 PREFATIO
1215 4399 1226 4411 .

225 4453 459 4509 CAPUT
505 4451 797 4505 PRIMUM.
845 4478 913 4488 —
957 4450 1149 4504 Omnia
1177 4447 1366 4502 divina
1403 4445 1748 4514 providentia
1792 4446 1925 4511 regi.

306 4546 355 4596 l.
407 4539 680 4594 Ordinem
721 4553 938 4600 rerum,
996 4535 1226 4602 Zenobi,
1284 4533 1560 4604 consequi
1617 4550 1681 4587 ac
1733 4537 1930 4587 tenere

226 4629 440 4700 cuique
469 4627 783 4699 proprium,
805 4630 926 4680 tum
970 4641 1100 4679 vero
1132 4623 1515 4678 universitatis
1553 4639 1666 4692 quo
1704 4638 1931 4676 coerce-

233 4723 330 4772 tur
381 4733 446 4771 ac
489 4716 680 4786 agitur
720 4716 812 4769 hic
859 4714 1131 4775 mundus,
1177 4713 1258 4766 vel
1304 4712 1494 4766 videre
1546 4711 1634 4764 vel
1681 4711 1932 4781 pandere

228 4805 636 4860 difﬁcillimum
666 4803 1001 4859 hominibus
1047 4806 1215 4871 atque
1263 4798 1621 4853 rarissimum
1666 4803 1769 4852 est.
1817 4800 1934 4852 Huc

230 4893 454 4949 accedit
482 4893 634 4963 quod
683 4891 906 4946 etiamsi
932 4889 1057 4960 quis
1086 4890 1210 4943 hazc
1239 4887 1436 4959 possit,
1462 4902 1577 4940 non
1607 4885 1746 4938 illud
1785 4900 1934 4954 quo-

234 4999 349 5054 que
379 4983 564 5035 valeat
597 4980 842 5047 efﬁcere,
875 4990 937 5033 ut
969 4979 1209 5050 dignum
1243 4975 1561 5031 auditorem
1587 4979 1702 5027 tam
1732 4972 1936 5027 divinis

236 5070 610 5140 obscurisque
638 5069 828 5134 rebus,
874 5067 962 5122 vel
1000 5068 1131 5121 vitae
1174 5065 1399 5131 merito,
1429 5065 1518 5117 vel
1554 5062 1753 5117 habitu
1794 5077 1936 5131 quo-

239 5161 371 5215 dam
423 5157 779 5222 eruditionis,
815 5155 1084 5210 inveniat.
1119 5156 1233 5208 Nec
1269 5158 1462 5208 tamen
1503 5151 1814 5222 quidquam
1855 5153 1940 5203 est

241 5248 397 5321 quod
429 5246 614 5317 magis
659 5246 818 5300 avide
852 5248 1120 5315 expetant
1148 5257 1390 5314 quaeque
1428 5239 1645 5308 optima
1684 5237 1934 5308 ingenia,

243 5336 543 5406 magisque
603 5333 797 5388 audire
837 5349 900 5386 ac
953 5332 1165 5386 discere
1208 5330 1475 5384 studeant
1529 5327 1629 5399 qui
1681 5325 1941 5396 scopulos

242 5427 377 5481 vitae
426 5424 601 5494 hujus
636 5427 693 5477 et
731 5422 1030 5493 procellas,
1061 5421 1215 5474 velut
1261 5423 1446 5474 erecto
1495 5421 1776 5488 quantum
1815 5414 1945 5468 licet

303 5539 383 5603 (a)
411 5538 601 5603 Scripti
632 5537 730 5586 sub
759 5537 916 5587 ﬁnem
937 5536 1064 5585 anni
1095 5537 1202 5584 386.

2041 4353 2248 4424 capite,
2272 4353 2606 4425 inspiciunt,
2641 4368 2811 4423 quam
2844 4351 3132 4422 quomodo
3163 4348 3261 4402 ﬁat
3289 4351 3352 4401 ut
3377 4352 3431 4402 et
3460 4349 3606 4400 Deus
3633 4347 3734 4400 hu-

2039 4458 2211 4497 mana
2251 4447 2430 4508 curet,
2482 4446 2537 4495 et
2578 4446 2737 4496 tanta
2775 4441 2833 4494 in
2871 4439 3136 4494 humanis
3182 4437 3353 4490 rebus
3400 4434 3736 4505 perversitas

2042 4547 2455 4602 usquequaque
2476 4530 2680 4585 diffusa
2711 4529 2803 4593 sit,
2835 4532 3034 4582 utnon
3070 4526 3296 4591 divinae,
3327 4525 3424 4578 sed
3450 4540 3520 4576 ne
3552 4522 3738 4576 servili

2044 4619 2274 4690 quidem
2303 4619 2553 4688 cuipiam
2582 4615 2994 4687 procurationi,
3022 4614 3067 4666 si
3095 4613 3148 4666 ei
3177 4616 3333 4666 tanta
3362 4615 3613 4681 potestas
3646 4610 3740 4664 da-

2043 4713 2220 4773 retur,
2245 4707 2544 4760 tribuenda
2561 4721 2681 4758 esse
2703 4704 2980 4758 videatur.
3005 4701 3388 4765 Quamobrem
3407 4699 3544 4752 illud
3576 4698 3736 4768 quasi

2043 4796 2429 4849 necessarium
2468 4795 2537 4847 iis
2567 4793 2773 4864 quibus
2813 4791 2947 4846 talia
2995 4794 3128 4843 sunt
3165 4805 3336 4853 curae,
3389 4787 3738 4841 credendum

2046 4884 2354 4938 dimittitur
2382 4903 2395 4949 ;
2421 4887 2520 4936 aut
2565 4881 2813 4935 divinam
2862 4878 3278 4950 providentiam
3317 4893 3433 4930 non
3461 4889 3642 4944 usque
3677 4873 3735 4925 in

2045 4972 2167 5026 haec
2211 4971 2415 5024 ultima
2452 4974 2510 5024 et
2550 4969 2666 5022 ima
2706 4966 2987 5039 pertendi,
3024 4970 3124 5020 aut
3171 4970 3319 5020 certe
3360 4963 3508 5017 mala
3547 4959 3738 5014 omnia

2050 5061 2149 5114 Dei
2188 5060 2480 5113 voluntate
2509 5056 2809 5111 committi.
2845 5057 3162 5125 Utrumque
3190 5052 3457 5122 impium,
3489 5048 3586 5102 sed
3616 5063 3738 5099 ma-

2050 5149 2133 5219 gis
2161 5147 2466 5218 posterius.
2513 5147 2853 5216 Quanquam
2893 5143 3048 5197 enim
3081 5143 3365 5196 desertum
3410 5140 3524 5190 Deo
3571 5133 3738 5203 quid-

2051 5252 2224 5308 quam
2251 5236 2507 5304 credere,
2539 5250 2667 5289 cum
2700 5231 3217 5304 imperitissimum,
3240 5233 3364 5281 tum
3395 5225 3564 5276 etiam
3594 5220 3741 5290 peri-

2051 5322 2471 5378 culosissimum
2523 5323 2715 5377 animo
2764 5322 2868 5389 sit;
2908 5325 3100 5374 tamen
3139 5318 3199 5370 in
3237 5313 3372 5384 ipsis
3408 5309 3740 5364 hominibus

2054 5428 2228 5468 nemo
2250 5427 2600 5484 quamquam
2623 5427 2740 5465 non
2759 5409 3013 5480 potuisse
3031 5402 3244 5473 aliquid
3268 5396 3599 5453 criminatus
3626 5400 3737 5450 est:
