4058 6346
361 261 464 314 979

361 382 728 455 negligentia:
758 395 892 434 vero
921 379 1262 450 vituperatio
1294 377 1476 431 multo
1509 379 1593 428 cst
1621 389 1794 445 quam
1822 371 2058 426 malitiae

364 467 833 538 crudelitatisque
855 465 1170 537 purgatior.
1203 465 1398 534 Itaque
1418 463 1571 516 velut
1589 459 1951 532 compellitur
1965 474 2056 512 ra-

361 559 443 613 tio
469 563 662 612 tenere
694 571 809 609 non
832 555 1138 608 immemor
1167 550 1410 622 pietatis,
1435 553 1533 604 aut
1560 549 1666 603 ista
1688 553 1914 602 terrena
1943 562 2060 600 non

362 662 530 718 posse
573 662 607 699 a
639 643 846 698 divinis
884 638 1296 706 administrari,
1341 642 1438 692 aut
1475 637 1689 708 negligi
1717 641 1887 706 atque
1926 650 2058 688 con-

362 733 542 788 temni
568 733 756 803 potius
777 746 947 801 quam
981 729 1058 782 ita
1079 728 1407 799 gubernari,
1441 731 1506 781 ut
1535 725 1721 780 omnis
1752 725 1822 778 de
1850 725 1961 778 Deo
1988 723 2062 777 sit

364 821 518 875 mitis
547 823 718 890 atque
745 816 1092 887 inculpanda
1122 814 1480 886 conquestio.

434 913 490 965 2.
525 908 634 962 Sed
665 906 793 977 quis
824 911 941 959 tam
984 920 1166 957 caecus
1201 909 1286 958 est
1312 907 1526 971 mente,
1562 905 1625 955 ut
1654 900 1972 972 quidquam
2000 899 2061 952 in

364 994 658 1050 movendis
678 991 1014 1062 corporibus
1043 990 1280 1045 rationis
1298 990 1316 1024 ί
1341 991 1492 1061 quod
1523 993 1729 1060 praeter
1749 989 2062 1042 humanam

366 1077 801 1149 dispositionem
832 1092 895 1130 ac
915 1077 1268 1129 voluntatem
1290 1078 1394 1139 est,
1419 1073 1625 1126 divina:
1643 1069 1918 1141 potentias
1947 1083 2064 1120 mo-

367 1165 761 1235 derationique
794 1163 928 1218 dare
961 1163 1228 1218 dubitet?
1253 1162 1364 1215 nisi
1393 1161 1540 1215 forte
1570 1163 1668 1213 aut
1697 1157 1917 1211 casibus
1946 1160 2064 1209 tam

365 1257 489 1308 rata
510 1251 535 1286 ²
556 1252 864 1322 subtilique
886 1251 1244 1304 dimensione
1272 1251 1357 1303 vel
1378 1247 1898 1302 minutissimorum
1921 1259 2064 1314 quo-

366 1357 612 1412 rumque
634 1338 968 1394 animalium
989 1338 1249 1392 membra
1269 1335 1625 1406 ﬁgurantur;
1645 1337 1742 1388 aut
1761 1332 1918 1404 quod
1933 1346 2067 1384 casu

369 1429 499 1502 quis
528 1432 716 1499 negat,
747 1426 925 1498 possit
954 1425 1064 1478 nisi
1092 1424 1313 1478 ratione
1337 1425 1550 1477 factum
1579 1422 1779 1486 fateri;
1815 1424 1914 1474 aut
1933 1434 2065 1472 vero

368 1534 473 1590 per
508 1517 833 1571 universam
864 1519 1149 1580 naturam,
1183 1513 1337 1583 quod
1377 1511 1439 1565 in
1478 1510 1716 1580 singulis
1744 1508 2067 1579 quibusque

367 1606 541 1660 rebus
579 1603 722 1657 nihil
758 1607 878 1656 arte
914 1603 1167 1656 humana
1197 1604 1492 1671 satagente
1537 1598 1864 1652 ordinatum
1895 1596 2067 1648 mira-

369 1709 521 1759 mur,
563 1693 813 1746 alienare
842 1707 876 1744 a
906 1688 1280 1744 secretissimo
1318 1686 1628 1757 majestatis
1663 1684 1898 1738 arbitrio
1937 1682 2069 1736 ullis

371 1781 537 1851 nugis
566 1797 727 1834 vanas
757 1778 1046 1849 opinionis
1076 1777 1430 1831 audebimus.
1465 1779 1536 1830 At
1563 1775 1714 1828 enim
1746 1775 1852 1827 hoc
1881 1771 2069 1842 ipsum

370 1873 456 1925 est
497 1869 721 1940 plenius
771 1867 1175 1938 quaestionum,
1211 1865 1365 1936 quod
1404 1864 1662 1917 membra
1702 1861 1908 1932 pulicis
1948 1859 2069 1913 dis-

371 1958 556 2030 posita
583 1957 726 2010 mire
748 1962 920 2026 atque
950 1955 1216 2010 distincta
1245 1957 1396 2020 sunt,
1422 1968 1552 2005 cum
1572 1951 1789 2004 interea
1817 1949 2072 2003 humana

371 2043 489 2096 vita
503 2040 1008 2096 innumerabilium
1034 2038 1531 2109 perturbationum
1551 2033 1931 2090 inconstantia
1953 2049 2074 2086 ver-

373 2135 536 2185 setur
574 2134 631 2184 et
659 2131 916 2184 ﬂuctuet.
950 2127 1056 2182 Sed
1080 2129 1184 2180 hoc
1209 2130 1372 2196 pacto
1400 2125 1449 2178 si
1481 2125 1606 2194 quis
1635 2129 1752 2177 tam
1782 2122 2072 2175 minutum

371 2223 651 2283 cerneret,
704 2221 767 2270 ut
815 2216 876 2270 in
922 2213 1293 2268 vermiculato
1355 2212 1678 2283 pavimento
1735 2211 1881 2264 nihil
1923 2211 2072 2263 ultra

373 2307 536 2361 usius
586 2305 827 2359 tessellae
875 2302 1176 2356 modulum
1231 2300 1378 2354 acies
1431 2300 1553 2369 ejus
1583 2300 1794 2352 valeret
1831 2298 2068 2364 ambire,

374 2394 726 2462 vituperaret
756 2388 1033 2442 artiﬁcem
1054 2389 1207 2441 velut
1227 2385 1600 2440 ordinationis
1632 2389 1687 2438 et
1715 2384 2075 2454 compositio-

378 2481 470 2534 nis
498 2480 802 2550 ignarum;
835 2493 900 2529 eo
931 2476 1084 2546 quod
1114 2474 1444 2528 varietatem
1475 2473 1803 2542 lapillorum
1843 2475 2071 2542 pertur-

378 2567 570 2620 batam
611 2568 856 2635 putaret,
891 2581 923 2617 a
959 2580 1072 2634 quo
1119 2563 1213 2616 illa
1261 2562 1604 2615 emblemata
1641 2560 1702 2614 in
1745 2559 1915 2613 unius
1945 2561 2072 2629 pul-

378 2652 714 2709 chritudinis
753 2651 953 2705 faciem
986 2650 1363 2720 congruentia
1397 2649 1566 2702 simul
1596 2648 1751 2702 cerni
1780 2649 2074 2702 collustra-

382 2742 548 2812 rique
579 2756 694 2794 non
725 2742 975 2809 possent.
1014 2735 1165 2792 Nihil
1213 2737 1366 2790 enim
1413 2735 1568 2790 aliud
1618 2737 1810 2790 minus
1839 2735 2074 2790 eruditis

380 2829 710 2884 hominibus
731 2827 953 2891 accidit,
977 2827 1076 2898 qui
1099 2827 1421 2880 universam
1442 2841 1636 2879 rerum
1657 2825 2076 2896 coaptationem

382 2922 552 2988 atque
583 2920 918 2970 concentum
956 2915 1241 2969 imbecilla
1276 2918 1466 2967 mente
1514 2913 1814 2983 complecti
1853 2918 1910 2966 et
1939 2929 2076 2966 con-

381 3005 632 3059 siderare
667 3019 786 3057 non
811 3004 1084 3071 valentes,
1104 3003 1149 3056 si
1171 3001 1307 3073 quid
1328 3018 1424 3054 eos
1445 3001 1766 3066 offenderit,
1797 3001 1930 3070 quia
1961 3017 2077 3054 suae

381 3092 710 3163 cogitationi
741 3107 1014 3162 magnum
1045 3095 1145 3156 est,
1181 3105 1450 3160 magnam
1480 3093 1685 3159 putant
1702 3089 1872 3142 rebus
1901 3089 2079 3143 inhae-

381 3197 508 3236 rere
538 3180 871 3234 fceditatem.

454 3273 506 3324 3.
532 3269 703 3338 Cujus
733 3267 941 3321 erroris
971 3266 1220 3320 maxima
1246 3281 1416 3320 causa
1451 3269 1556 3331 est,
1583 3265 1736 3336 quod
1765 3269 1938 3319 homo
1970 3265 2079 3319 sibi

382 3357 504 3426 ipse
543 3361 627 3410 est
672 3355 1012 3425 incognitus.
1057 3355 1166 3418 Qui
1196 3359 1387 3407 tamen
1429 3358 1493 3407 ut
1528 3371 1585 3407 se
1617 3358 1834 3420 noscat,
1866 3370 2079 3423 magna

385 3459 530 3514 opus
560 3443 730 3498 habet
759 3442 1170 3496 consuetudine
1210 3441 1509 3496 recedendi
1538 3457 1572 3494 a
1602 3441 1893 3498 sensibus(
1926 3443 1945 3494 Ι
1972 3445 2079 3496 Re-

385 3536 544 3586 tract.
577 3547 695 3600 cap.
729 3534 782 3594 3,
813 3547 868 3584 n.
909 3532 986 3599 2),
1030 3535 1087 3583 et
1116 3530 1375 3583 animum
1403 3528 1463 3583 in
1493 3529 1744 3599 seipsum
1779 3529 2080 3598 colligendi

385 3624 557 3690 atque
594 3619 654 3672 in
694 3619 880 3689 seipso
911 3618 1214 3672 retinendi.
1247 3617 1408 3681 Quod
1440 3617 1480 3670 ii
1510 3621 1736 3671 tantum
1766 3633 2082 3687 assequun-

385 3711 496 3773 tur,
521 3707 622 3777 qui
651 3708 848 3778 plagas
873 3707 1149 3777 quasdam
1177 3706 1538 3776 opinionum,
1570 3721 1710 3775 quas
1739 3704 1869 3758 vita:
1891 3704 2080 3775 quoti-

385 3795 571 3849 dianae
592 3811 790 3849 cursus
818 3794 1048 3862 inﬂigit,
1080 3799 1180 3847 aut
1210 3793 1514 3847 solitudine
1540 3792 1798 3859 inurunt,
1823 3797 1922 3847 aut
1946 3792 2083 3846 libe-

383 3883 601 3938 ralibus
632 3883 920 3937 medicant
949 3881 1287 3952 disciplinis.

617 3972 839 4026 CAPUT
869 3972 937 4024 II.
971 4002 1040 4010 —
1068 3971 1292 4025 Dedicat
1321 3972 1417 4025 hoc
1445 3984 1577 4038 opus
1605 3971 1848 4024 Zenobio.

458 4059 544 4112 Ita
571 4058 725 4112 enim
750 4057 974 4112 animus
1005 4057 1112 4110 sibi
1143 4057 1421 4120 redditus,
1453 4073 1583 4127 quae
1618 4057 1690 4111 sit
1717 4056 2081 4127 pulchritudo

388 4145 773 4199 universitatis
793 4144 1058 4214 intelligit
1081 4161 1094 4209 ;
1119 4160 1248 4214 qua:
1277 4144 1530 4213 profecto
1555 4144 1621 4196 ab
1647 4160 1760 4197 uno
1787 4146 2081 4214 cognomi-

386 4237 521 4286 nata
537 4236 640 4286 est.
659 4231 988 4301 Idcircoque
1008 4231 1163 4283 illam
1178 4231 1368 4284 videre
1381 4247 1495 4285 non
1507 4231 1642 4284 licet
1654 4231 1859 4285 animae
1877 4249 2004 4302 qua:
2022 4233 2081 4286 in

389 4319 572 4373 multa
582 4319 861 4389 procedit,
876 4321 1234 4388 sectaturque
1249 4318 1514 4372 aviditate
1528 4318 1892 4388 pauperiem;
1910 4337 2082 4390 quam

387 4405 569 4461 nescit
595 4407 716 4459 sola
735 4405 1130 4476 segregatione
1153 4405 1534 4460 multitudinis
1554 4423 1719 4476 posse
1741 4405 1921 4460 vitari.
1949 4409 2084 4462 Mul-

387 4492 695 4547 titudinem
712 4496 1037 4560 autemnon
1058 4492 1362 4546 hominum
1383 4491 1528 4558 dico,
1554 4493 1649 4546 sed
1671 4492 1932 4562 omnium
1955 4511 2082 4565 qua;

390 4597 588 4634 sensus
616 4581 865 4652 attingit.
902 4583 1012 4636 Nec
1054 4581 1262 4636 mirere
1298 4581 1452 4653 quod
1485 4597 1550 4636 eo
1581 4586 1892 4652 egestatem
1931 4585 2081 4653 pati-

391 4671 488 4722 tur
507 4667 708 4738 magis,
731 4685 846 4740 quo
865 4669 1046 4740 magis
1067 4669 1284 4740 appetit
1311 4671 1478 4740 plura
1495 4670 1814 4741 complecti.
1842 4672 1911 4725 Ut
1929 4673 2081 4727 enim

1637 252 1732 306 DE
1767 249 2066 317 ORDINE,
2111 251 2165 305 S.
2207 246 2589 303 AUGUSTINI

3771 240 3880 291 980

2154 370 2228 432 ,in
2256 369 2466 423 circulo
2495 364 2862 438 quantumvis
2891 363 3081 433 amplo
3110 376 3290 415 unum
3340 364 3424 414 est
3453 359 3714 413 medium
3753 374 3880 428 quo

2168 463 2372 513 cuncta
2395 458 2768 524 convergunt,
2794 453 2946 524 quod
2968 456 3226 506 centrum
3257 457 3564 521 geometrae
3593 453 3814 503 vocant
3834 447 3881 514 ⁴,

2168 551 2224 600 et
2253 545 2511 618 quamvis
2540 544 2714 598 totius
2745 541 2990 596 ambitus
3027 544 3215 610 partes
3242 539 3748 592 innumerabiliter
3789 553 3883 590 se-

2169 635 2284 690 cari
2314 637 2545 704 queant,
2581 631 2724 686 nihil
2753 635 2946 684 tamen
2987 633 3072 682 est
3102 634 3312 698 praeter
3337 627 3477 680 illud
3509 643 3718 692 unum,
3759 641 3885 696 quo

2169 725 2374 775 caetera
2411 718 2668 790 pariliter
2699 716 3088 778 dimetiantur,
3124 721 3181 768 et
3213 715 3368 785 quod
3401 714 3675 768 omnibus
3709 713 3887 783 quasi

2170 809 2421 880 quodam
2462 805 2800 878 aequalitatis
2843 805 2972 871 jure
3004 803 3376 869 dominetur;
3424 802 3560 855 hinc
3618 817 3759 854 vero
3819 801 3884 854 in

2171 897 2485 968 quamlibet
2501 900 2722 966 partem
2739 895 2783 944 si
2804 915 2828 941 ι·
2883 892 2999 945 redi
3018 891 3179 956 velis,
3199 907 3266 944 eo
3282 890 3627 968 emittuntur
3647 889 3876 953 omnia,

2171 1002 2285 1056 quo
2317 984 2378 1038 in
2406 983 2656 1054 plurima
2685 981 2975 1051 pergitur:
3019 979 3098 1032 sic
3145 963 3372 1031 animus
3402 994 3437 1030 a
3482 977 3670 1048 seipso
3709 977 3879 1030 fusus

2171 1071 2553 1126 immensitate
2583 1069 2830 1140 quadam
2869 1067 3278 1132 diverberatur,
3322 1071 3378 1120 et
3417 1080 3556 1118 vera
3588 1065 3877 1118 mendici-

2172 1165 2287 1214 tate
2315 1159 2648 1224 conteritur,
2699 1173 2830 1211 cum
2878 1171 3008 1209 eum
3055 1159 3260 1208 natura
3305 1169 3409 1208 sua
3456 1153 3612 1223 cogit
3648 1153 3880 1222 ubique

2171 1265 2355 1303 unum
2386 1261 2663 1317 quaerere,
2695 1248 2752 1298 et
2780 1243 3087 1298 multitudo
3111 1241 3366 1296 invenire
3396 1258 3512 1296 non
3544 1240 3702 1295 sinit.

2243 1339 2298 1390 4.
2331 1336 2441 1390 Sed
2471 1339 2526 1388 et
2561 1335 2682 1388 haec
2713 1349 2841 1403 quae
2871 1331 2988 1386 dixi
3034 1331 3225 1402 qualia
3253 1330 3388 1396 sint,
3429 1335 3488 1384 et
3533 1346 3665 1400 qua;
3703 1345 3883 1383 causa

2175 1429 2353 1479 exstet
2384 1423 2590 1478 erroris
2633 1423 2979 1485 animarum,
3013 1434 3242 1490 quoque
3280 1418 3453 1472 modo
3486 1421 3543 1470 et
3576 1417 3637 1470 in
3688 1433 3880 1470 unum

2173 1516 2494 1583 congruant
2522 1515 2692 1582 atque
2740 1509 2990 1580 perfecta
3021 1507 3134 1560 sint
3160 1511 3384 1570 cuncta,
3417 1510 3474 1560 et
3511 1509 3709 1558 tamen
3740 1521 3880 1574 pec-

2176 1607 2300 1655 cata
2343 1600 2615 1669 fugienda
2644 1599 2776 1664 sint,
2821 1596 3139 1668 assequeris
3181 1595 3453 1666 profecto,
3507 1595 3587 1648 mi
3633 1594 3874 1648 Zenobi.

2176 1690 2266 1745 Sic
2292 1689 2447 1743 enim
2476 1687 2618 1742 mihi
2647 1693 2849 1741 notum
2881 1689 2963 1739 est
2986 1684 3282 1754 ingenium
3317 1687 3504 1747 tuum,
3534 1687 3590 1735 et
3618 1681 3878 1750 pulchri-

2176 1778 2390 1831 tudinis
2421 1776 2768 1830 omnimodaa
2798 1778 3019 1827 amator
3048 1773 3295 1835 animus,
3326 1771 3448 1824 sine
3479 1770 3742 1824 libidinis
3772 1769 3882 1822 im-

2180 1865 2573 1919 moderatione
2609 1868 2780 1934 atque
2823 1862 3102 1915 sordibus.
3139 1860 3299 1924 Quod
3328 1859 3556 1928 signum
3592 1857 3652 1910 in
3683 1862 3739 1911 te
3780 1858 3878 1911 fu-

2178 1957 2320 2007 turae
2365 1951 2662 2022 sapientiae
2700 1949 3036 2020 perniciosis
3075 1947 3476 2017 cupiditatibus
3514 1946 3709 2000 divino
3746 1946 3882 2014 jure

2179 2039 2516 2110 praiscribit,
2555 2055 2627 2092 ne
2667 2043 2825 2092 tuam
2867 2052 3095 2090 causam
3125 2036 3348 2089 deseras
3378 2034 3533 2088 falsis
3563 2033 3882 2103 voluptati-

2178 2130 2284 2184 bus
2314 2129 2534 2182 illectus
2561 2147 2575 2190 ;
2611 2143 2725 2196 qua
2758 2123 3223 2197 praevaricatione
3255 2123 3396 2176 nihil
3430 2122 3657 2192 turpius
3689 2127 3746 2176 et
3775 2137 3880 2191 pe-

2180 2217 2481 2271 riculosius
2511 2215 2752 2270 inveniri
2790 2217 2995 2284 potest.
3037 2211 3368 2282 Assequeris
3407 2227 3542 2278 ergo
3575 2210 3702 2274 ista,
3733 2209 3886 2264 mihi

2179 2306 2364 2370 crede,
2411 2321 2540 2357 cum
2575 2301 2881 2356 eruditioni
2910 2316 3144 2371 Operam
3183 2299 3428 2365 dederis,
3461 2315 3576 2370 qua
3601 2303 3888 2368 purgatur

2182 2397 2237 2447 et
2266 2392 2539 2446 excolitur
2568 2391 2811 2454 animus,
2847 2389 3007 2442 nullo
3048 2387 3219 2441 modo
3249 2392 3378 2441 ante
3409 2387 3648 2441 idoneus
3675 2386 3769 2440 cui
3797 2385 3887 2439 di-

2180 2480 2312 2533 vina
2355 2479 2575 2532 semina
2622 2478 3073 2531 committantur.
3123 2476 3281 2540 Quod
3329 2479 3512 2529 totum
3553 2475 3888 2544 cujusmodi

2183 2567 2273 2631 sit,
2308 2572 2364 2620 et
2393 2581 2564 2636 quem
2595 2565 2814 2634 flagitet
2843 2564 3122 2627 ordinem,
3157 2563 3362 2633 quidve
3393 2563 3658 2616 studiosis
3691 2568 3749 2616 et
3779 2563 3888 2616 bo-

2182 2656 2272 2709 nis
2318 2655 2463 2708 ratio
2510 2653 2824 2724 promittat,
2869 2653 3213 2722 qualemque
3256 2651 3427 2705 vitam
3477 2668 3583 2704 nos
3621 2651 3887 2704 vivamus

2183 2742 2501 2797 charissimi
2535 2742 2639 2810 tui,
2671 2746 2727 2795 et
2769 2757 2941 2812 quem
2971 2740 3220 2794 fructum
3259 2740 3326 2794 de
3358 2739 3578 2793 liberali
3609 2739 3726 2792 otio
3759 2755 3888 2792 car-

2184 2847 2404 2902 pamus,
2439 2829 2500 2885 hi
2528 2835 2583 2884 te
2608 2829 2740 2883 libri
2761 2829 2913 2896 satis,
2938 2832 3003 2882 ut
3024 2828 3248 2898 opinor,
3278 2828 3614 2891 edocebunt,
3647 2826 3892 2880 nomine

2181 2925 2282 2975 tuo
2309 2920 2473 2974 nobis
2495 2935 2667 2990 quam
2690 2922 2884 2971 nostra
2903 2916 3288 2971 elaboratione
3315 2916 3616 2981 dulciores,
3641 2932 3892 2984 praeser-

2183 3008 2288 3062 tim
2316 3007 2361 3060 si
2390 3012 2444 3060 te
2468 3007 2527 3060 in
2556 3006 2746 3076 ipsum
2775 3004 3054 3070 ordinem,
3093 3005 3161 3058 de
3194 3021 3306 3074 quo
3335 3004 3408 3057 ad
3435 3009 3491 3057 te
3522 3003 3726 3069 scribo,
3761 3020 3890 3056 me-

2183 3094 2328 3147 liora
2357 3093 2572 3162 eligens
2600 3093 2847 3145 inserere
2877 3096 3046 3161 atque
3075 3095 3338 3160 coaptare
3368 3090 3630 3144 volueris.

2255 3185 2306 3234 5.
2344 3183 2484 3234 Nam
2521 3196 2649 3234 cum
2681 3180 2958 3234 stomachi
3003 3179 3166 3234 dolor
3211 3179 3460 3233 scholam
3499 3195 3590 3232 me
3621 3179 3890 3233 deserere

2185 3269 2479 3338 coegisset,
2511 3268 2610 3338 qui
2631 3269 2774 3337 jam,
2805 3272 2870 3322 ut
2899 3267 3024 3335 scis,
3063 3268 3232 3321 etiam
3265 3266 3383 3320 sine
3413 3267 3528 3320 ulla
3557 3267 3656 3320 tali
3688 3283 3891 3320 neces-

2187 3357 2350 3410 sitate
2381 3357 2439 3410 in
2471 3356 2893 3427 philosophiam
2915 3355 3221 3425 confugere
3242 3354 3537 3416 moliebar,
3570 3354 3759 3408 statim
3793 3371 3892 3409 me

2187 3445 2403 3499 contuli
2456 3446 2525 3498 ad
2572 3444 2766 3497 villam
2814 3443 3240 3497 familiarissimi
3295 3443 3478 3496 nostri
3532 3444 3880 3498 Verecundi.

2187 3533 2331 3598 Quid
2359 3532 2564 3599 dicam,
2599 3548 2665 3586 eo
2699 3532 2944 3586 libente?
2987 3532 3143 3585 Nosti
3181 3531 3398 3601 optime
3438 3531 3712 3598 hominis,
3753 3548 3891 3586 cum

2188 3621 2248 3675 in
2278 3636 2494 3680 omnes,
2520 3625 2644 3674 tum
2658 3636 2791 3673 vero
2812 3620 2871 3672 in
2893 3635 2996 3672 nos
3025 3619 3481 3673 benevolentiam
3511 3619 3887 3687 singularem.

2189 3709 2271 3762 lbi
2313 3708 2728 3762 disserebamus
2773 3707 2924 3760 inter
2972 3722 3076 3760 nos
3126 3723 3501 3777 quaecumque
3545 3707 3891 3761 videbantur

2188 3797 2371 3860 utilia,
2426 3795 2678 3850 adhibito
2724 3810 2859 3848 sane
2907 3793 3032 3848 stilo
3070 3810 3184 3864 quo
3226 3799 3426 3847 cuncta
3465 3794 3886 3864 exciperentur,

2189 3884 2343 3956 quod
2376 3884 2638 3938 videbam
2670 3883 2986 3938 conducere
3016 3883 3327 3936 valetudini
3360 3899 3524 3936 meae.
3557 3884 3698 3938 Cum
3730 3885 3891 3939 enim

2188 3973 2467 4028 nonnulla
2495 3971 2764 4043 loquendi
2796 3987 2931 4025 cura
2967 3971 3274 4039 detinerer,
3313 3973 3471 4025 nulla
3505 3972 3656 4025 inter
3684 3973 3888 4042 dispu-

2189 4061 2428 4116 tandum
2454 4060 2742 4130 irrepebat
2768 4059 3148 4114 immoderata
3173 4059 3482 4115 contentio.
3508 4060 3687 4114 Simul
3711 4061 3888 4115 etiam

2187 4153 2252 4202 ut
2281 4148 2328 4201 si
2355 4148 2507 4218 quod
2555 4153 2814 4201 nostrum
2856 4148 3056 4201 litteris
3102 4149 3377 4202 mandare
3423 4149 3748 4219 placuisset,
3781 4166 3892 4204 nec

2189 4237 2354 4291 aliter
2383 4236 2608 4290 dicendi
2628 4235 2952 4301 necesSitas,
2978 4252 3083 4290 nec
3104 4237 3266 4289 labor
3287 4237 3694 4291 recordationis
3713 4242 3887 4290 esset.

2189 4325 2450 4395 Agebant
2475 4329 2665 4378 autem
2695 4325 2802 4378 ista
2828 4340 3052 4378 mecum
3080 4324 3316 4394 Alypius
3337 4330 3392 4378 et
3420 4325 3689 4395 Navigius
3713 4326 3894 4379 frater

2190 4430 2370 4479 meus,
2403 4418 2460 4466 et
2486 4412 2768 4466 Licentius
2810 4417 3041 4483 repente
3081 4413 3494 4467 admirabiliter
3523 4414 3756 4483 poeticae
3790 4415 3890 4468 de-

2191 4501 2360 4556 ditus.
2401 4501 2735 4571 Trygetium
2782 4501 2919 4554 item
2969 4500 3134 4555 nobis
3163 4501 3369 4554 militia
3407 4502 3755 4569 reddiderat,
3789 4503 3893 4572 qui

2189 4595 2462 4660 tanquam
2492 4593 2792 4644 veteranus
2822 4589 3108 4643 adamavit
3147 4589 3465 4644 historiam.
3500 4591 3564 4644 Et
3583 4591 3705 4661 jam
3732 4590 3793 4644 in
3823 4591 3891 4645 li-

2189 4677 2306 4731 bris
2335 4676 2601 4731 nonnihil
2629 4676 3003 4731 habebamus.

1690 4781 1964 4818 ADIONITIO
2000 4785 2071 4822 PP.
2104 4787 2537 4824 BENEDIC'HNORUM
2546 4810 2558 4822 .

457 4850 534 4925 A.d
551 4850 756 4925 codices
776 4851 918 4925 mille
939 4852 1042 4902 fere
1072 4853 1825 4925 annorum‘Theodericensem
1845 4857 1898 4902 et
1918 4856 2286 4925 corbeiensem
2320 4859 2495 4925 collati
2519 4864 2645 4925 sunt
2664 4860 2972 4925 (praesentes
2989 4859 3052 4907 de
3073 4859 3268 4907 Ordine
3294 4858 3454 4925 libri),
3473 4859 3544 4925 ad
3558 4860 3893 4925 vaticanum.

394 4912 756 4984 Vedastipum,
796 4913 1072 4984 'l‘hugneos
1111 4915 1262 4984 duos,
1293 4916 1359 4963 ad
1388 4917 1938 4984 ΙξεΞς-ἱο-ὶλιο-ηξεξῑιΞθ-ιῐιζ
1959 4919 2318 4984 Albinensem,
2350 4912 2700 4980 Michaelium,
2731 4921 3118 4984 Arnuliensem,
3150 4912 3454 4969 monasterii
3487 4923 3896 4971 Vindocinensis

413 4953 756 4968 ,πωπω-..η
805 4953 1071 4962 ---ω-..νη
1112 4953 1262 4973 ..μνη
1293 4953 1359 4963 ..α
1388 4953 1459 4963 -.ν
1501 4953 1548 4964 ,υ
1581 4953 1906 4966 nummus...
1959 4953 2296 4970 ηιυιμυμουω
2350 4953 2679 4970 "numquam
2773 4953 2790 4969 ι
2845 4953 3097 4969 "nunc...
3150 4953 3454 4969 μιυυαεηιιι
3501 4953 3585 4968 ..μ
3662 4953 3707 4969 υ.
3872 4953 3894 4969 δ

393 4975 868 5046 unum,_Na‘varri_ci
898 4977 1370 5046 Gymnasiiuuum.
1399 4953 1616 5046 Qollogii
1651 4981 1761 5028 RR.
1796 4978 1893 5026 PP.
1911 4955 2356 5032 hernardinoruin
2382 4984 2543 5032 Paris.
2570 4953 2774 5044 unum“;
2797 4953 2864 5032 Ea
2894 4958 3151 5031 lectiones
3171 4988 3398 5046 quatuor
3417 4985 3539 5033 Mss.
3564 4953 3894 5046 e‘éi'gié’gﬁfﬁi

393 5037 519 5086 Lov.
547 5040 598 5085 et
627 5036 688 5084 ad
721 5036 977 5085 editiones
1006 5038 1131 5086 Bad.
1161 5039 1276 5087 Am.
1309 5039 1392 5087 Er.
1418 5039 1546 5089 Lov.

485 5125 1036 5215 Comparavimus
1051 5140 1379 5215 praeterea
1425 5151 1534 5195 eas
1577 5153 1799 5197 omnes
1835 5131 2146 5199 editiones
2192 5133 2380 5200 initio
2438 5137 3011 5201 Retractationum
3049 5142 3117 5200 et
3171 5136 3698 5201 Confessionum
3749 5159 3888 5202 me-

364 5271 372 5280 .
396 5227 712 5280 moratas.
1253 5218 1338 5281 M.

460 5339 474 5371 ¹
508 5338 602 5405 ilic
629 5339 751 5405 Mss.
785 5337 961 5405 decem
988 5338 1238 5405 omittunt
1259 5338 1518 5405 rationis;
1545 5340 1635 5389 sed
1664 5342 1821 5403 paulo
1847 5346 1967 5405 post
1994 5343 2088 5392 ha-

396 5399 744 5462 bentgrationt
767 5399 955 5448 divinae
977 5404 1229 5462 potentiae
1252 5399 1715 5462 moderatamque,

458 5462 480 5495 ³
505 5460 590 5508 Sic
618 5461 742 5509 Bad.
772 5462 886 5512 Am.
919 5460 1004 5510 Er.
1034 5467 1087 5511 et
1124 5463 1325 5526 aliquot
1351 5463 1473 5512 Mss.
1507 5465 1572 5512 At
1599 5460 1744 5523 Lov.,
1780 5477 1931 5514 rara.

2262 5347 2277 5380 ¹
2304 5343 2542 5408 Plerique
2566 5346 2710 5405 Mss,
2741 5343 3106 5396 mathematici
3135 5346 3330 5394 vocant.
