  <div class='ocr_page' id='page_1' title='image "/cluster/home/n/w/nwhite01/storage/ocr_20150623/32/umn.31951002477326y/502.png"; bbox 0 0 4058 6376; ppageno 0'>
   <div class='ocr_carea' id='block_1_1' title="bbox 142 277 251 330">
    <p class='ocr_par' dir='ltr' id='par_1_1' title="bbox 142 277 251 330">
     <span class='ocr_line' id='line_1_1' title="bbox 142 277 251 330; baseline 0.018 -2"><span class='ocrx_word' id='word_1_1' title='bbox 142 277 251 330; x_wconf 80' lang='grc'>981</span> 
     </span>
    </p>
   </div>
   <div class='ocr_carea' id='block_1_2' title="bbox 769 415 1295 454">
    <p class='ocr_par' dir='ltr' id='par_1_2' title="bbox 769 415 1295 454">
     <span class='ocr_line' id='line_1_2' title="bbox 769 415 1295 454; baseline 0.004 -2"><span class='ocrx_word' id='word_1_2' title='bbox 769 415 1073 453; x_wconf 80' lang='lat' dir='ltr'>DISPUTATIO</span> <span class='ocrx_word' id='word_1_3' title='bbox 1111 416 1295 454; x_wconf 71' lang='lat' dir='ltr'>PRIMA.</span> 
     </span>
    </p>
   </div>
   <div class='ocr_carea' id='block_1_3' title="bbox 451 485 1578 558">
    <p class='ocr_par' dir='ltr' id='par_1_3' title="bbox 451 485 1578 558">
     <span class='ocr_line' id='line_1_3' title="bbox 451 485 1578 558; baseline 0.004 -18"><span class='ocrx_word' id='word_1_4' title='bbox 451 485 678 541; x_wconf 81' lang='lat' dir='ltr'><strong>CAPUT</strong></span> <span class='ocrx_word' id='word_1_5' title='bbox 706 487 802 541; x_wconf 91' lang='lat' dir='ltr'><strong>IIl.</strong></span> <span class='ocrx_word' id='word_1_6' title='bbox 832 518 900 528; x_wconf 89' lang='lat'><strong><em>—</em></strong></span> <span class='ocrx_word' id='word_1_7' title='bbox 933 489 1146 543; x_wconf 77' lang='lat' dir='ltr'>Occasio</span> <span class='ocrx_word' id='word_1_8' title='bbox 1171 489 1578 558; x_wconf 74' lang='lat' dir='ltr'>disputationis.</span> 
     </span>
    </p>
   </div>
   <div class='ocr_carea' id='block_1_4' title="bbox 229 573 1862 647">
    <p class='ocr_par' dir='ltr' id='par_1_4' title="bbox 229 573 1862 647">
     <span class='ocr_line' id='line_1_4' title="bbox 229 573 1862 647; baseline 0.001 -21"><span class='ocrx_word' id='word_1_9' title='bbox 229 575 286 626; x_wconf 86' lang='lat'>6.</span> <span class='ocrx_word' id='word_1_10' title='bbox 341 573 448 628; x_wconf 87' lang='lat' dir='ltr'>Séd</span> <span class='ocrx_word' id='word_1_11' title='bbox 489 579 656 628; x_wconf 89' lang='lat' dir='ltr'>nocte</span> <span class='ocrx_word' id='word_1_12' title='bbox 713 575 958 646; x_wconf 90' lang='lat' dir='ltr'>quadam</span> <span class='ocrx_word' id='word_1_13' title='bbox 1005 592 1134 629; x_wconf 93' lang='lat' dir='ltr'>cum</span> <span class='ocrx_word' id='word_1_14' title='bbox 1191 577 1546 647; x_wconf 86' lang='lat' dir='ltr'>evigilassem</span> <span class='ocrx_word' id='word_1_15' title='bbox 1585 577 1653 630; x_wconf 89' lang='lat' dir='ltr'>de</span> <span class='ocrx_word' id='word_1_16' title='bbox 1682 591 1862 643; x_wconf 89' lang='lat' dir='ltr'>more,</span> 
     </span>
    </p>
   </div>
   <div class='ocr_carea' id='block_1_5' title="bbox 148 663 1864 736">
    <p class='ocr_par' dir='ltr' id='par_1_5' title="bbox 148 663 1864 736">
     <span class='ocr_line' id='line_1_5' title="bbox 148 663 1864 736; baseline 0.002 -21"><span class='ocrx_word' id='word_1_17' title='bbox 148 678 510 733; x_wconf 86' lang='lat' dir='ltr'>mecumque</span> <span class='ocrx_word' id='word_1_18' title='bbox 561 663 684 734; x_wconf 91' lang='lat' dir='ltr'>ipse</span> <span class='ocrx_word' id='word_1_19' title='bbox 731 663 933 717; x_wconf 89' lang='lat' dir='ltr'>tacitus</span> <span class='ocrx_word' id='word_1_20' title='bbox 989 665 1268 735; x_wconf 84' lang='lat' dir='ltr'>agitarem</span> <span class='ocrx_word' id='word_1_21' title='bbox 1317 682 1444 736; x_wconf 71' lang='lat' dir='ltr'>quae</span> <span class='ocrx_word' id='word_1_22' title='bbox 1505 665 1565 718; x_wconf 93' lang='lat' dir='ltr'>in</span> <span class='ocrx_word' id='word_1_23' title='bbox 1612 669 1864 718; x_wconf 85' lang='lat' dir='ltr'>mentem</span> 
     </span>
    </p>
   </div>
   <div class='ocr_carea' id='block_1_6' title="bbox 150 751 1862 808">
    <p class='ocr_par' dir='ltr' id='par_1_6' title="bbox 150 751 1862 808">
     <span class='ocr_line' id='line_1_6' title="bbox 150 751 1862 808; baseline 0.002 -6"><span class='ocrx_word' id='word_1_24' title='bbox 150 751 360 804; x_wconf 86' lang='lat' dir='ltr'>nescio</span> <span class='ocrx_word' id='word_1_25' title='bbox 393 751 544 805; x_wconf 91' lang='lat' dir='ltr'>unde</span> <span class='ocrx_word' id='word_1_26' title='bbox 591 751 929 806; x_wconf 83' lang='lat' dir='ltr'>veniebant:</span> <span class='ocrx_word' id='word_1_27' title='bbox 979 769 1112 807; x_wconf 89' lang='lat' dir='ltr'>nam</span> <span class='ocrx_word' id='word_1_28' title='bbox 1169 753 1224 807; x_wconf 91' lang='lat' dir='ltr'>id</span> <span class='ocrx_word' id='word_1_29' title='bbox 1268 754 1411 807; x_wconf 91' lang='lat' dir='ltr'>mihi</span> <span class='ocrx_word' id='word_1_30' title='bbox 1462 770 1654 808; x_wconf 90' lang='lat' dir='ltr'>amore</span> <span class='ocrx_word' id='word_1_31' title='bbox 1707 753 1862 806; x_wconf 87' lang='lat' dir='ltr'>inve-</span> 
     </span>
    </p>
   </div>
   <div class='ocr_carea' id='block_1_7' title="bbox 149 838 1866 911">
    <p class='ocr_par' dir='ltr' id='par_1_7' title="bbox 149 838 1866 911">
     <span class='ocr_line' id='line_1_7' title="bbox 149 838 1866 911; baseline 0.002 -19"><span class='ocrx_word' id='word_1_32' title='bbox 149 838 366 893; x_wconf 86' lang='lat' dir='ltr'>niendi</span> <span class='ocrx_word' id='word_1_33' title='bbox 395 840 515 893; x_wconf 90' lang='lat' dir='ltr'>veri</span> <span class='ocrx_word' id='word_1_34' title='bbox 538 840 662 911; x_wconf 88' lang='lat' dir='ltr'>jam</span> <span class='ocrx_word' id='word_1_35' title='bbox 689 840 749 893; x_wconf 92' lang='lat' dir='ltr'>in</span> <span class='ocrx_word' id='word_1_36' title='bbox 782 842 1253 896; x_wconf 81' lang='lat' dir='ltr'>consuetudinem</span> <span class='ocrx_word' id='word_1_37' title='bbox 1283 847 1551 907; x_wconf 81' lang='lat' dir='ltr'>verterat,</span> <span class='ocrx_word' id='word_1_38' title='bbox 1579 841 1658 895; x_wconf 90' lang='lat' dir='ltr'>ita</span> <span class='ocrx_word' id='word_1_39' title='bbox 1685 845 1746 894; x_wconf 92' lang='lat' dir='ltr'>ut</span> <span class='ocrx_word' id='word_1_40' title='bbox 1767 845 1866 896; x_wconf 87' lang='lat' dir='ltr'>aut</span> 
     </span>
    </p>
   </div>
   <div class='ocr_carea' id='block_1_8' title="bbox 142 925 1861 995">
    <p class='ocr_par' dir='ltr' id='par_1_8' title="bbox 142 925 1861 995">
     <span class='ocr_line' id='line_1_8' title="bbox 142 925 1861 995; baseline 0.002 -18"><span class='ocrx_word' id='word_1_41' title='bbox 142 925 431 995; x_wconf 81' lang='lat' dir='ltr'>primam,</span> <span class='ocrx_word' id='word_1_42' title='bbox 467 926 513 978; x_wconf 91' lang='lat' dir='ltr'>si</span> <span class='ocrx_word' id='word_1_43' title='bbox 535 927 676 979; x_wconf 84' lang='lat' dir='ltr'>tales</span> <span class='ocrx_word' id='word_1_44' title='bbox 706 942 856 979; x_wconf 69' lang='lat' dir='ltr'>curae</span> <span class='ocrx_word' id='word_1_45' title='bbox 887 926 1134 989; x_wconf 86' lang='lat' dir='ltr'>inerant,</span> <span class='ocrx_word' id='word_1_46' title='bbox 1159 932 1258 981; x_wconf 91' lang='lat' dir='ltr'>aut</span> <span class='ocrx_word' id='word_1_47' title='bbox 1279 931 1430 981; x_wconf 90' lang='lat' dir='ltr'>certe</span> <span class='ocrx_word' id='word_1_48' title='bbox 1460 927 1742 995; x_wconf 82' lang='lat' dir='ltr'>ultimam,</span> <span class='ocrx_word' id='word_1_49' title='bbox 1775 927 1861 981; x_wconf 91' lang='lat' dir='ltr'>di-</span> 
     </span>
    </p>
   </div>
   <div class='ocr_carea' id='block_1_9' title="bbox 149 1014 1860 1086">
    <p class='ocr_par' dir='ltr' id='par_1_9' title="bbox 149 1014 1860 1086">
     <span class='ocr_line' id='line_1_9' title="bbox 149 1014 1860 1086; baseline 0.001 -20"><span class='ocrx_word' id='word_1_50' title='bbox 149 1014 404 1068; x_wconf 87' lang='lat' dir='ltr'>midiam</span> <span class='ocrx_word' id='word_1_51' title='bbox 432 1018 626 1067; x_wconf 90' lang='lat' dir='ltr'>tamen</span> <span class='ocrx_word' id='word_1_52' title='bbox 655 1014 771 1068; x_wconf 84' lang='lat' dir='ltr'>fere</span> <span class='ocrx_word' id='word_1_53' title='bbox 801 1014 984 1067; x_wconf 87' lang='lat' dir='ltr'>noctis</span> <span class='ocrx_word' id='word_1_54' title='bbox 1020 1018 1242 1084; x_wconf 90' lang='lat' dir='ltr'>partem</span> <span class='ocrx_word' id='word_1_55' title='bbox 1270 1014 1511 1086; x_wconf 85' lang='lat' dir='ltr'>pervigil</span> <span class='ocrx_word' id='word_1_56' title='bbox 1542 1016 1860 1086; x_wconf 84' lang='lat' dir='ltr'>quodcum-</span> 
     </span>
    </p>
   </div>
   <div class='ocr_carea' id='block_1_10' title="bbox 149 1101 1863 1172">
    <p class='ocr_par' dir='ltr' id='par_1_10' title="bbox 149 1101 1863 1172">
     <span class='ocr_line' id='line_1_10' title="bbox 149 1101 1863 1172; baseline 0.001 -18"><span class='ocrx_word' id='word_1_57' title='bbox 149 1118 276 1172; x_wconf 85' lang='lat' dir='ltr'>que</span> <span class='ocrx_word' id='word_1_58' title='bbox 318 1101 628 1172; x_wconf 83' lang='lat' dir='ltr'>cogitarem</span> <span class='ocrx_word' id='word_1_59' title='bbox 656 1119 669 1169; x_wconf 90' lang='lat'>;</span> <span class='ocrx_word' id='word_1_60' title='bbox 703 1117 806 1155; x_wconf 90' lang='lat' dir='ltr'>nec</span> <span class='ocrx_word' id='word_1_61' title='bbox 832 1118 924 1155; x_wconf 90' lang='lat' dir='ltr'>me</span> <span class='ocrx_word' id='word_1_62' title='bbox 952 1102 1211 1172; x_wconf 75' lang='lat' dir='ltr'>patiebar</span> <span class='ocrx_word' id='word_1_63' title='bbox 1238 1102 1680 1157; x_wconf 88' lang='lat' dir='ltr'>adolescentium</span> <span class='ocrx_word' id='word_1_64' title='bbox 1709 1103 1863 1156; x_wconf 86' lang='lat' dir='ltr'>lucu-</span> 
     </span>
    </p>
   </div>
   <div class='ocr_carea' id='block_1_11' title="bbox 148 1189 1862 1262">
    <p class='ocr_par' dir='ltr' id='par_1_11' title="bbox 148 1189 1862 1262">
     <span class='ocr_line' id='line_1_11' title="bbox 148 1189 1862 1262; baseline 0.001 -19"><span class='ocrx_word' id='word_1_65' title='bbox 148 1189 526 1244; x_wconf 87' lang='lat' dir='ltr'>brationibus</span> <span class='ocrx_word' id='word_1_66' title='bbox 577 1207 610 1244; x_wconf 90' lang='lat' dir='ltr'>a</span> <span class='ocrx_word' id='word_1_67' title='bbox 638 1191 854 1260; x_wconf 90' lang='lat' dir='ltr'>meipso</span> <span class='ocrx_word' id='word_1_68' title='bbox 905 1190 1148 1256; x_wconf 86' lang='lat' dir='ltr'>avocari,</span> <span class='ocrx_word' id='word_1_69' title='bbox 1197 1191 1333 1260; x_wconf 85' lang='lat' dir='ltr'>quia</span> <span class='ocrx_word' id='word_1_70' title='bbox 1362 1196 1419 1244; x_wconf 89' lang='lat' dir='ltr'>et</span> <span class='ocrx_word' id='word_1_71' title='bbox 1447 1190 1529 1244; x_wconf 90' lang='lat' dir='ltr'><strong>illi</strong></span> <span class='ocrx_word' id='word_1_72' title='bbox 1552 1208 1655 1262; x_wconf 89' lang='lat' dir='ltr'>per</span> <span class='ocrx_word' id='word_1_73' title='bbox 1679 1196 1862 1245; x_wconf 90' lang='lat' dir='ltr'>totum</span> 
     </span>
    </p>
   </div>
   <div class='ocr_carea' id='block_1_12' title="bbox 151 1277 1863 1348">
    <p class='ocr_par' dir='ltr' id='par_1_12' title="bbox 151 1277 1863 1348">
     <span class='ocr_line' id='line_1_12' title="bbox 151 1277 1863 1348; baseline 0.002 -18"><span class='ocrx_word' id='word_1_74' title='bbox 151 1277 320 1330; x_wconf 90' lang='lat' dir='ltr'>diem</span> <span class='ocrx_word' id='word_1_75' title='bbox 349 1282 575 1331; x_wconf 89' lang='lat' dir='ltr'>tantum</span> <span class='ocrx_word' id='word_1_76' title='bbox 621 1279 888 1348; x_wconf 85' lang='lat' dir='ltr'>agebant,</span> <span class='ocrx_word' id='word_1_77' title='bbox 919 1283 983 1332; x_wconf 87' lang='lat' dir='ltr'>ut</span> <span class='ocrx_word' id='word_1_78' title='bbox 1014 1279 1262 1332; x_wconf 91' lang='lat' dir='ltr'>nimium</span> <span class='ocrx_word' id='word_1_79' title='bbox 1292 1279 1434 1333; x_wconf 90' lang='lat' dir='ltr'>mihi</span> <span class='ocrx_word' id='word_1_80' title='bbox 1475 1279 1784 1346; x_wconf 83' lang='lat' dir='ltr'>videretur,</span> <span class='ocrx_word' id='word_1_81' title='bbox 1816 1281 1863 1334; x_wconf 88' lang='lat' dir='ltr'>si</span> 
     </span>
    </p>
   </div>
   <div class='ocr_carea' id='block_1_13' title="bbox 153 1365 1864 1439">
    <p class='ocr_par' dir='ltr' id='par_1_13' title="bbox 153 1365 1864 1439">
     <span class='ocr_line' id='line_1_13' title="bbox 153 1365 1864 1439; baseline 0.002 -21"><span class='ocrx_word' id='word_1_82' title='bbox 153 1365 581 1436; x_wconf 83' lang='lat' dir='ltr'>aliquid&#39;etiam</span> <span class='ocrx_word' id='word_1_83' title='bbox 611 1366 866 1420; x_wconf 78' lang='lat' dir='ltr'>noctium</span> <span class='ocrx_word' id='word_1_84' title='bbox 897 1367 957 1420; x_wconf 92' lang='lat' dir='ltr'>in</span> <span class='ocrx_word' id='word_1_85' title='bbox 988 1367 1303 1421; x_wconf 89' lang='lat' dir='ltr'>studiorum</span> <span class='ocrx_word' id='word_1_86' title='bbox 1333 1368 1589 1422; x_wconf 85' lang='lat' dir='ltr'>laborem</span> <span class='ocrx_word' id='word_1_87' title='bbox 1628 1385 1864 1439; x_wconf 87' lang='lat' dir='ltr'>usurpa-</span> 
     </span>
    </p>
   </div>
   <div class='ocr_carea' id='block_1_14' title="bbox 151 1453 1862 1526">
    <p class='ocr_par' dir='ltr' id='par_1_14' title="bbox 151 1453 1862 1526">
     <span class='ocr_line' id='line_1_14' title="bbox 151 1453 1862 1526; baseline 0.002 -20"><span class='ocrx_word' id='word_1_88' title='bbox 151 1460 330 1518; x_wconf 84' lang='lat' dir='ltr'>rent;</span> <span class='ocrx_word' id='word_1_89' title='bbox 365 1458 421 1507; x_wconf 92' lang='lat' dir='ltr'>et</span> <span class='ocrx_word' id='word_1_90' title='bbox 451 1454 507 1508; x_wconf 89' lang='lat' dir='ltr'><strong>id</strong></span> <span class='ocrx_word' id='word_1_91' title='bbox 538 1470 571 1507; x_wconf 90' lang='lat' dir='ltr'>a</span> <span class='ocrx_word' id='word_1_92' title='bbox 608 1470 700 1508; x_wconf 91' lang='lat' dir='ltr'>me</span> <span class='ocrx_word' id='word_1_93' title='bbox 730 1453 840 1524; x_wconf 90' lang='lat' dir='ltr'><strong>ipsi</strong></span> <span class='ocrx_word' id='word_1_94' title='bbox 870 1471 1100 1525; x_wconf 88' lang='lat' dir='ltr'>quoque</span> <span class='ocrx_word' id='word_1_95' title='bbox 1153 1462 1506 1525; x_wconf 60' lang='lat' dir='ltr'>prmeeptum</span> <span class='ocrx_word' id='word_1_96' title='bbox 1556 1457 1862 1526; x_wconf 88' lang='lat' dir='ltr'>habebant,</span> 
     </span>
    </p>
   </div>
   <div class='ocr_carea' id='block_1_15' title="bbox 153 1541 1863 1615">
    <p class='ocr_par' dir='ltr' id='par_1_15' title="bbox 153 1541 1863 1615">
     <span class='ocr_line' id='line_1_15' title="bbox 153 1541 1863 1615; baseline 0.004 -22"><span class='ocrx_word' id='word_1_97' title='bbox 153 1546 224 1594; x_wconf 89' lang='lat' dir='ltr'>ut</span> <span class='ocrx_word' id='word_1_98' title='bbox 254 1541 473 1612; x_wconf 91' lang='lat' dir='ltr'>aliquid</span> <span class='ocrx_word' id='word_1_99' title='bbox 518 1546 572 1596; x_wconf 91' lang='lat' dir='ltr'>et</span> <span class='ocrx_word' id='word_1_100' title='bbox 601 1546 812 1612; x_wconf 66' lang='lat' dir='ltr'>praeter</span> <span class='ocrx_word' id='word_1_101' title='bbox 836 1542 1058 1596; x_wconf 89' lang='lat' dir='ltr'>codices</span> <span class='ocrx_word' id='word_1_102' title='bbox 1097 1559 1288 1596; x_wconf 89' lang='lat' dir='ltr'>secum</span> <span class='ocrx_word' id='word_1_103' title='bbox 1321 1549 1575 1614; x_wconf 81' lang='lat' dir='ltr'>agerent,</span> <span class='ocrx_word' id='word_1_104' title='bbox 1626 1549 1680 1598; x_wconf 91' lang='lat' dir='ltr'>et</span> <span class='ocrx_word' id='word_1_105' title='bbox 1709 1546 1863 1615; x_wconf 90' lang='lat' dir='ltr'>apud</span> 
     </span>
    </p>
   </div>
   <div class='ocr_carea' id='block_1_16' title="bbox 152 1630 1858 1702">
    <p class='ocr_par' dir='ltr' id='par_1_16' title="bbox 152 1630 1858 1702">
     <span class='ocr_line' id='line_1_16' title="bbox 152 1630 1858 1702; baseline 0.002 -20"><span class='ocrx_word' id='word_1_106' title='bbox 152 1646 286 1683; x_wconf 88' lang='lat' dir='ltr'>sese</span> <span class='ocrx_word' id='word_1_107' title='bbox 318 1630 575 1684; x_wconf 84' lang='lat' dir='ltr'>habitare</span> <span class='ocrx_word' id='word_1_108' title='bbox 609 1631 1074 1685; x_wconf 88' lang='lat' dir='ltr'>consuefacerent</span> <span class='ocrx_word' id='word_1_109' title='bbox 1105 1632 1397 1685; x_wconf 90' lang='lat' dir='ltr'>animum:</span> <span class='ocrx_word' id='word_1_110' title='bbox 1435 1649 1588 1702; x_wconf 88' lang='lat' dir='ltr'>ergo,</span> <span class='ocrx_word' id='word_1_111' title='bbox 1629 1639 1693 1686; x_wconf 89' lang='lat' dir='ltr'>ut</span> <span class='ocrx_word' id='word_1_112' title='bbox 1721 1633 1858 1700; x_wconf 81' lang='lat' dir='ltr'><strong>dixi,</strong></span> 
     </span>
    </p>
   </div>
   <div class='ocr_carea' id='block_1_17' title="bbox 151 1718 1860 1793">
    <p class='ocr_par' dir='ltr' id='par_1_17' title="bbox 151 1718 1860 1793">
     <span class='ocr_line' id='line_1_17' title="bbox 151 1718 1860 1793; baseline 0.003 -23"><span class='ocrx_word' id='word_1_113' title='bbox 151 1718 474 1789; x_wconf 83' lang='lat' dir='ltr'>vigilabam</span> <span class='ocrx_word' id='word_1_114' title='bbox 501 1739 516 1786; x_wconf 91' lang='lat'>;</span> <span class='ocrx_word' id='word_1_115' title='bbox 546 1735 675 1774; x_wconf 92' lang='lat' dir='ltr'>cum</span> <span class='ocrx_word' id='word_1_116' title='bbox 728 1736 853 1774; x_wconf 91' lang='lat' dir='ltr'>ecce</span> <span class='ocrx_word' id='word_1_117' title='bbox 890 1736 1051 1790; x_wconf 81' lang='lat' dir='ltr'>aquae</span> <span class='ocrx_word' id='word_1_118' title='bbox 1081 1736 1254 1773; x_wconf 90' lang='lat' dir='ltr'>sonus</span> <span class='ocrx_word' id='word_1_119' title='bbox 1284 1737 1433 1790; x_wconf 89' lang='lat' dir='ltr'>pone</span> <span class='ocrx_word' id='word_1_120' title='bbox 1460 1721 1692 1775; x_wconf 89' lang='lat' dir='ltr'>balneas</span> <span class='ocrx_word' id='word_1_121' title='bbox 1732 1738 1860 1793; x_wconf 64' lang='lat' dir='ltr'>qum</span> 
     </span>
    </p>
   </div>
   <div class='ocr_carea' id='block_1_18' title="bbox 153 1807 1861 1878">
    <p class='ocr_par' dir='ltr' id='par_1_18' title="bbox 153 1807 1861 1878">
     <span class='ocr_line' id='line_1_18' title="bbox 153 1807 1861 1878; baseline 0.002 -18"><span class='ocrx_word' id='word_1_122' title='bbox 153 1807 609 1878; x_wconf 67' lang='lat' dir='ltr'>praeterﬂuebat,</span> <span class='ocrx_word' id='word_1_123' title='bbox 643 1808 838 1863; x_wconf 84' lang='lat' dir='ltr'>eduxit</span> <span class='ocrx_word' id='word_1_124' title='bbox 874 1825 966 1862; x_wconf 92' lang='lat' dir='ltr'>me</span> <span class='ocrx_word' id='word_1_125' title='bbox 998 1809 1058 1862; x_wconf 92' lang='lat' dir='ltr'>in</span> <span class='ocrx_word' id='word_1_126' title='bbox 1107 1824 1293 1870; x_wconf 86' lang='lat' dir='ltr'>aures,</span> <span class='ocrx_word' id='word_1_127' title='bbox 1335 1813 1391 1862; x_wconf 89' lang='lat' dir='ltr'>et</span> <span class='ocrx_word' id='word_1_128' title='bbox 1435 1809 1861 1863; x_wconf 90' lang='lat' dir='ltr'>animadversus</span> 
     </span>
    </p>
   </div>
   <div class='ocr_carea' id='block_1_19' title="bbox 153 1895 1862 1952">
    <p class='ocr_par' dir='ltr' id='par_1_19' title="bbox 153 1895 1862 1952">
     <span class='ocr_line' id='line_1_19' title="bbox 153 1895 1862 1952; baseline 0.002 -4"><span class='ocrx_word' id='word_1_129' title='bbox 153 1900 247 1949; x_wconf 87' lang='lat' dir='ltr'>est</span> <span class='ocrx_word' id='word_1_130' title='bbox 278 1895 446 1950; x_wconf 92' lang='lat' dir='ltr'>solito</span> <span class='ocrx_word' id='word_1_131' title='bbox 485 1897 774 1951; x_wconf 84' lang='lat' dir='ltr'>attentius.</span> <span class='ocrx_word' id='word_1_132' title='bbox 810 1898 1016 1951; x_wconf 83' lang='lat' dir='ltr'><strong>Mirum</strong></span> <span class='ocrx_word' id='word_1_133' title='bbox 1047 1898 1356 1952; x_wconf 89' lang='lat' dir='ltr'>admodum</span> <span class='ocrx_word' id='word_1_134' title='bbox 1387 1898 1529 1952; x_wconf 91' lang='lat' dir='ltr'>mihi</span> <span class='ocrx_word' id='word_1_135' title='bbox 1564 1898 1862 1952; x_wconf 82' lang='lat' dir='ltr'>videbatur</span> 
     </span>
    </p>
   </div>
   <div class='ocr_carea' id='block_1_20' title="bbox 155 1984 1859 2057">
    <p class='ocr_par' dir='ltr' id='par_1_20' title="bbox 155 1984 1859 2057">
     <span class='ocr_line' id='line_1_20' title="bbox 155 1984 1859 2057; baseline 0.002 -20"><span class='ocrx_word' id='word_1_136' title='bbox 155 1984 320 2054; x_wconf 91' lang='lat' dir='ltr'>quod</span> <span class='ocrx_word' id='word_1_137' title='bbox 350 2001 501 2038; x_wconf 91' lang='lat' dir='ltr'>nunc</span> <span class='ocrx_word' id='word_1_138' title='bbox 530 1985 755 2052; x_wconf 90' lang='lat' dir='ltr'>clarius,</span> <span class='ocrx_word' id='word_1_139' title='bbox 786 2002 939 2040; x_wconf 93' lang='lat' dir='ltr'><strong>nunc</strong></span> <span class='ocrx_word' id='word_1_140' title='bbox 968 1986 1218 2056; x_wconf 87' lang='lat' dir='ltr'>pressius</span> <span class='ocrx_word' id='word_1_141' title='bbox 1248 1987 1447 2041; x_wconf 90' lang='lat' dir='ltr'>eadem</span> <span class='ocrx_word' id='word_1_142' title='bbox 1479 2003 1629 2057; x_wconf 92' lang='lat' dir='ltr'>aqua</span> <span class='ocrx_word' id='word_1_143' title='bbox 1649 1990 1859 2057; x_wconf 83' lang='lat' dir='ltr'>strepe-</span> 
     </span>
    </p>
   </div>
   <div class='ocr_carea' id='block_1_21' title="bbox 155 2073 1860 2146">
    <p class='ocr_par' dir='ltr' id='par_1_21' title="bbox 155 2073 1860 2146">
     <span class='ocr_line' id='line_1_21' title="bbox 155 2073 1860 2146; baseline 0.001 -20"><span class='ocrx_word' id='word_1_144' title='bbox 155 2073 261 2126; x_wconf 86' lang='lat' dir='ltr'>bat</span> <span class='ocrx_word' id='word_1_145' title='bbox 310 2073 560 2128; x_wconf 90' lang='lat' dir='ltr'>silicibus</span> <span class='ocrx_word' id='word_1_146' title='bbox 608 2073 852 2128; x_wconf 86' lang='lat' dir='ltr'>irruens.</span> <span class='ocrx_word' id='word_1_147' title='bbox 888 2073 1043 2144; x_wconf 71' lang='lat' dir='ltr'>Cospi</span> <span class='ocrx_word' id='word_1_148' title='bbox 1074 2091 1107 2128; x_wconf 91' lang='lat' dir='ltr'>a</span> <span class='ocrx_word' id='word_1_149' title='bbox 1158 2091 1250 2128; x_wconf 92' lang='lat' dir='ltr'>me</span> <span class='ocrx_word' id='word_1_150' title='bbox 1291 2091 1544 2146; x_wconf 72' lang='lat' dir='ltr'>quaerere</span> <span class='ocrx_word' id='word_1_151' title='bbox 1594 2092 1860 2146; x_wconf 79' lang='lat' dir='ltr'>quaenam</span> 
     </span>
    </p>
   </div>
   <div class='ocr_carea' id='block_1_22' title="bbox 157 2162 1858 2231">
    <p class='ocr_par' dir='ltr' id='par_1_22' title="bbox 157 2162 1858 2231">
     <span class='ocr_line' id='line_1_22' title="bbox 157 2162 1858 2231; baseline 0.001 -17"><span class='ocrx_word' id='word_1_152' title='bbox 157 2178 331 2215; x_wconf 87' lang='lat' dir='ltr'>causa</span> <span class='ocrx_word' id='word_1_153' title='bbox 363 2166 526 2216; x_wconf 88' lang='lat' dir='ltr'>esset.</span> <span class='ocrx_word' id='word_1_154' title='bbox 560 2163 779 2231; x_wconf 85' lang='lat' dir='ltr'>Fateor,</span> <span class='ocrx_word' id='word_1_155' title='bbox 817 2162 962 2216; x_wconf 87' lang='lat' dir='ltr'><strong>nihil</strong></span> <span class='ocrx_word' id='word_1_156' title='bbox 1000 2163 1366 2230; x_wconf 88' lang='lat' dir='ltr'>occurrebat;</span> <span class='ocrx_word' id='word_1_157' title='bbox 1400 2179 1529 2217; x_wconf 93' lang='lat' dir='ltr'>cum</span> <span class='ocrx_word' id='word_1_158' title='bbox 1575 2163 1858 2218; x_wconf 92' lang='lat' dir='ltr'>Dicentius</span> 
     </span>
    </p>
   </div>
   <div class='ocr_carea' id='block_1_23' title="bbox 158 2249 1858 2321">
    <p class='ocr_par' dir='ltr' id='par_1_23' title="bbox 158 2249 1858 2321">
     <span class='ocr_line' id='line_1_23' title="bbox 158 2249 1858 2321; baseline 0 -17"><span class='ocrx_word' id='word_1_159' title='bbox 158 2251 310 2304; x_wconf 91' lang='lat' dir='ltr'>lecto</span> <span class='ocrx_word' id='word_1_160' title='bbox 341 2266 444 2303; x_wconf 91' lang='lat' dir='ltr'>suo</span> <span class='ocrx_word' id='word_1_161' title='bbox 476 2249 836 2321; x_wconf 90' lang='lat' dir='ltr'>importunos</span> <span class='ocrx_word' id='word_1_162' title='bbox 864 2267 1104 2321; x_wconf 88' lang='lat' dir='ltr'>percuso</span> <span class='ocrx_word' id='word_1_163' title='bbox 1129 2252 1294 2321; x_wconf 84' lang='lat' dir='ltr'>juxta</span> <span class='ocrx_word' id='word_1_164' title='bbox 1323 2251 1479 2321; x_wconf 85' lang='lat' dir='ltr'>ligno</span> <span class='ocrx_word' id='word_1_165' title='bbox 1512 2251 1720 2304; x_wconf 90' lang='lat' dir='ltr'>sorices</span> <span class='ocrx_word' id='word_1_166' title='bbox 1747 2255 1858 2304; x_wconf 90' lang='lat' dir='ltr'>ter-</span> 
     </span>
    </p>
   </div>
   <div class='ocr_carea' id='block_1_24' title="bbox 158 2338 1854 2410">
    <p class='ocr_par' dir='ltr' id='par_1_24' title="bbox 158 2338 1854 2410">
     <span class='ocr_line' id='line_1_24' title="bbox 158 2338 1854 2410; baseline 0.001 -18"><span class='ocrx_word' id='word_1_167' title='bbox 158 2338 301 2402; x_wconf 84' lang='lat' dir='ltr'>ruit,</span> <span class='ocrx_word' id='word_1_168' title='bbox 334 2355 570 2410; x_wconf 85' lang='lat' dir='ltr'>seseque</span> <span class='ocrx_word' id='word_1_169' title='bbox 602 2339 933 2409; x_wconf 77' lang='lat' dir='ltr'>vigilantem</span> <span class='ocrx_word' id='word_1_170' title='bbox 949 2339 1057 2393; x_wconf 90' lang='lat' dir='ltr'>hoc</span> <span class='ocrx_word' id='word_1_171' title='bbox 1083 2340 1249 2393; x_wconf 93' lang='lat' dir='ltr'>modo</span> <span class='ocrx_word' id='word_1_172' title='bbox 1272 2339 1562 2394; x_wconf 82' lang='lat' dir='ltr'>indicavit.</span> <span class='ocrx_word' id='word_1_173' title='bbox 1589 2339 1690 2393; x_wconf 93' lang='lat' dir='ltr'>Cui</span> <span class='ocrx_word' id='word_1_174' title='bbox 1709 2355 1814 2409; x_wconf 86' lang='lat' dir='ltr'>ego</span> <span class='ocrx_word' id='word_1_175' title='bbox 1841 2357 1854 2394; x_wconf 90' lang='lat'><strong>:</strong></span> 
     </span>
    </p>
   </div>
   <div class='ocr_carea' id='block_1_25' title="bbox 158 2426 1859 2498">
    <p class='ocr_par' dir='ltr' id='par_1_25' title="bbox 158 2426 1859 2498">
     <span class='ocr_line' id='line_1_25' title="bbox 158 2426 1859 2498; baseline 0 -18"><span class='ocrx_word' id='word_1_176' title='bbox 158 2426 654 2492; x_wconf 80' lang='lat' dir='ltr'>Animadvertisti,</span> <span class='ocrx_word' id='word_1_177' title='bbox 683 2426 940 2498; x_wconf 90' lang='lat' dir='ltr'>inquam,</span> <span class='ocrx_word' id='word_1_178' title='bbox 959 2426 1168 2481; x_wconf 91' lang='lat' dir='ltr'>Licenti</span> <span class='ocrx_word' id='word_1_179' title='bbox 1184 2426 1337 2498; x_wconf 89' lang='lat' dir='ltr'>(nam</span> <span class='ocrx_word' id='word_1_180' title='bbox 1351 2427 1513 2481; x_wconf 88' lang='lat' dir='ltr'>video</span> <span class='ocrx_word' id='word_1_181' title='bbox 1526 2427 1632 2481; x_wconf 88' lang='lat' dir='ltr'>tibi</span> <span class='ocrx_word' id='word_1_182' title='bbox 1647 2427 1859 2481; x_wconf 82' lang='lat' dir='ltr'>Musam</span> 
     </span>
    </p>
   </div>
   <div class='ocr_carea' id='block_1_26' title="bbox 159 2515 1856 2588">
    <p class='ocr_par' dir='ltr' id='par_1_26' title="bbox 159 2515 1856 2588">
     <span class='ocr_line' id='line_1_26' title="bbox 159 2515 1856 2588; baseline 0.001 -20"><span class='ocrx_word' id='word_1_183' title='bbox 159 2518 325 2568; x_wconf 88' lang='lat' dir='ltr'>tuam</span> <span class='ocrx_word' id='word_1_184' title='bbox 341 2516 535 2568; x_wconf 90' lang='lat' dir='ltr'>lumen</span> <span class='ocrx_word' id='word_1_185' title='bbox 552 2515 619 2568; x_wconf 90' lang='lat' dir='ltr'>ad</span> <span class='ocrx_word' id='word_1_186' title='bbox 633 2515 1050 2570; x_wconf 91' lang='lat' dir='ltr'>lucubrandum</span> <span class='ocrx_word' id='word_1_187' title='bbox 1066 2515 1385 2569; x_wconf 87' lang='lat' dir='ltr'>accendisse</span> <span class='ocrx_word' id='word_1_188' title='bbox 1402 2515 1451 2588; x_wconf 86' lang='grc'>[1</span> <span class='ocrx_word' id='word_1_189' title='bbox 1481 2518 1717 2570; x_wconf 79' lang='lat' dir='ltr'>Retract.</span> <span class='ocrx_word' id='word_1_190' title='bbox 1733 2518 1856 2582; x_wconf 48' lang='lat' dir='ltr'>c.,3,</span> 
     </span>
    </p>
   </div>
   <div class='ocr_carea' id='block_1_27' title="bbox 158 2601 1854 2674">
    <p class='ocr_par' dir='ltr' id='par_1_27' title="bbox 158 2601 1854 2674">
     <span class='ocr_line' id='line_1_27' title="bbox 158 2601 1854 2674; baseline 0 -18"><span class='ocrx_word' id='word_1_191' title='bbox 158 2619 216 2657; x_wconf 83' lang='grc' dir='ltr'><strong>η.</strong></span> <span class='ocrx_word' id='word_1_192' title='bbox 251 2601 356 2674; x_wconf 79' lang='lat'>2]),</span> <span class='ocrx_word' id='word_1_193' title='bbox 377 2603 666 2674; x_wconf 90' lang='lat' dir='ltr'>quomodo</span> <span class='ocrx_word' id='word_1_194' title='bbox 697 2603 908 2657; x_wconf 89' lang='lat' dir='ltr'>canalis</span> <span class='ocrx_word' id='word_1_195' title='bbox 930 2603 1035 2656; x_wconf 91' lang='lat' dir='ltr'>iste</span> <span class='ocrx_word' id='word_1_196' title='bbox 1064 2603 1451 2657; x_wconf 88' lang='lat' dir='ltr'>inconstanter</span> <span class='ocrx_word' id='word_1_197' title='bbox 1479 2608 1642 2658; x_wconf 91' lang='lat' dir='ltr'>sonet</span> <span class='ocrx_word' id='word_1_198' title='bbox 1662 2605 1735 2657; x_wconf 83' lang='lat' dir='ltr'>?J</span> <span class='ocrx_word' id='word_1_199' title='bbox 1743 2620 1854 2670; x_wconf 90' lang='lat' dir='ltr'>am,</span> 
     </span>
    </p>
   </div>
   <div class='ocr_carea' id='block_1_28' title="bbox 160 2691 1859 2762">
    <p class='ocr_par' dir='ltr' id='par_1_28' title="bbox 160 2691 1859 2762">
     <span class='ocr_line' id='line_1_28' title="bbox 160 2691 1859 2762; baseline 0.001 -18"><span class='ocrx_word' id='word_1_200' title='bbox 160 2691 373 2762; x_wconf 85' lang='lat' dir='ltr'>inquit,</span> <span class='ocrx_word' id='word_1_201' title='bbox 416 2691 556 2744; x_wconf 91' lang='lat' dir='ltr'>mihi</span> <span class='ocrx_word' id='word_1_202' title='bbox 587 2692 694 2744; x_wconf 91' lang='lat' dir='ltr'>hoc</span> <span class='ocrx_word' id='word_1_203' title='bbox 719 2707 836 2744; x_wconf 92' lang='lat' dir='ltr'>non</span> <span class='ocrx_word' id='word_1_204' title='bbox 869 2695 954 2744; x_wconf 90' lang='lat' dir='ltr'>est</span> <span class='ocrx_word' id='word_1_205' title='bbox 979 2706 1217 2746; x_wconf 87' lang='lat' dir='ltr'>novum.</span> <span class='ocrx_word' id='word_1_206' title='bbox 1249 2692 1389 2744; x_wconf 83' lang='lat' dir='ltr'>Nam</span> <span class='ocrx_word' id='word_1_207' title='bbox 1413 2691 1694 2745; x_wconf 88' lang='lat' dir='ltr'>desiderio</span> <span class='ocrx_word' id='word_1_208' title='bbox 1713 2708 1859 2746; x_wconf 87' lang='lat' dir='ltr'>sere-</span> 
     </span>
    </p>
   </div>
   <div class='ocr_carea' id='block_1_29' title="bbox 159 2778 1858 2850">
    <p class='ocr_par' dir='ltr' id='par_1_29' title="bbox 159 2778 1858 2850">
     <span class='ocr_line' id='line_1_29' title="bbox 159 2778 1858 2850; baseline 0 -17"><span class='ocrx_word' id='word_1_209' title='bbox 159 2779 362 2833; x_wconf 88' lang='lat' dir='ltr'>nitatis</span> <span class='ocrx_word' id='word_1_210' title='bbox 392 2795 521 2832; x_wconf 92' lang='lat' dir='ltr'>cum</span> <span class='ocrx_word' id='word_1_211' title='bbox 553 2778 978 2850; x_wconf 84' lang='lat' dir='ltr'>expergefactus</span> <span class='ocrx_word' id='word_1_212' title='bbox 1008 2779 1311 2850; x_wconf 89' lang='lat' dir='ltr'>aliquando</span> <span class='ocrx_word' id='word_1_213' title='bbox 1341 2795 1538 2832; x_wconf 89' lang='lat' dir='ltr'>aurem</span> <span class='ocrx_word' id='word_1_214' title='bbox 1578 2779 1858 2833; x_wconf 91' lang='lat' dir='ltr'>admovis-</span> 
     </span>
    </p>
   </div>
   <div class='ocr_carea' id='block_1_30' title="bbox 162 2866 1860 2938">
    <p class='ocr_par' dir='ltr' id='par_1_30' title="bbox 162 2866 1860 2938">
     <span class='ocr_line' id='line_1_30' title="bbox 162 2866 1860 2938; baseline 0.001 -18"><span class='ocrx_word' id='word_1_215' title='bbox 162 2883 307 2931; x_wconf 92' lang='lat' dir='ltr'>sem,</span> <span class='ocrx_word' id='word_1_216' title='bbox 341 2883 413 2920; x_wconf 90' lang='lat' dir='ltr'>ne</span> <span class='ocrx_word' id='word_1_217' title='bbox 445 2866 630 2920; x_wconf 90' lang='lat' dir='ltr'>imber</span> <span class='ocrx_word' id='word_1_218' title='bbox 659 2867 972 2937; x_wconf 87' lang='lat' dir='ltr'>ingrueret,</span> <span class='ocrx_word' id='word_1_219' title='bbox 1006 2867 1112 2920; x_wconf 90' lang='lat' dir='ltr'>hoc</span> <span class='ocrx_word' id='word_1_220' title='bbox 1144 2866 1348 2934; x_wconf 88' lang='lat' dir='ltr'>agebat</span> <span class='ocrx_word' id='word_1_221' title='bbox 1379 2882 1527 2936; x_wconf 88' lang='lat' dir='ltr'>aqua</span> <span class='ocrx_word' id='word_1_222' title='bbox 1559 2866 1667 2920; x_wconf 89' lang='lat' dir='ltr'>ista</span> <span class='ocrx_word' id='word_1_223' title='bbox 1705 2868 1860 2938; x_wconf 89' lang='lat' dir='ltr'>quod</span> 
     </span>
    </p>
   </div>
   <div class='ocr_carea' id='block_1_31' title="bbox 164 2953 1858 3025">
    <p class='ocr_par' dir='ltr' id='par_1_31' title="bbox 164 2953 1858 3025">
     <span class='ocr_line' id='line_1_31' title="bbox 164 2953 1858 3025; baseline 0.001 -17"><span class='ocrx_word' id='word_1_224' title='bbox 164 2971 336 3008; x_wconf 92' lang='lat' dir='ltr'>nunc.</span> <span class='ocrx_word' id='word_1_225' title='bbox 369 2955 726 3024; x_wconf 84' lang='lat' dir='ltr'>Approbavit</span> <span class='ocrx_word' id='word_1_226' title='bbox 754 2954 1072 3025; x_wconf 87' lang='lat' dir='ltr'>Trygetius.</span> <span class='ocrx_word' id='word_1_227' title='bbox 1112 2955 1254 3008; x_wconf 89' lang='lat' dir='ltr'>Nam</span> <span class='ocrx_word' id='word_1_228' title='bbox 1285 2957 1339 3007; x_wconf 90' lang='lat' dir='ltr'>et</span> <span class='ocrx_word' id='word_1_229' title='bbox 1385 2953 1505 3024; x_wconf 89' lang='lat' dir='ltr'>ipse</span> <span class='ocrx_word' id='word_1_230' title='bbox 1551 2954 1614 3007; x_wconf 92' lang='lat' dir='ltr'>in</span> <span class='ocrx_word' id='word_1_231' title='bbox 1659 2956 1858 3009; x_wconf 88' lang='lat' dir='ltr'>eodem</span> 
     </span>
    </p>
   </div>
   <div class='ocr_carea' id='block_1_32' title="bbox 163 3042 1859 3113">
    <p class='ocr_par' dir='ltr' id='par_1_32' title="bbox 163 3042 1859 3113">
     <span class='ocr_line' id='line_1_32' title="bbox 163 3042 1859 3113; baseline -0.001 -16"><span class='ocrx_word' id='word_1_232' title='bbox 163 3043 420 3097; x_wconf 89' lang='lat' dir='ltr'>conclavi</span> <span class='ocrx_word' id='word_1_233' title='bbox 451 3042 593 3096; x_wconf 90' lang='lat' dir='ltr'>lecto</span> <span class='ocrx_word' id='word_1_234' title='bbox 624 3059 726 3096; x_wconf 90' lang='lat' dir='ltr'>suo</span> <span class='ocrx_word' id='word_1_235' title='bbox 755 3043 968 3096; x_wconf 87' lang='lat' dir='ltr'>cubans</span> <span class='ocrx_word' id='word_1_236' title='bbox 993 3042 1285 3113; x_wconf 87' lang='lat' dir='ltr'>vigilabat,</span> <span class='ocrx_word' id='word_1_237' title='bbox 1338 3042 1503 3095; x_wconf 91' lang='lat' dir='ltr'>nobis</span> <span class='ocrx_word' id='word_1_238' title='bbox 1552 3043 1859 3096; x_wconf 92' lang='lat' dir='ltr'>nescienti-</span> 
     </span>
    </p>
   </div>
   <div class='ocr_carea' id='block_1_33' title="bbox 162 3130 1859 3201">
    <p class='ocr_par' dir='ltr' id='par_1_33' title="bbox 162 3130 1859 3201">
     <span class='ocr_line' id='line_1_33' title="bbox 162 3130 1859 3201; baseline 0 -17"><span class='ocrx_word' id='word_1_239' title='bbox 162 3131 305 3185; x_wconf 87' lang='lat' dir='ltr'>bus:</span> <span class='ocrx_word' id='word_1_240' title='bbox 341 3135 504 3185; x_wconf 87' lang='lat' dir='ltr'>erant</span> <span class='ocrx_word' id='word_1_241' title='bbox 533 3130 685 3185; x_wconf 88' lang='lat' dir='ltr'>enim</span> <span class='ocrx_word' id='word_1_242' title='bbox 717 3131 968 3185; x_wconf 66' lang='lat' dir='ltr'>tenebrm</span> <span class='ocrx_word' id='word_1_243' title='bbox 992 3147 1006 3197; x_wconf 90' lang='lat'>;</span> <span class='ocrx_word' id='word_1_244' title='bbox 1041 3131 1193 3201; x_wconf 90' lang='lat' dir='ltr'>quod</span> <span class='ocrx_word' id='word_1_245' title='bbox 1221 3130 1283 3183; x_wconf 93' lang='lat' dir='ltr'>in</span> <span class='ocrx_word' id='word_1_246' title='bbox 1311 3130 1472 3184; x_wconf 88' lang='lat' dir='ltr'>Italia</span> <span class='ocrx_word' id='word_1_247' title='bbox 1498 3131 1672 3191; x_wconf 87' lang='lat' dir='ltr'>etiam</span> <span class='ocrx_word' id='word_1_248' title='bbox 1694 3147 1859 3201; x_wconf 88' lang='lat' dir='ltr'>pecu-</span> 
     </span>
    </p>
   </div>
   <div class='ocr_carea' id='block_1_34' title="bbox 164 3221 939 3291">
    <p class='ocr_par' dir='ltr' id='par_1_34' title="bbox 164 3221 939 3291">
     <span class='ocr_line' id='line_1_34' title="bbox 164 3221 939 3291; baseline 0.001 -17"><span class='ocrx_word' id='word_1_249' title='bbox 164 3221 345 3274; x_wconf 87' lang='lat' dir='ltr'>niosis</span> <span class='ocrx_word' id='word_1_250' title='bbox 371 3237 551 3291; x_wconf 88' lang='lat' dir='ltr'>prope</span> <span class='ocrx_word' id='word_1_251' title='bbox 578 3236 804 3274; x_wconf 90' lang='lat' dir='ltr'>necesse</span> <span class='ocrx_word' id='word_1_252' title='bbox 835 3224 939 3275; x_wconf 88' lang='lat' dir='ltr'>est.</span> 
     </span>
    </p>
   </div>
   <div class='ocr_carea' id='block_1_35' title="bbox 233 3308 1860 3379">
    <p class='ocr_par' dir='ltr' id='par_1_35' title="bbox 233 3308 1860 3379">
     <span class='ocr_line' id='line_1_35' title="bbox 233 3308 1860 3379; baseline 0.001 -17"><span class='ocrx_word' id='word_1_253' title='bbox 233 3313 289 3362; x_wconf 87' lang='lat'>&#39;7.</span> <span class='ocrx_word' id='word_1_254' title='bbox 325 3310 470 3379; x_wconf 85' lang='lat' dir='ltr'>Ergo</span> <span class='ocrx_word' id='word_1_255' title='bbox 503 3308 598 3362; x_wconf 89' lang='lat' dir='ltr'>ubi</span> <span class='ocrx_word' id='word_1_256' title='bbox 625 3309 740 3362; x_wconf 91' lang='lat' dir='ltr'>vidi</span> <span class='ocrx_word' id='word_1_257' title='bbox 779 3309 1032 3362; x_wconf 88' lang='lat' dir='ltr'>scholam</span> <span class='ocrx_word' id='word_1_258' title='bbox 1077 3311 1348 3374; x_wconf 88' lang='lat' dir='ltr'>nostram,</span> <span class='ocrx_word' id='word_1_259' title='bbox 1398 3311 1860 3379; x_wconf 88' lang='lat' dir='ltr'>quantacumque</span> 
     </span>
    </p>
   </div>
   <div class='ocr_carea' id='block_1_36' title="bbox 168 3395 1858 3468">
    <p class='ocr_par' dir='ltr' id='par_1_36' title="bbox 168 3395 1858 3468">
     <span class='ocr_line' id='line_1_36' title="bbox 168 3395 1858 3468; baseline -0.001 -17"><span class='ocrx_word' id='word_1_260' title='bbox 168 3398 382 3462; x_wconf 89' lang='lat' dir='ltr'>aderat,</span> <span class='ocrx_word' id='word_1_261' title='bbox 418 3414 552 3451; x_wconf 92' lang='lat' dir='ltr'>nam</span> <span class='ocrx_word' id='word_1_262' title='bbox 582 3401 637 3451; x_wconf 90' lang='lat' dir='ltr'>et</span> <span class='ocrx_word' id='word_1_263' title='bbox 663 3397 900 3468; x_wconf 78' lang='lat' dir='ltr'>Alypius</span> <span class='ocrx_word' id='word_1_264' title='bbox 929 3399 984 3450; x_wconf 91' lang='lat' dir='ltr'>et</span> <span class='ocrx_word' id='word_1_265' title='bbox 1029 3396 1298 3466; x_wconf 83' lang='lat' dir='ltr'>Navigius</span> <span class='ocrx_word' id='word_1_266' title='bbox 1336 3398 1396 3450; x_wconf 90' lang='lat' dir='ltr'><strong>in</strong></span> <span class='ocrx_word' id='word_1_267' title='bbox 1428 3395 1629 3449; x_wconf 85' lang='lat' dir='ltr'>urbem</span> <span class='ocrx_word' id='word_1_268' title='bbox 1658 3395 1858 3458; x_wconf 87' lang='lat' dir='ltr'>ierant,</span> 
     </span>
    </p>
   </div>
   <div class='ocr_carea' id='block_1_37' title="bbox 166 3483 1860 3555">
    <p class='ocr_par' dir='ltr' id='par_1_37' title="bbox 166 3483 1860 3555">
     <span class='ocr_line' id='line_1_37' title="bbox 166 3483 1860 3555; baseline -0.001 -16"><span class='ocrx_word' id='word_1_269' title='bbox 166 3485 342 3540; x_wconf 89' lang='lat' dir='ltr'>etiam</span> <span class='ocrx_word' id='word_1_270' title='bbox 371 3486 483 3538; x_wconf 91' lang='lat' dir='ltr'><strong>illis</strong></span> <span class='ocrx_word' id='word_1_271' title='bbox 507 3485 664 3539; x_wconf 90' lang='lat' dir='ltr'>horis</span> <span class='ocrx_word' id='word_1_272' title='bbox 689 3501 806 3538; x_wconf 92' lang='lat' dir='ltr'>non</span> <span class='ocrx_word' id='word_1_273' title='bbox 826 3483 1092 3554; x_wconf 89' lang='lat' dir='ltr'>sopitam,</span> <span class='ocrx_word' id='word_1_274' title='bbox 1126 3488 1183 3537; x_wconf 86' lang='lat' dir='ltr'>et</span> <span class='ocrx_word' id='word_1_275' title='bbox 1210 3499 1302 3537; x_wconf 91' lang='lat' dir='ltr'>me</span> <span class='ocrx_word' id='word_1_276' title='bbox 1332 3499 1529 3537; x_wconf 89' lang='lat' dir='ltr'>cursus</span> <span class='ocrx_word' id='word_1_277' title='bbox 1559 3483 1655 3537; x_wconf 92' lang='lat' dir='ltr'>ille</span> <span class='ocrx_word' id='word_1_278' title='bbox 1684 3501 1860 3555; x_wconf 89' lang='lat' dir='ltr'>aqua—</span> 
     </span>
    </p>
   </div>
   <div class='ocr_carea' id='block_1_38' title="bbox 165 3571 1858 3643">
    <p class='ocr_par' dir='ltr' id='par_1_38' title="bbox 165 3571 1858 3643">
     <span class='ocr_line' id='line_1_38' title="bbox 165 3571 1858 3643; baseline -0.002 -15"><span class='ocrx_word' id='word_1_279' title='bbox 165 3590 295 3628; x_wconf 90' lang='lat' dir='ltr'>rum</span> <span class='ocrx_word' id='word_1_280' title='bbox 327 3574 545 3643; x_wconf 89' lang='lat' dir='ltr'>aliquid</span> <span class='ocrx_word' id='word_1_281' title='bbox 566 3573 635 3626; x_wconf 88' lang='lat' dir='ltr'>de</span> <span class='ocrx_word' id='word_1_282' title='bbox 666 3588 723 3626; x_wconf 90' lang='lat' dir='ltr'>se</span> <span class='ocrx_word' id='word_1_283' title='bbox 753 3572 940 3627; x_wconf 89' lang='lat' dir='ltr'>dicere</span> <span class='ocrx_word' id='word_1_284' title='bbox 969 3571 1313 3626; x_wconf 90' lang='lat' dir='ltr'>admonebat</span> <span class='ocrx_word' id='word_1_285' title='bbox 1334 3591 1350 3626; x_wconf 90' lang='lat'><strong><em>:</em></strong></span> <span class='ocrx_word' id='word_1_286' title='bbox 1374 3571 1660 3636; x_wconf 86' lang='lat' dir='ltr'>Quidnam</span> <span class='ocrx_word' id='word_1_287' title='bbox 1683 3572 1858 3641; x_wconf 90' lang='lat' dir='ltr'>vobis,</span> 
     </span>
    </p>
   </div>
   <div class='ocr_carea' id='block_1_39' title="bbox 165 3660 1860 3733">
    <p class='ocr_par' dir='ltr' id='par_1_39' title="bbox 165 3660 1860 3733">
     <span class='ocr_line' id='line_1_39' title="bbox 165 3660 1860 3733; baseline -0.002 -16"><span class='ocrx_word' id='word_1_288' title='bbox 165 3663 427 3733; x_wconf 90' lang='lat' dir='ltr'>inquam,</span> <span class='ocrx_word' id='word_1_289' title='bbox 461 3662 684 3716; x_wconf 87' lang='lat' dir='ltr'>videtur</span> <span class='ocrx_word' id='word_1_290' title='bbox 712 3677 831 3715; x_wconf 89' lang='lat' dir='ltr'>esse</span> <span class='ocrx_word' id='word_1_291' title='bbox 860 3677 1044 3715; x_wconf 57' lang='lat' dir='ltr'>causae</span> <span class='ocrx_word' id='word_1_292' title='bbox 1077 3660 1231 3731; x_wconf 91' lang='lat' dir='ltr'>quod</span> <span class='ocrx_word' id='word_1_293' title='bbox 1261 3661 1338 3714; x_wconf 89' lang='lat' dir='ltr'>sic</span> <span class='ocrx_word' id='word_1_294' title='bbox 1369 3661 1613 3714; x_wconf 87' lang='lat' dir='ltr'>alternat</span> <span class='ocrx_word' id='word_1_295' title='bbox 1639 3660 1731 3714; x_wconf 87' lang='lat' dir='ltr'>hic</span> <span class='ocrx_word' id='word_1_296' title='bbox 1773 3677 1860 3714; x_wconf 88' lang='lat' dir='ltr'>so-</span> 
     </span>
    </p>
   </div>
   <div class='ocr_carea' id='block_1_40' title="bbox 164 3748 1859 3820">
    <p class='ocr_par' dir='ltr' id='par_1_40' title="bbox 164 3748 1859 3820">
     <span class='ocr_line' id='line_1_40' title="bbox 164 3748 1859 3820; baseline -0.001 -16"><span class='ocrx_word' id='word_1_297' title='bbox 164 3752 322 3805; x_wconf 84' lang='lat' dir='ltr'>nus?</span> <span class='ocrx_word' id='word_1_298' title='bbox 365 3751 488 3804; x_wconf 86' lang='lat' dir='ltr'>Non</span> <span class='ocrx_word' id='word_1_299' title='bbox 538 3750 691 3804; x_wconf 90' lang='lat' dir='ltr'>enim</span> <span class='ocrx_word' id='word_1_300' title='bbox 735 3763 1085 3820; x_wconf 90' lang='lat' dir='ltr'>quemquam</span> <span class='ocrx_word' id='word_1_301' title='bbox 1135 3753 1402 3820; x_wconf 88' lang='lat' dir='ltr'>putamus</span> <span class='ocrx_word' id='word_1_302' title='bbox 1441 3748 1530 3802; x_wconf 91' lang='lat' dir='ltr'>his</span> <span class='ocrx_word' id='word_1_303' title='bbox 1566 3748 1725 3802; x_wconf 89' lang='lat' dir='ltr'>horis</span> <span class='ocrx_word' id='word_1_304' title='bbox 1773 3751 1859 3802; x_wconf 75' lang='lat' dir='ltr'>vel</span> 
     </span>
    </p>
   </div>
   <div class='ocr_carea' id='block_1_41' title="bbox 162 3836 1860 3908">
    <p class='ocr_par' dir='ltr' id='par_1_41' title="bbox 162 3836 1860 3908">
     <span class='ocr_line' id='line_1_41' title="bbox 162 3836 1860 3908; baseline -0.002 -15"><span class='ocrx_word' id='word_1_305' title='bbox 162 3839 428 3904; x_wconf 87' lang='lat' dir='ltr'>transitu,</span> <span class='ocrx_word' id='word_1_306' title='bbox 478 3839 566 3892; x_wconf 89' lang='lat' dir='ltr'>vel</span> <span class='ocrx_word' id='word_1_307' title='bbox 620 3855 682 3892; x_wconf 91' lang='lat' dir='ltr'>re</span> <span class='ocrx_word' id='word_1_308' title='bbox 712 3839 905 3908; x_wconf 89' lang='lat' dir='ltr'>aliqua</span> <span class='ocrx_word' id='word_1_309' title='bbox 941 3838 1180 3891; x_wconf 90' lang='lat' dir='ltr'>lavanda</span> <span class='ocrx_word' id='word_1_310' title='bbox 1212 3837 1378 3890; x_wconf 88' lang='lat' dir='ltr'>toties</span> <span class='ocrx_word' id='word_1_311' title='bbox 1418 3836 1581 3889; x_wconf 91' lang='lat' dir='ltr'>illum</span> <span class='ocrx_word' id='word_1_312' title='bbox 1598 3841 1860 3890; x_wconf 91' lang='lat' dir='ltr'>meatum</span> 
     </span>
    </p>
   </div>
   <div class='ocr_carea' id='block_1_42' title="bbox 167 3924 1864 3996">
    <p class='ocr_par' dir='ltr' id='par_1_42' title="bbox 167 3924 1864 3996">
     <span class='ocr_line' id='line_1_42' title="bbox 167 3924 1864 3996; baseline -0.002 -15"><span class='ocrx_word' id='word_1_313' title='bbox 167 3927 553 3996; x_wconf 88' lang='lat' dir='ltr'>interpellare.</span> <span class='ocrx_word' id='word_1_314' title='bbox 577 3927 722 3991; x_wconf 88' lang='lat' dir='ltr'>Quid</span> <span class='ocrx_word' id='word_1_315' title='bbox 755 3931 940 3996; x_wconf 88' lang='lat' dir='ltr'>putas,</span> <span class='ocrx_word' id='word_1_316' title='bbox 960 3925 1150 3995; x_wconf 92' lang='lat' dir='ltr'>inquit</span> <span class='ocrx_word' id='word_1_317' title='bbox 1180 3924 1484 3989; x_wconf 89' lang='lat' dir='ltr'>Licentius,</span> <span class='ocrx_word' id='word_1_318' title='bbox 1519 3924 1629 3977; x_wconf 89' lang='lat' dir='ltr'>nisi</span> <span class='ocrx_word' id='word_1_319' title='bbox 1654 3924 1864 3978; x_wconf 90' lang='lat' dir='ltr'>alicubi</span> 
     </span>
    </p>
   </div>
   <div class='ocr_carea' id='block_1_43' title="bbox 167 4012 1862 4086">
    <p class='ocr_par' dir='ltr' id='par_1_43' title="bbox 167 4012 1862 4086">
     <span class='ocr_line' id='line_1_43' title="bbox 167 4012 1862 4086; baseline -0.002 -15"><span class='ocrx_word' id='word_1_320' title='bbox 167 4016 302 4071; x_wconf 86' lang='lat' dir='ltr'>folia</span> <span class='ocrx_word' id='word_1_321' title='bbox 331 4015 715 4086; x_wconf 89' lang='lat' dir='ltr'>cujuscemodi</span> <span class='ocrx_word' id='word_1_322' title='bbox 746 4031 873 4086; x_wconf 78' lang='lat' dir='ltr'>quae</span> <span class='ocrx_word' id='word_1_323' title='bbox 903 4020 1183 4068; x_wconf 89' lang='lat' dir='ltr'>autumno</span> <span class='ocrx_word' id='word_1_324' title='bbox 1212 4017 1488 4084; x_wconf 90' lang='lat' dir='ltr'>perpetuo</span> <span class='ocrx_word' id='word_1_325' title='bbox 1520 4012 1862 4083; x_wconf 90' lang='lat' dir='ltr'>copioseque</span> 
     </span>
    </p>
   </div>
   <div class='ocr_carea' id='block_1_44' title="bbox 170 4099 1862 4174">
    <p class='ocr_par' dir='ltr' id='par_1_44' title="bbox 170 4099 1862 4174">
     <span class='ocr_line' id='line_1_44' title="bbox 170 4099 1862 4174; baseline -0.004 -14"><span class='ocrx_word' id='word_1_326' title='bbox 170 4105 458 4171; x_wconf 90' lang='lat' dir='ltr'>decidunt,</span> <span class='ocrx_word' id='word_1_327' title='bbox 490 4103 770 4174; x_wconf 89' lang='lat' dir='ltr'>angustiis</span> <span class='ocrx_word' id='word_1_328' title='bbox 800 4103 1008 4157; x_wconf 89' lang='lat' dir='ltr'>canalis</span> <span class='ocrx_word' id='word_1_329' title='bbox 1027 4103 1334 4156; x_wconf 84' lang='lat' dir='ltr'>intertrusa</span> <span class='ocrx_word' id='word_1_330' title='bbox 1362 4099 1541 4153; x_wconf 91' lang='lat' dir='ltr'>evinci</span> <span class='ocrx_word' id='word_1_331' title='bbox 1557 4100 1862 4170; x_wconf 90' lang='lat' dir='ltr'>aliquando</span> 
     </span>
    </p>
   </div>
   <div class='ocr_carea' id='block_1_45' title="bbox 169 4189 1862 4264">
    <p class='ocr_par' dir='ltr' id='par_1_45' title="bbox 169 4189 1862 4264">
     <span class='ocr_line' id='line_1_45' title="bbox 169 4189 1862 4264; baseline -0.004 -16"><span class='ocrx_word' id='word_1_332' title='bbox 169 4198 339 4264; x_wconf 88' lang='lat' dir='ltr'>atque</span> <span class='ocrx_word' id='word_1_333' title='bbox 351 4193 579 4247; x_wconf 88' lang='lat' dir='ltr'>cedere:</span> <span class='ocrx_word' id='word_1_334' title='bbox 603 4192 703 4246; x_wconf 93' lang='lat' dir='ltr'>ubi</span> <span class='ocrx_word' id='word_1_335' title='bbox 717 4197 904 4246; x_wconf 90' lang='lat' dir='ltr'>autem</span> <span class='ocrx_word' id='word_1_336' title='bbox 922 4191 1076 4245; x_wconf 91' lang='lat' dir='ltr'>unda</span> <span class='ocrx_word' id='word_1_337' title='bbox 1087 4205 1214 4260; x_wconf 73' lang='lat' dir='ltr'>quae</span> <span class='ocrx_word' id='word_1_338' title='bbox 1227 4189 1486 4259; x_wconf 88' lang='lat' dir='ltr'>urgebat,</span> <span class='ocrx_word' id='word_1_339' title='bbox 1515 4189 1862 4258; x_wconf 88' lang='lat' dir='ltr'>pertransie-</span> 
     </span>
    </p>
   </div>
   <div class='ocr_carea' id='block_1_46' title="bbox 171 4275 1864 4356">
    <p class='ocr_par' dir='ltr' id='par_1_46' title="bbox 171 4275 1864 4356">
     <span class='ocr_line' id='line_1_46' title="bbox 171 4275 1864 4356; baseline -0.002 -22"><span class='ocrx_word' id='word_1_340' title='bbox 171 4281 266 4346; x_wconf 91' lang='lat' dir='ltr'>rit,</span> <span class='ocrx_word' id='word_1_341' title='bbox 285 4296 514 4334; x_wconf 91' lang='lat' dir='ltr'>rursum</span> <span class='ocrx_word' id='word_1_342' title='bbox 536 4279 728 4350; x_wconf 90' lang='lat' dir='ltr'>colligi</span> <span class='ocrx_word' id='word_1_343' title='bbox 748 4283 918 4350; x_wconf 81' lang='lat' dir='ltr'>atque</span> <span class='ocrx_word' id='word_1_344' title='bbox 939 4277 1136 4348; x_wconf 90' lang='lat' dir='ltr'>stipari</span> <span class='ocrx_word' id='word_1_345' title='bbox 1158 4294 1170 4331; x_wconf 91' lang='lat'>:</span> <span class='ocrx_word' id='word_1_346' title='bbox 1197 4282 1294 4330; x_wconf 90' lang='lat' dir='ltr'>aut</span> <span class='ocrx_word' id='word_1_347' title='bbox 1308 4276 1525 4356; x_wconf 88' lang='lat' dir='ltr'>aliquid</span> <span class='ocrx_word' id='word_1_348' title='bbox 1540 4275 1694 4330; x_wconf 88' lang='lat' dir='ltr'>aliud</span> <span class='ocrx_word' id='word_1_349' title='bbox 1708 4276 1864 4330; x_wconf 90' lang='lat' dir='ltr'>vario</span> 
     </span>
    </p>
   </div>
   <div class='ocr_carea' id='block_1_47' title="bbox 171 4365 1866 4436">
    <p class='ocr_par' dir='ltr' id='par_1_47' title="bbox 171 4365 1866 4436">
     <span class='ocr_line' id='line_1_47' title="bbox 171 4365 1866 4436; baseline -0.003 -13"><span class='ocrx_word' id='word_1_350' title='bbox 171 4385 300 4423; x_wconf 88' lang='lat' dir='ltr'>casu</span> <span class='ocrx_word' id='word_1_351' title='bbox 333 4368 600 4423; x_wconf 91' lang='lat' dir='ltr'>foliorum</span> <span class='ocrx_word' id='word_1_352' title='bbox 633 4368 951 4421; x_wconf 87' lang='lat' dir='ltr'>natantium</span> <span class='ocrx_word' id='word_1_353' title='bbox 988 4366 1134 4429; x_wconf 88' lang='lat' dir='ltr'>ﬁeri,</span> <span class='ocrx_word' id='word_1_354' title='bbox 1169 4366 1323 4436; x_wconf 93' lang='lat' dir='ltr'>quod</span> <span class='ocrx_word' id='word_1_355' title='bbox 1355 4365 1426 4419; x_wconf 91' lang='lat' dir='ltr'>ad</span> <span class='ocrx_word' id='word_1_356' title='bbox 1451 4365 1614 4419; x_wconf 90' lang='lat' dir='ltr'>illum</span> <span class='ocrx_word' id='word_1_357' title='bbox 1645 4365 1866 4419; x_wconf 81' lang='lat' dir='ltr'>ﬂuxum</span> 
     </span>
    </p>
   </div>
   <div class='ocr_carea' id='block_1_48' title="bbox 172 4452 1866 4523">
    <p class='ocr_par' dir='ltr' id='par_1_48' title="bbox 172 4452 1866 4523">
     <span class='ocr_line' id='line_1_48' title="bbox 172 4452 1866 4523; baseline -0.001 -13"><span class='ocrx_word' id='word_1_358' title='bbox 172 4472 325 4510; x_wconf 89' lang='lat' dir='ltr'>nunc</span> <span class='ocrx_word' id='word_1_359' title='bbox 339 4456 767 4523; x_wconf 86' lang='lat' dir='ltr'>refrenandum,</span> <span class='ocrx_word' id='word_1_360' title='bbox 785 4471 937 4509; x_wconf 90' lang='lat' dir='ltr'>nunc</span> <span class='ocrx_word' id='word_1_361' title='bbox 957 4453 1336 4507; x_wconf 89' lang='lat' dir='ltr'>emittendum</span> <span class='ocrx_word' id='word_1_362' title='bbox 1360 4452 1626 4506; x_wconf 89' lang='lat' dir='ltr'>similiter</span> <span class='ocrx_word' id='word_1_363' title='bbox 1638 4453 1866 4508; x_wconf 82' lang='lat' dir='ltr'>valeat?</span> 
     </span>
    </p>
   </div>
   <div class='ocr_carea' id='block_1_49' title="bbox 171 4540 1864 4614">
    <p class='ocr_par' dir='ltr' id='par_1_49' title="bbox 171 4540 1864 4614">
     <span class='ocr_line' id='line_1_49' title="bbox 171 4540 1864 4614; baseline -0.002 -17"><span class='ocrx_word' id='word_1_364' title='bbox 171 4545 365 4598; x_wconf 83' lang='lat' dir='ltr'>Visum</span> <span class='ocrx_word' id='word_1_365' title='bbox 388 4550 473 4598; x_wconf 90' lang='lat' dir='ltr'>est</span> <span class='ocrx_word' id='word_1_366' title='bbox 486 4544 625 4598; x_wconf 89' lang='lat' dir='ltr'>mihi</span> <span class='ocrx_word' id='word_1_367' title='bbox 651 4543 946 4614; x_wconf 87' lang='lat' dir='ltr'>probabile</span> <span class='ocrx_word' id='word_1_368' title='bbox 967 4541 1118 4596; x_wconf 88' lang='lat' dir='ltr'>aliud</span> <span class='ocrx_word' id='word_1_369' title='bbox 1141 4558 1256 4596; x_wconf 93' lang='lat' dir='ltr'>non</span> <span class='ocrx_word' id='word_1_370' title='bbox 1270 4540 1520 4605; x_wconf 84' lang='lat' dir='ltr'>habenti,</span> <span class='ocrx_word' id='word_1_371' title='bbox 1546 4541 1864 4595; x_wconf 80' lang='lat' dir='ltr'>confessus-</span> 
     </span>
    </p>
   </div>
   <div class='ocr_carea' id='block_1_50' title="bbox 174 4629 1862 4705">
    <p class='ocr_par' dir='ltr' id='par_1_50' title="bbox 174 4629 1862 4705">
     <span class='ocr_line' id='line_1_50' title="bbox 174 4629 1862 4705; baseline -0.004 -18"><span class='ocrx_word' id='word_1_372' title='bbox 174 4650 285 4705; x_wconf 91' lang='lat' dir='ltr'>que</span> <span class='ocrx_word' id='word_1_373' title='bbox 316 4649 466 4702; x_wconf 91' lang='lat' dir='ltr'>sum,</span> <span class='ocrx_word' id='word_1_374' title='bbox 496 4633 733 4687; x_wconf 88' lang='lat' dir='ltr'>laudans</span> <span class='ocrx_word' id='word_1_375' title='bbox 754 4631 1050 4702; x_wconf 90' lang='lat' dir='ltr'>ingenium</span> <span class='ocrx_word' id='word_1_376' title='bbox 1081 4631 1225 4700; x_wconf 87' lang='lat' dir='ltr'>ejus,</span> <span class='ocrx_word' id='word_1_377' title='bbox 1258 4629 1400 4682; x_wconf 86' lang='lat' dir='ltr'>nihil</span> <span class='ocrx_word' id='word_1_378' title='bbox 1432 4644 1523 4683; x_wconf 91' lang='lat' dir='ltr'>me</span> <span class='ocrx_word' id='word_1_379' title='bbox 1555 4629 1862 4694; x_wconf 89' lang='lat' dir='ltr'>invenisse,</span> 
     </span>
    </p>
   </div>
   <div class='ocr_carea' id='block_1_51' title="bbox 175 4720 1228 4792">
    <p class='ocr_par' dir='ltr' id='par_1_51' title="bbox 175 4720 1228 4792">
     <span class='ocr_line' id='line_1_51' title="bbox 175 4720 1228 4792; baseline -0.005 -16"><span class='ocrx_word' id='word_1_380' title='bbox 175 4739 304 4776; x_wconf 92' lang='lat' dir='ltr'>cum</span> <span class='ocrx_word' id='word_1_381' title='bbox 338 4722 436 4776; x_wconf 92' lang='lat' dir='ltr'>diu</span> <span class='ocrx_word' id='word_1_382' title='bbox 465 4721 796 4792; x_wconf 67' lang='lat' dir='ltr'>quaesissem</span> <span class='ocrx_word' id='word_1_383' title='bbox 828 4736 929 4774; x_wconf 91' lang='lat' dir='ltr'>cur</span> <span class='ocrx_word' id='word_1_384' title='bbox 960 4720 1038 4773; x_wconf 91' lang='lat' dir='ltr'>ita</span> <span class='ocrx_word' id='word_1_385' title='bbox 1065 4723 1228 4772; x_wconf 89' lang='lat' dir='ltr'>esset.</span> 
     </span>
    </p>
   </div>
   <div class='ocr_carea' id='block_1_52' title="bbox 244 4804 1866 4880">
    <p class='ocr_par' dir='ltr' id='par_1_52' title="bbox 244 4804 1866 4880">
     <span class='ocr_line' id='line_1_52' title="bbox 244 4804 1866 4880; baseline -0.004 -16"><span class='ocrx_word' id='word_1_386' title='bbox 244 4813 296 4864; x_wconf 92' lang='lat'>8.</span> <span class='ocrx_word' id='word_1_387' title='bbox 328 4811 470 4864; x_wconf 90' lang='lat' dir='ltr'>Tum</span> <span class='ocrx_word' id='word_1_388' title='bbox 527 4809 865 4880; x_wconf 91' lang='lat' dir='ltr'>interposito</span> <span class='ocrx_word' id='word_1_389' title='bbox 917 4807 1139 4862; x_wconf 90' lang='lat' dir='ltr'>modico</span> <span class='ocrx_word' id='word_1_390' title='bbox 1197 4805 1460 4860; x_wconf 89' lang='lat' dir='ltr'>silentio:</span> <span class='ocrx_word' id='word_1_391' title='bbox 1503 4805 1720 4872; x_wconf 87' lang='lat' dir='ltr'>Merito,</span> <span class='ocrx_word' id='word_1_392' title='bbox 1775 4804 1866 4858; x_wconf 92' lang='lat' dir='ltr'>in-</span> 
     </span>
    </p>
   </div>
   <div class='ocr_carea' id='block_1_53' title="bbox 174 4893 1868 4970">
    <p class='ocr_par' dir='ltr' id='par_1_53' title="bbox 174 4893 1868 4970">
     <span class='ocr_line' id='line_1_53' title="bbox 174 4893 1868 4970; baseline -0.004 -17"><span class='ocrx_word' id='word_1_393' title='bbox 174 4915 370 4970; x_wconf 88' lang='lat' dir='ltr'>quam,</span> <span class='ocrx_word' id='word_1_394' title='bbox 401 4903 464 4952; x_wconf 90' lang='lat' dir='ltr'>tu</span> <span class='ocrx_word' id='word_1_395' title='bbox 492 4898 639 4952; x_wconf 88' lang='lat' dir='ltr'>nihil</span> <span class='ocrx_word' id='word_1_396' title='bbox 671 4895 990 4962; x_wconf 80' lang='lat' dir='ltr'>miraberis,</span> <span class='ocrx_word' id='word_1_397' title='bbox 1024 4899 1080 4949; x_wconf 89' lang='lat' dir='ltr'>et</span> <span class='ocrx_word' id='word_1_398' title='bbox 1103 4894 1256 4966; x_wconf 91' lang='lat' dir='ltr'>apud</span> <span class='ocrx_word' id='word_1_399' title='bbox 1283 4893 1595 4964; x_wconf 89' lang='lat' dir='ltr'>Calliopam</span> <span class='ocrx_word' id='word_1_400' title='bbox 1627 4899 1682 4947; x_wconf 89' lang='lat' dir='ltr'>te</span> <span class='ocrx_word' id='word_1_401' title='bbox 1713 4894 1868 4947; x_wconf 90' lang='lat' dir='ltr'>intus</span> 
     </span>
    </p>
   </div>
   <div class='ocr_carea' id='block_1_54' title="bbox 171 4980 1869 5056">
    <p class='ocr_par' dir='ltr' id='par_1_54' title="bbox 171 4980 1869 5056">
     <span class='ocr_line' id='line_1_54' title="bbox 171 4980 1869 5056; baseline -0.004 -16"><span class='ocrx_word' id='word_1_402' title='bbox 171 4986 425 5042; x_wconf 87' lang='lat' dir='ltr'>tenebas.</span> <span class='ocrx_word' id='word_1_403' title='bbox 461 4986 681 5051; x_wconf 82' lang='lat' dir='ltr'>Merito,</span> <span class='ocrx_word' id='word_1_404' title='bbox 714 4985 901 5056; x_wconf 90' lang='lat' dir='ltr'>inquit</span> <span class='ocrx_word' id='word_1_405' title='bbox 931 4984 1060 5038; x_wconf 88' lang='lat' dir='ltr'>ille:</span> <span class='ocrx_word' id='word_1_406' title='bbox 1109 4982 1207 5036; x_wconf 90' lang='lat' dir='ltr'>sed</span> <span class='ocrx_word' id='word_1_407' title='bbox 1237 4981 1408 5035; x_wconf 93' lang='lat' dir='ltr'>modo</span> <span class='ocrx_word' id='word_1_408' title='bbox 1451 4981 1618 5051; x_wconf 88' lang='lat' dir='ltr'>plane</span> <span class='ocrx_word' id='word_1_409' title='bbox 1663 4980 1869 5034; x_wconf 90' lang='lat' dir='ltr'>dedisti</span> 
     </span>
    </p>
   </div>
   <div class='ocr_carea' id='block_1_55' title="bbox 176 5067 1869 5144">
    <p class='ocr_par' dir='ltr' id='par_1_55' title="bbox 176 5067 1869 5144">
     <span class='ocr_line' id='line_1_55' title="bbox 176 5067 1869 5144; baseline -0.005 -16"><span class='ocrx_word' id='word_1_410' title='bbox 176 5075 316 5129; x_wconf 90' lang='lat' dir='ltr'>mihi</span> <span class='ocrx_word' id='word_1_411' title='bbox 358 5091 635 5144; x_wconf 77' lang='lat' dir='ltr'>magnum</span> <span class='ocrx_word' id='word_1_412' title='bbox 687 5073 903 5127; x_wconf 90' lang='lat' dir='ltr'>mirari.</span> <span class='ocrx_word' id='word_1_413' title='bbox 945 5072 1228 5136; x_wconf 88' lang='lat' dir='ltr'>Quidnam</span> <span class='ocrx_word' id='word_1_414' title='bbox 1268 5071 1376 5124; x_wconf 90' lang='lat' dir='ltr'>hoc</span> <span class='ocrx_word' id='word_1_415' title='bbox 1423 5072 1528 5131; x_wconf 88' lang='lat' dir='ltr'>est,</span> <span class='ocrx_word' id='word_1_416' title='bbox 1577 5068 1816 5139; x_wconf 90' lang='lat' dir='ltr'>inquam</span> <span class='ocrx_word' id='word_1_417' title='bbox 1841 5067 1869 5120; x_wconf 85' lang='lat'><strong>?</strong></span> 
     </span>
    </p>
   </div>
   <div class='ocr_carea' id='block_1_56' title="bbox 179 5156 1868 5232">
    <p class='ocr_par' dir='ltr' id='par_1_56' title="bbox 179 5156 1868 5232">
     <span class='ocr_line' id='line_1_56' title="bbox 179 5156 1868 5232; baseline -0.005 -15"><span class='ocrx_word' id='word_1_418' title='bbox 179 5164 333 5228; x_wconf 90' lang='lat' dir='ltr'>Quod</span> <span class='ocrx_word' id='word_1_419' title='bbox 355 5168 442 5229; x_wconf 92' lang='lat' dir='ltr'>tu,</span> <span class='ocrx_word' id='word_1_420' title='bbox 484 5162 691 5232; x_wconf 90' lang='lat' dir='ltr'>inquit,</span> <span class='ocrx_word' id='word_1_421' title='bbox 723 5161 830 5215; x_wconf 90' lang='lat' dir='ltr'>ista</span> <span class='ocrx_word' id='word_1_422' title='bbox 853 5161 1091 5214; x_wconf 88' lang='lat' dir='ltr'>miratus</span> <span class='ocrx_word' id='word_1_423' title='bbox 1121 5175 1198 5213; x_wconf 91' lang='lat' dir='ltr'>es.</span> <span class='ocrx_word' id='word_1_424' title='bbox 1236 5157 1392 5212; x_wconf 90' lang='lat' dir='ltr'>Unde</span> <span class='ocrx_word' id='word_1_425' title='bbox 1419 5156 1570 5211; x_wconf 91' lang='lat' dir='ltr'>enim</span> <span class='ocrx_word' id='word_1_426' title='bbox 1601 5157 1760 5217; x_wconf 85' lang='lat' dir='ltr'>solet,</span> <span class='ocrx_word' id='word_1_427' title='bbox 1782 5156 1868 5210; x_wconf 91' lang='lat' dir='ltr'>in-</span> 
     </span>
    </p>
   </div>
   <div class='ocr_carea' id='block_1_57' title="bbox 182 5246 1872 5324">
    <p class='ocr_par' dir='ltr' id='par_1_57' title="bbox 182 5246 1872 5324">
     <span class='ocr_line' id='line_1_57' title="bbox 182 5246 1872 5324; baseline -0.005 -18"><span class='ocrx_word' id='word_1_428' title='bbox 182 5269 373 5324; x_wconf 89' lang='lat' dir='ltr'>quam,</span> <span class='ocrx_word' id='word_1_429' title='bbox 405 5251 621 5305; x_wconf 88' lang='lat' dir='ltr'>oboriri</span> <span class='ocrx_word' id='word_1_430' title='bbox 676 5249 1002 5316; x_wconf 90' lang='lat' dir='ltr'>admiratio,</span> <span class='ocrx_word' id='word_1_431' title='bbox 1041 5252 1140 5302; x_wconf 90' lang='lat' dir='ltr'>aut</span> <span class='ocrx_word' id='word_1_432' title='bbox 1169 5264 1296 5317; x_wconf 76' lang='lat' dir='ltr'>quae</span> <span class='ocrx_word' id='word_1_433' title='bbox 1329 5247 1499 5316; x_wconf 90' lang='lat' dir='ltr'>hujus</span> <span class='ocrx_word' id='word_1_434' title='bbox 1531 5246 1653 5299; x_wconf 87' lang='lat' dir='ltr'>vitii</span> <span class='ocrx_word' id='word_1_435' title='bbox 1690 5249 1872 5299; x_wconf 88' lang='lat' dir='ltr'>mater</span> 
     </span>
    </p>
   </div>
   <div class='ocr_carea' id='block_1_58' title="bbox 184 5335 1870 5407">
    <p class='ocr_par' dir='ltr' id='par_1_58' title="bbox 184 5335 1870 5407">
     <span class='ocr_line' id='line_1_58' title="bbox 184 5335 1870 5407; baseline -0.005 -13"><span class='ocrx_word' id='word_1_436' title='bbox 184 5346 265 5395; x_wconf 88' lang='lat' dir='ltr'>est</span> <span class='ocrx_word' id='word_1_437' title='bbox 290 5340 502 5407; x_wconf 85' lang='lat' dir='ltr'>(lbid.),</span> <span class='ocrx_word' id='word_1_438' title='bbox 532 5337 645 5391; x_wconf 91' lang='lat' dir='ltr'>nisi</span> <span class='ocrx_word' id='word_1_439' title='bbox 673 5354 763 5391; x_wconf 90' lang='lat' dir='ltr'>res</span> <span class='ocrx_word' id='word_1_440' title='bbox 787 5335 1015 5390; x_wconf 89' lang='lat' dir='ltr'>insolita</span> <span class='ocrx_word' id='word_1_441' title='bbox 1043 5340 1251 5405; x_wconf 66' lang='lat' dir='ltr'>praeter</span> <span class='ocrx_word' id='word_1_442' title='bbox 1281 5335 1648 5389; x_wconf 88' lang='lat' dir='ltr'>manifestum</span> <span class='ocrx_word' id='word_1_443' title='bbox 1674 5349 1870 5387; x_wconf 88' lang='lat' dir='ltr'>causa-</span> 
     </span>
    </p>
   </div>
   <div class='ocr_carea' id='block_1_59' title="bbox 182 5421 1871 5492">
    <p class='ocr_par' dir='ltr' id='par_1_59' title="bbox 182 5421 1871 5492">
     <span class='ocr_line' id='line_1_59' title="bbox 182 5421 1871 5492; baseline -0.005 -10"><span class='ocrx_word' id='word_1_444' title='bbox 182 5445 302 5482; x_wconf 91' lang='lat' dir='ltr'>ram</span> <span class='ocrx_word' id='word_1_445' title='bbox 341 5427 650 5482; x_wconf 88' lang='lat' dir='ltr'>ordinem?</span> <span class='ocrx_word' id='word_1_446' title='bbox 691 5427 756 5480; x_wconf 89' lang='lat' dir='ltr'>Et</span> <span class='ocrx_word' id='word_1_447' title='bbox 804 5425 935 5479; x_wconf 89' lang='lat' dir='ltr'>ille:</span> <span class='ocrx_word' id='word_1_448' title='bbox 989 5425 1202 5478; x_wconf 65' lang='lat' dir='ltr'>Praeter</span> <span class='ocrx_word' id='word_1_449' title='bbox 1245 5423 1633 5490; x_wconf 79' lang='lat' dir='ltr'>manifestum,</span> <span class='ocrx_word' id='word_1_450' title='bbox 1663 5421 1871 5492; x_wconf 88' lang='lat' dir='ltr'>inquit,</span> 
     </span>
    </p>
   </div>
   <div class='ocr_carea' id='block_1_60' title="bbox 189 5509 1870 5588">
    <p class='ocr_par' dir='ltr' id='par_1_60' title="bbox 189 5509 1870 5588">
     <span class='ocr_line' id='line_1_60' title="bbox 189 5509 1870 5588; baseline -0.005 -17"><span class='ocrx_word' id='word_1_451' title='bbox 189 5517 398 5588; x_wconf 88' lang='lat' dir='ltr'>accipio</span> <span class='ocrx_word' id='word_1_452' title='bbox 425 5530 589 5581; x_wconf 87' lang='lat' dir='ltr'>;uam</span> <span class='ocrx_word' id='word_1_453' title='bbox 609 5517 819 5583; x_wconf 64' lang='lat' dir='ltr'>preter</span> <span class='ocrx_word' id='word_1_454' title='bbox 846 5511 1106 5568; x_wconf 85' lang='lat' dir='ltr'>ordinem</span> <span class='ocrx_word' id='word_1_455' title='bbox 1134 5510 1274 5565; x_wconf 91' lang='lat' dir='ltr'>nihil</span> <span class='ocrx_word' id='word_1_456' title='bbox 1307 5510 1452 5566; x_wconf 90' lang='lat' dir='ltr'><strong>mihi</strong></span> <span class='ocrx_word' id='word_1_457' title='bbox 1476 5510 1601 5565; x_wconf 83' lang='lat' dir='ltr'>ﬁeri</span> <span class='ocrx_word' id='word_1_458' title='bbox 1630 5509 1870 5563; x_wconf 89' lang='lat' dir='ltr'>videtur.</span> 
     </span>
    </p>
   </div>
   <div class='ocr_carea' id='block_1_61' title="bbox 1653 281 2186 338">
    <p class='ocr_par' dir='ltr' id='par_1_61' title="bbox 1653 281 2186 338">
     <span class='ocr_line' id='line_1_61' title="bbox 1653 281 2186 338; baseline 0 -3"><span class='ocrx_word' id='word_1_459' title='bbox 1653 281 1864 336; x_wconf 83' lang='lat' dir='ltr'><strong>LIBER</strong></span> <span class='ocrx_word' id='word_1_460' title='bbox 1903 281 2186 338; x_wconf 82' lang='lat' dir='ltr'>PRIMUS.</span> 
     </span>
    </p>
   </div>
   <div class='ocr_carea' id='block_1_62' title="bbox 3567 289 3672 341">
    <p class='ocr_par' dir='ltr' id='par_1_62' title="bbox 3567 289 3672 341">
     <span class='ocr_line' id='line_1_62' title="bbox 3567 289 3672 341; baseline -0.01 0"><span class='ocrx_word' id='word_1_461' title='bbox 3567 289 3672 341; x_wconf 85' lang='lat'>982</span> 
     </span>
    </p>
   </div>
   <div class='ocr_carea' id='block_1_63' title="bbox 1980 403 3667 476">
    <p class='ocr_par' dir='ltr' id='par_1_63' title="bbox 1980 403 3667 476">
     <span class='ocr_line' id='line_1_63' title="bbox 1980 403 3667 476; baseline 0.004 -21"><span class='ocrx_word' id='word_1_462' title='bbox 1980 403 2079 456; x_wconf 88' lang='lat' dir='ltr'>Hic</span> <span class='ocrx_word' id='word_1_463' title='bbox 2108 419 2213 474; x_wconf 91' lang='lat' dir='ltr'>ego</span> <span class='ocrx_word' id='word_1_464' title='bbox 2261 405 2502 458; x_wconf 88' lang='lat' dir='ltr'>erectior</span> <span class='ocrx_word' id='word_1_465' title='bbox 2543 422 2640 476; x_wconf 89' lang='lat' dir='ltr'>spe</span> <span class='ocrx_word' id='word_1_466' title='bbox 2670 405 2943 459; x_wconf 89' lang='lat' dir='ltr'>alacriore</span> <span class='ocrx_word' id='word_1_467' title='bbox 2972 421 3144 476; x_wconf 88' lang='lat' dir='ltr'>quam</span> <span class='ocrx_word' id='word_1_468' title='bbox 3174 408 3328 461; x_wconf 91' lang='lat' dir='ltr'>soleo</span> <span class='ocrx_word' id='word_1_469' title='bbox 3366 424 3504 473; x_wconf 90' lang='lat' dir='ltr'>esse,</span> <span class='ocrx_word' id='word_1_470' title='bbox 3537 424 3667 462; x_wconf 91' lang='lat' dir='ltr'>cum</span> 
     </span>
    </p>
   </div>
   <div class='ocr_carea' id='block_1_64' title="bbox 1976 490 3667 565">
    <p class='ocr_par' dir='ltr' id='par_1_64' title="bbox 1976 490 3667 565">
     <span class='ocr_line' id='line_1_64' title="bbox 1976 490 3667 565; baseline 0.004 -22"><span class='ocrx_word' id='word_1_471' title='bbox 1976 490 2191 561; x_wconf 90' lang='lat' dir='ltr'>aliquid</span> <span class='ocrx_word' id='word_1_472' title='bbox 2225 491 2294 544; x_wconf 90' lang='lat' dir='ltr'>ab</span> <span class='ocrx_word' id='word_1_473' title='bbox 2323 492 2411 545; x_wconf 91' lang='lat' dir='ltr'>his</span> <span class='ocrx_word' id='word_1_474' title='bbox 2448 493 2699 563; x_wconf 80' lang='lat' dir='ltr'>requiro,</span> <span class='ocrx_word' id='word_1_475' title='bbox 2733 495 2888 565; x_wconf 91' lang='lat' dir='ltr'>quod</span> <span class='ocrx_word' id='word_1_476' title='bbox 2919 510 3039 548; x_wconf 91' lang='lat' dir='ltr'>rem</span> <span class='ocrx_word' id='word_1_477' title='bbox 3089 499 3305 548; x_wconf 88' lang='lat' dir='ltr'>tantam</span> <span class='ocrx_word' id='word_1_478' title='bbox 3337 501 3393 549; x_wconf 87' lang='lat' dir='ltr'>et</span> <span class='ocrx_word' id='word_1_479' title='bbox 3423 501 3542 550; x_wconf 90' lang='lat' dir='ltr'>tam</span> <span class='ocrx_word' id='word_1_480' title='bbox 3572 513 3667 550; x_wconf 55' lang='lat' dir='ltr'>su-</span> 
     </span>
    </p>
   </div>
   <div class='ocr_carea' id='block_1_65' title="bbox 1975 577 3668 648">
    <p class='ocr_par' dir='ltr' id='par_1_65' title="bbox 1975 577 3668 648">
     <span class='ocr_line' id='line_1_65' title="bbox 1975 577 3668 648; baseline 0.004 -18"><span class='ocrx_word' id='word_1_481' title='bbox 1975 577 2112 644; x_wconf 85' lang='lat' dir='ltr'>bito,</span> <span class='ocrx_word' id='word_1_482' title='bbox 2145 578 2269 632; x_wconf 90' lang='lat' dir='ltr'>heri</span> <span class='ocrx_word' id='word_1_483' title='bbox 2295 595 2441 648; x_wconf 90' lang='lat' dir='ltr'>pene</span> <span class='ocrx_word' id='word_1_484' title='bbox 2471 581 2537 634; x_wconf 84' lang='lat' dir='ltr'>ad</span> <span class='ocrx_word' id='word_1_485' title='bbox 2560 581 2669 635; x_wconf 91' lang='lat' dir='ltr'>ista</span> <span class='ocrx_word' id='word_1_486' title='bbox 2694 599 3016 647; x_wconf 90' lang='lat' dir='ltr'>conversus,</span> <span class='ocrx_word' id='word_1_487' title='bbox 3051 583 3424 637; x_wconf 83' lang='lat' dir='ltr'>adolescentis</span> <span class='ocrx_word' id='word_1_488' title='bbox 3446 584 3668 637; x_wconf 89' lang='lat' dir='ltr'>animus</span> 
     </span>
    </p>
   </div>
   <div class='ocr_carea' id='block_1_66' title="bbox 1975 667 3672 741">
    <p class='ocr_par' dir='ltr' id='par_1_66' title="bbox 1975 667 3672 741">
     <span class='ocr_line' id='line_1_66' title="bbox 1975 667 3672 741; baseline 0.004 -23"><span class='ocrx_word' id='word_1_489' title='bbox 1975 667 2345 736; x_wconf 89' lang='lat' dir='ltr'>concepisset,</span> <span class='ocrx_word' id='word_1_490' title='bbox 2379 670 2536 722; x_wconf 89' lang='lat' dir='ltr'>nulla</span> <span class='ocrx_word' id='word_1_491' title='bbox 2557 686 2808 741; x_wconf 88' lang='lat' dir='ltr'>unquam</span> <span class='ocrx_word' id='word_1_492' title='bbox 2844 672 2913 725; x_wconf 90' lang='lat' dir='ltr'>de</span> <span class='ocrx_word' id='word_1_493' title='bbox 2942 671 3033 724; x_wconf 90' lang='lat' dir='ltr'>his</span> <span class='ocrx_word' id='word_1_494' title='bbox 3061 672 3234 725; x_wconf 83' lang='lat' dir='ltr'>rebus</span> <span class='ocrx_word' id='word_1_495' title='bbox 3266 672 3415 725; x_wconf 90' lang='lat' dir='ltr'>inter</span> <span class='ocrx_word' id='word_1_496' title='bbox 3444 688 3546 725; x_wconf 92' lang='lat' dir='ltr'>nos</span> <span class='ocrx_word' id='word_1_497' title='bbox 3577 689 3672 724; x_wconf 88' lang='lat' dir='ltr'>an-</span> 
     </span>
    </p>
   </div>
   <div class='ocr_carea' id='block_1_67' title="bbox 1973 756 3670 829">
    <p class='ocr_par' dir='ltr' id='par_1_67' title="bbox 1973 756 3670 829">
     <span class='ocr_line' id='line_1_67' title="bbox 1973 756 3670 829; baseline 0.004 -23"><span class='ocrx_word' id='word_1_498' title='bbox 1973 758 2064 807; x_wconf 84' lang='lat' dir='ltr'>tea</span> <span class='ocrx_word' id='word_1_499' title='bbox 2117 756 2434 824; x_wconf 50' lang='lat' dir='ltr'>quarstione</span> <span class='ocrx_word' id='word_1_500' title='bbox 2481 757 2727 826; x_wconf 88' lang='lat' dir='ltr'>agitata:</span> <span class='ocrx_word' id='word_1_501' title='bbox 2785 759 2952 823; x_wconf 90' lang='lat' dir='ltr'>Bene,</span> <span class='ocrx_word' id='word_1_502' title='bbox 3025 759 3283 829; x_wconf 87' lang='lat' dir='ltr'>inquam,</span> <span class='ocrx_word' id='word_1_503' title='bbox 3345 760 3521 821; x_wconf 84' lang='lat' dir='ltr'>bene;</span> <span class='ocrx_word' id='word_1_504' title='bbox 3573 761 3670 813; x_wconf 91' lang='lat' dir='ltr'>sed</span> 
     </span>
    </p>
   </div>
   <div class='ocr_carea' id='block_1_68' title="bbox 1972 845 3669 912">
    <p class='ocr_par' dir='ltr' id='par_1_68' title="bbox 1972 845 3669 912">
     <span class='ocr_line' id='line_1_68' title="bbox 1972 845 3669 912; baseline 0.003 -17"><span class='ocrx_word' id='word_1_505' title='bbox 1972 859 2208 912; x_wconf 90' lang='lat' dir='ltr'>prorsus</span> <span class='ocrx_word' id='word_1_506' title='bbox 2237 845 2381 898; x_wconf 90' lang='lat' dir='ltr'>bene</span> <span class='ocrx_word' id='word_1_507' title='bbox 2421 846 2666 898; x_wconf 88' lang='lat' dir='ltr'>multum</span> <span class='ocrx_word' id='word_1_508' title='bbox 2698 847 2935 907; x_wconf 88' lang='lat' dir='ltr'>sensisti,</span> <span class='ocrx_word' id='word_1_509' title='bbox 2965 848 3212 900; x_wconf 89' lang='lat' dir='ltr'>multum</span> <span class='ocrx_word' id='word_1_510' title='bbox 3245 863 3416 901; x_wconf 87' lang='lat' dir='ltr'>ausus</span> <span class='ocrx_word' id='word_1_511' title='bbox 3442 864 3500 900; x_wconf 91' lang='lat' dir='ltr'>es</span> <span class='ocrx_word' id='word_1_512' title='bbox 3523 864 3535 900; x_wconf 93' lang='lat'>:</span> <span class='ocrx_word' id='word_1_513' title='bbox 3561 848 3669 900; x_wconf 89' lang='lat' dir='ltr'>hoc</span> 
     </span>
    </p>
   </div>
   <div class='ocr_carea' id='block_1_69' title="bbox 1973 931 3665 1002">
    <p class='ocr_par' dir='ltr' id='par_1_69' title="bbox 1973 931 3665 1002">
     <span class='ocr_line' id='line_1_69' title="bbox 1973 931 3665 1002; baseline 0.003 -19"><span class='ocrx_word' id='word_1_514' title='bbox 1973 931 2117 983; x_wconf 88' lang='lat' dir='ltr'>mihi</span> <span class='ocrx_word' id='word_1_515' title='bbox 2147 932 2312 985; x_wconf 89' lang='lat' dir='ltr'>crede</span> <span class='ocrx_word' id='word_1_516' title='bbox 2337 949 2350 998; x_wconf 93' lang='lat'>;</span> <span class='ocrx_word' id='word_1_517' title='bbox 2401 933 2573 1002; x_wconf 90' lang='lat' dir='ltr'>longo</span> <span class='ocrx_word' id='word_1_518' title='bbox 2599 933 2903 987; x_wconf 78' lang='lat' dir='ltr'>intervallo</span> <span class='ocrx_word' id='word_1_519' title='bbox 2933 935 3284 989; x_wconf 89' lang='lat' dir='ltr'>transcendis</span> <span class='ocrx_word' id='word_1_520' title='bbox 3315 935 3665 999; x_wconf 82' lang='lat' dir='ltr'>Heliconem,</span> 
     </span>
    </p>
   </div>
   <div class='ocr_carea' id='block_1_70' title="bbox 1973 1019 3666 1094">
    <p class='ocr_par' dir='ltr' id='par_1_70' title="bbox 1973 1019 3666 1094">
     <span class='ocr_line' id='line_1_70' title="bbox 1973 1019 3666 1094; baseline 0.002 -22"><span class='ocrx_word' id='word_1_521' title='bbox 1973 1019 2042 1072; x_wconf 92' lang='lat' dir='ltr'>ad</span> <span class='ocrx_word' id='word_1_522' title='bbox 2075 1020 2234 1088; x_wconf 91' lang='lat' dir='ltr'>cujus</span> <span class='ocrx_word' id='word_1_523' title='bbox 2266 1020 2535 1074; x_wconf 89' lang='lat' dir='ltr'>verticem</span> <span class='ocrx_word' id='word_1_524' title='bbox 2567 1025 2843 1091; x_wconf 88' lang='lat' dir='ltr'>tanquam</span> <span class='ocrx_word' id='word_1_525' title='bbox 2874 1023 2945 1075; x_wconf 90' lang='lat' dir='ltr'>ad</span> <span class='ocrx_word' id='word_1_526' title='bbox 2976 1023 3179 1076; x_wconf 87' lang='lat' dir='ltr'>coelum</span> <span class='ocrx_word' id='word_1_527' title='bbox 3210 1023 3510 1094; x_wconf 88' lang='lat' dir='ltr'>pervenire</span> <span class='ocrx_word' id='word_1_528' title='bbox 3567 1039 3666 1076; x_wconf 88' lang='lat' dir='ltr'>co-</span> 
     </span>
    </p>
   </div>
   <div class='ocr_carea' id='block_1_71' title="bbox 1971 1108 3663 1178">
    <p class='ocr_par' dir='ltr' id='par_1_71' title="bbox 1971 1108 3663 1178">
     <span class='ocr_line' id='line_1_71' title="bbox 1971 1108 3663 1178; baseline 0.004 -19"><span class='ocrx_word' id='word_1_529' title='bbox 1971 1108 2152 1162; x_wconf 91' lang='lat' dir='ltr'>naris.</span> <span class='ocrx_word' id='word_1_530' title='bbox 2211 1108 2317 1161; x_wconf 91' lang='lat' dir='ltr'>Sed</span> <span class='ocrx_word' id='word_1_531' title='bbox 2375 1109 2685 1178; x_wconf 89' lang='lat' dir='ltr'>pervellem</span> <span class='ocrx_word' id='word_1_532' title='bbox 2733 1110 2928 1163; x_wconf 90' lang='lat' dir='ltr'>adesse</span> <span class='ocrx_word' id='word_1_533' title='bbox 2977 1111 3108 1163; x_wconf 90' lang='lat' dir='ltr'>huic</span> <span class='ocrx_word' id='word_1_534' title='bbox 3161 1112 3479 1175; x_wconf 64' lang='lat' dir='ltr'>sententia),</span> <span class='ocrx_word' id='word_1_535' title='bbox 3531 1127 3663 1166; x_wconf 88' lang='lat' dir='ltr'>nam</span> 
     </span>
    </p>
   </div>
   <div class='ocr_carea' id='block_1_72' title="bbox 1973 1195 3660 1267">
    <p class='ocr_par' dir='ltr' id='par_1_72' title="bbox 1973 1195 3660 1267">
     <span class='ocr_line' id='line_1_72' title="bbox 1973 1195 3660 1267; baseline 0.001 -20"><span class='ocrx_word' id='word_1_536' title='bbox 1973 1211 2098 1248; x_wconf 92' lang='lat' dir='ltr'>eam</span> <span class='ocrx_word' id='word_1_537' title='bbox 2130 1195 2468 1251; x_wconf 86' lang='lat' dir='ltr'>labefactare</span> <span class='ocrx_word' id='word_1_538' title='bbox 2500 1197 2749 1250; x_wconf 88' lang='lat' dir='ltr'>tentabo.</span> <span class='ocrx_word' id='word_1_539' title='bbox 2770 1197 2921 1263; x_wconf 90' lang='lat' dir='ltr'>Sine,</span> <span class='ocrx_word' id='word_1_540' title='bbox 2952 1197 3163 1267; x_wconf 87' lang='lat' dir='ltr'>inquit,</span> <span class='ocrx_word' id='word_1_541' title='bbox 3189 1199 3359 1251; x_wconf 93' lang='lat' dir='ltr'>modo</span> <span class='ocrx_word' id='word_1_542' title='bbox 3393 1215 3482 1252; x_wconf 90' lang='lat' dir='ltr'>me</span> <span class='ocrx_word' id='word_1_543' title='bbox 3497 1199 3660 1263; x_wconf 90' lang='lat' dir='ltr'>mihi,</span> 
     </span>
    </p>
   </div>
   <div class='ocr_carea' id='block_1_73' title="bbox 1973 1285 3664 1353">
    <p class='ocr_par' dir='ltr' id='par_1_73' title="bbox 1973 1285 3664 1353">
     <span class='ocr_line' id='line_1_73' title="bbox 1973 1285 3664 1353; baseline 0.001 -17"><span class='ocrx_word' id='word_1_544' title='bbox 1973 1299 2164 1353; x_wconf 83' lang='lat' dir='ltr'>quaeso</span> <span class='ocrx_word' id='word_1_545' title='bbox 2199 1290 2290 1350; x_wconf 88' lang='lat' dir='ltr'>te;</span> <span class='ocrx_word' id='word_1_546' title='bbox 2326 1301 2457 1338; x_wconf 90' lang='lat' dir='ltr'>nam</span> <span class='ocrx_word' id='word_1_547' title='bbox 2487 1286 2650 1339; x_wconf 89' lang='lat' dir='ltr'>valde</span> <span class='ocrx_word' id='word_1_548' title='bbox 2688 1285 2750 1338; x_wconf 92' lang='lat' dir='ltr'><strong>in</strong></span> <span class='ocrx_word' id='word_1_549' title='bbox 2780 1286 2935 1339; x_wconf 90' lang='lat' dir='ltr'>aliud</span> <span class='ocrx_word' id='word_1_550' title='bbox 2979 1285 3202 1338; x_wconf 89' lang='lat' dir='ltr'>intendi</span> <span class='ocrx_word' id='word_1_551' title='bbox 3241 1286 3522 1340; x_wconf 90' lang='lat' dir='ltr'>animum.</span> <span class='ocrx_word' id='word_1_552' title='bbox 3565 1287 3664 1338; x_wconf 84' lang='lat' dir='ltr'>Hic</span> 
     </span>
    </p>
   </div>
   <div class='ocr_carea' id='block_1_74' title="bbox 1972 1373 3665 1444">
    <p class='ocr_par' dir='ltr' id='par_1_74' title="bbox 1972 1373 3665 1444">
     <span class='ocr_line' id='line_1_74' title="bbox 1972 1373 3665 1444; baseline 0.002 -20"><span class='ocrx_word' id='word_1_553' title='bbox 1972 1387 2075 1439; x_wconf 87' lang='lat' dir='ltr'>ego</span> <span class='ocrx_word' id='word_1_554' title='bbox 2100 1388 2216 1426; x_wconf 93' lang='lat' dir='ltr'>non</span> <span class='ocrx_word' id='word_1_555' title='bbox 2245 1373 2388 1426; x_wconf 91' lang='lat' dir='ltr'>nihil</span> <span class='ocrx_word' id='word_1_556' title='bbox 2419 1378 2680 1427; x_wconf 91' lang='lat' dir='ltr'>metuens</span> <span class='ocrx_word' id='word_1_557' title='bbox 2709 1390 2781 1428; x_wconf 90' lang='lat' dir='ltr'>ne</span> <span class='ocrx_word' id='word_1_558' title='bbox 2809 1374 2993 1428; x_wconf 90' lang='lat' dir='ltr'>studio</span> <span class='ocrx_word' id='word_1_559' title='bbox 3026 1373 3262 1444; x_wconf 81' lang='lat' dir='ltr'>poeticze</span> <span class='ocrx_word' id='word_1_560' title='bbox 3289 1375 3516 1444; x_wconf 89' lang='lat' dir='ltr'>penitus</span> <span class='ocrx_word' id='word_1_561' title='bbox 3539 1391 3665 1444; x_wconf 88' lang='lat' dir='ltr'>pro-</span> 
     </span>
    </p>
   </div>
   <div class='ocr_carea' id='block_1_75' title="bbox 1971 1460 3662 1532">
    <p class='ocr_par' dir='ltr' id='par_1_75' title="bbox 1971 1460 3662 1532">
     <span class='ocr_line' id='line_1_75' title="bbox 1971 1460 3662 1532; baseline 0.002 -21"><span class='ocrx_word' id='word_1_562' title='bbox 1971 1460 2197 1514; x_wconf 90' lang='lat' dir='ltr'>volutus</span> <span class='ocrx_word' id='word_1_563' title='bbox 2254 1479 2286 1514; x_wconf 93' lang='lat' dir='ltr'>a</span> <span class='ocrx_word' id='word_1_564' title='bbox 2335 1461 2700 1532; x_wconf 89' lang='lat' dir='ltr'>philosophia</span> <span class='ocrx_word' id='word_1_565' title='bbox 2742 1463 2911 1531; x_wconf 87' lang='lat' dir='ltr'>longe</span> <span class='ocrx_word' id='word_1_566' title='bbox 2953 1467 3290 1532; x_wconf 84' lang='lat' dir='ltr'>raperetur:</span> <span class='ocrx_word' id='word_1_567' title='bbox 3323 1462 3541 1526; x_wconf 89' lang='lat' dir='ltr'>Irritor,</span> <span class='ocrx_word' id='word_1_568' title='bbox 3576 1461 3662 1514; x_wconf 89' lang='lat' dir='ltr'>in-</span> 
     </span>
    </p>
   </div>
   <div class='ocr_carea' id='block_1_76' title="bbox 1972 1549 3663 1619">
    <p class='ocr_par' dir='ltr' id='par_1_76' title="bbox 1972 1549 3663 1619">
     <span class='ocr_line' id='line_1_76' title="bbox 1972 1549 3663 1619; baseline 0.002 -18"><span class='ocrx_word' id='word_1_569' title='bbox 1972 1564 2164 1618; x_wconf 91' lang='lat' dir='ltr'>quam,</span> <span class='ocrx_word' id='word_1_570' title='bbox 2191 1549 2290 1603; x_wconf 90' lang='lat' dir='ltr'>abs</span> <span class='ocrx_word' id='word_1_571' title='bbox 2316 1554 2370 1603; x_wconf 92' lang='lat' dir='ltr'>te</span> <span class='ocrx_word' id='word_1_572' title='bbox 2399 1567 2595 1604; x_wconf 82' lang='lat' dir='ltr'>versus</span> <span class='ocrx_word' id='word_1_573' title='bbox 2618 1551 2754 1604; x_wconf 90' lang='lat' dir='ltr'>istos</span> <span class='ocrx_word' id='word_1_574' title='bbox 2783 1557 2911 1604; x_wconf 86' lang='lat' dir='ltr'>tuos</span> <span class='ocrx_word' id='word_1_575' title='bbox 2938 1552 3427 1605; x_wconf 89' lang='lat' dir='ltr'>omnimetrorum</span> <span class='ocrx_word' id='word_1_576' title='bbox 3455 1566 3663 1619; x_wconf 84' lang='lat' dir='ltr'>genere</span> 
     </span>
    </p>
   </div>
   <div class='ocr_carea' id='block_1_77' title="bbox 1971 1638 3664 1711">
    <p class='ocr_par' dir='ltr' id='par_1_77' title="bbox 1971 1638 3664 1711">
     <span class='ocr_line' id='line_1_77' title="bbox 1971 1638 3664 1711; baseline 0.002 -23"><span class='ocrx_word' id='word_1_577' title='bbox 1971 1638 2250 1691; x_wconf 90' lang='lat' dir='ltr'>cantando</span> <span class='ocrx_word' id='word_1_578' title='bbox 2281 1643 2336 1692; x_wconf 91' lang='lat' dir='ltr'>et</span> <span class='ocrx_word' id='word_1_579' title='bbox 2364 1639 2638 1692; x_wconf 92' lang='lat' dir='ltr'>ululando</span> <span class='ocrx_word' id='word_1_580' title='bbox 2670 1639 2953 1702; x_wconf 91' lang='lat' dir='ltr'>insectari,</span> <span class='ocrx_word' id='word_1_581' title='bbox 2978 1640 3077 1710; x_wconf 90' lang='lat' dir='ltr'>qui</span> <span class='ocrx_word' id='word_1_582' title='bbox 3103 1640 3252 1711; x_wconf 64' lang='lat' dir='ltr'>inter</span> <span class='ocrx_word' id='word_1_583' title='bbox 3285 1644 3339 1691; x_wconf 87' lang='lat' dir='ltr'>te</span> <span class='ocrx_word' id='word_1_584' title='bbox 3373 1643 3543 1707; x_wconf 86' lang='lat' dir='ltr'>atque</span> <span class='ocrx_word' id='word_1_585' title='bbox 3571 1655 3664 1691; x_wconf 83' lang='lat' dir='ltr'>ve-</span> 
     </span>
    </p>
   </div>
   <div class='ocr_carea' id='block_1_78' title="bbox 1969 1725 3666 1798">
    <p class='ocr_par' dir='ltr' id='par_1_78' title="bbox 1969 1725 3666 1798">
     <span class='ocr_line' id='line_1_78' title="bbox 1969 1725 3666 1798; baseline 0.001 -21"><span class='ocrx_word' id='word_1_586' title='bbox 1969 1725 2198 1779; x_wconf 90' lang='lat' dir='ltr'>ritatem</span> <span class='ocrx_word' id='word_1_587' title='bbox 2225 1726 2627 1798; x_wconf 83' lang='lat' dir='ltr'>immaniorem</span> <span class='ocrx_word' id='word_1_588' title='bbox 2657 1743 2885 1780; x_wconf 90' lang='lat' dir='ltr'>murum</span> <span class='ocrx_word' id='word_1_589' title='bbox 2904 1743 3075 1797; x_wconf 92' lang='lat' dir='ltr'>quam</span> <span class='ocrx_word' id='word_1_590' title='bbox 3090 1727 3237 1779; x_wconf 91' lang='lat' dir='ltr'>inter</span> <span class='ocrx_word' id='word_1_591' title='bbox 3257 1731 3511 1778; x_wconf 82' lang='lat' dir='ltr'>amantes</span> <span class='ocrx_word' id='word_1_592' title='bbox 3539 1731 3666 1779; x_wconf 90' lang='lat' dir='ltr'>tuos</span> 
     </span>
    </p>
   </div>
   <div class='ocr_carea' id='block_1_79' title="bbox 1971 1813 3662 1884">
    <p class='ocr_par' dir='ltr' id='par_1_79' title="bbox 1971 1813 3662 1884">
     <span class='ocr_line' id='line_1_79' title="bbox 1971 1813 3662 1884; baseline 0.001 -18"><span class='ocrx_word' id='word_1_593' title='bbox 1971 1818 2246 1866; x_wconf 89' lang='lat' dir='ltr'>conantur</span> <span class='ocrx_word' id='word_1_594' title='bbox 2262 1814 2509 1884; x_wconf 89' lang='lat' dir='ltr'>erigere;</span> <span class='ocrx_word' id='word_1_595' title='bbox 2532 1831 2665 1868; x_wconf 92' lang='lat' dir='ltr'>nam</span> <span class='ocrx_word' id='word_1_596' title='bbox 2687 1815 2746 1868; x_wconf 92' lang='lat' dir='ltr'>in</span> <span class='ocrx_word' id='word_1_597' title='bbox 2771 1831 2829 1867; x_wconf 92' lang='lat' dir='ltr'>se</span> <span class='ocrx_word' id='word_1_598' title='bbox 2847 1815 2929 1867; x_wconf 94' lang='lat' dir='ltr'>illi</span> <span class='ocrx_word' id='word_1_599' title='bbox 2941 1814 3238 1868; x_wconf 90' lang='lat' dir='ltr'>velinolita</span> <span class='ocrx_word' id='word_1_600' title='bbox 3249 1815 3457 1866; x_wconf 90' lang='lat' dir='ltr'>rimula</span> <span class='ocrx_word' id='word_1_601' title='bbox 3478 1813 3662 1883; x_wconf 88' lang='lat' dir='ltr'>respi-</span> 
     </span>
    </p>
   </div>
   <div class='ocr_carea' id='block_1_80' title="bbox 1970 1901 3660 1972">
    <p class='ocr_par' dir='ltr' id='par_1_80' title="bbox 1970 1901 3660 1972">
     <span class='ocr_line' id='line_1_80' title="bbox 1970 1901 3660 1972; baseline 0.001 -18"><span class='ocrx_word' id='word_1_602' title='bbox 1970 1901 2189 1956; x_wconf 88' lang='lat' dir='ltr'>rabant.</span> <span class='ocrx_word' id='word_1_603' title='bbox 2223 1904 2530 1972; x_wconf 79' lang='lat' dir='ltr'>Pyramum</span> <span class='ocrx_word' id='word_1_604' title='bbox 2562 1903 2715 1956; x_wconf 90' lang='lat' dir='ltr'>enim</span> <span class='ocrx_word' id='word_1_605' title='bbox 2763 1903 2858 1956; x_wconf 91' lang='lat' dir='ltr'>ille</span> <span class='ocrx_word' id='word_1_606' title='bbox 2892 1907 3016 1956; x_wconf 91' lang='lat' dir='ltr'>tum</span> <span class='ocrx_word' id='word_1_607' title='bbox 3065 1918 3267 1956; x_wconf 87' lang='lat' dir='ltr'>canere</span> <span class='ocrx_word' id='word_1_608' title='bbox 3317 1902 3660 1956; x_wconf 88' lang='lat' dir='ltr'>instituerat.</span> 
     </span>
    </p>
   </div>
   <div class='ocr_carea' id='block_1_81' title="bbox 2041 1988 3662 2061">
    <p class='ocr_par' dir='ltr' id='par_1_81' title="bbox 2041 1988 3662 2061">
     <span class='ocr_line' id='line_1_81' title="bbox 2041 1988 3662 2061; baseline -0.001 -18"><span class='ocrx_word' id='word_1_609' title='bbox 2041 1993 2092 2043; x_wconf 91' lang='lat'>9.</span> <span class='ocrx_word' id='word_1_610' title='bbox 2134 1991 2294 2054; x_wconf 93' lang='lat' dir='ltr'>Quod</span> <span class='ocrx_word' id='word_1_611' title='bbox 2334 2007 2464 2045; x_wconf 85' lang='lat' dir='ltr'>cum</span> <span class='ocrx_word' id='word_1_612' title='bbox 2498 1991 2778 2045; x_wconf 89' lang='lat' dir='ltr'>severiore</span> <span class='ocrx_word' id='word_1_613' title='bbox 2829 2006 3001 2061; x_wconf 91' lang='lat' dir='ltr'>quam</span> <span class='ocrx_word' id='word_1_614' title='bbox 3054 1990 3291 2060; x_wconf 87' lang='lat' dir='ltr'>putabat</span> <span class='ocrx_word' id='word_1_615' title='bbox 3319 2006 3453 2043; x_wconf 83' lang='lat' dir='ltr'>voce</span> <span class='ocrx_word' id='word_1_616' title='bbox 3489 1988 3662 2041; x_wconf 80' lang='lat' dir='ltr'>dixis-</span> 
     </span>
    </p>
   </div>
   <div class='ocr_carea' id='block_1_82' title="bbox 1970 2078 3661 2149">
    <p class='ocr_par' dir='ltr' id='par_1_82' title="bbox 1970 2078 3661 2149">
     <span class='ocr_line' id='line_1_82' title="bbox 1970 2078 3661 2149; baseline -0.001 -18"><span class='ocrx_word' id='word_1_617' title='bbox 1970 2094 2110 2145; x_wconf 89' lang='lat' dir='ltr'>sem,</span> <span class='ocrx_word' id='word_1_618' title='bbox 2143 2079 2410 2132; x_wconf 88' lang='lat' dir='ltr'>subticuit</span> <span class='ocrx_word' id='word_1_619' title='bbox 2461 2079 2839 2149; x_wconf 88' lang='lat' dir='ltr'>aliquantum.</span> <span class='ocrx_word' id='word_1_620' title='bbox 2891 2080 2955 2133; x_wconf 87' lang='lat' dir='ltr'>Et</span> <span class='ocrx_word' id='word_1_621' title='bbox 2998 2095 3104 2147; x_wconf 84' lang='lat' dir='ltr'>ego</span> <span class='ocrx_word' id='word_1_622' title='bbox 3143 2079 3263 2148; x_wconf 88' lang='lat' dir='ltr'>jam</span> <span class='ocrx_word' id='word_1_623' title='bbox 3312 2078 3661 2147; x_wconf 84' lang='lat' dir='ltr'>reliqueram</span> 
     </span>
    </p>
   </div>
   <div class='ocr_carea' id='block_1_83' title="bbox 1969 2167 3662 2237">
    <p class='ocr_par' dir='ltr' id='par_1_83' title="bbox 1969 2167 3662 2237">
     <span class='ocr_line' id='line_1_83' title="bbox 1969 2167 3662 2237; baseline 0 -18"><span class='ocrx_word' id='word_1_624' title='bbox 1969 2171 2171 2236; x_wconf 86' lang='lat' dir='ltr'>coepta,</span> <span class='ocrx_word' id='word_1_625' title='bbox 2205 2173 2261 2220; x_wconf 90' lang='lat' dir='ltr'>et</span> <span class='ocrx_word' id='word_1_626' title='bbox 2289 2168 2361 2221; x_wconf 91' lang='lat' dir='ltr'>ad</span> <span class='ocrx_word' id='word_1_627' title='bbox 2409 2184 2500 2221; x_wconf 90' lang='lat' dir='ltr'>me</span> <span class='ocrx_word' id='word_1_628' title='bbox 2529 2167 2831 2233; x_wconf 88' lang='lat' dir='ltr'>redieram,</span> <span class='ocrx_word' id='word_1_629' title='bbox 2873 2184 2943 2220; x_wconf 91' lang='lat' dir='ltr'>ne</span> <span class='ocrx_word' id='word_1_630' title='bbox 2973 2167 3182 2220; x_wconf 87' lang='lat' dir='ltr'>frustra</span> <span class='ocrx_word' id='word_1_631' title='bbox 3213 2182 3488 2237; x_wconf 90' lang='lat' dir='ltr'>occupare</span> <span class='ocrx_word' id='word_1_632' title='bbox 3513 2181 3662 2236; x_wconf 86' lang='lat' dir='ltr'>prae-</span> 
     </span>
    </p>
   </div>
   <div class='ocr_carea' id='block_1_84' title="bbox 1970 2253 3316 2326">
    <p class='ocr_par' dir='ltr' id='par_1_84' title="bbox 1970 2253 3316 2326">
     <span class='ocr_line' id='line_1_84' title="bbox 1970 2253 3316 2326; baseline -0.001 -17"><span class='ocrx_word' id='word_1_633' title='bbox 1970 2260 2309 2325; x_wconf 89' lang='lat' dir='ltr'>occupatum</span> <span class='ocrx_word' id='word_1_634' title='bbox 2339 2260 2508 2326; x_wconf 89' lang='lat' dir='ltr'>atque</span> <span class='ocrx_word' id='word_1_635' title='bbox 2538 2255 2729 2325; x_wconf 89' lang='lat' dir='ltr'>inepte</span> <span class='ocrx_word' id='word_1_636' title='bbox 2757 2256 2982 2308; x_wconf 80' lang='lat' dir='ltr'>vellem.</span> <span class='ocrx_word' id='word_1_637' title='bbox 3009 2257 3150 2308; x_wconf 89' lang='lat' dir='ltr'>Tum</span> <span class='ocrx_word' id='word_1_638' title='bbox 3182 2253 3277 2308; x_wconf 91' lang='lat' dir='ltr'>ille</span> <span class='ocrx_word' id='word_1_639' title='bbox 3303 2270 3316 2307; x_wconf 93' lang='lat'><strong>:</strong></span> 
     </span>
    </p>
   </div>
   <div class='ocr_carea' id='block_1_85' title="bbox 2153 2351 3299 2415">
    <p class='ocr_par' dir='ltr' id='par_1_85' title="bbox 2153 2351 3299 2415">
     <span class='ocr_line' id='line_1_85' title="bbox 2153 2351 3299 2415; baseline -0.001 -16"><span class='ocrx_word' id='word_1_640' title='bbox 2153 2352 2372 2415; x_wconf 81' lang='lat' dir='ltr'>Egomet</span> <span class='ocrx_word' id='word_1_641' title='bbox 2400 2365 2517 2401; x_wconf 91' lang='lat' dir='ltr'>meo</span> <span class='ocrx_word' id='word_1_642' title='bbox 2546 2352 2742 2400; x_wconf 91' lang='lat' dir='ltr'>indicio</span> <span class='ocrx_word' id='word_1_643' title='bbox 2766 2351 2928 2400; x_wconf 89' lang='lat' dir='ltr'>miser</span> <span class='ocrx_word' id='word_1_644' title='bbox 2945 2351 3092 2414; x_wconf 89' lang='lat' dir='ltr'>quasi</span> <span class='ocrx_word' id='word_1_645' title='bbox 3129 2363 3299 2408; x_wconf 81' lang='lat' dir='ltr'>sorex,</span> 
     </span>
    </p>
   </div>
   <div class='ocr_carea' id='block_1_86' title="bbox 1968 2441 3660 2512">
    <p class='ocr_par' dir='ltr' id='par_1_86' title="bbox 1968 2441 3660 2512">
     <span class='ocr_line' id='line_1_86' title="bbox 1968 2441 3660 2512; baseline 0 -18"><span class='ocrx_word' id='word_1_646' title='bbox 1968 2441 2178 2512; x_wconf 90' lang='lat' dir='ltr'>inquit,</span> <span class='ocrx_word' id='word_1_647' title='bbox 2211 2458 2328 2496; x_wconf 95' lang='lat' dir='ltr'>non</span> <span class='ocrx_word' id='word_1_648' title='bbox 2359 2442 2574 2497; x_wconf 89' lang='lat' dir='ltr'>dictum</span> <span class='ocrx_word' id='word_1_649' title='bbox 2607 2447 2689 2498; x_wconf 89' lang='lat' dir='ltr'>est</span> <span class='ocrx_word' id='word_1_650' title='bbox 2720 2441 3076 2496; x_wconf 90' lang='lat' dir='ltr'>commodius</span> <span class='ocrx_word' id='word_1_651' title='bbox 3106 2442 3256 2512; x_wconf 90' lang='lat' dir='ltr'>apud</span> <span class='ocrx_word' id='word_1_652' title='bbox 3305 2441 3660 2506; x_wconf 89' lang='lat' dir='ltr'>Terentium,</span> 
     </span>
    </p>
   </div>
   <div class='ocr_carea' id='block_1_87' title="bbox 1970 2529 3664 2601">
    <p class='ocr_par' dir='ltr' id='par_1_87' title="bbox 1970 2529 3664 2601">
     <span class='ocr_line' id='line_1_87' title="bbox 1970 2529 3664 2601; baseline -0.001 -18"><span class='ocrx_word' id='word_1_653' title='bbox 1970 2546 2144 2601; x_wconf 90' lang='lat' dir='ltr'>quam</span> <span class='ocrx_word' id='word_1_654' title='bbox 2184 2547 2336 2584; x_wconf 90' lang='lat' dir='ltr'>nunc</span> <span class='ocrx_word' id='word_1_655' title='bbox 2374 2531 2483 2584; x_wconf 84' lang='lat' dir='ltr'>dici</span> <span class='ocrx_word' id='word_1_656' title='bbox 2512 2548 2544 2584; x_wconf 90' lang='lat' dir='ltr'>a</span> <span class='ocrx_word' id='word_1_657' title='bbox 2588 2547 2679 2584; x_wconf 92' lang='lat' dir='ltr'>me</span> <span class='ocrx_word' id='word_1_658' title='bbox 2729 2531 2796 2585; x_wconf 90' lang='lat' dir='ltr'>de</span> <span class='ocrx_word' id='word_1_659' title='bbox 2824 2547 2915 2584; x_wconf 84' lang='lat' dir='ltr'>me</span> <span class='ocrx_word' id='word_1_660' title='bbox 2945 2535 3167 2601; x_wconf 86' lang='lat' dir='ltr'>potest:</span> <span class='ocrx_word' id='word_1_661' title='bbox 3205 2530 3301 2583; x_wconf 88' lang='lat' dir='ltr'>sed</span> <span class='ocrx_word' id='word_1_662' title='bbox 3334 2546 3468 2583; x_wconf 89' lang='lat' dir='ltr'>sane</span> <span class='ocrx_word' id='word_1_663' title='bbox 3523 2529 3664 2583; x_wconf 91' lang='lat' dir='ltr'>illud</span> 
     </span>
    </p>
   </div>
   <div class='ocr_carea' id='block_1_88' title="bbox 1969 2616 3663 2682">
    <p class='ocr_par' dir='ltr' id='par_1_88' title="bbox 1969 2616 3663 2682">
     <span class='ocr_line' id='line_1_88' title="bbox 1969 2616 3663 2682; baseline -0.001 -11"><span class='ocrx_word' id='word_1_664' title='bbox 1969 2618 2240 2672; x_wconf 90' lang='lat' dir='ltr'>ultimum</span> <span class='ocrx_word' id='word_1_665' title='bbox 2271 2618 2506 2673; x_wconf 89' lang='lat' dir='ltr'>fortasse</span> <span class='ocrx_word' id='word_1_666' title='bbox 2535 2619 2596 2672; x_wconf 93' lang='lat' dir='ltr'>in</span> <span class='ocrx_word' id='word_1_667' title='bbox 2625 2619 2976 2673; x_wconf 90' lang='lat' dir='ltr'>contrarium</span> <span class='ocrx_word' id='word_1_668' title='bbox 3007 2622 3275 2674; x_wconf 91' lang='lat' dir='ltr'>vertetur.</span> <span class='ocrx_word' id='word_1_669' title='bbox 3321 2617 3484 2682; x_wconf 91' lang='lat' dir='ltr'>Quod</span> <span class='ocrx_word' id='word_1_670' title='bbox 3511 2616 3663 2671; x_wconf 90' lang='lat' dir='ltr'>enim</span> 
     </span>
    </p>
   </div>
   <div class='ocr_carea' id='block_1_89' title="bbox 1970 2703 2193 2773">
    <p class='ocr_par' dir='ltr' id='par_1_89' title="bbox 1970 2703 2193 2773">
     <span class='ocr_line' id='line_1_89' title="bbox 1970 2703 2193 2773; baseline 0.009 -15"><span class='ocrx_word' id='word_1_671' title='bbox 1970 2703 2045 2758; x_wconf 90' lang='lat' dir='ltr'>ait</span> <span class='ocrx_word' id='word_1_672' title='bbox 2075 2705 2193 2773; x_wconf 91' lang='lat' dir='ltr'>ille,</span> 
     </span>
    </p>
   </div>
   <div class='ocr_carea' id='block_1_90' title="bbox 2650 2795 2985 2858">
    <p class='ocr_par' dir='ltr' id='par_1_90' title="bbox 2650 2795 2985 2858">
     <span class='ocr_line' id='line_1_90' title="bbox 2650 2795 2985 2858; baseline -0.003 -15"><span class='ocrx_word' id='word_1_673' title='bbox 2650 2795 2814 2843; x_wconf 85' lang='lat' dir='ltr'>Hodie</span> <span class='ocrx_word' id='word_1_674' title='bbox 2838 2795 2985 2858; x_wconf 88' lang='lat' dir='ltr'>perii,</span> 
     </span>
    </p>
   </div>
   <div class='ocr_carea' id='block_1_91' title="bbox 2501 2873 3398 2934">
    <p class='ocr_par' dir='ltr' id='par_1_91' title="bbox 2501 2873 3398 2934">
     <span class='ocr_line' id='line_1_91' title="bbox 2501 2873 3398 2934; baseline -0.001 -13"><span class='ocrx_word' id='word_1_675' title='bbox 2501 2873 2582 2934; x_wconf 84' lang='lat' dir='ltr'>(In</span> <span class='ocrx_word' id='word_1_676' title='bbox 2634 2873 2921 2931; x_wconf 79' lang='lat' dir='ltr'>Eunucho,</span> <span class='ocrx_word' id='word_1_677' title='bbox 2949 2875 3055 2922; x_wconf 87' lang='lat' dir='ltr'>act.</span> <span class='ocrx_word' id='word_1_678' title='bbox 3090 2874 3136 2932; x_wconf 83' lang='lat'>5,</span> <span class='ocrx_word' id='word_1_679' title='bbox 3156 2885 3296 2921; x_wconf 79' lang='lat' dir='ltr'>scen.</span> <span class='ocrx_word' id='word_1_680' title='bbox 3328 2873 3398 2934; x_wconf 86' lang='lat'>6.)</span> 
     </span>
    </p>
   </div>
   <div class='ocr_carea' id='block_1_92' title="bbox 1969 2959 3663 3031">
    <p class='ocr_par' dir='ltr' id='par_1_92' title="bbox 1969 2959 3663 3031">
     <span class='ocr_line' id='line_1_92' title="bbox 1969 2959 3663 3031; baseline 0 -17"><span class='ocrx_word' id='word_1_681' title='bbox 1969 2976 2075 3031; x_wconf 90' lang='lat' dir='ltr'>ego</span> <span class='ocrx_word' id='word_1_682' title='bbox 2101 2959 2269 3014; x_wconf 90' lang='lat' dir='ltr'>hodie</span> <span class='ocrx_word' id='word_1_683' title='bbox 2291 2961 2436 3015; x_wconf 88' lang='lat' dir='ltr'>forte</span> <span class='ocrx_word' id='word_1_684' title='bbox 2453 2961 2729 3015; x_wconf 90' lang='lat' dir='ltr'>inveniar.</span> <span class='ocrx_word' id='word_1_685' title='bbox 2759 2963 2900 3015; x_wconf 84' lang='lat' dir='ltr'>Nam</span> <span class='ocrx_word' id='word_1_686' title='bbox 2916 2961 2962 3014; x_wconf 89' lang='lat' dir='ltr'>si</span> <span class='ocrx_word' id='word_1_687' title='bbox 2983 2977 3102 3014; x_wconf 92' lang='lat' dir='ltr'>non</span> <span class='ocrx_word' id='word_1_688' title='bbox 3121 2960 3486 3014; x_wconf 89' lang='lat' dir='ltr'>contemnitis</span> <span class='ocrx_word' id='word_1_689' title='bbox 3509 2960 3663 3030; x_wconf 88' lang='lat' dir='ltr'>quod</span> 
     </span>
    </p>
   </div>
   <div class='ocr_carea' id='block_1_93' title="bbox 1969 3047 3659 3118">
    <p class='ocr_par' dir='ltr' id='par_1_93' title="bbox 1969 3047 3659 3118">
     <span class='ocr_line' id='line_1_93' title="bbox 1969 3047 3659 3118; baseline -0.001 -16"><span class='ocrx_word' id='word_1_690' title='bbox 1969 3048 2350 3118; x_wconf 85' lang='lat' dir='ltr'>superstitiosi</span> <span class='ocrx_word' id='word_1_691' title='bbox 2379 3050 2561 3103; x_wconf 89' lang='lat' dir='ltr'>solent</span> <span class='ocrx_word' id='word_1_692' title='bbox 2591 3049 2763 3103; x_wconf 89' lang='lat' dir='ltr'>etiam</span> <span class='ocrx_word' id='word_1_693' title='bbox 2791 3049 2860 3103; x_wconf 90' lang='lat' dir='ltr'>de</span> <span class='ocrx_word' id='word_1_694' title='bbox 2888 3049 3149 3102; x_wconf 87' lang='lat' dir='ltr'>muribus</span> <span class='ocrx_word' id='word_1_695' title='bbox 3165 3047 3459 3118; x_wconf 90' lang='lat' dir='ltr'>augurari,</span> <span class='ocrx_word' id='word_1_696' title='bbox 3485 3047 3531 3100; x_wconf 93' lang='lat' dir='ltr'>si</span> <span class='ocrx_word' id='word_1_697' title='bbox 3551 3063 3659 3117; x_wconf 87' lang='lat' dir='ltr'>ego</span> 
     </span>
    </p>
   </div>
   <div class='ocr_carea' id='block_1_94' title="bbox 1968 3135 3665 3207">
    <p class='ocr_par' dir='ltr' id='par_1_94' title="bbox 1968 3135 3665 3207">
     <span class='ocr_line' id='line_1_94' title="bbox 1968 3135 3665 3207; baseline -0.001 -17"><span class='ocrx_word' id='word_1_698' title='bbox 1968 3135 2133 3190; x_wconf 92' lang='lat' dir='ltr'>illum</span> <span class='ocrx_word' id='word_1_699' title='bbox 2163 3152 2388 3190; x_wconf 90' lang='lat' dir='ltr'>murem</span> <span class='ocrx_word' id='word_1_700' title='bbox 2417 3137 2502 3190; x_wconf 90' lang='lat' dir='ltr'>vel</span> <span class='ocrx_word' id='word_1_701' title='bbox 2535 3137 2795 3203; x_wconf 90' lang='lat' dir='ltr'>soricem,</span> <span class='ocrx_word' id='word_1_702' title='bbox 2825 3137 2924 3207; x_wconf 92' lang='lat' dir='ltr'>qui</span> <span class='ocrx_word' id='word_1_703' title='bbox 2955 3153 3045 3189; x_wconf 90' lang='lat' dir='ltr'>me</span> <span class='ocrx_word' id='word_1_704' title='bbox 3074 3135 3179 3189; x_wconf 90' lang='lat' dir='ltr'>tibi</span> <span class='ocrx_word' id='word_1_705' title='bbox 3204 3135 3537 3206; x_wconf 85' lang='lat' dir='ltr'>vigilantem</span> <span class='ocrx_word' id='word_1_706' title='bbox 3571 3135 3665 3189; x_wconf 90' lang='lat' dir='ltr'>de-</span> 
     </span>
    </p>
   </div>
   <div class='ocr_carea' id='block_1_95' title="bbox 1971 3223 3662 3296">
    <p class='ocr_par' dir='ltr' id='par_1_95' title="bbox 1971 3223 3662 3296">
     <span class='ocr_line' id='line_1_95' title="bbox 1971 3223 3662 3296; baseline -0.001 -18"><span class='ocrx_word' id='word_1_707' title='bbox 1971 3225 2126 3290; x_wconf 90' lang='lat' dir='ltr'>tulit,</span> <span class='ocrx_word' id='word_1_708' title='bbox 2159 3225 2401 3296; x_wconf 89' lang='lat' dir='ltr'>strepitu</span> <span class='ocrx_word' id='word_1_709' title='bbox 2424 3242 2553 3279; x_wconf 91' lang='lat' dir='ltr'>meo</span> <span class='ocrx_word' id='word_1_710' title='bbox 2581 3225 2934 3293; x_wconf 91' lang='lat' dir='ltr'>commonui,</span> <span class='ocrx_word' id='word_1_711' title='bbox 2965 3225 3010 3277; x_wconf 90' lang='lat' dir='ltr'>si</span> <span class='ocrx_word' id='word_1_712' title='bbox 3037 3224 3175 3295; x_wconf 91' lang='lat' dir='ltr'>quid</span> <span class='ocrx_word' id='word_1_713' title='bbox 3201 3224 3348 3294; x_wconf 90' lang='lat' dir='ltr'>sapit</span> <span class='ocrx_word' id='word_1_714' title='bbox 3375 3223 3564 3277; x_wconf 88' lang='lat' dir='ltr'>redire</span> <span class='ocrx_word' id='word_1_715' title='bbox 3601 3224 3662 3277; x_wconf 94' lang='lat' dir='ltr'>in</span> 
     </span>
    </p>
   </div>
   <div class='ocr_carea' id='block_1_96' title="bbox 1970 3313 3664 3384">
    <p class='ocr_par' dir='ltr' id='par_1_96' title="bbox 1970 3313 3664 3384">
     <span class='ocr_line' id='line_1_96' title="bbox 1970 3313 3664 3384; baseline -0.002 -17"><span class='ocrx_word' id='word_1_716' title='bbox 1970 3314 2156 3368; x_wconf 87' lang='lat' dir='ltr'>cubile</span> <span class='ocrx_word' id='word_1_717' title='bbox 2207 3329 2372 3368; x_wconf 91' lang='lat' dir='ltr'>suum</span> <span class='ocrx_word' id='word_1_718' title='bbox 2419 3330 2723 3384; x_wconf 91' lang='lat' dir='ltr'>secumque</span> <span class='ocrx_word' id='word_1_719' title='bbox 2772 3313 3202 3383; x_wconf 87' lang='lat' dir='ltr'>conquiescere;</span> <span class='ocrx_word' id='word_1_720' title='bbox 3253 3328 3354 3365; x_wconf 90' lang='lat' dir='ltr'>cur</span> <span class='ocrx_word' id='word_1_721' title='bbox 3390 3328 3507 3364; x_wconf 93' lang='lat' dir='ltr'>non</span> <span class='ocrx_word' id='word_1_722' title='bbox 3559 3327 3664 3382; x_wconf 88' lang='lat' dir='ltr'>ego</span> 
     </span>
    </p>
   </div>
   <div class='ocr_carea' id='block_1_97' title="bbox 1969 3397 3666 3472">
    <p class='ocr_par' dir='ltr' id='par_1_97' title="bbox 1969 3397 3666 3472">
     <span class='ocr_line' id='line_1_97' title="bbox 1969 3397 3666 3472; baseline -0.002 -18"><span class='ocrx_word' id='word_1_723' title='bbox 1969 3402 2091 3472; x_wconf 87' lang='lat' dir='ltr'>ipse</span> <span class='ocrx_word' id='word_1_724' title='bbox 2120 3401 2228 3455; x_wconf 90' lang='lat' dir='ltr'>isto</span> <span class='ocrx_word' id='word_1_725' title='bbox 2257 3401 2490 3471; x_wconf 88' lang='lat' dir='ltr'>strepitu</span> <span class='ocrx_word' id='word_1_726' title='bbox 2532 3401 2682 3454; x_wconf 91' lang='lat' dir='ltr'>vocis</span> <span class='ocrx_word' id='word_1_727' title='bbox 2713 3406 2826 3454; x_wconf 68' lang='lat' dir='ltr'>tute</span> <span class='ocrx_word' id='word_1_728' title='bbox 2861 3415 3229 3454; x_wconf 89' lang='lat' dir='ltr'>commonear</span> <span class='ocrx_word' id='word_1_729' title='bbox 3272 3397 3666 3468; x_wconf 90' lang='lat' dir='ltr'>philosophari</span> 
     </span>
    </p>
   </div>
   <div class='ocr_carea' id='block_1_98' title="bbox 1971 3485 3667 3560">
    <p class='ocr_par' dir='ltr' id='par_1_98' title="bbox 1971 3485 3667 3560">
     <span class='ocr_line' id='line_1_98' title="bbox 1971 3485 3667 3560; baseline -0.003 -17"><span class='ocrx_word' id='word_1_730' title='bbox 1971 3490 2164 3560; x_wconf 88' lang='lat' dir='ltr'>potius</span> <span class='ocrx_word' id='word_1_731' title='bbox 2208 3505 2379 3560; x_wconf 91' lang='lat' dir='ltr'>quam</span> <span class='ocrx_word' id='word_1_732' title='bbox 2410 3491 2678 3542; x_wconf 85' lang='lat' dir='ltr'>cantare?</span> <span class='ocrx_word' id='word_1_733' title='bbox 2709 3490 2849 3543; x_wconf 85' lang='lat' dir='ltr'>Nam</span> <span class='ocrx_word' id='word_1_734' title='bbox 2882 3488 2980 3541; x_wconf 90' lang='lat' dir='ltr'>illa</span> <span class='ocrx_word' id='word_1_735' title='bbox 3010 3491 3110 3551; x_wconf 91' lang='lat' dir='ltr'>est,</span> <span class='ocrx_word' id='word_1_736' title='bbox 3155 3491 3216 3540; x_wconf 91' lang='lat' dir='ltr'>ut</span> <span class='ocrx_word' id='word_1_737' title='bbox 3261 3486 3365 3539; x_wconf 90' lang='lat' dir='ltr'>tibi</span> <span class='ocrx_word' id='word_1_738' title='bbox 3415 3485 3667 3557; x_wconf 89' lang='lat' dir='ltr'>quotidie</span> 
     </span>
    </p>
   </div>
   <div class='ocr_carea' id='block_1_99' title="bbox 1970 3575 3668 3649">
    <p class='ocr_par' dir='ltr' id='par_1_99' title="bbox 1970 3575 3668 3649">
     <span class='ocr_line' id='line_1_99' title="bbox 1970 3575 3668 3649; baseline -0.004 -17"><span class='ocrx_word' id='word_1_739' title='bbox 1970 3578 2239 3649; x_wconf 86' lang='lat' dir='ltr'>probanti</span> <span class='ocrx_word' id='word_1_740' title='bbox 2258 3579 2377 3648; x_wconf 90' lang='lat' dir='ltr'>jam</span> <span class='ocrx_word' id='word_1_741' title='bbox 2417 3577 2835 3646; x_wconf 36' lang='lat' dir='ltr'>coepi4credere,</span> <span class='ocrx_word' id='word_1_742' title='bbox 2875 3592 3008 3629; x_wconf 89' lang='lat' dir='ltr'>vera</span> <span class='ocrx_word' id='word_1_743' title='bbox 3028 3575 3433 3628; x_wconf 90' lang='lat' dir='ltr'>etinconcussa</span> <span class='ocrx_word' id='word_1_744' title='bbox 3470 3578 3668 3626; x_wconf 88' lang='lat' dir='ltr'>nostra</span> 
     </span>
    </p>
   </div>
   <div class='ocr_carea' id='block_1_100' title="bbox 1971 3661 3668 3730">
    <p class='ocr_par' dir='ltr' id='par_1_100' title="bbox 1971 3661 3668 3730">
     <span class='ocr_line' id='line_1_100' title="bbox 1971 3661 3668 3730; baseline -0.004 -10"><span class='ocrx_word' id='word_1_745' title='bbox 1971 3667 2266 3720; x_wconf 89' lang='lat' dir='ltr'>habitatio.</span> <span class='ocrx_word' id='word_1_746' title='bbox 2311 3666 2495 3729; x_wconf 88' lang='lat' dir='ltr'>Quare</span> <span class='ocrx_word' id='word_1_747' title='bbox 2540 3665 2587 3717; x_wconf 94' lang='lat' dir='ltr'>si</span> <span class='ocrx_word' id='word_1_748' title='bbox 2616 3665 2721 3718; x_wconf 88' lang='lat' dir='ltr'>tibi</span> <span class='ocrx_word' id='word_1_749' title='bbox 2768 3665 3071 3718; x_wconf 89' lang='lat' dir='ltr'>molestum</span> <span class='ocrx_word' id='word_1_750' title='bbox 3100 3679 3215 3716; x_wconf 92' lang='lat' dir='ltr'>non</span> <span class='ocrx_word' id='word_1_751' title='bbox 3245 3666 3350 3729; x_wconf 92' lang='lat' dir='ltr'>est,</span> <span class='ocrx_word' id='word_1_752' title='bbox 3389 3665 3561 3730; x_wconf 90' lang='lat' dir='ltr'>atque</span> <span class='ocrx_word' id='word_1_753' title='bbox 3607 3661 3668 3714; x_wconf 93' lang='lat' dir='ltr'>id</span> 
     </span>
    </p>
   </div>
   <div class='ocr_carea' id='block_1_101' title="bbox 1974 3749 3663 3821">
    <p class='ocr_par' dir='ltr' id='par_1_101' title="bbox 1974 3749 3663 3821">
     <span class='ocr_line' id='line_1_101' title="bbox 1974 3749 3663 3821; baseline -0.004 -14"><span class='ocrx_word' id='word_1_754' title='bbox 1974 3754 2099 3808; x_wconf 88' lang='lat' dir='ltr'>ﬁeri</span> <span class='ocrx_word' id='word_1_755' title='bbox 2152 3754 2359 3806; x_wconf 87' lang='lat' dir='ltr'>debere</span> <span class='ocrx_word' id='word_1_756' title='bbox 2414 3751 2728 3818; x_wconf 77' lang='lat' dir='ltr'>arbitraris,</span> <span class='ocrx_word' id='word_1_757' title='bbox 2790 3768 2931 3821; x_wconf 90' lang='lat' dir='ltr'>roga</span> <span class='ocrx_word' id='word_1_758' title='bbox 2972 3751 3127 3820; x_wconf 89' lang='lat' dir='ltr'>quod</span> <span class='ocrx_word' id='word_1_759' title='bbox 3181 3750 3294 3814; x_wconf 89' lang='lat' dir='ltr'>vis;</span> <span class='ocrx_word' id='word_1_760' title='bbox 3340 3749 3663 3812; x_wconf 87' lang='lat' dir='ltr'>defendam,</span> 
     </span>
    </p>
   </div>
   <div class='ocr_carea' id='block_1_102' title="bbox 1974 3837 3666 3913">
    <p class='ocr_par' dir='ltr' id='par_1_102' title="bbox 1974 3837 3666 3913">
     <span class='ocr_line' id='line_1_102' title="bbox 1974 3837 3666 3913; baseline -0.005 -18"><span class='ocrx_word' id='word_1_761' title='bbox 1974 3847 2253 3913; x_wconf 92' lang='lat' dir='ltr'>quantum</span> <span class='ocrx_word' id='word_1_762' title='bbox 2304 3857 2554 3911; x_wconf 89' lang='lat' dir='ltr'>possum,</span> <span class='ocrx_word' id='word_1_763' title='bbox 2614 3840 2873 3893; x_wconf 91' lang='lat' dir='ltr'>ordinem</span> <span class='ocrx_word' id='word_1_764' title='bbox 2906 3854 3121 3901; x_wconf 89' lang='lat' dir='ltr'>rerum,</span> <span class='ocrx_word' id='word_1_765' title='bbox 3162 3837 3421 3906; x_wconf 91' lang='lat' dir='ltr'>nihilque</span> <span class='ocrx_word' id='word_1_766' title='bbox 3453 3839 3666 3905; x_wconf 70' lang='lat' dir='ltr'>praeter</span> 
     </span>
    </p>
   </div>
   <div class='ocr_carea' id='block_1_103' title="bbox 1975 3923 3665 3998">
    <p class='ocr_par' dir='ltr' id='par_1_103' title="bbox 1975 3923 3665 3998">
     <span class='ocr_line' id='line_1_103' title="bbox 1975 3923 3665 3998; baseline -0.006 -13"><span class='ocrx_word' id='word_1_767' title='bbox 1975 3931 2234 3985; x_wconf 91' lang='lat' dir='ltr'>ordinem</span> <span class='ocrx_word' id='word_1_768' title='bbox 2262 3928 2385 3983; x_wconf 77' lang='lat' dir='ltr'>fieri</span> <span class='ocrx_word' id='word_1_769' title='bbox 2422 3945 2582 3998; x_wconf 89' lang='lat' dir='ltr'>posse</span> <span class='ocrx_word' id='word_1_770' title='bbox 2612 3943 2878 3980; x_wconf 89' lang='lat' dir='ltr'>asseram.</span> <span class='ocrx_word' id='word_1_771' title='bbox 2912 3927 3154 3980; x_wconf 90' lang='lat' dir='ltr'>Tantum</span> <span class='ocrx_word' id='word_1_772' title='bbox 3195 3924 3349 3977; x_wconf 92' lang='lat' dir='ltr'>enim</span> <span class='ocrx_word' id='word_1_773' title='bbox 3380 3939 3513 3977; x_wconf 92' lang='lat' dir='ltr'>eum</span> <span class='ocrx_word' id='word_1_774' title='bbox 3543 3923 3665 3976; x_wconf 88' lang='lat' dir='ltr'>ani-</span> 
     </span>
    </p>
   </div>
   <div class='ocr_carea' id='block_1_104' title="bbox 1973 4011 3665 4087">
    <p class='ocr_par' dir='ltr' id='par_1_104' title="bbox 1973 4011 3665 4087">
     <span class='ocr_line' id='line_1_104' title="bbox 1973 4011 3665 4087; baseline -0.005 -15"><span class='ocrx_word' id='word_1_775' title='bbox 1973 4036 2067 4072; x_wconf 92' lang='lat' dir='ltr'>mo</span> <span class='ocrx_word' id='word_1_776' title='bbox 2097 4018 2300 4071; x_wconf 89' lang='lat' dir='ltr'>imbibi</span> <span class='ocrx_word' id='word_1_777' title='bbox 2334 4022 2502 4087; x_wconf 89' lang='lat' dir='ltr'>atque</span> <span class='ocrx_word' id='word_1_778' title='bbox 2549 4015 2733 4078; x_wconf 90' lang='lat' dir='ltr'>hausi,</span> <span class='ocrx_word' id='word_1_779' title='bbox 2763 4018 2830 4067; x_wconf 90' lang='lat' dir='ltr'>ut</span> <span class='ocrx_word' id='word_1_780' title='bbox 2876 4013 3100 4067; x_wconf 90' lang='lat' dir='ltr'>etiamsi</span> <span class='ocrx_word' id='word_1_781' title='bbox 3129 4029 3220 4065; x_wconf 89' lang='lat' dir='ltr'>me</span> <span class='ocrx_word' id='word_1_782' title='bbox 3270 4012 3574 4082; x_wconf 86' lang='lat' dir='ltr'>quisquam</span> <span class='ocrx_word' id='word_1_783' title='bbox 3606 4011 3665 4064; x_wconf 91' lang='lat' dir='ltr'><strong>in</strong></span> 
     </span>
    </p>
   </div>
   <div class='ocr_carea' id='block_1_105' title="bbox 1974 4097 3664 4176">
    <p class='ocr_par' dir='ltr' id='par_1_105' title="bbox 1974 4097 3664 4176">
     <span class='ocr_line' id='line_1_105' title="bbox 1974 4097 3664 4176; baseline -0.007 -14"><span class='ocrx_word' id='word_1_784' title='bbox 1974 4108 2080 4162; x_wconf 89' lang='lat' dir='ltr'>hac</span> <span class='ocrx_word' id='word_1_785' title='bbox 2108 4105 2491 4176; x_wconf 89' lang='lat' dir='ltr'>disputatione</span> <span class='ocrx_word' id='word_1_786' title='bbox 2509 4102 2810 4174; x_wconf 88' lang='lat' dir='ltr'>superarit,</span> <span class='ocrx_word' id='word_1_787' title='bbox 2835 4102 3000 4155; x_wconf 91' lang='lat' dir='ltr'>etiam</span> <span class='ocrx_word' id='word_1_788' title='bbox 3025 4101 3132 4153; x_wconf 91' lang='lat' dir='ltr'>hoc</span> <span class='ocrx_word' id='word_1_789' title='bbox 3162 4099 3307 4153; x_wconf 93' lang='lat' dir='ltr'><strong>nulli</strong></span> <span class='ocrx_word' id='word_1_790' title='bbox 3335 4097 3664 4164; x_wconf 90' lang='lat' dir='ltr'>temeritati,</span> 
     </span>
    </p>
   </div>
   <div class='ocr_carea' id='block_1_106' title="bbox 1977 4186 3669 4260">
    <p class='ocr_par' dir='ltr' id='par_1_106' title="bbox 1977 4186 3669 4260">
     <span class='ocr_line' id='line_1_106' title="bbox 1977 4186 3669 4260; baseline -0.005 -12"><span class='ocrx_word' id='word_1_791' title='bbox 1977 4196 2077 4249; x_wconf 90' lang='lat' dir='ltr'>sed</span> <span class='ocrx_word' id='word_1_792' title='bbox 2105 4209 2299 4248; x_wconf 91' lang='lat' dir='ltr'>rerum</span> <span class='ocrx_word' id='word_1_793' title='bbox 2330 4192 2517 4246; x_wconf 91' lang='lat' dir='ltr'>ordini</span> <span class='ocrx_word' id='word_1_794' title='bbox 2551 4191 2822 4245; x_wconf 89' lang='lat' dir='ltr'>tribuam.</span> <span class='ocrx_word' id='word_1_795' title='bbox 2867 4191 3058 4260; x_wconf 88' lang='lat' dir='ltr'>Neque</span> <span class='ocrx_word' id='word_1_796' title='bbox 3091 4189 3244 4243; x_wconf 89' lang='lat' dir='ltr'>enim</span> <span class='ocrx_word' id='word_1_797' title='bbox 3275 4203 3365 4241; x_wconf 90' lang='lat' dir='ltr'>res</span> <span class='ocrx_word' id='word_1_798' title='bbox 3395 4187 3538 4256; x_wconf 86' lang='lat' dir='ltr'>ipsa,</span> <span class='ocrx_word' id='word_1_799' title='bbox 3568 4186 3669 4240; x_wconf 89' lang='lat' dir='ltr'>sed</span> 
     </span>
    </p>
   </div>
   <div class='ocr_carea' id='block_1_107' title="bbox 1978 4279 2674 4351">
    <p class='ocr_par' dir='ltr' id='par_1_107' title="bbox 1978 4279 2674 4351">
     <span class='ocr_line' id='line_1_107' title="bbox 1978 4279 2674 4351; baseline -0.01 -13"><span class='ocrx_word' id='word_1_800' title='bbox 1978 4282 2262 4339; x_wconf 88' lang='lat' dir='ltr'>Licentius</span> <span class='ocrx_word' id='word_1_801' title='bbox 2293 4279 2674 4351; x_wconf 88' lang='lat' dir='ltr'>superabitur.</span> 
     </span>
    </p>
   </div>
   <div class='ocr_carea' id='block_1_108' title="bbox 2153 4372 3487 4442">
    <p class='ocr_par' dir='ltr' id='par_1_108' title="bbox 2153 4372 3487 4442">
     <span class='ocr_line' id='line_1_108' title="bbox 2153 4372 3487 4442; baseline -0.005 -10"><span class='ocrx_word' id='word_1_802' title='bbox 2153 4379 2376 4433; x_wconf 83' lang='lat' dir='ltr'><strong>CAPUT</strong></span> <span class='ocrx_word' id='word_1_803' title='bbox 2397 4378 2486 4431; x_wconf 89' lang='lat' dir='ltr'><strong>IV.</strong></span> <span class='ocrx_word' id='word_1_804' title='bbox 2517 4406 2584 4416; x_wconf 89' lang='lat'>—</span> <span class='ocrx_word' id='word_1_805' title='bbox 2606 4376 2760 4432; x_wconf 79' lang='lat' dir='ltr'><strong>Nihil</strong></span> <span class='ocrx_word' id='word_1_806' title='bbox 2789 4377 3000 4428; x_wconf 78' lang='lat' dir='ltr'>omnino</span> <span class='ocrx_word' id='word_1_807' title='bbox 3021 4372 3137 4428; x_wconf 79' lang='lat' dir='ltr'>sine</span> <span class='ocrx_word' id='word_1_808' title='bbox 3166 4388 3330 4427; x_wconf 86' lang='lat' dir='ltr'>causa</span> <span class='ocrx_word' id='word_1_809' title='bbox 3350 4375 3487 4442; x_wconf 78' lang='lat' dir='ltr'>ﬁeri.</span> 
     </span>
    </p>
   </div>
   <div class='ocr_carea' id='block_1_109' title="bbox 2051 4461 3670 4537">
    <p class='ocr_par' dir='ltr' id='par_1_109' title="bbox 2051 4461 3670 4537">
     <span class='ocr_line' id='line_1_109' title="bbox 2051 4461 3670 4537; baseline -0.006 -15"><span class='ocrx_word' id='word_1_810' title='bbox 2051 4471 2134 4522; x_wconf 86' lang='lat' dir='ltr'>l0.</span> <span class='ocrx_word' id='word_1_811' title='bbox 2186 4469 2300 4537; x_wconf 89' lang='lat' dir='ltr'>Ego</span> <span class='ocrx_word' id='word_1_812' title='bbox 2357 4481 2585 4520; x_wconf 90' lang='lat' dir='ltr'>rursum</span> <span class='ocrx_word' id='word_1_813' title='bbox 2642 4464 2899 4534; x_wconf 76' lang='lat' dir='ltr'>gaudens</span> <span class='ocrx_word' id='word_1_814' title='bbox 2950 4462 3032 4516; x_wconf 86' lang='lat' dir='ltr'>eis</span> <span class='ocrx_word' id='word_1_815' title='bbox 3088 4478 3179 4514; x_wconf 91' lang='lat' dir='ltr'>me</span> <span class='ocrx_word' id='word_1_816' title='bbox 3232 4461 3471 4515; x_wconf 90' lang='lat' dir='ltr'>restitui.</span> <span class='ocrx_word' id='word_1_817' title='bbox 3525 4461 3670 4514; x_wconf 90' lang='lat' dir='ltr'>Tum</span> 
     </span>
    </p>
   </div>
   <div class='ocr_carea' id='block_1_110' title="bbox 1975 4547 3662 4626">
    <p class='ocr_par' dir='ltr' id='par_1_110' title="bbox 1975 4547 3662 4626">
     <span class='ocr_line' id='line_1_110' title="bbox 1975 4547 3662 4626; baseline -0.007 -15"><span class='ocrx_word' id='word_1_818' title='bbox 1975 4554 2269 4626; x_wconf 83' lang='lat' dir='ltr'>Trygetio:</span> <span class='ocrx_word' id='word_1_819' title='bbox 2293 4553 2458 4618; x_wconf 92' lang='lat' dir='ltr'>Quid,</span> <span class='ocrx_word' id='word_1_820' title='bbox 2491 4553 2749 4622; x_wconf 90' lang='lat' dir='ltr'>inquam,</span> <span class='ocrx_word' id='word_1_821' title='bbox 2773 4550 2878 4605; x_wconf 91' lang='lat' dir='ltr'>tibi</span> <span class='ocrx_word' id='word_1_822' title='bbox 2907 4548 3171 4603; x_wconf 85' lang='lat' dir='ltr'>videtur?</span> <span class='ocrx_word' id='word_1_823' title='bbox 3197 4550 3375 4602; x_wconf 86' lang='lat' dir='ltr'>Faveo</span> <span class='ocrx_word' id='word_1_824' title='bbox 3406 4547 3662 4618; x_wconf 89' lang='lat' dir='ltr'>quidem,</span> 
     </span>
    </p>
   </div>
   <div class='ocr_carea' id='block_1_111' title="bbox 1979 4636 3675 4715">
    <p class='ocr_par' dir='ltr' id='par_1_111' title="bbox 1979 4636 3675 4715">
     <span class='ocr_line' id='line_1_111' title="bbox 1979 4636 3675 4715; baseline -0.006 -17"><span class='ocrx_word' id='word_1_825' title='bbox 1979 4644 2186 4715; x_wconf 89' lang='lat' dir='ltr'>inquit,</span> <span class='ocrx_word' id='word_1_826' title='bbox 2251 4641 2439 4695; x_wconf 88' lang='lat' dir='ltr'>ordini</span> <span class='ocrx_word' id='word_1_827' title='bbox 2490 4639 2844 4710; x_wconf 89' lang='lat' dir='ltr'>plurimum;</span> <span class='ocrx_word' id='word_1_828' title='bbox 2887 4637 2986 4690; x_wconf 87' lang='lat' dir='ltr'>sed</span> <span class='ocrx_word' id='word_1_829' title='bbox 3040 4636 3290 4689; x_wconf 84' lang='lat' dir='ltr'>incertus</span> <span class='ocrx_word' id='word_1_830' title='bbox 3343 4641 3556 4702; x_wconf 90' lang='lat' dir='ltr'>tamen,</span> <span class='ocrx_word' id='word_1_831' title='bbox 3615 4640 3675 4689; x_wconf 91' lang='lat' dir='ltr'>et</span> 
     </span>
    </p>
   </div>
   <div class='ocr_carea' id='block_1_112' title="bbox 1978 4723 3673 4796">
    <p class='ocr_par' dir='ltr' id='par_1_112' title="bbox 1978 4723 3673 4796">
     <span class='ocr_line' id='line_1_112' title="bbox 1978 4723 3673 4796; baseline -0.006 -10"><span class='ocrx_word' id='word_1_832' title='bbox 1978 4749 2102 4786; x_wconf 89' lang='lat' dir='ltr'>rem</span> <span class='ocrx_word' id='word_1_833' title='bbox 2151 4734 2369 4784; x_wconf 87' lang='lat' dir='ltr'>tantam</span> <span class='ocrx_word' id='word_1_834' title='bbox 2417 4726 2849 4796; x_wconf 88' lang='lat' dir='ltr'>diligentissime</span> <span class='ocrx_word' id='word_1_835' title='bbox 2894 4723 3098 4778; x_wconf 86' lang='lat' dir='ltr'>discuti</span> <span class='ocrx_word' id='word_1_836' title='bbox 3130 4723 3320 4792; x_wconf 91' lang='lat' dir='ltr'>cupio.</span> <span class='ocrx_word' id='word_1_837' title='bbox 3378 4725 3673 4790; x_wconf 88' lang='lat' dir='ltr'>Favorem,</span> 
     </span>
    </p>
   </div>
   <div class='ocr_carea' id='block_1_113' title="bbox 1976 4810 3670 4890">
    <p class='ocr_par' dir='ltr' id='par_1_113' title="bbox 1976 4810 3670 4890">
     <span class='ocr_line' id='line_1_113' title="bbox 1976 4810 3670 4890; baseline -0.007 -15"><span class='ocrx_word' id='word_1_838' title='bbox 1976 4821 2231 4890; x_wconf 91' lang='lat' dir='ltr'>inquam,</span> <span class='ocrx_word' id='word_1_839' title='bbox 2279 4822 2445 4872; x_wconf 92' lang='lat' dir='ltr'>tuum</span> <span class='ocrx_word' id='word_1_840' title='bbox 2494 4815 2593 4869; x_wconf 92' lang='lat' dir='ltr'><strong>illa</strong></span> <span class='ocrx_word' id='word_1_841' title='bbox 2622 4831 2758 4884; x_wconf 86' lang='lat' dir='ltr'>ergo</span> <span class='ocrx_word' id='word_1_842' title='bbox 2803 4829 2934 4883; x_wconf 88' lang='lat' dir='ltr'>pars</span> <span class='ocrx_word' id='word_1_843' title='bbox 2983 4810 3286 4878; x_wconf 76' lang='lat' dir='ltr'>habeat‘;</span> <span class='ocrx_word' id='word_1_844' title='bbox 3322 4828 3457 4864; x_wconf 91' lang='lat' dir='ltr'>nam</span> <span class='ocrx_word' id='word_1_845' title='bbox 3517 4811 3670 4881; x_wconf 93' lang='lat' dir='ltr'>quod</span> 
     </span>
    </p>
   </div>
   <div class='ocr_carea' id='block_1_114' title="bbox 1975 4897 3659 4970">
    <p class='ocr_par' dir='ltr' id='par_1_114' title="bbox 1975 4897 3659 4970">
     <span class='ocr_line' id='line_1_114' title="bbox 1975 4897 3659 4970; baseline -0.008 -8"><span class='ocrx_word' id='word_1_846' title='bbox 1975 4908 2224 4962; x_wconf 90' lang='lat' dir='ltr'>incertus</span> <span class='ocrx_word' id='word_1_847' title='bbox 2253 4923 2330 4969; x_wconf 90' lang='lat' dir='ltr'>es,</span> <span class='ocrx_word' id='word_1_848' title='bbox 2386 4904 2559 4958; x_wconf 91' lang='lat' dir='ltr'>etiam</span> <span class='ocrx_word' id='word_1_849' title='bbox 2588 4918 2719 4956; x_wconf 91' lang='lat' dir='ltr'>cum</span> <span class='ocrx_word' id='word_1_850' title='bbox 2749 4900 2999 4955; x_wconf 89' lang='lat' dir='ltr'>Licentio</span> <span class='ocrx_word' id='word_1_851' title='bbox 3031 4916 3094 4953; x_wconf 89' lang='lat' dir='ltr'>ac</span> <span class='ocrx_word' id='word_1_852' title='bbox 3123 4899 3342 4970; x_wconf 87' lang='lat' dir='ltr'>meipso</span> <span class='ocrx_word' id='word_1_853' title='bbox 3373 4897 3476 4952; x_wconf 91' lang='lat' dir='ltr'>tibi</span> <span class='ocrx_word' id='word_1_854' title='bbox 3519 4901 3659 4967; x_wconf 92' lang='lat' dir='ltr'>puto</span> 
     </span>
    </p>
   </div>
   <div class='ocr_carea' id='block_1_115' title="bbox 1980 4985 3666 5057">
    <p class='ocr_par' dir='ltr' id='par_1_115' title="bbox 1980 4985 3666 5057">
     <span class='ocr_line' id='line_1_115' title="bbox 1980 4985 3666 5057; baseline -0.008 -7"><span class='ocrx_word' id='word_1_855' title='bbox 1980 5013 2098 5050; x_wconf 90' lang='lat' dir='ltr'>esse</span> <span class='ocrx_word' id='word_1_856' title='bbox 2146 5008 2472 5048; x_wconf 90' lang='lat' dir='ltr'>commune.</span> <span class='ocrx_word' id='word_1_857' title='bbox 2516 4992 2774 5055; x_wconf 89' lang='lat' dir='ltr'>Prorsus,</span> <span class='ocrx_word' id='word_1_858' title='bbox 2820 4989 2896 5042; x_wconf 89' lang='lat' dir='ltr'>ait</span> <span class='ocrx_word' id='word_1_859' title='bbox 2943 4988 3249 5054; x_wconf 90' lang='lat' dir='ltr'>Licentius,</span> <span class='ocrx_word' id='word_1_860' title='bbox 3317 5003 3423 5057; x_wconf 88' lang='lat' dir='ltr'>ego</span> <span class='ocrx_word' id='word_1_861' title='bbox 3495 4985 3666 5054; x_wconf 87' lang='lat' dir='ltr'>hujus</span> 
     </span>
    </p>
   </div>
   <div class='ocr_carea' id='block_1_116' title="bbox 1981 5072 3668 5144">
    <p class='ocr_par' dir='ltr' id='par_1_116' title="bbox 1981 5072 3668 5144">
     <span class='ocr_line' id='line_1_116' title="bbox 1981 5072 3668 5144; baseline -0.009 -6"><span class='ocrx_word' id='word_1_862' title='bbox 1981 5082 2275 5138; x_wconf 60' lang='lat' dir='ltr'>sententiae</span> <span class='ocrx_word' id='word_1_863' title='bbox 2313 5084 2497 5134; x_wconf 89' lang='lat' dir='ltr'>certus</span> <span class='ocrx_word' id='word_1_864' title='bbox 2529 5095 2675 5133; x_wconf 91' lang='lat' dir='ltr'>sum.</span> <span class='ocrx_word' id='word_1_865' title='bbox 2708 5077 2853 5142; x_wconf 92' lang='lat' dir='ltr'>Quid</span> <span class='ocrx_word' id='word_1_866' title='bbox 2884 5077 3040 5130; x_wconf 90' lang='lat' dir='ltr'>enim</span> <span class='ocrx_word' id='word_1_867' title='bbox 3069 5076 3323 5130; x_wconf 87' lang='lat' dir='ltr'>dubitem</span> <span class='ocrx_word' id='word_1_868' title='bbox 3372 5072 3668 5144; x_wconf 89' lang='lat' dir='ltr'>parietem,</span> 
     </span>
    </p>
   </div>
   <div class='ocr_carea' id='block_1_117' title="bbox 1981 5157 3669 5242">
    <p class='ocr_par' dir='ltr' id='par_1_117' title="bbox 1981 5157 3669 5242">
     <span class='ocr_line' id='line_1_117' title="bbox 1981 5157 3669 5242; baseline -0.01 -17"><span class='ocrx_word' id='word_1_869' title='bbox 1981 5173 2143 5242; x_wconf 87' lang='lat' dir='ltr'>cujus</span> <span class='ocrx_word' id='word_1_870' title='bbox 2175 5169 2525 5224; x_wconf 87' lang='lat' dir='ltr'>mentionem</span> <span class='ocrx_word' id='word_1_871' title='bbox 2554 5167 2753 5232; x_wconf 92' lang='lat' dir='ltr'>fecisti,</span> <span class='ocrx_word' id='word_1_872' title='bbox 2786 5170 3094 5236; x_wconf 88' lang='lat' dir='ltr'>antequam</span> <span class='ocrx_word' id='word_1_873' title='bbox 3122 5166 3289 5234; x_wconf 88' lang='lat' dir='ltr'>plane</span> <span class='ocrx_word' id='word_1_874' title='bbox 3321 5177 3376 5213; x_wconf 91' lang='lat' dir='ltr'>se</span> <span class='ocrx_word' id='word_1_875' title='bbox 3410 5157 3669 5220; x_wconf 81' lang='lat' dir='ltr'>erexerit,</span> 
     </span>
    </p>
   </div>
   <div class='ocr_carea' id='block_1_118' title="bbox 1983 5255 3674 5325">
    <p class='ocr_par' dir='ltr' id='par_1_118' title="bbox 1983 5255 3674 5325">
     <span class='ocr_line' id='line_1_118' title="bbox 1983 5255 3674 5325; baseline -0.011 -10"><span class='ocrx_word' id='word_1_876' title='bbox 1983 5260 2258 5316; x_wconf 82' lang='lat' dir='ltr'>diruere?</span> <span class='ocrx_word' id='word_1_877' title='bbox 2292 5259 2414 5312; x_wconf 90' lang='lat' dir='ltr'>Non</span> <span class='ocrx_word' id='word_1_878' title='bbox 2466 5257 2618 5311; x_wconf 89' lang='lat' dir='ltr'>enim</span> <span class='ocrx_word' id='word_1_879' title='bbox 2675 5272 2806 5309; x_wconf 88' lang='lat' dir='ltr'>vere</span> <span class='ocrx_word' id='word_1_880' title='bbox 2865 5255 3085 5325; x_wconf 90' lang='lat' dir='ltr'>poetica</span> <span class='ocrx_word' id='word_1_881' title='bbox 3121 5256 3342 5306; x_wconf 88' lang='lat' dir='ltr'>tantum</span> <span class='ocrx_word' id='word_1_882' title='bbox 3389 5262 3478 5299; x_wconf 89' lang='lat' dir='ltr'>me</span> <span class='ocrx_word' id='word_1_883' title='bbox 3509 5261 3674 5297; x_wconf 43' lang='lat' dir='ltr'>avere</span> 
     </span>
    </p>
   </div>
   <div class='ocr_carea' id='block_1_119' title="bbox 1983 5331 3676 5417">
    <p class='ocr_par' dir='ltr' id='par_1_119' title="bbox 1983 5331 3676 5417">
     <span class='ocr_line' id='line_1_119' title="bbox 1983 5331 3676 5417; baseline -0.012 -15"><span class='ocrx_word' id='word_1_884' title='bbox 1983 5355 2104 5403; x_wconf 90' lang='lat' dir='ltr'>tere</span> <span class='ocrx_word' id='word_1_885' title='bbox 2135 5365 2168 5401; x_wconf 91' lang='lat' dir='ltr'>a</span> <span class='ocrx_word' id='word_1_886' title='bbox 2196 5346 2561 5417; x_wconf 91' lang='lat' dir='ltr'>philosophia</span> <span class='ocrx_word' id='word_1_887' title='bbox 2587 5349 2794 5416; x_wconf 89' lang='lat' dir='ltr'>potest,</span> <span class='ocrx_word' id='word_1_888' title='bbox 2855 5346 3134 5413; x_wconf 89' lang='lat' dir='ltr'>quantum</span> <span class='ocrx_word' id='word_1_889' title='bbox 3182 5332 3508 5390; x_wconf 87' lang='lat' dir='ltr'>inveniendi</span> <span class='ocrx_word' id='word_1_890' title='bbox 3554 5331 3676 5384; x_wconf 88' lang='lat' dir='ltr'>veri</span> 
     </span>
    </p>
   </div>
   <div class='ocr_carea' id='block_1_120' title="bbox 2054 5438 3677 5514">
    <p class='ocr_par' dir='ltr' id='par_1_120' title="bbox 2054 5438 3677 5514">
     <span class='ocr_line' id='line_1_120' title="bbox 2054 5438 3677 5514; baseline -0.012 -10"><span class='ocrx_word' id='word_1_891' title='bbox 2054 5457 2069 5489; x_wconf 79' lang='grc'>1</span> <span class='ocrx_word' id='word_1_892' title='bbox 2095 5453 2232 5503; x_wconf 89' lang='lat' dir='ltr'>Editi</span> <span class='ocrx_word' id='word_1_893' title='bbox 2247 5452 2717 5514; x_wconf 12' lang='lat' dir='ltr'>,illeergoiparies.</span> <span class='ocrx_word' id='word_1_894' title='bbox 2741 5448 2903 5514; x_wconf 75' lang='lat' dir='ltr'>Male;</span> <span class='ocrx_word' id='word_1_895' title='bbox 2925 5461 3046 5514; x_wconf 72' lang='lat' dir='ltr'>nam</span> <span class='ocrx_word' id='word_1_896' title='bbox 3061 5445 3113 5492; x_wconf 89' lang='lat' dir='ltr'>id</span> <span class='ocrx_word' id='word_1_897' title='bbox 3132 5438 3677 5514; x_wconf 73' lang='lat' dir='ltr'>Trygetioimponitur</span> 
     </span>
    </p>
   </div>
   <div class='ocr_carea' id='block_1_121' title="bbox 1995 5505 3461 5580">
    <p class='ocr_par' dir='ltr' id='par_1_121' title="bbox 1995 5505 3461 5580">
     <span class='ocr_line' id='line_1_121' title="bbox 1995 5505 3461 5580; baseline -0.012 -13"><span class='ocrx_word' id='word_1_898' title='bbox 1995 5520 2055 5567; x_wconf 88' lang='lat' dir='ltr'>ut</span> <span class='ocrx_word' id='word_1_899' title='bbox 2072 5529 2167 5580; x_wconf 88' lang='lat' dir='ltr'>pro</span> <span class='ocrx_word' id='word_1_900' title='bbox 2201 5505 2296 5564; x_wconf 83' lang='lat' dir='ltr'>sua</span> <span class='ocrx_word' id='word_1_901' title='bbox 2323 5505 2470 5578; x_wconf 70' lang='lat' dir='ltr'>parte</span> <span class='ocrx_word' id='word_1_902' title='bbox 2495 5505 2899 5563; x_wconf 77' lang='lat' dir='ltr'>defendendum</span> <span class='ocrx_word' id='word_1_903' title='bbox 2918 5508 3156 5557; x_wconf 88' lang='lat' dir='ltr'>ordinem</span> <span class='ocrx_word' id='word_1_904' title='bbox 3194 5505 3461 5564; x_wconf 87' lang='lat' dir='ltr'>suscipiat.</span> 
     </span>
    </p>
   </div>
  </div>
