4058 6366
432 330 535 384 983

435 447 770 506 difﬁdentia.
809 447 954 502 Tum
983 445 1282 517 Trygetius
1329 441 1705 513 gaudentibus
1740 441 1924 494 verbis
1957 454 1970 495 ε
2020 441 2128 495 lla-

434 540 662 607 bemus,
690 535 898 608 inquit,
937 535 1061 606 jam
1112 533 1263 604 quod
1309 532 1439 602 plus
1483 535 1589 597 est,
1643 529 1960 584 Licentium
2016 543 2132 582 non

437 625 872 691 Academicum;
906 639 1000 678 eos
1032 621 1184 676 enim
1214 620 1309 674 ille
1357 617 1772 674 studiosissime
1830 617 2131 672 defendere

439 715 676 770 solebat.
711 715 838 768 Hac
869 711 1057 776 modo,
1093 709 1298 780 inquit,
1332 707 1534 762 omitte
1565 724 1780 778 quaso,
1806 722 1878 760 ne
1897 722 1988 760 me
2026 706 2133 760 hoc

441 803 662 858 vafrum
707 800 974 871 quiddam
1023 802 1079 850 et
1106 796 1484 867 captatorium
1516 812 1547 848 a
1575 794 1765 849 nescio
1807 810 1920 865 qua
1945 792 2136 846 divina

441 907 524 957 re,
559 906 687 961 qua
717 887 857 942 mihi
888 889 1170 940 ostentare
1197 901 1254 938 se
1286 884 1472 954 capit,
1493 888 1549 937 et
1577 883 1667 937 cui
1697 898 1787 936 me
1817 881 2135 936 inhiantem

443 967 745 1048 suspendo,
779 975 1116 1045 detorqueat
1131 978 1301 1044 atque
1320 972 1660 1041 disrumpat.
1689 970 1788 1023 Hic
1816 985 1922 1040 ego
1956 969 2135 1023 multo

442 1065 676 1121 uberius
723 1079 962 1117 cernens
1018 1061 1311 1116 abundare
1353 1059 1582 1114 latitias
1626 1074 1782 1112 meas
1830 1050 2002 1128 quam
2048 1058 2137 1111 vel

445 1159 640 1224 optare
685 1151 992 1222 aliquando
1025 1165 1194 1204 ausus
1224 1164 1372 1214 sum,
1401 1162 1629 1201 versum
1673 1145 1844 1199 istum
1889 1145 2138 1216 gestiens

445 1241 619 1296 effudi
642 1259 659 1294 :

694 1327 779 1377 Sic
810 1327 961 1375 Pater
979 1325 1066 1374 ille
1086 1324 1244 1374 deum
1278 1322 1452 1385 faciat,
1479 1321 1553 1370 sic
1581 1321 1718 1370 altus
1746 1320 1952 1384 Apollo,

694 1404 920 1468 Incipias
940 1419 953 1454 :

1323 1481 1550 1543 (zEnetd.
1584 1497 1632 1538 ι,
1669 1481 1785 1532 874.
1818 1481 1955 1541 8⁸75.)

448 1583 721 1656 perducet
749 1581 901 1636 enim
933 1579 1077 1650 ipse,
1135 1579 1182 1634 si
1211 1579 1508 1651 sequimur
1547 1595 1660 1650 quo
1716 1595 1821 1633 nos
1848 1579 1930 1632 ire
1953 1577 2139 1648 jubet,

367 1730 374 1734 _
449 1677 618 1743 atque
647 1669 745 1724 ubi
769 1684 982 1740 ponere
1013 1668 1228 1734 sedem,
1247 1667 1346 1737 qui
1376 1667 1473 1721 dat
1499 1667 1672 1721 modo
1697 1667 2024 1737 augurium,
2048 1681 2144 1718 no-

449 1760 694 1830 strisque
752 1758 1009 1812 illabitur
1049 1755 1257 1810 animis
1287 1755 1394 1824 (Id.
1430 1771 1510 1821 Ill,
1545 1757 1634 1821 88,
1684 1756 1800 1825 89).
1845 1755 1955 1808 Nec
1991 1753 2144 1806 enim

449 1850 597 1903 altus
648 1847 853 1917 Apollo
894 1848 996 1909 est,
1043 1843 1144 1914 qui
1187 1843 1248 1896 in
1295 1842 1600 1913 speluncis,
1636 1842 1696 1895 iu
1744 1841 2057 1905 montibus,
2085 1840 2145 1893 in

449 1935 800 2002 nemoribus,
868 1932 1067 1986 nidore
1123 1931 1307 1985 thuris
1363 1931 1764 2001 pecudumque
1829 1929 2146 1983 calamitate

451 2024 764 2078 concitatus
781 2021 986 2092 implet
1005 2019 1237 2074 insanos
1261 2036 1274 2074 :
1312 2019 1409 2073 sed
1429 2019 1570 2073 alius
1585 2017 1838 2088 profecto
1870 2020 1975 2083 est,
1999 2015 2148 2070 alius

452 2112 547 2166 ille
603 2111 755 2164 altus
815 2107 1117 2173 veridicus,
1174 2111 1342 2176 atque
1394 2106 1516 2176 ipsa
1566 2104 1724 2176 (quid
1773 2105 1929 2158 enim
1961 2103 2148 2157 verbis

453 2198 700 2253 ambiam
726 2199 756 2250 ?
781 2197 794 2266 )
827 2195 1076 2249 Veritas:
1111 2194 1271 2264 cujus
1302 2198 1455 2247 vates
1482 2198 1614 2247 sunt
1641 2192 1989 2264 quicumque
2018 2209 2146 2262 pos-

455 2291 588 2341 sunt
615 2302 737 2340 esse
767 2283 1070 2354 sapientes.
1105 2283 1252 2352 Ergo
1285 2281 1704 2351 aggrediamur,
1753 2280 1987 2346 Licenti,
2019 2278 2149 2334 freti

455 2376 669 2446 pietate
695 2374 959 2437 cultores,
979 2376 1036 2425 et
1055 2369 1305 2440 vestigiis
1322 2368 1529 2423 nostris
1550 2369 1744 2439 ignem
1769 2368 2148 2440 perniciosum

457 2465 812 2518 fumosarum
843 2460 1221 2531 cupiditatum
1250 2458 1661 2530 opprimamus.

533 2556 625 2606 11.
661 2551 806 2614 Jam,
839 2548 1046 2619 inquit,
1077 2549 1387 2616 interroga,
1422 2562 1520 2599 oro
1575 2549 1652 2614 te,
1700 2544 1747 2597 si
1802 2543 2016 2614 possim
2046 2543 2152 2597 hoc

457 2643 681 2693 tantum
711 2637 900 2691 nescio
932 2637 1071 2707 quid
1101 2635 1404 2705 explicare,
1447 2639 1504 2687 et
1530 2633 1641 2686 tuis
1672 2633 1855 2686 verbis
1886 2636 1942 2685 et
1989 2631 2148 2684 meis.

460 2728 574 2781 Hoc
601 2727 811 2796 ipsum.
844 2726 1102 2795 inquam,
1135 2723 1276 2777 mihi
1309 2722 1605 2793 responde,
1639 2721 1826 2791 primo
1862 2720 2015 2774 unde
2045 2719 2152 2773 tibi

453 2813 715 2868 videatur
731 2828 880 2883 aqua
907 2812 1012 2866 ista
1038 2828 1152 2866 non
1181 2817 1395 2866 temere
1414 2811 1512 2879 sic,
1544 2811 1640 2864 sed
1661 2810 1859 2864 ordine
1887 2808 2148 2862 inﬂuere.

454 2903 597 2956 Nam
625 2901 779 2972 quod
807 2901 903 2954 illa
928 2900 1192 2970 ligneolis
1209 2899 1499 2954 canalibus
1529 2896 1933 2969 superlabitur,
1960 2901 2017 2951 et
2045 2897 2145 2950 du-

457 2988 604 3043 citur
628 3005 808 3059 usque
837 2988 898 3042 in
928 3005 1061 3042 usus
1094 2992 1341 3056 nostros,
1380 2991 1567 3058 potest
1597 2987 1663 3040 ad
1694 2986 1954 3040 ordinem
1976 2984 2149 3056 perti-

459 3093 614 3131 nere.
648 3079 879 3131 Factum
910 3081 994 3130 est
1019 3075 1174 3130 enim
1204 3075 1274 3129 ab
1304 3075 1637 3129 hominibus
1684 3073 1907 3127 ratione
1939 3072 2150 3126 utenti-

458 3165 584 3228 bus,
617 3169 680 3219 ut
707 3181 822 3219 uno
853 3166 975 3235 ejus
995 3164 1196 3218 itinere
1219 3164 1388 3217 simul
1412 3167 1468 3218 et
1494 3163 1759 3218 biberent
1789 3167 1846 3216 et
1872 3163 2151 3230 lavarent,

459 3259 516 3308 et
547 3269 649 3324 pro
679 3254 931 3307 locorum
975 3251 1496 3323 opportunitatibus
1538 3266 1894 3321 consequens
1937 3255 2058 3305 erat
2087 3254 2153 3304 ut

457 3341 537 3395 ita
566 3342 746 3394 ﬁeret.
777 3339 940 3404 Quod
973 3356 1104 3393 vero
1137 3339 1334 3406 illa,ut
1365 3339 1684 3404 dicis,folia
1705 3339 1784 3392 sic
1806 3338 2148 3405 inciderunt,

461 3433 529 3483 ut
556 3429 664 3482 hoc
691 3427 846 3498 quod
887 3425 1153 3481 admirati
1203 3443 1400 3481 sumus
1438 3426 1724 3493 eveniret;
1779 3442 1893 3496 quo
1924 3426 2153 3480 tandem

459 3532 656 3571 rerum
686 3517 906 3584 ordine,
938 3531 1001 3569 ac
1023 3531 1136 3569 non
1155 3515 1346 3585 potius
1375 3531 1509 3569 casu
1538 3515 1750 3569 factum
1779 3515 2153 3585 putabimus?

463 3604 632 3668 Quasi
674 3620 827 3671 vero,
872 3603 1063 3674 inquit
1103 3604 1220 3670 ille,
1261 3603 1428 3658 aliter
1472 3607 1642 3675 atque
1676 3603 2022 3669 ceciderunt,
2054 3603 2151 3657 de-

460 3692 650 3746 buisse
680 3697 780 3746 aut
804 3692 1054 3762 potuisse
1085 3692 1284 3746 cadere
1313 3691 1582 3763 cuiquam
1610 3691 1788 3746 videri
1818 3695 2022 3762 potest,
2065 3708 2154 3745 se-

462 3779 757 3835 renissime
785 3779 1030 3834 intuenti
1060 3779 1182 3834 nihi
1215 3796 1381 3852 posse
1407 3780 1532 3834 ﬁeri
1562 3780 1684 3834 sine
1733 3796 1920 3834 causa.
1955 3779 2102 3844 Quid
2127 3779 2155 3833 ?

455 3868 578 3938 jam
617 3866 698 3920 vis
749 3883 1063 3938 persequar
1111 3868 1251 3921 situs
1288 3867 1560 3922 arborum
1612 3873 1783 3938 atque
1840 3883 2153 3935 ramorum,

463 3953 770 4024 ipsumque
802 3955 1022 4025 pondus
1065 3959 1347 4026 quantum
1395 3959 1600 4010 natura
1637 3955 1790 4010 foliis
1837 3954 2154 4025 imposuit?

464 4042 630 4106 Quid,
662 4042 808 4095 aeris
840 4043 926 4096 vel
956 4043 1335 4097 mobilitatem
1367 4060 1480 4114 qua
1523 4043 1784 4112 volitant,
1827 4043 1915 4096 vel
1968 4041 2155 4096 molli-

460 4130 598 4184 tiem
629 4145 742 4200 qua
771 4129 1140 4196 descendunt,
1174 4131 1474 4200 variosque
1500 4131 1693 4200 lapsus
1723 4147 1829 4200 pro
1861 4129 2156 4184 affectione

465 4217 612 4280 cali,
644 4233 748 4285 pro
779 4233 973 4282 onere,
1006 4232 1109 4286 pro
1138 4217 1338 4286 ﬁguris
1368 4216 1505 4283 suis,
1527 4218 1862 4288 caterisque
1893 4217 2157 4271 innume-

466 4303 742 4357 rabilibus
771 4308 941 4374 atque
970 4304 1392 4358 obscurioribus
1420 4304 1623 4371 causis,
1670 4305 1807 4375 quid
1838 4321 1928 4358 me
1960 4305 2161 4359 attinet

469 4405 724 4459 quarere
742 4391 773 4444 ?
817 4392 1015 4444 Latent
1053 4390 1161 4444 ista
1189 4407 1384 4444 sensus
1409 4397 1653 4458 nostros,
1686 4392 1914 4463 penitus
1941 4393 2119 4446 latent
2143 4409 2154 4446 :

467 4479 607 4533 illud
636 4484 830 4532 tamen
859 4479 1008 4549 quod
1037 4484 1354 4549 aggressa2
1377 4481 1650 4551 quationi
1680 4480 1814 4534 satis
1835 4485 1936 4546 est,
1970 4479 2158 4534 nescio

469 4566 758 4637 quomodo
801 4565 1057 4620 animum
1088 4583 1203 4621 non
1241 4567 1397 4636 latet,
1428 4567 1572 4622 nihil
1628 4566 1754 4622 fieri
1802 4568 1921 4622 sine
1968 4584 2154 4621 causa.

466 4657 660 4709 Potest
679 4655 830 4708 enim
844 4655 1440 4727 odiosuspercontator
1460 4672 1694 4728 pergere
1716 4673 1994 4727 quarere,
2029 4675 2157 4728 qua

467 4757 636 4796 causa
664 4747 784 4797 erat
817 4748 879 4798 ut
916 4744 995 4798 ibi
1025 4744 1255 4799 arbores
1304 4745 1705 4816 ponerentur?
1756 4746 2155 4816 Respondebo,

467 4835 688 4884 secutos
713 4847 833 4884 esse
863 4832 1124 4887 homines
1154 4833 1300 4887 uber
1330 4838 1517 4887 terra.
1552 4833 1719 4898 Quid,
1753 4833 1800 4886 si
1849 4833 2156 4888 fructuosa

467 4921 698 4975 arbores
717 4937 833 4975 non
847 4927 997 4989 sunt,
1025 4941 1088 4978 ac
1099 4929 1312 4979 temere
1344 4930 1490 4979 nata
1521 4926 1699 4978 sunt?
1720 4927 1784 4979 Et
1805 4924 1898 4978 hic
1919 4941 2156 4995 respon-

370 5021 377 5027 ”
467 5009 634 5071 debo,
668 5025 770 5063 nos
795 5026 998 5080 parum
1028 5012 1218 5066 videre
1245 5028 1259 5078 ;
1294 5029 1426 5067 nam
1454 5013 1840 5082 temerariam,
1871 5029 2000 5083 qua
2036 5014 2157 5066 illas

467 5098 688 5168 genuit,
741 5113 1103 5168 nequaquam
1134 5115 1254 5152 esse
1293 5104 1578 5154 naturam.
1613 5100 1756 5164 Quid
1798 5101 2007 5171 plura?
2044 5103 2159 5155 Aut

463 5186 682 5257 aliquid
713 5185 832 5240 sine
853 5202 1021 5240 causa
1049 5186 1175 5240 ﬁeri
1196 5187 1420 5254 docear,
1445 5192 1542 5242 aut
1560 5188 1703 5243 nihil
1723 5189 1849 5242 ﬁeri
1871 5188 1979 5243 nisi
2005 5193 2156 5243 certo

464 5291 764 5330 causarum
784 5274 982 5330 ordine
1011 5274 1240 5329 credite.

529 5423 948 5533 ‘Mss.‘plerique,
968 5428 1104 5474 Deus
1115 5425 1307 5484 faciat.
1321 5425 1450 5472 Tum
1469 5425 1734 5483 nonnulli,
1751 5428 1827 5476 sic
1843 5427 1987 5479 altus
2009 5430 2155 5478 Iesus

529 5487 626 5533 'ln
659 5487 687 5533 lt
712 5500 782 5533 ss.
814 5488 866 5533 S.
888 5487 1088 5533 Arnulﬁ
1119 5486 1366 5533 Metensis
1394 5485 1608 5533 legitur.
1641 5489 1840 5533 aaresti
1865 5488 2150 5533 auastioni.

522 5487 544 5519 ³
567 5487 626 5558 In
659 5485 866 5558 Mss._$'.
888 5487 1088 5538 Arnulﬁ
1119 5486 1366 5537 Metensis
1394 5485 1608 5551 legitur,
1641 5489 1840 5549 agresti
1865 5488 2150 5553 quaestioni.

464 5547 703 5596 Fortasse
727 5548 918 5612 aptius.

1686 321 1780 375 DE
1817 317 2106 384 ORDINE,
2149 317 2202 373 S.
2248 313 2630 373 AUGUSTINI

3846 293 3967 348 984

2385 436 2606 492 CAPUT
2631 435 2690 486 V.
2713 463 2782 472 —
2811 431 3011 488 Ordine
3036 433 3227 484 cuncta
3254 429 3388 480 Deus
3417 422 3803 476 administrat.

2319 527 2404 581 1‘2.
2456 523 2558 580 Cui
2599 539 2744 593 ego:
2792 520 2962 588 Licet,
3015 517 3275 588 inquam,
3341 528 3435 566 me
3490 510 3762 564 odiosum
3815 521 3964 577 per-

2243 618 2599 670 contatorem
2651 625 2845 677 voces;
2898 606 2992 661 vix
3021 605 3171 660 enim
3212 616 3447 673 possum
3502 614 3622 652 non
3665 611 3816 661 esse,
3851 595 3966 664 qui

2243 702 2562 775 expugnavi
2591 717 2664 755 ne
2692 715 2822 754 cum
2851 699 3090 768 Pyramo
3117 697 3173 748 et
3213 690 3432 761 Thysbe
3484 684 3965 775 colloquereris;

2245 771 2481 865 pergam
2511 796 2707 846 tamen
2737 801 2994 859 quarere
3023 783 3122 838 abs
3161 787 3236 836 te.
3272 781 3485 865 Natura
3513 775 3622 865 ista
3651 789 3838 865 quam
3865 771 3966 864 vis

2244 855 2424 930 videri
2455 855 2796 932 ordinatam,
2847 868 2939 922 cui
2969 867 3142 930 bono,
3191 869 3255 918 ut
3284 862 3353 916 de
3396 859 3618 914 cateris
3646 857 3829 912 rebus
3861 855 3966 908 in-

2249 959 2699 1018 numerabilibus
2722 961 2957 1018 taceam,
2993 953 3124 1006 istas
3149 951 3301 1022 ipsas
3323 949 3549 1003 arbores
3563 961 3696 1018 qua
3728 945 3968 998 fructus

2247 1067 2366 1106 non
2395 1049 2658 1113 afferunt,
2690 1041 3047 1116 procreavit?
3077 1043 3148 1094 At
3174 1040 3271 1093 illo
3303 1036 3589 1108 cogitante
3621 1033 3764 1104 quid
3799 1031 3965 1086 dice-

2251 1143 2358 1204 ret,
2393 1137 2473 1192 ait
2501 1133 2797 1206 Trygetius
2825 1149 2838 1186 :
2873 1128 3298 1200 Numquidnam
3323 1142 3460 1180 usus
3490 1123 3867 1177 arbustorum
3899 1120 3967 1173 in

2255 1226 2388 1281 solis
2409 1221 2988 1292 fructibusprabetur
3006 1214 3376 1272 hominibus?
3397 1213 3619 1277 Quanta
3647 1212 3786 1263 sunt
3817 1208 3963 1269 alia,

2250 1332 2379 1388 qua
2403 1313 2627 1378 umbra,
2644 1326 2772 1382 qua
2795 1307 2989 1378 lignis,
3020 1310 3312 1376 postremo
3330 1318 3458 1374 qua
3481 1299 3620 1372 ipsis
3644 1296 3967 1352 frondibus

2251 1385 2352 1459 seu
2365 1402 2514 1457 foliis
2525 1399 2702 1455 ﬁant?
2719 1396 2868 1452 Nolli
2880 1397 3133 1460 obsecro,
3149 1392 3337 1464 inquit
3350 1391 3466 1456 ille,
3482 1386 3866 1457 interrogatio
3875 1385 3970 1439 ni-

2250 1495 2358 1550 bus
2392 1495 2515 1564 ejus
2547 1493 2666 1546 hac
2695 1489 2950 1545 reddere.
2994 1483 3438 1542 Innumerabilia
3467 1485 3604 1536 sunt
3631 1479 3793 1534 enim
3822 1494 3967 1550 qua

2252 1583 2766 1656 proferripossunt,
2781 1594 2845 1632 ex
2864 1577 3072 1648 quibus
3092 1575 3250 1628 nulla
3268 1576 3353 1627 est
3369 1570 3702 1626 hominibus
3729 1567 3963 1622 utilitas

2254 1678 2355 1728 aut
2382 1677 2532 1727 certe
2571 1671 2652 1724 ita
2677 1670 2812 1723 latet
2841 1667 2927 1720 vel
2956 1663 3240 1719 imbecilla
3269 1664 3373 1727 est,
3409 1664 3469 1713 ut
3499 1659 3568 1712 ab
3599 1657 3966 1714 hominibus,

2254 1759 2576 1832 prasertim
2607 1756 2792 1822 nobis,
2825 1753 2950 1808 erui
2988 1750 3283 1806 defendive
3314 1765 3430 1802 non
3460 1745 3660 1817 possit.
3698 1747 3829 1814 Ipse
3861 1759 3968 1814 po-

2255 1849 2369 1904 tius
2399 1865 2502 1902 nos
2532 1848 2751 1914 doceat,
2778 1841 3067 1915 quomodo
3097 1837 3315 1910 aliquid
3338 1837 3437 1890 fiat
3457 1835 3610 1906 quod
3634 1849 3754 1887 non
3783 1848 3969 1886 causa

2256 1935 2626 2009 pracesserit.
2660 1936 2809 1998 Post,
2842 1931 3098 2002 inquam,
3133 1928 3239 1980 ista
3268 1925 3604 1980 videbimus.
3644 1924 3769 1976 Non
3801 1921 3967 1974 enim

2253 2027 2373 2097 jam
2403 2041 2493 2078 me
2531 2037 2760 2098 necesse
2789 2024 2873 2074 est
2919 2033 3038 2071 esse
3086 2017 3397 2082 doctorem,
3428 2028 3559 2067 cum
3596 2016 3658 2066 tu
3704 2010 3806 2081 qui
3835 2011 3969 2080 jam

2258 2118 2432 2168 tanta
2462 2111 2544 2165 rei
2571 2097 2626 2165 te
2656 2113 2877 2163 certum
2906 2121 3025 2160 esse
3053 2103 3337 2176 professus
3360 2119 3440 2171 es,
3475 2100 3659 2154 adhuc
3683 2115 3778 2152 me
3808 2097 3962 2151 nihil

2261 2199 2520 2257 docueris
2550 2198 2794 2253 nimium
2823 2195 3039 2250 discere
3068 2192 3415 2263 cupientem,
3460 2193 3517 2244 et
3563 2191 3803 2258 propter
3851 2185 3970 2239 hoc

2260 2288 2444 2342 solum
2473 2285 2593 2340 dies
2622 2288 2928 2354 noctesque
2957 2279 3311 2350 vigilantem.

2335 2380 2419 2431 t3.
2450 2375 2570 2440 Quo
2601 2389 2693 2427 me
2747 2371 2947 2436 mittis,
2981 2365 3221 2440 inquit?
3251 2371 3338 2420 An
3387 2363 3522 2436 quia
3567 2362 3751 2416 levius
3781 2364 3839 2414 te
3873 2376 3964 2413 se-

2261 2479 2406 2534 quor
2458 2478 2630 2534 quam
2683 2460 2790 2514 ista
2844 2458 2980 2512 folia
3031 2460 3251 2521 ventos,
3299 2453 3506 2525 quibus
3555 2451 3615 2504 in
3658 2450 3966 2521 profluen-

2260 2555 2376 2605 tem
2406 2565 2612 2620 aquam
2637 2548 2948 2618 jaciuntur,
2979 2548 3042 2599 ut
3081 2545 3161 2598 eis
3210 2541 3412 2597 cadere
3468 2555 3672 2610 parum
3704 2538 3796 2600 sit,
3851 2535 3969 2590 nisi

2262 2639 2432 2692 etiam
2456 2636 2798 2691 trahantur?
2832 2635 2971 2688 Nam
3003 2633 3140 2704 quid
3179 2631 3332 2685 aliud
3365 2629 3472 2684 erit
3508 2644 3639 2682 cum
3672 2625 3970 2681 Licentius

2263 2732 2318 2782 et
2345 2725 2748 2795 Augustinum,
2791 2727 2847 2777 et
2877 2739 2943 2776 ea
2972 2738 3100 2792 qua
3130 2725 3263 2774 sunt
3288 2719 3349 2772 in
3378 2716 3564 2772 media
3591 2712 3972 2786 philosophia

2263 2817 2426 2870 docet
2446 2816 2474 2868 ?
2504 2813 2632 2867 Noli
2660 2813 2918 2876 obsecro,
2950 2809 3210 2880 inquam,
3240 2811 3336 2861 aut
3363 2810 3417 2860 te
3438 2809 3662 2859 tantum
3689 2801 3968 2872 abjicere,

2263 2909 2362 2958 aut
2389 2919 2481 2956 me
2512 2901 2799 2954 extollere.
2817 2899 2956 2953 Nam
2981 2902 3036 2951 et
3062 2913 3168 2968 ego
3185 2895 3246 2950 in
3270 2892 3627 2966 philosophia
3644 2906 3792 2961 puer
3809 2904 3970 2952 sum,

2263 2996 2319 3046 et
2338 3007 2452 3045 non
2483 2989 2653 3044 nimis
2669 3004 2824 3052 curo,
2856 3003 2988 3041 cum
3017 2986 3324 3054 interrogo,
3347 2999 3452 3053 per
3477 2997 3649 3053 quem
3681 2977 3832 3033 mihi
3869 2978 3970 3030 ille

2263 3077 2622 3147 respondeat,
2655 3075 2753 3146 qui
2784 3091 2876 3130 me
2909 3073 3163 3145 quotidie
3196 3072 3501 3144 querulum
3533 3067 3766 3138 accipit:
3797 3067 3970 3137 cujus

2260 3170 2317 3220 te
2348 3164 2582 3237 quidem
2619 3163 2786 3218 credo
2816 3162 3161 3234 quandoque
3192 3165 3377 3214 vatem
3406 3159 3702 3223 futurum;
3758 3170 3962 3227 neque

2264 3253 2390 3318 hoc,
2421 3253 2783 3323 quandoque,
2815 3250 3054 3306 forsitan
3083 3250 3318 3320 lougum
3353 3251 3454 3301 est.
3487 3246 3595 3300 Sed
3623 3250 3824 3298 tamen
3870 3243 3969 3297 alii

2265 3358 2492 3413 quoque
2521 3342 2763 3394 multum
2791 3338 3021 3410 sepositi
3055 3339 3124 3392 ab
3163 3335 3492 3408 hujusmodi
3522 3334 3723 3389 studiis
3755 3333 3971 3387 docere

2264 3429 2478 3500 aliquid
2533 3433 2790 3500 possunt,
2847 3443 2976 3482 cum
3032 3426 3432 3482 disserentium
3487 3421 3742 3478 societati
3797 3420 3971 3492 quasi

2262 3517 2504 3572 vinculis
2559 3515 3080 3587 interrogationum
3127 3517 3503 3568 coarctantur.
3554 3511 3713 3565 Idem
3765 3515 3970 3564 autem

2264 3606 2479 3678 aliquid
2504 3623 2620 3660 non
2651 3611 2736 3660 est
2763 3607 2923 3662 nihil.
2955 3609 3043 3661 An
3070 3622 3186 3660 non
3216 3604 3373 3658 vides
3420 3605 3542 3674 (tuo
3581 3601 3738 3656 enim
3785 3601 3972 3656 simili

2264 3700 2392 3750 utar
2441 3695 2734 3766 libentius)
2769 3695 2867 3750 illa
2908 3695 3033 3765 ipsa
3074 3693 3210 3748 folia
3260 3709 3389 3764 qua
3444 3692 3706 3746 feruntur
3749 3692 3967 3754 ventis,

2266 3801 2395 3856 qua
2416 3784 2586 3838 undis
2605 3784 2886 3852 innatant,
2913 3783 3172 3837 resistere
3194 3781 3553 3852 aliquantum
3574 3779 3968 3850 pracipitanti

2266 3889 2325 3927 se
2353 3872 2599 3939 ﬂumini,
2627 3877 2683 3926 et
2711 3872 2780 3926 de
2806 3887 3000 3925 rerum
3030 3869 3229 3925 ordine
3257 3869 3521 3924 homines
3567 3883 3965 3935 communem,

2267 3961 2314 4015 si
2341 3965 2534 4015 tamen
2561 3961 2671 4014 hoc
2699 3959 2855 4030 quod
2881 3960 2980 4013 abs
3007 3963 3062 4014 te
3089 3957 3433 4026 defenditur,
3461 3972 3657 4010 verum
3688 3956 3824 4010 est?

2341 4053 2424 4103 H.
2460 4049 2558 4103 Hic
2586 4048 2681 4103 ille
2720 4049 2863 4102 lecto
2894 4047 3066 4102 etiam
3095 4046 3358 4101 exsiliens
3407 4061 3527 4117 pra
3553 4044 3750 4099 latitia
3779 4062 3793 4099 :
3828 4045 3969 4109 Quis

2268 4141 2460 4206 neget,
2492 4139 2641 4190 Deus
2673 4152 2897 4208 magne,
2931 4135 3140 4206 inquit,
3172 4140 3226 4189 te
3248 4137 3450 4188 cuncta
3479 4133 3677 4188 ordine
3709 4133 3966 4187 admini-

2269 4227 2484 4278 strare?
2522 4225 2701 4289 Quam
2732 4241 2791 4278 se
2821 4224 3016 4278 omnia
3044 4223 3273 4278 tenent!
3310 4238 3481 4294 quam
3499 4221 3634 4275 ratis
3659 4222 3969 4274 successio-

2267 4313 2436 4367 nibus
2467 4313 2525 4367 in
2556 4312 2732 4366 nodos
2762 4329 2894 4366 suos
2923 4315 3200 4381 urgentur
3221 4310 3234 4365 ι
3259 4315 3476 4381 quanta
3500 4314 3558 4363 et
3577 4324 3751 4379 quam
3782 4310 3967 4363 multa

2269 4401 2412 4455 facta
2440 4403 2572 4454 sunt
2598 4404 2662 4454 ut
2689 4400 2810 4454 hac
2838 4401 3206 4470 loqueremur
3239 4405 3249 4454 !
3285 4403 3499 4469 quanta
3527 4398 3673 4452 ﬁunt
3703 4402 3765 4451 ut
3793 4402 3850 4451 te
3870 4399 3964 4452 in-

2267 4488 2596 4543 veniamus!
2656 4489 2812 4542 Unde
2852 4487 3008 4542 enim
3049 4489 3157 4542 hoc
3215 4487 3428 4558 ipsum,
3480 4486 3590 4540 nisi
3651 4502 3719 4540 ex
3766 4502 3962 4540 rerum

2270 4577 2470 4631 ordine
2507 4581 2703 4631 manat
2740 4581 2798 4631 et
2845 4577 3091 4644 ducitur,
3150 4576 3305 4648 quod
3345 4573 3756 4645 evigilavimus,
3807 4575 3963 4644 quod

2266 4665 2432 4718 illum
2461 4680 2666 4717 sonum
2717 4663 3028 4730 advertisti,
3086 4663 3240 4734 quod
3295 4662 3548 4733 quasisti
3596 4667 3785 4716 tecum
3835 4677 3964 4715 cau-

2268 4769 2410 4820 sam,
2458 4752 2610 4823 quod
2663 4756 2727 4806 tu
2774 4768 3000 4806 causam
3057 4752 3293 4806 tantilla
3347 4751 3432 4805 rei
3480 4767 3596 4805 non
3648 4749 3966 4804 invenisti?

2268 4838 2433 4892 Sorex
2462 4837 2630 4890 etiam
2654 4835 2865 4906 prodit,
2900 4841 2964 4890 ut
3000 4851 3106 4906 ego
3137 4835 3378 4906 vigilans
3405 4835 3636 4906 prodar.
3663 4837 3964 4889 Postremo

2267 4930 2400 4980 tuus
2429 4925 2601 4979 etiam
2630 4925 2750 4995 ipse
2778 4940 2984 4990 sermo,
2998 4928 3053 4977 te
3083 4924 3318 4978 fortasse
3345 4924 3404 4978 id
3430 4939 3546 4977 non
3586 4928 3793 4994 agente
3826 4929 3964 4992 (non

2269 5015 2422 5069 enim
2450 5013 2718 5084 cuiquam
2741 5013 2801 5067 in
2814 5017 3092 5083 potestate
3111 5017 3196 5066 est
3226 5012 3362 5084 quid
3383 5011 3643 5066 veniatin
3657 5012 3960 5082 mentem),

2269 5103 2348 5157 sic
2371 5102 2561 5156 nescio
2595 5101 2881 5172 quomodo
2911 5099 3336 5171 circumagitur,
3369 5105 3432 5155 ut
3463 5116 3555 5154 me
3595 5100 3716 5171 ipse
3764 5101 3967 5155 doceat

2268 5190 2408 5261 quid
2427 5189 2530 5244 tibi
2561 5191 2799 5244 debeam
2829 5190 3194 5259 respondere.
3228 5190 3505 5260 Namque,
3533 5205 3633 5242 oro
3663 5195 3740 5256 te,
3769 5188 3816 5241 si
3845 5188 3966 5242 hac

2265 5294 2394 5348 qua
2424 5294 2457 5332 a
2485 5278 2652 5332 nobis
2681 5278 2830 5332 dicta
2857 5282 3012 5344 sunt,
3053 5278 3278 5346 litteris,
3330 5283 3394 5333 ut
3440 5277 3754 5342 instituisti,
3809 5293 3966 5330 man-

2266 5367 2399 5422 data
2426 5371 2810 5438 pervagentur
2838 5367 3009 5436 paulo
3039 5366 3211 5420 latius
3241 5367 3311 5421 ad
3358 5365 3663 5421 hominum
3709 5365 3925 5419 famam
3951 5385 3964 5431 ;

2263 5470 2457 5509 nonne
2514 5453 2594 5507 ita
2648 5469 2738 5507 res
2772 5469 2982 5523 magna
3046 5453 3353 5522 videbitur,
3408 5458 3471 5507 ut
3517 5454 3616 5506 illa
3667 5455 3962 5507 consultus

2263 5541 2470 5613 aliquis
2493 5546 2646 5596 vates
2692 5557 2936 5612 magnus
2961 5546 3060 5597 aut
3079 5542 3376 5598 Chaldaus
3388 5543 3730 5612 respondere
3751 5541 3962 5597 debue~
