4058 6342
161 309 277 362 985

161 430 270 495 rit,
308 429 485 483 multo
514 430 824 500 antequam
872 426 1096 480 evenit?
1142 425 1304 490 Quod
1368 426 1413 479 si
1466 425 1869 500 respondisset,

163 515 254 570 ita
289 515 512 570 divinus
539 514 844 580 diceretur,
873 511 954 568 ita
982 513 1279 567 efferretur
1307 497 1566 567 laudibus
1588 511 1870 580 omnium,

163 615 235 658 ut
262 609 458 658 tamen
489 621 557 658 ex
587 620 652 658 eo
675 619 844 657 nemo
873 617 1130 672 quaerere
1151 602 1386 655 auderet
1410 617 1511 655 cur
1557 600 1759 655 folium
1804 601 1872 654 ab

165 694 381 746 arbore
407 691 692 754 ceciderit,
729 696 826 744 aut
854 695 1049 745 utrum
1076 705 1203 744 mus
1236 690 1506 744 oberrans
1534 689 1747 760 jacenti
1775 690 1874 743 ho-

165 780 322 834 mini
351 781 621 834 molestus
649 778 854 833 fuerit?
877 778 1302 849 Numquidnam
1334 777 1489 832 enim
1519 778 1655 832 talia
1680 779 1874 832 futura

166 870 481 942 quisquam
509 869 742 921 illorum
773 871 866 921 aut
922 883 1024 938 per
1049 883 1107 920 se
1154 865 1296 920 dixit
1324 866 1656 937 aliquando,
1699 871 1798 920 aut
1843 882 1876 920 a

166 959 501 1011 consultore
553 960 779 1009 coactus
833 958 918 1008 est
972 953 1198 1008 dicere?
1256 954 1450 1024 Atqui,
1510 953 1557 1006 si
1613 954 1873 1007 futurum

169 1046 489 1117 quemdam
519 1044 729 1098 librum
761 1059 875 1097 non
898 1042 1212 1114 ignobilem
1251 1042 1483 1108 diceret,
1517 1045 1572 1095 et
1600 1041 1658 1095 id
1689 1057 1875 1095 neces-

168 1134 328 1188 sario
359 1137 695 1187 eventurum
725 1131 960 1196 videret,
1003 1147 1120 1184 non
1169 1130 1325 1184 enim
1372 1135 1563 1200 posset
1594 1129 1758 1184 aliter
1789 1129 1874 1184 di-

169 1223 401 1288 vinare;
431 1221 686 1292 profecto
716 1218 996 1291 quidquid
1035 1217 1292 1272 volitatio
1322 1217 1594 1271 foliorum
1625 1217 1684 1271 in
1716 1233 1872 1288 agro,

170 1311 464 1384 quidquid
501 1309 777 1364 vilissima
827 1309 1068 1362 bestiola
1117 1307 1177 1361 in
1216 1308 1386 1361 domo
1419 1307 1568 1372 facit,
1598 1313 1715 1361 tam
1746 1311 1879 1361 sunt

171 1401 237 1455 in
270 1416 466 1454 rerum
512 1399 711 1454 ordine
758 1396 1094 1460 necessaria,
1128 1412 1301 1466 quam
1337 1395 1449 1449 illae
1500 1395 1727 1449 litteras.
1785 1394 1878 1448 His

173 1489 339 1544 enim
369 1487 552 1542 verbis
583 1487 749 1555 ﬁunt,
780 1501 910 1557 quae
967 1485 1089 1538 sine
1143 1484 1257 1537 illis
1306 1483 1762 1554 princedentibus
1793 1482 1876 1536 vi-

173 1576 413 1630 lissimis
444 1577 614 1630 rebus
642 1591 747 1628 nec
803 1574 862 1627 in
902 1577 1154 1626 mentem
1212 1571 1405 1624 venire
1461 1574 1714 1640 possent,
1774 1585 1878 1623 nec

174 1681 280 1720 ore
312 1665 617 1736 procedere
643 1662 972 1734 poterisque
1001 1659 1279 1714 mandari.
1313 1660 1497 1723 Quare
1543 1660 1682 1730 jam,
1716 1675 1876 1729 rogo,

173 1770 352 1808 nemo
380 1770 447 1808 ex
478 1770 569 1807 me
618 1755 836 1823 quaerat
865 1766 964 1804 cur
1004 1749 1256 1820 quidque
1288 1747 1403 1801 ﬁat.
1440 1747 1584 1802 Satis
1624 1752 1706 1801 est
1738 1747 1878 1800 nihil

175 1842 330 1908 ﬁeri,
361 1841 502 1896 nihil
531 1840 691 1913 gigni
718 1840 875 1911 quod
928 1854 1045 1892 non
1090 1836 1284 1908 aliqua
1327 1852 1497 1890 causa
1525 1835 1788 1906 genuerit
1818 1851 1879 1888 ac

175 1930 451 1986 moverit.

405 2018 631 2072 CAPUT
660 2017 750 2071 VI.
791 2046 860 2054 —
885 2014 1028 2071 Ordo
1057 2014 1238 2067 omnia
1263 2014 1653 2082 complectitur.

181 2123 190 2128 ‘
262 2112 346 2162 15.
405 2107 505 2161 Hic
561 2108 797 2177 apparet
849 2108 925 2165 te,
968 2103 1228 2173 inquam,
1270 2100 1489 2154 nescire
1543 2100 1877 2154 adolescens

180 2213 362 2268 quam
394 2196 591 2263 multa,
627 2203 682 2248 et
705 2211 738 2247 a
767 2191 1034 2264 qualibus
1075 2189 1214 2244 viris
1243 2194 1440 2243 contra
1471 2174 1884 2241 divinationem

183 2286 341 2340 dicta
369 2284 500 2339 sint.
531 2282 637 2338 Sed
665 2281 949 2352 responde
975 2295 1146 2345 nunc,
1177 2294 1290 2332 non
1313 2282 1511 2331 utrum
1534 2277 1635 2330 ﬁat
1664 2275 1884 2347 aliquid

183 2375 312 2430 sine
351 2389 550 2440 causa;
581 2374 713 2426 nam
751 2369 810 2424 id
835 2370 958 2441 jam
1009 2367 1174 2422 video
1219 2370 1274 2420 te
1305 2366 1459 2420 nolle
1507 2365 1880 2435 respondere:

183 2465 290 2519 sed
321 2462 461 2517 ordo
493 2461 598 2516 iste
625 2464 917 2529 susceptus
954 2461 1087 2511 tuus
1115 2456 1406 2510 bonumne
1437 2453 1776 2525 quidquam,
1809 2469 1883 2506 an

184 2553 411 2606 malum
437 2549 540 2604 tibi
579 2565 698 2603 esse
746 2547 1032 2601 videatur.
1101 2545 1166 2598 Et
1220 2544 1314 2597 ille
1371 2543 1882 2597 submurmurans:

185 2642 336 2707 Non,
367 2639 575 2710 inquit,
609 2637 691 2690 sic
719 2633 955 2706 rogasti,
1011 2636 1073 2686 ut
1123 2647 1305 2684 unum
1336 2647 1365 2684 e
1420 2629 1640 2684 duobus
1679 2643 1887 2699 queam

185 2729 560 2800 respondere.
591 2725 766 2779 Video
803 2723 896 2777 hic
926 2720 1080 2776 enim
1129 2719 1440 2790 quamdam
1495 2717 1881 2771 medietatem.

188 2821 336 2874 Nam
363 2817 500 2871 ordo
533 2814 674 2868 mihi
698 2829 803 2868 nec
829 2811 1066 2872 bonum,
1093 2825 1196 2862 nec
1225 2809 1441 2862 malum
1470 2806 1708 2860 videtur.
1741 2804 1886 2869 Quid

189 2907 394 2962 saltem
425 2920 636 2969 censes,
683 2903 942 2972 inquam,
979 2897 1167 2952 ordini
1213 2913 1333 2950 esse
1365 2894 1756 2950 contrarium?
1784 2893 1885 2948 Ni-

189 2995 295 3056 hil,
325 2994 406 3048 ait
433 2993 547 3047 ille.
582 2993 720 3046 Nam
746 2987 1038 3060 quomodo
1061 3001 1181 3040 esse
1203 2983 1551 3038 contrarium
1573 2982 1885 3053 quidquam

189 3086 382 3155 potest
409 3081 461 3135 ei
488 3079 573 3134 rei
602 3095 730 3150 quae
777 3081 963 3131 totum
1010 3071 1324 3144 occupavit,
1365 3075 1553 3125 totum
1604 3069 1888 3124 obtinuit?

190 3172 356 3237 Quod
387 3171 539 3224 enim
564 3169 670 3222 erit
698 3165 886 3222 ordini
921 3161 1290 3227 contrarium,
1341 3175 1569 3214 necesse
1616 3158 1724 3212 erit
1765 3173 1887 3212 esse

191 3265 406 3333 printer
435 3257 711 3312 ordinem.
746 3254 900 3309 Nihil
929 3256 1121 3306 autem
1155 3265 1276 3304 esse
1296 3253 1506 3320 praeter
1523 3247 1784 3302 ordinem
1811 3246 1889 3300 vi-

192 3350 326 3405 deo.
355 3346 503 3402 Nihil
533 3345 709 3416 igitur
738 3340 926 3397 ordini
957 3342 1182 3411 oportet
1232 3342 1434 3408 putare
1501 3353 1621 3390 esse
1665 3339 1888 3389 contra-

191 3439 360 3493 riam.
398 3438 640 3505 Ergone,
678 3432 756 3486 ait
803 3429 1121 3501 Trygetius,
1163 3425 1481 3481 contrarius
1511 3424 1700 3479 ordini
1733 3440 1891 3478 error

193 3543 315 3581 non
343 3525 462 3578 est?
494 3522 662 3577 Nullo
715 3518 912 3588 modo,
960 3516 1168 3588 inquit.
1203 3517 1347 3569 Nam
1397 3513 1692 3568 neminem
1723 3512 1888 3566 video

193 3629 386 3669 errare
417 3611 539 3666 sine
581 3625 766 3664 causa.
797 3607 1110 3662 Causarum
1139 3608 1330 3657 autem
1360 3602 1534 3656 series
1564 3601 1765 3655 ordine
1794 3600 1890 3653 in-

192 3703 466 3758 cluditur.
498 3701 562 3754 Et
587 3714 747 3752 error
769 3697 891 3768 ipse
922 3710 1039 3748 non
1066 3693 1250 3746 solum
1280 3690 1536 3762 gignitur
1567 3705 1756 3756 causa,
1789 3688 1888 3742 sed

193 3793 372 3848 etiam
411 3789 597 3862 gignit
621 3786 835 3858 aliquid
866 3784 1026 3854 cujus
1055 3798 1223 3836 causa
1253 3781 1340 3834 sit.
1368 3780 1748 3844 Quamobrem
1774 3794 1888 3848 quo

195 3886 355 3934 extra
383 3879 643 3934 ordinem
676 3892 790 3930 non
821 3879 925 3942 est,
951 3889 1016 3928 eo
1043 3888 1158 3926 non
1187 3875 1374 3942 potest
1400 3868 1589 3924 ordini
1615 3884 1734 3924 esse
1765 3883 1893 3921 con-

195 3969 428 4024 trarius.

274 4061 359 4112 16.
394 4058 618 4111 Etcum
663 4053 931 4109 tacuisset
975 4048 1294 4121 Trygetius,
1340 4062 1563 4118 egoque
1607 4044 1890 4115 meipsum

196 4164 315 4202 non
371 4160 634 4216 caperem
676 4141 908 4214 gaudio,
965 4138 1121 4210 quod
1164 4136 1428 4191 videbam
1475 4135 1890 4189 adolescentem

195 4234 516 4290 charissimi
545 4232 714 4287 amici
740 4231 926 4285 ﬁlium
947 4227 1119 4282 etiam
1143 4241 1333 4279 meum
1357 4223 1511 4289 ﬁeri;
1545 4238 1650 4276 nec
1680 4223 1888 4287 solum,

197 4339 395 4378 verum
434 4322 494 4375 in
534 4321 783 4375 amicum
823 4332 1049 4389 quoque
1091 4315 1213 4385 jam
1263 4311 1403 4366 mihi
1444 4326 1676 4381 surgere
1720 4315 1891 4381 atque

197 4413 591 4482 grandescere,
623 4414 679 4463 et
707 4407 869 4478 cujus
899 4404 1152 4459 studium
1182 4401 1269 4456 vel
1299 4401 1358 4454 in
1388 4400 1704 4454 mediocres
1733 4399 1891 4452 litte-

199 4518 289 4556 ras
319 4500 775 4570 desperaveram,
821 4493 985 4566 quasi
1026 4495 1286 4561 respecta
1328 4492 1345 4526 ¹
1392 4487 1747 4560 possessione
1791 4503 1894 4540 sua

199 4594 320 4643 toto
353 4588 572 4658 impetu
611 4587 672 4640 in
711 4583 961 4639 mediam
1005 4580 1199 4634 venire
1242 4577 1685 4650 philosophiam.
1729 4576 1892 4640 Quod

199 4679 340 4732 dum
369 4677 572 4731 tacitus
609 4674 788 4728 miror
817 4676 872 4726 et
914 4675 1163 4724 exmstuo
1206 4668 1265 4722 in
1292 4666 1755 4737 gratulationem,
1796 4680 1893 4718 su-

199 4766 320 4821 bito
360 4766 454 4819 ille
484 4763 646 4836 quasi
679 4766 868 4816 mente
913 4759 1161 4831 quadam
1191 4758 1485 4826 correptus
1514 4755 1818 4808 exclamat:
1849 4753 1892 4807 Ο

201 4854 248 4908 si
294 4869 522 4925 possem
552 4851 738 4905 dicere
780 4847 933 4920 quod
988 4846 1146 4899 volo!
1196 4845 1384 4912 Rogo;
1437 4841 1553 4907 ubi,
1600 4840 1699 4894 ubi
1735 4841 1890 4906 estis,

201 4943 422 4995 verba?
452 4938 780 4994 succurrite.
816 4938 882 4990 Et
908 4936 1063 4990 bona
1091 4938 1147 4987 et
1180 4931 1332 4986 mala
1385 4930 1448 4984 in
1495 4929 1695 4983 ordine
1740 4933 1889 4982 sunt.

201 5031 426 5088 CAPUT
453 5030 570 5083 VII.
603 5058 669 5067 —
700 5030 836 5082 Deus
865 5040 973 5078 non
997 5023 1185 5090 diligit
1212 5021 1360 5074 mata
1383 5019 1502 5072 licet
1549 5017 1622 5071 ad
1651 5017 1894 5071 ordinem

883 5115 1212 5184 pertineant.

279 5212 360 5262 17.
397 5205 637 5269 Credite,
671 5202 720 5258 si
755 5202 953 5268 vultis;
990 5216 1125 5254 nam
1173 5195 1456 5270 quomodo
1503 5193 1558 5248 id
1619 5194 1894 5264 explicem

203 5297 414 5352 nescio.
447 5296 564 5365 Ego
598 5292 846 5346 mirabar
867 5294 922 5344 et
951 5290 1226 5343 tacebam.
1257 5283 1553 5357 Trygetius
1583 5287 1775 5337 autem
1796 5282 1895 5336 ubi

201 5385 340 5442 vidit
368 5383 667 5440 hominem
694 5381 997 5452 paululum
1027 5376 1191 5449 quasi
1215 5375 1431 5445 digesta
1461 5373 1733 5427 ebrietate
1762 5372 1896 5426 aﬁ‘a-

265 5515 280 5547 ¹
307 5511 434 5558 Lov.
473 5507 720 5566 despecta
757 5504 1103 5567 possessione.
1132 5499 1199 5549 At
1231 5497 1408 5548 caeteri
1436 5496 1642 5546 codices
1675 5495 1798 5546 editi
1845 5499 1897 5545 et

203 5571 382 5636 scripti
408 5569 627 5625 habent,
656 5567 914 5628 respectu.

1659 303 1873 358 LIBER
1911 303 2195 360 PRIMUS.

3581 288 3683 341 986

1980 424 2154 478 bilem
2212 423 2422 477 factum
2492 420 2897 489 redditumque
2947 414 3269 487 colloquio:
3335 412 3682 472 Absurdum,

1982 513 2188 584 inquit,
2221 512 2363 566 mihi
2390 511 2635 580 videtur,
2669 507 2903 575 Licenti,
2933 510 2987 560 et
3015 507 3182 576 plane
3203 502 3454 557 alienum
3485 517 3518 554 a
3545 500 3682 554 veri-

1984 607 2099 657 tate
2133 602 2283 673 quod
2306 600 2471 668 dicis;
2503 600 2597 654 sed
2627 615 2817 671 quaso
2855 597 3074 667 patiare
3102 609 3192 647 me
3225 591 3544 662 paululum,
3580 604 3685 642 nec

1983 690 2284 763 perturbes
2332 688 2694 743 clamitando.
2752 686 2850 740 Dic
2907 684 3059 756 quod
3113 681 3193 734 vis
3243 680 3323 734 ait
3375 678 3501 731 ille:
3567 692 3686 730 non

1985 780 2138 834 enim
2163 784 2356 833 metuo
2389 793 2459 832 ne
2482 775 2796 830 meauferas
2821 775 2889 828 ab
2922 790 2987 827 eo
3034 771 3186 843 quod
3223 769 3407 834 video,
3442 782 3506 819 ac
3534 779 3686 835 pene

1984 873 2173 922 teneo.
2213 867 2458 928 Utinam,
2494 864 2699 936 inquit,
2753 863 2820 917 ab
2853 879 2917 916 eo
2970 876 3140 932 quem
3189 857 3448 912 defendis
3480 853 3684 908 ordine

1985 957 2180 1012 devius
2210 971 2328 1010 non
2359 954 2454 1022 sis,
2487 970 2604 1006 non
2635 956 2792 1006 tanta
2820 951 2880 1004 in
2908 951 3089 1004 Deum
3120 946 3320 1001 feraris
3347 945 3362 1014 (
3393 948 3455 998 ut
3485 942 3684 996 mitius

1985 1045 2203 1116 loquar)
2229 1042 2467 1098 incuria.
2501 1040 2647 1105 Quid
2681 1039 2834 1092 enim
2855 1037 3042 1107 potuit
3069 1036 3177 1089 dici
3203 1033 3382 1104 magis
3411 1030 3679 1102 impium,

1987 1149 2160 1203 quam
2191 1132 2361 1186 etiam
2387 1131 2536 1184 mala
2566 1127 2765 1182 ordine
2795 1123 3110 1179 contineri?
3143 1125 3302 1177 Certe
3348 1120 3501 1174 enim
3531 1121 3682 1172 Deus

1987 1225 2140 1276 amat
2169 1221 2446 1274 ordinem.
2488 1220 2621 1271 Vere
2652 1219 2824 1281 amat,
2855 1214 2931 1267 ait
2968 1214 3092 1277 ille;
3127 1211 3195 1264 ab
3226 1210 3347 1280 ipso
3378 1212 3593 1272 manat,
3628 1210 3684 1259 et

1988 1324 2116 1362 cum
2146 1308 2269 1378 ipso
2301 1312 2402 1362 est.
2438 1307 2501 1360 Et
2528 1305 2576 1359 si
2604 1305 2740 1376 quid
2770 1307 2954 1373 potest
2981 1301 3049 1355 de
3069 1316 3130 1353 re
3152 1303 3376 1353 tantum
3406 1297 3516 1349 alta
3545 1310 3681 1348 con-

1988 1396 2309 1450 venientius
2340 1394 2472 1462 dici,
2502 1393 2705 1464 cogita,
2747 1407 2962 1463 quaeso,
2992 1389 3113 1460 ipse
3153 1391 3361 1440 tecum.
3396 1386 3506 1438 Nec
3529 1383 3684 1436 enim

1989 1500 2116 1538 sum
2142 1484 2382 1538 idoneus
2426 1482 2519 1553 qui
2551 1487 2605 1535 te
2634 1482 2738 1534 ista
2770 1495 2924 1533 nunc
2954 1479 3206 1532 doceam.
3240 1474 3386 1538 Quid
3417 1472 3680 1541 cogitem,

1988 1573 2176 1644 inquit
2203 1570 2537 1643 Trygetius?
2572 1569 2796 1640 Accipio
2844 1583 3073 1638 prorsus
3103 1563 3256 1636 quod
3311 1562 3468 1627 dicis,
3522 1559 3687 1613 satis-

1991 1678 2101 1732 que
2133 1660 2275 1715 mihi
2293 1666 2377 1714 est
2405 1660 2466 1714 in
2496 1676 2561 1713 eo
2588 1659 2744 1730 quod
2763 1657 3049 1725 intelligo.
3075 1655 3235 1708 Certe
3267 1651 3419 1704 enim
3451 1653 3508 1702 et
3536 1648 3686 1701 mala

1992 1749 2180 1803 dixisti
2211 1749 2409 1803 ordine
2437 1747 2735 1812 contineri,
2771 1752 2826 1800 et
2863 1745 3050 1814 ipsum
3084 1741 3345 1796 ordinem
3389 1751 3622 1791 manare
3655 1751 3686 1786 a

1991 1853 2216 1891 summo
2249 1838 2382 1900 Deo,
2430 1840 2600 1905 atque
2648 1833 2718 1887 ab
2748 1849 2815 1885 eo
2846 1830 3027 1900 diligi.
3066 1831 3138 1882 Ex
3174 1843 3287 1898 quo
3319 1824 3578 1895 sequitur
3625 1825 3688 1874 ut.

1992 1931 2046 1978 et
2075 1926 2225 1978 mala
2254 1923 2369 1978 sint
2397 1940 2430 1976 a
2459 1938 2681 1976 summo
2709 1922 2844 1986 Deo,
2878 1923 2931 1972 et
2962 1918 3111 1970 mala
3142 1917 3290 1968 Deus
3318 1912 3537 1982 diligat.

2067 2015 2152 2067 18.
2184 2014 2248 2066 In
2276 2029 2386 2083 qua
2418 2009 2777 2065 conclusione
2806 2007 2974 2062 timui
3003 2003 3275 2060 Licentio.
3300 2005 3372 2055 At
3400 2001 3495 2054 ille
3528 1998 3687 2067 inge-

1991 2102 2236 2156 miscens
2279 2100 2609 2154 difﬁcultate
2638 2099 2966 2160 verborum,
3006 2110 3112 2148 nec
3155 2091 3391 2146 omnino
3422 2101 3688 2159 quaerens

1993 2190 2133 2261 quid
2181 2189 2572 2259 responderet,
2605 2187 2702 2241 sed
2733 2183 3216 2258 quemadmodum
3245 2179 3399 2250 quod
3450 2191 3689 2246 respon-

1997 2277 2249 2332 dendum
2298 2281 2421 2331 erat
2463 2279 2777 2347 promeret:
2819 2274 2943 2326 Non
2992 2269 3153 2340 diligi
3205 2270 3352 2322 Deus
3392 2265 3564 2331 mala,
3595 2263 3686 2316 in-

1996 2366 2148 2438 quit;
2179 2382 2282 2420 nec
2307 2366 2379 2419 ob
2423 2365 2599 2431 aliud,
2633 2363 2742 2417 nisi
2773 2361 2908 2434 quia
2939 2358 3156 2413 ordinis
3185 2371 3300 2410 non
3333 2359 3419 2408 est
3447 2357 3513 2406 ut
3541 2354 3688 2406 Deus

1995 2437 2148 2508 mala
2176 2455 2399 2524 diligat.
2441 2455 2505 2507 Et
2545 2452 2809 2507 ordinem
2839 2450 2965 2503 ideo
3010 2446 3254 2501 multum
3293 2441 3502 2512 diligit,
3555 2437 3692 2510 quia

1995 2559 2101 2612 Per
2130 2559 2260 2597 eum
2288 2559 2406 2597 non
2436 2540 2623 2612 diligit
2653 2541 2814 2594 mala.
2853 2541 2923 2592 At
2949 2552 3080 2589 vero
3112 2534 3236 2604 ispa
3265 2532 3416 2585 mala
3444 2528 3544 2600 qui
3565 2542 3692 2597 pos-

1997 2634 2131 2684 sunt
2159 2647 2277 2686 non
2307 2647 2427 2684 esse
2469 2630 2530 2682 in
2564 2629 2787 2690 ordine,
2828 2642 2958 2680 cum
2991 2627 3140 2679 Deus
3170 2623 3266 2675 illa
3303 2635 3419 2673 non
3450 2616 3692 2685 diligat?

1998 2721 2142 2773 Nam
2170 2719 2275 2772 iste
2308 2719 2430 2790 ipse
2471 2723 2553 2772 est
2585 2718 2866 2771 malorum
2898 2714 3034 2767 ordo
3065 2717 3130 2765 ut
3158 2726 3274 2765 non
3307 2707 3623 2777 diligantur
3661 2719 3694 2756 a

2000 2809 2138 2861 Deo.
2178 2811 2267 2862 An
2297 2824 2501 2878 parvus
2531 2822 2724 2860 rerum
2757 2804 2893 2857 ordo
2923 2802 3028 2857 tibi
3086 2800 3329 2863 videtur,
3363 2799 3427 2850 ut
3455 2798 3510 2848 et
3538 2793 3691 2847 bona

1999 2897 2147 2950 Deus
2172 2896 2393 2966 diligat,
2426 2901 2483 2949 et
2512 2910 2627 2947 non
2671 2892 2871 2962 diligat
2901 2889 3091 2942 mala?
3127 2889 3214 2940 Ita
3242 2901 3345 2938 nec
3370 2886 3580 2953 praeter
3605 2895 3694 2933 or-

1996 2985 2192 3039 dinem
2218 2989 2351 3038 sunt
2371 2984 2542 3048 mala,
2568 2999 2696 3052 quas
2720 2995 2838 3033 non
2869 2977 3057 3047 diligit
3099 2977 3266 3039 Deus,
3299 2977 3355 3025 et
3383 2972 3569 3042 ipsum
3598 2973 3689 3021 ta-

1997 3089 2131 3128 men
2161 3073 2420 3127 ordinem
2451 3070 2667 3140 diligit:
2699 3069 2804 3122 hoc
2833 3068 3021 3138 ipsum
3049 3063 3201 3118 enim
3231 3060 3420 3130 diligit
3453 3056 3690 3127 diligere

1997 3161 2170 3227 bona,
2213 3165 2269 3214 et
2297 3176 2412 3214 non
2438 3159 2676 3228 diligere
2706 3155 2884 3221 mala;
2919 3153 3073 3225 quod
3113 3154 3198 3204 est
3228 3146 3421 3218 magni
3451 3143 3689 3207 ordinis,

2001 3255 2058 3304 et
2087 3249 2294 3304 divina;
2350 3245 2762 3318 dispositionis.
2806 3242 2913 3307 Qui
2945 3241 3086 3296 ordo
3145 3243 3316 3309 atque
3373 3231 3692 3303 dispositio,

2001 3338 2136 3409 quia
2163 3336 2551 3392 universitatis
2590 3331 3023 3404 congruentiam
3056 3328 3178 3400 ipsa
3207 3323 3567 3381 distinctione
3595 3337 3692 3374 cu-

2002 3427 2190 3494 stodit,
2220 3426 2285 3480 ﬁt
2313 3430 2379 3480 ut
2406 3426 2556 3478 mala
2585 3424 2758 3477 etiam
2799 3436 2918 3475 esse
2949 3434 3176 3473 necesse
3208 3415 3296 3469 sit.
3325 3415 3410 3466 Ita
3439 3409 3600 3482 quasi
3629 3424 3694 3462 ex

2003 3515 2294 3570 antithetis
2317 3513 2764 3585 quodammodo,
2791 3509 2946 3582 quod
2966 3507 3129 3562 nobis
3156 3504 3330 3559 etiam
3357 3501 3415 3554 in
3438 3498 3694 3554 oratione

1995 3603 2313 3674 jucundum
2343 3606 2446 3667 est,
2479 3602 2536 3655 id
2559 3605 2662 3669 est,
2693 3616 2758 3652 ex
2779 3595 3097 3668 contrariis,
3127 3591 3386 3646 omnium
3409 3586 3580 3640 simul
3608 3600 3690 3638 re-

1999 3708 2130 3746 rum
2158 3690 2525 3762 pulchritudo
2555 3690 2854 3760 ﬁguratur.

2077 3783 2160 3834 19.
2195 3781 2326 3834 Post
2353 3780 2461 3833 hoc
2509 3776 2819 3831 intersiluit
2876 3771 3114 3826 modice.
3171 3771 3236 3822 Et
3291 3767 3526 3835 repente
3571 3777 3690 3815 sese

2002 3868 2227 3938 erigens
2274 3883 2388 3938 qua
2432 3864 2728 3936 Trygetius
2759 3863 2970 3916 lectum
3001 3857 3276 3913 habebat:
3324 3855 3464 3908 Nam
3496 3865 3692 3921 quaero

2003 3972 2067 4010 ex
2094 3961 2168 4019 te,
2199 3972 2412 4026 quaeso,
2436 3953 2643 4024 inquit,
2667 3952 2930 4022 justusne
2974 3949 3047 4001 sit
3088 3944 3269 4000 Deus?
3300 3941 3542 3998 Tacebat
3574 3938 3693 4004 ille,

2003 4045 2196 4106 nimis,
2232 4049 2294 4097 ut
2330 4049 2529 4114 postea
2556 4040 2770 4106 retulit,
2817 4037 3106 4092 admirans
3136 4041 3192 4088 et
3220 4034 3459 4086 horrens
3510 4027 3698 4083 subito

2002 4133 2376 4203 condiscipuli
2405 4137 2461 4185 et
2479 4128 2775 4184 familiaris
2795 4127 2881 4181 sui
2910 4125 3166 4180 afflatum
3193 4137 3339 4176 nova
3365 4115 3694 4188 inspiratio-

2003 4239 2075 4276 ne
2111 4235 2451 4276 s'ermonem.
2488 4222 2609 4285 Quo
2646 4221 2888 4282 tacente,
2938 4215 3034 4268 ille
3082 4214 3162 4266 ita
3209 4213 3434 4264 secutus
3482 4209 3585 4261 est.
3639 4203 3697 4258 Si

2003 4310 2156 4364 enim
2186 4311 2368 4364 Deum
2405 4309 2622 4378 justum
2663 4322 2783 4360 non
2807 4320 2928 4358 esse
2973 4297 3358 4372 responderis,
3394 4301 3455 4348 tu
3484 4292 3693 4348 videris

2003 4399 2142 4470 quid
2173 4415 2326 4469 agas,
2359 4397 2456 4469 qui
2487 4412 2577 4450 me
2599 4394 2814 4450 dudum
2839 4389 3150 4462 impietatis
3175 4386 3470 4456 arguebas.
3500 4382 3559 4436 Si
3589 4397 3694 4435 au-

2002 4493 2140 4555 tem,
2173 4492 2236 4541 ut
2265 4485 2426 4541 nobis
2454 4485 2719 4549 traditur,
2749 4496 2964 4552 nosque
2995 4478 3175 4548 ipsius
3206 4473 3422 4529 ordinis
3453 4469 3697 4525 necessi-

2004 4581 2120 4631 tate
2149 4577 2448 4640 sentimus,
2469 4574 2659 4644 justus
2689 4575 2772 4624 est
2801 4571 2968 4634 Deus,
3003 4583 3104 4619 sua
3133 4564 3337 4633 cuique
3359 4560 3702 4616 distribuen-

2005 4665 2077 4720 do
2133 4664 2332 4734 utique
2375 4664 2562 4732 justus
2618 4662 2718 4712 est.
2772 4657 2908 4720 Qum
2963 4659 3156 4707 autem
3203 4648 3528 4705 distributio
3587 4643 3700 4700 dici

2003 4756 2202 4825 potest,
2235 4751 2333 4806 ubi
2363 4747 2649 4804 distinctio
2681 4745 2838 4799 nulla
2888 4742 3007 4796 est?
3053 4743 3167 4794 Aut
3216 4755 3344 4810 quae
3382 4735 3701 4797 distinctio,

2005 4843 2052 4896 si
2081 4843 2230 4895 bona
2253 4843 2387 4892 sunt
2415 4836 2647 4891 omnia?
2667 4833 2882 4898 Quidve
2913 4834 3123 4901 printer
3168 4827 3432 4882 ordinem
3459 4821 3702 4894 reperiri

2002 4933 2207 5002 potest,
2241 4928 2288 4981 si
2323 4925 2418 4981 Dei
2453 4923 2679 4994 justitia
2706 4922 2990 4976 bonorum
3030 4918 3431 4986 malorumque
3476 4910 3699 4966 meritis

2006 5035 2107 5072 sua
2136 5016 2342 5086 cuique
2373 5011 2727 5067 redduntur?
2785 5010 3006 5064 Justum
3038 5009 3230 5060 autem
3264 5005 3443 5057 Deum
3498 5013 3698 5053 omnes

2005 5085 2268 5162 fatemur.
2301 5105 2506 5157 Totum
2526 5100 2703 5171 igitur
2724 5097 2925 5152 ordine
2947 5093 3281 5149 includitur.
3306 5089 3518 5155 Quibus
3537 5085 3700 5139 dictis

2006 5194 2244 5249 resilite
2275 5197 2471 5257 strato,
2517 5193 2573 5243 et
2616 5189 2736 5259 jam
2793 5186 2977 5240 lenior
3006 5200 3139 5238 voce
3190 5196 3318 5235 cum
3378 5178 3429 5230 ei
3459 5175 3694 5228 verbum

2007 5299 2178 5338 nemo
2225 5281 2464 5335 faceret:
2504 5277 2730 5333 Nihilne
2777 5275 2942 5342 mihi,
2975 5271 3183 5344 inquit,
3215 5268 3303 5322 vel
3331 5271 3391 5320 tu
3416 5263 3514 5335 qui
3543 5279 3698 5316 com-

2005 5370 2200 5443 pulisti
2229 5371 2300 5424 ad
2329 5370 2454 5433 ista,
2485 5364 2836 5438 respondes?

2076 5463 2164 5514 20.
2185 5459 2286 5513 Cui
2308 5475 2414 5529 ego
2436 5475 2447 5511 :
2473 5459 2628 5511 Nova
2654 5471 2804 5509 nunc
2826 5450 3025 5521 religio
3050 5448 3246 5502 isthaec
3277 5444 3335 5498 in
3365 5448 3419 5499 te
3451 5441 3701 5509 incessit,

2008 5548 2147 5601 cedo
2203 5548 2440 5617 (Terent.
2492 5545 2671 5600 Andr.
2726 5547 2837 5596 act.
2902 5542 2956 5604 4,
3009 5551 3148 5591 scen.
3198 5535 3271 5603 3),
3302 5533 3561 5604 inquam.
3594 5531 3701 5586 Sed
