4058 6364
407 255 506 306 98³7
1683 248 1776 301 DE
1813 246 2105 314 0RDINE,
2149 247 2185 301 S

411 373 564 445 quod
619 372 925 438 videbitur,
983 387 1088 442 per
1155 369 1308 424 diem
1362 367 1740 440 respondebo,
1805 369 1906 439 qui
1955 368 2100 423 mihi

406 463 528 534 jam
557 461 780 515 videtur
809 459 1023 525 redire;
1074 458 1185 513 nisi
1215 459 1368 512 lunae
1409 462 1495 510 est
1549 457 1645 510 ille
1696 457 1796 528 qui
1838 458 2100 512 fenestris

411 551 604 620 fulgor
625 548 938 603 inducitur.
969 548 1149 602 Simul
1171 552 1228 600 et
1256 546 1546 617 agendum
1577 549 1661 599 est
1679 562 1750 599 ne
1770 550 1926 600 tanta
1953 547 2101 600 bona

409 643 530 703 tua,
564 638 801 694 Licenti.
834 637 1133 690 absorbeat
1163 634 1393 701 oblivio,
1441 634 1674 698 Quando
1707 634 1861 688 enim
1890 639 2100 689 nostra

412 727 616 780 litterae
642 741 759 778 non
789 724 896 776 sibi
933 725 1064 776 haec
1095 722 1353 776 mandari
1384 722 1681 793 ﬂagitent?
1711 722 1902 776 Dicam
1934 722 2102 792 plane

410 813 514 867 tibi
571 813 726 883 quod
779 810 979 875 sentio,
1023 810 1322 879 disputabo
1377 810 1676 864 adversum
1729 815 1782 863 te
1823 815 2102 880 quantum

411 917 678 972 possum;
708 916 822 952 non
853 899 1006 952 enim
1037 899 1197 964 mihi,
1230 899 1276 952 si
1304 914 1396 952 me
1443 898 1665 965 viceris,
1692 899 1877 968 major
1899 899 2102 952 trium-

415 991 561 1060 phus
591 989 714 1042 dari
759 991 964 1057 potest.
1017 988 1072 1042 Si
1120 992 1310 1040 autem
1357 988 1445 1040 vel
1478 987 1765 1040 callidita’i
1818 987 1904 1040 vel
1939 989 2102 1040 acuto

415 1078 645 1131 cuidam
692 1076 874 1129 errori
922 1076 1244 1140 hominum,
1287 1091 1534 1146 quorum
1583 1081 1772 1146 partes
1823 1074 2104 1144 suscipere

411 1165 666 1224 tentabo.
701 1164 930 1218 cesserit
986 1163 1345 1217 imbecillitas
1390 1168 1507 1228 tua,
1557 1180 1683 1233 quae
1728 1161 1917 1216 minus
1947 1167 2106 1234 pasta

412 1252 732 1306 eruditione
759 1251 1199 1321 desciplinarum
1221 1255 1444 1305 tantum
1472 1252 1641 1305 deum
1673 1251 1911 1305 fortasse
1943 1253 2106 1306 susti-

416 1356 552 1392 nere
599 1355 716 1393 non
760 1339 999 1410 poterit;
1048 1355 1137 1392 res
1185 1343 1239 1392 te
1279 1340 1401 1409 ipsa
1451 1339 1836 1392 commonebit
1876 1346 2104 1410 quanta:

411 1427 520 1480 tibi
549 1427 714 1491 vires,
761 1432 825 1482 ut
851 1428 911 1481 in
957 1445 1089 1482 eum
1134 1427 1357 1482 ﬁrmior
1404 1428 1618 1494 redeas,
1652 1429 1921 1497 parandae
1952 1428 2101 1482 sint:

412 1514 583 1568 simul
614 1515 747 1585 quia
767 1521 824 1569 et
852 1515 1017 1569 istam
1050 1516 1494 1586 disputationem
1524 1520 1776 1569 nostram
1819 1516 2104 1570 elimatius

413 1603 540 1655 volo
571 1604 902 1672 provenire;
932 1621 1047 1658 non
1078 1605 1231 1657 enim
1253 1620 1379 1657 eam
1409 1604 1620 1675 grossis
1640 1604 1874 1658 auribus
1901 1604 2100 1658 debeo.

416 1692 561 1744 Nam
593 1691 869 1745 Zenobius
913 1696 1105 1745 noster
1154 1693 1336 1745 multa
1364 1708 1588 1745 mecum
1627 1708 1776 1762 seepe
1811 1692 1880 1746 de
1911 1709 2105 1746 rerum

417 1779 616 1832 ordine
646 1779 908 1844 contulit,
942 1781 1032 1833 cui
1054 1780 1165 1833 alta
1186 1780 1542 1850 percontanti
1565 1797 1861 1850 nunquam
1892 1781 2106 1834 satisfa-

414 1882 540 1920 cere
570 1867 753 1936 potui,
787 1883 882 1921 seu
913 1872 1147 1939 pr0pter
1174 1869 1578 1923 obscuritatem
1598 1885 1811 1935 rerum,
1845 1886 1944 1923 seu
1974 1886 2107 1939 pro-

412 1958 542 2024 pter
569 1962 898 2026 temporum
932 1957 1239 2027 angustias.
1271 1957 1609 2012 Crebrarum
1642 1962 1832 2012 autem
1855 1957 1953 2012 ille
1981 1975 2108 2029 pro-

416 2043 887 2097 crastinationum
918 2061 1098 2115 usque
1132 2046 1272 2098 adeo
1293 2045 1598 2114 impatiens
1618 2046 1746 2111 fuit,
1769 2051 1832 2100 ut
1847 2062 1959 2113 me,
1991 2063 2106 2116 quo

414 2130 745 2202 diligentius
773 2136 829 2185 et
844 2132 1124 2202 copiosius
1154 2134 1496 2202 respondere
1513 2148 1765 2204 cogerer,
1793 2134 1964 2188 etiam
1987 2151 2108 2188 car-

414 2219 570 2273 mine
600 2225 951 2289 provocaret,
984 2223 1040 2273 et
1067 2221 1218 2274 bono
1252 2221 1518 2284 carmine,
1556 2222 1706 2275 unde
1730 2222 1895 2277 illum
1928 2224 2108 2294 magis

419 2323 593 2361 ames.
619 2307 724 2362 Sed
745 2323 931 2377 neque
954 2313 1089 2361 tunc
1109 2307 1214 2361 tibi
1234 2309 1346 2378 legi
1366 2309 1557 2378 potuit
1576 2308 1895 2364 abistarum
1913 2327 2108 2365 rerum

414 2395 602 2449 studio
632 2395 1029 2460 remotissimo,
1061 2413 1247 2467 neque
1264 2413 1415 2450 nunc
1436 2401 1638 2466 potest.
1660 2399 1800 2452 Nam
1830 2399 2106 2468 profectio

415 2484 540 2552 ejus
567 2487 684 2537 tam
719 2484 1022 2554 repentina
1050 2490 1106 2538 et
1124 2486 1456 2554 perturbata
1484 2485 1594 2538 fuit
1623 2487 1874 2540 tumultu
1905 2487 2026 2556 illo,
2044 2491 2110 2541 ut

416 2571 562 2624 nihil
591 2571 833 2626 istorum
863 2573 1056 2626 venire
1090 2572 1254 2626 nobis
1282 2574 1341 2626 in
1373 2579 1624 2626 mentem
1664 2576 1941 2644 potuerit:
1973 2591 2109 2629 nam

419 2658 475 2713 id
500 2659 823 2730 relinquere
845 2660 989 2713 mihi
1015 2678 1355 2732 responsuro
1382 2666 1682 2727 statuerat;
1706 2667 1762 2715 et
1781 2663 1960 2716 multa
1979 2680 2109 2717 con-

417 2752 656 2800 currunt
693 2765 792 2801 cur
824 2749 876 2802 ei
908 2765 1092 2803 sermo
1120 2749 1226 2803 iste
1253 2749 1528 2804 mittatur.
1558 2750 1814 2804 Primum
1841 2756 1941 2816 est,
1977 2751 2110 2822 quia

414 2836 686 2904 debetur;
721 2836 949 2897 deinde,
998 2837 1132 2909 quia
1163 2838 1484 2908 cujusmodi
1515 2854 1667 2892 nunc
1710 2839 1884 2892 vitam
1938 2840 2108 2893 duca-

420 2941 571 2991 mus,
611 2925 784 2978 etiam
815 2926 892 2979 sic
920 2925 1160 2979 indicari
1194 2927 1315 2996 ejus
1333 2926 1394 2979 in
1440 2942 1544 2980 nos
1571 2927 1981 2981 benevolentias
2012 2928 2108 2981 de-

417 3018 536 3080 cet;
565 3019 876 3084 postremo,
906 3014 1059 3084 quod
1089 3013 1147 3067 in
1179 3014 1388 3084 gaudio
1419 3015 1487 3068 de
1526 3031 1622 3085 spe
1648 3020 1748 3068 tua
1770 3015 1990 3068 nemini
2018 3031 2109 3069 ce-

415 3103 516 3158 dit.
536 3105 677 3158 Nam
705 3108 906 3157 etcum
929 3120 1180 3174 praesens
1203 3109 1370 3170 esset,
1401 3121 1504 3174 pro
1524 3104 1908 3158 familiaritate
1933 3105 2110 3175 patris

415 3188 520 3254 tui,
554 3189 642 3242 vel
700 3189 889 3258 potius
945 3189 1206 3243 omnium
1248 3193 1505 3244 nostrum
1544 3190 1792 3243 multum
1841 3189 2110 3244 sollicitus

417 3281 540 3331 erat
568 3293 640 3330 ne
669 3277 890 3347 ingenii
919 3278 1004 3332 tui
1033 3278 1294 3348 quaedam
1326 3277 1606 3344 scintillae,
1640 3295 1780 3349 quas
1809 3279 2112 3350 diligenter

415 3363 930 3427 animadvertebat,
1001 3380 1118 3417 non
1162 3368 1280 3417 tam
1343 3364 1725 3418 conﬂarentur
1767 3381 1901 3418 cura
1959 3381 2108 3430 mea,

419 3467 592 3522 quam
621 3455 721 3504 tua
751 3450 1252 3521 exstinguerentur
1277 3451 1516 3506 incuria.
1543 3454 1607 3506 Et
1635 3469 1764 3506 cum
1787 3457 1843 3506 te
1872 3453 2110 3524 poeticas

419 3556 646 3610 quoque
681 3540 998 3594 studiosum
1043 3558 1162 3595 esse
1189 3542 1540 3611 cognoverit,
1591 3541 1670 3595 sic
1708 3542 2107 3612 gratulabitur,

419 3632 482 3680 ut
505 3644 635 3680 eum
666 3628 810 3682 mihi
838 3629 1179 3697 gestientem
1210 3629 1400 3684 videre
1426 3630 1548 3700 jam
1576 3630 1787 3683 videar.

419 3716 645 3770 CAPUT
678 3717 817 3769 VIII.
852 3748 920 3755 —
946 3718 1216 3772 Licentius
1232 3719 1593 3788 philosophiae
1613 3734 1791 3773 amore
1808 3734 2108 3773 succensus.

487 3805 855 3873 Reprehensus
885 3821 920 3858 a
973 3807 1221 3860 Monm'ca
1269 3807 1413 3876 quod
1435 3808 1640 3876 psalmi
1676 3809 1995 3861 versiculum
2038 3807 2114 3860 ad

487 3896 756 3962 requisita
793 3899 1011 3948 naturae
1038 3911 1280 3961 egressus
1310 3898 1618 3951 cantitaret.
1650 3896 1982 3950 Liberalium
2029 3895 2114 3949 di-

486 3983 843 4050 sciplinarum
863 3983 1095 4036 utilitas.

490 4073 580 4123 2t.
641 4069 798 4123 Nihil
866 4070 1011 4124 mihi
1061 4070 1297 4141 quidem
1352 4072 1571 4140 gratius
1635 4071 1826 4139 facies,
1882 4071 2109 4143 inquit:

419 4158 537 4220 sed,
563 4157 678 4210 sive
710 4157 1090 4211 mobilitatem
1117 4175 1306 4211 meam
1337 4163 1394 4212 et
1422 4159 1702 4229 puerilem
1731 4159 2018 4214 levitatem
2044 4159 2114 4213 ri-

420 4245 648 4310 debitis,
696 4244 812 4297 sive
843 4245 1035 4314 aliquo
1084 4262 1216 4299 vere
1246 4246 1438 4299 divino
1468 4253 1615 4301 nutu
1644 4251 1700 4300 et
1729 4247 1930 4301 ordine
1961 4249 2026 4302 fit
2056 4247 2113 4301 in

418 4331 604 4391 nobis,
641 4348 752 4384 non
783 4330 941 4384 vobis
973 4331 1226 4385 dubitem
1263 4332 1470 4398 dicere,
1513 4333 1733 4404 pigrior
1761 4351 1887 4388 sum
1921 4335 1988 4389 ad
2018 4335 2116 4388 illa

420 4423 606 4472 metra
626 4419 815 4472 subito
840 4419 1101 4484 effectus;
1125 4420 1256 4484 alia,
1279 4420 1447 4490 longe
1469 4421 1580 4474 alia
1602 4421 1792 4474 nescio
1813 4422 1949 4492 quid
1973 4423 2114 4476 mihi

418 4523 572 4560 nunc
610 4507 734 4560 luce
764 4508 1131 4577 resplenduit.
1171 4509 1467 4562 Pulchrior
1499 4513 1583 4563 est
1611 4509 1994 4580 phil050phia,
2028 4512 2112 4565 fa-

419 4599 563 4660 teor,
598 4611 771 4666 quam
803 4596 1050 4667 Thysbe,
1080 4614 1251 4668 quam
1274 4599 1570 4669 Pyramus,
1603 4615 1775 4669 quam
1797 4598 1895 4653 illa
1934 4601 2115 4653 Venus

423 4687 480 4736 et
497 4684 713 4753 Cupido
733 4686 988 4756 talesque
1011 4685 1328 4740 omnimodi
1355 4703 1604 4740 amores:
1624 4692 1682 4740 et
1711 4704 1840 4741 cum
1873 4688 2114 4759 suspirio

423 4771 631 4840 gratias
661 4772 884 4826 Christo
922 4775 1144 4843 agebat.
1180 4774 1386 4845 Accepi
1420 4791 1525 4846 ego
1561 4775 1701 4841 haec,
1735 4775 1870 4846 quid
1907 4775 2112 4842 dicam,

423 4859 701 4926 libenter;
733 4865 831 4914 aut
879 4863 1017 4932 quid
1065 4880 1182 4917 non
1233 4864 1457 4918 dicam?
1491 4864 1742 4934 Accipiat
1778 4864 2019 4936 quisque
2053 4871 2116 4919 ut

420 4947 594 5014 volet,
615 4948 758 5001 nihil
781 4964 937 5014 curo,
960 4950 1068 5003 nisi
1093 4952 1243 5021 quod
1264 4952 1412 5006 forte
1435 4953 1738 5007 immodice
1770 4953 2108 5023 gaudebam.

495 5039 582 5090 22.
616 5037 836 5090 Interea
862 5042 993 5106 post
1016 5040 1314 5107 paululum
1354 5041 1474 5094 dies
1527 5057 1648 5094 sese
1695 5041 1946 5112 aperuit;
1989 5057 2113 5094 sur-

424 5129 696 5179 rexerunt
740 5125 843 5191 illi,
894 5129 950 5179 et
989 5142 1094 5195 ego
1140 5126 1500 5198 illacrymans
1539 5130 1720 5183 multa
1765 5129 1950 5184 oravi:
1983 5146 2114 5183 cum

421 5214 594 5268 audio
627 5214 940 5268 Licentium
970 5214 1351 5269 succinentem
1379 5217 1522 5271 illud
1551 5219 1952 5288 Propheticum
1985 5220 2112 5273 hate

422 5306 592 5373 atque
617 5303 844 5374 garrule
878 5306 1013 5357 Deus
1043 5305 1329 5368 virtutum,
1377 5311 1616 5359 converte
1642 5321 1766 5373 nos;
1799 5311 1849 5360 et
1895 5307 2112 5361 ostende

420 5392 617 5456 faciem
660 5396 827 5460 tuam,
875 5397 926 5446 et
975 5392 1117 5446 salvi
1161 5394 1358 5446 erimus
1385 5392 1552 5463 (Psal.
1583 5410 1762 5460 Lxx1x,
1816 5395 1895 5466 8).
1949 5395 2111 5459 Quod

421 5478 604 5552 pridie
620 5485 749 5550 post
768 5497 986 5536 omnem
1010 5497 1139 5535 cum
1163 5481 1230 5535 ad
1255 5481 1526 5552 requisita
1544 5485 1764 5536 natura:
1785 5483 1934 5537 foras
1963 5484 2107 5538 exis-

2192 289 2203 299 .
2246 242 2629 300 AUGUSTINI

3822 239 3942 291 988

2214 370 2317 433 set,
2360 366 2537 436 paulo
2577 363 2789 418 clarius
2845 360 3065 428 cecinit,
3132 377 3305 432 quam
3359 365 3425 415 ut
3480 365 3670 416 mater
3720 365 3945 414 nostra

2208 456 2356 510 ferre
2386 459 2596 525 posset,
2647 453 2806 524 quod
2856 451 2954 506 illo
3005 453 3126 505 loco
3175 451 3310 504 talia
3365 451 3636 504 continuo
3671 451 3942 521 repetita

2209 547 2568 598 canerentur.
2595 541 2750 596 Nihil
2772 541 2923 595 enim
2949 540 3100 594 aliud
3134 540 3374 604 dicebat,
3411 540 3690 610 quoniam
3723 539 3940 608 ipsum

2211 632 2508 687 cantilenas
2539 631 2772 684 modum
2811 645 2997 700 nuper
3024 630 3312 691 hauserat,
3351 631 3408 681 et
3439 629 3688 695 amabat,
3724 633 3797 681 ut
3839 627 3937 693 ﬁt,

2212 722 2389 775 melos
2419 719 2774 772 inusitatum.
2809 717 3140 788 Objurgavit
3171 732 3305 770 eum
3343 716 3811 786 religiosissima,
3869 721 3943 770 ut

2213 810 2340 876 scis,
2374 807 2608 875 femina,
2647 807 2716 860 ob
2749 807 2857 860 hoc
2888 806 3078 875 ipsum
3117 805 3274 875 quod
3304 805 3714 858 inconveniens
3759 805 3939 858 locus

2213 897 2452 962 cantico,
2503 899 2666 950 esset.
2713 897 2868 950 Tunc
2900 895 2995 948 ille
3027 894 3268 957 dixerat,
3297 894 3522 963 jocans:
3577 895 3732 957 Quas
3782 909 3936 946 vero

2213 985 2261 1040 si
2289 985 2417 1056 quis
2449 985 2539 1038 hic
2570 999 2662 1037 me
2690 983 2957 1037 inimicus
2978 983 3311 1044 includeret,
3345 998 3457 1035 non
3490 986 3613 1035 erat
3642 983 3801 1036 Deus
3833 998 3935 1034 ex-

2216 1074 2515 1128 auditurus
2547 1088 2741 1126 vocem
2769 1089 2976 1126 meam.

2283 1165 2370 1216 23.
2408 1163 2551 1230 Ergo
2605 1177 2773 1214 mane
2827 1177 2954 1214 cum
3021 1176 3310 1230 regressus
3366 1163 3512 1213 esset
3563 1160 3742 1224 solus,
3785 1175 3934 1212 nam

2218 1257 2457 1321 uterque
2491 1250 2563 1304 ob
2593 1250 2855 1303 eamdem
2898 1265 3123 1303 causam
3157 1253 3530 1318 processerat,
3573 1249 3820 1301 accessit
3857 1247 3935 1300 ad

2214 1339 2484 1394 lectulum
2513 1353 2727 1392 meum.
2763 1339 2970 1391 Verum
2995 1337 3084 1390 dic
3123 1337 3286 1402 mihi,
3314 1336 3523 1407 inquit,
3563 1336 3643 1389 ita
3671 1337 3777 1390 fiat
3808 1353 3936 1389 no-

2213 1427 2300 1482 bis
2328 1426 2481 1497 quod
2506 1426 2608 1487 vis,
2655 1425 2795 1498 quid
2824 1427 2892 1480 de
2923 1442 3012 1479 me
3043 1425 3348 1478 existimes.
3385 1427 3571 1494 Atque
3619 1440 3730 1493 ego
3781 1425 3934 1478 ado-

2214 1515 2477 1568 lescentis
2537 1515 2826 1568 dexteram
2901 1514 3369 1584 apprehendens:
3425 1512 3592 1578 Quid,
3651 1512 3932 1582 inquam,

2214 1603 2533 1658 existimem
2581 1603 2776 1670 sentis,
2810 1603 3011 1666 credis,
3045 1601 3341 1671 intelligis.
3375 1602 3571 1672 Neque
3617 1601 3774 1654 enim
3825 1618 3936 1654 ar-

2215 1692 2394 1747 bitror
2420 1696 2475 1744 te
2505 1691 2715 1744 frustra
2755 1691 2881 1744 heri
2923 1690 3140 1744 tamdiu
3191 1689 3480 1754 cecinisse,
3533 1694 3598 1742 ut
3638 1690 3934 1743 virtutum

2218 1781 2364 1834 Deus
2393 1795 2660 1833 converso
2689 1778 2793 1832 tibi
2821 1795 2878 1831 se
2907 1779 3186 1832 ostendat.
3225 1780 3297 1831 At
3338 1777 3434 1830 ille
3494 1793 3624 1831 cum
3677 1779 3936 1831 admira-

2215 1869 2372 1922 tione
2401 1868 2754 1922 recordatus:
2801 1868 3088 1937 Magnum,
3126 1866 3334 1937 inquit,
3386 1866 3526 1920 dicis
3579 1870 3637 1920 et
3681 1882 3926 1922 verum.

2220 1958 2342 2010 Non
2370 1956 2520 2009 enim
2567 1955 2850 2026 meipsum
2891 1970 3097 2025 parum
3137 1959 3328 2008 movet
3369 1955 3520 2025 quod
3573 1954 3745 2008 modo
3803 1959 3934 2010 tam

2219 2060 2369 2114 aegre
2401 2044 2678 2097 avocabar
2705 2060 2734 2096 a
2763 2043 2933 2113 nugis
2965 2042 3077 2096 illis
3107 2041 3375 2096 carminis
3427 2042 3560 2109 mei,
3595 2046 3652 2095 et
3675 2042 3802 2112 jam
3834 2059 3932 2096 re-

2220 2133 2340 2186 dire
2363 2131 2435 2186 ad
2458 2148 2550 2185 eas
2579 2131 2738 2202 piget
2761 2135 2817 2185 et
2836 2131 3032 2202 pudet,
3055 2131 3131 2184 ita
3149 2135 3300 2185 totus
3327 2131 3388 2184 in
3411 2131 3676 2201 quaedam
3705 2146 3934 2200 magna

2219 2225 2277 2275 et
2304 2220 2449 2274 mira
2479 2219 2778 2274 subvehor.
2828 2221 3028 2273 Nonne
3059 2219 3164 2272 hoc
3197 2224 3280 2272 est
3306 2235 3437 2273 vere
3471 2219 3532 2272 in
3565 2220 3750 2272 Deum
3781 2235 3933 2272 con—

2216 2308 2401 2362 verti?
2433 2309 2615 2362 Simul
2636 2311 2692 2361 et
2710 2307 2853 2361 illud
2887 2308 3131 2378 gaudeo,
3166 2308 3314 2378 quod
3354 2308 3569 2361 frustra
3593 2306 3740 2360 mihi
3769 2324 3930 2361 scru-

2217 2398 2389 2467 pulus
2414 2395 2830 2467 superstitionis
2878 2396 3120 2466 injectus
3168 2401 3253 2450 est
3295 2396 3449 2468 quod
3480 2396 3578 2450 tali
3629 2396 3758 2450 loco
3786 2397 3934 2450 talia

2220 2485 2586 2538 cantitabam.
2634 2484 2790 2550 Mihi,
2848 2485 3105 2555 inquam,
3150 2501 3336 2555 neque
3378 2486 3484 2538 hoc
3528 2484 3817 2554 di5plicet,
3875 2489 3933 2538 et

2221 2572 2289 2625 ad
2329 2571 2493 2625 illum
2531 2571 2790 2625 ordinem
2811 2575 2950 2642 puto
2967 2571 3254 2642 pertinere
3267 2575 3331 2624 ut
3355 2571 3526 2624 etiam
3544 2571 3678 2625 hinc
3701 2572 3933 2641 aliquid

2221 2659 2558 2714 diceremus.
2597 2660 2740 2713 Nam
2765 2658 2852 2712 illi
2879 2659 3121 2726 cantico,
3153 2664 3209 2713 et
3230 2661 3416 2713 locum
3455 2659 3646 2730 ipsum
3674 2676 3792 2730 quo
3828 2661 3934 2713 illa

2220 2748 2433 2802 offensa
2481 2751 2582 2813 est,
2628 2751 2684 2801 et
2728 2753 2954 2801 noctem
3005 2764 3320 2819 congruere
3361 2748 3545 2801 video.
3604 2750 3651 2802 A
3709 2748 3936 2818 quibus

2221 2837 2376 2892 enim
2408 2838 2577 2890 rebus
2606 2841 2772 2906 putas
2802 2853 2906 2889 nos
2935 2853 3099 2890 orare
3119 2841 3183 2890 ut
3203 2841 3602 2890 convertamur
3619 2837 3693 2890 ad
3716 2838 3931 2903 Deum,

2221 2927 2458 2996 ejusque
2493 2924 2696 2978 faciem
2731 2924 3042 2989 videamus,
3071 2925 3183 2978 nisi
3204 2941 3237 2978 a
3258 2925 3504 2996 quodam
3528 2941 3686 2979 cmno
3723 2941 3938 2996 corpo-

2219 3013 2298 3068 ris
2325 3017 2494 3084 atque
2548 3012 2834 3082 sordibus,
2867 3017 2922 3066 et
2975 3013 3117 3066 item
3165 3029 3200 3066 a
3258 3012 3509 3066 tenebris
3554 3013 3766 3083 quibus
3820 3030 3937 3067 nos

2221 3118 2380 3156 error
2412 3101 2688 3155 involvit?
2743 3103 2856 3154 Aut
2889 3101 3025 3171 quid
3076 3105 3161 3155 est
3189 3101 3348 3155 aliud
3374 3102 3647 3167 converti,
3703 3101 3820 3156 nisi
3861 3103 3936 3156 ab

2219 3190 2692 3244 immoderatione
2742 3189 3035 3256 vitiorum,
3089 3189 3300 3243 virtute
3334 3206 3397 3242 ac
3431 3191 3820 3258 temperantia
3869 3191 3938 3244 in

2222 3295 2343 3332 sese
2375 3277 2600 3332 attolli?
2637 3276 2852 3342 Quidve
2897 3277 3053 3331 aliud
3103 3282 3188 3331 est
3239 3277 3339 3331 Dei
3383 3277 3570 3346 facies,
3595 3295 3771 3348 quam
3802 3279 3938 3350 ipsa

2221 3367 2313 3421 cui
2335 3365 2709 3436 suspiramus,
2739 3369 2794 3418 et
2809 3365 2900 3418 cui
2925 3381 3028 3418 nos
3050 3371 3252 3418 amatas
3274 3366 3518 3420 mundos
3534 3367 3935 3438 pulchrosque

2220 3455 2534 3522 reddimus,
2594 3453 2839 3508 veritas?
2900 3453 3097 3508 Melius
3148 3454 3258 3508 dici
3303 3471 3419 3508 non
3467 3459 3674 3524 potest,
3726 3455 3933 3526 inquit

2222 3545 2562 3599 exclamans.
2600 3542 2810 3596 Deinde
2837 3542 3196 3613 suppressius
3213 3543 3376 3614 quasi
3405 3544 3472 3597 ad
3495 3559 3725 3597 aurem:
3759 3545 3932 3610 Vide,

2222 3650 2439 3705 quaeso,
2476 3636 2689 3704 quanta
2722 3637 3113 3699 occurrerunt,
3148 3637 3212 3686 ut
3255 3633 3484 3687 credam
3512 3649 3646 3704 erga
3677 3650 3786 3687 nos
3817 3635 3933 3688 ali-

2223 3723 2358 3793 quid
2381 3723 2502 3792 jam
2531 3721 2888 3791 prosperiore
2915 3721 3110 3775 ordine
3141 3721 3284 3775 ﬁeri.

2291 3811 2379 3862 '24.
2409 3807 2466 3862 Si
2498 3807 2775 3873 ordinem,
2813 3807 3071 3877 inquam,
3105 3824 3288 3873 curas,
3323 3807 3682 3861 redeundum
3702 3807 3808 3863 tibi
3845 3814 3935 3864 est

2223 3897 2297 3951 ad
2316 3897 2443 3950 illos
2471 3911 2687 3949 versus.
2714 3896 2856 3948 Nam
2883 3895 3127 3949 eruditio
3144 3895 3574 3966 disciplinarum
3591 3896 3932 3952 liberalium

2223 3985 2480 4038 modesta
2512 3999 2646 4036 sane
2676 3987 2846 4052 atque
2875 3983 3176 4046 succincta,
3209 3987 3264 4036 et
3299 3983 3604 4036 alacriores
3639 3988 3696 4037 et
3723 4001 3931 4055 perse-

2223 4071 2572 4126 verantiores
2624 4075 2681 4125 et
2727 4071 3073 4141 comptiores
3109 4069 3336 4124 exhibet
3377 4075 3658 4124 amatores
3708 4075 3931 4144 ample-

2225 4160 2443 4214 ctenda:
2475 4159 2713 4220 veritati,
2744 4163 2809 4212 ut
2834 4163 2889 4212 et
2922 4159 3214 4213 ardentius
3241 4163 3535 4230 appetant,
3575 4163 3631 4212 et
3663 4166 3931 4215 constan-

2223 4249 2337 4302 tius
2363 4249 2754 4318 insequantur,
2781 4253 2836 4302 et
2854 4247 3173 4300 inhaereant
3196 4252 3488 4318 postremo
3515 4248 3735 4302 dulcius
3758 4251 3802 4318 (l
3833 4253 3928 4305 Re-

2227 4341 2386 4390 tract.
2410 4352 2538 4404 cap.
2569 4339 2620 4394 3,
2651 4352 2710 4389 η.
2741 4335 2816 4405 2),
2862 4353 2990 4407 qua:
3026 4341 3279 4401 vocatur,
3320 4336 3561 4404 Licenti,
3591 4337 3756 4390 beata
3791 4338 3923 4392 vita.

2226 4424 2349 4487 Qua
2381 4424 2694 4490 nominata,
2724 4440 2921 4478 omnes
2942 4441 3062 4478 sese
3085 4424 3334 4493 erigunt,
3361 4428 3416 4477 et
3435 4425 3598 4494 quasi
3621 4425 3927 4479 attendunt

2225 4513 2285 4565 in
2324 4527 2549 4581 manus,
2582 4518 2776 4566 utrum
2809 4514 3020 4566 habeas
3053 4514 3205 4583 quod
3252 4513 3387 4566 dare
3411 4513 3592 4582 possis
3628 4513 3928 4584 egentibus

2225 4599 2507 4670 variisque
2529 4601 2742 4654 morbis
2765 4601 3074 4672 impeditis.
3103 4601 3318 4666 Quibus
3339 4601 3619 4671 sapientia
3634 4618 3763 4655 cum
3784 4619 3927 4672 prae-

2227 4689 2414 4759 cipere
2435 4690 2671 4759 coeperit
2700 4695 2764 4744 ut
2797 4691 3082 4745 medicum
3117 4691 3432 4761 perferant,
3460 4707 3633 4761 seque
3663 4707 3794 4745 cum
3822 4691 3926 4745 ali-

2227 4793 2340 4848 qua
2366 4778 2643 4848 patientia
2675 4779 2861 4833 curari
2895 4779 3104 4845 sinant,
3139 4779 3199 4832 in
3222 4795 3443 4848 pannos
3478 4796 3611 4833 suos
3636 4779 3925 4834 recidunt.

2227 4867 2482 4930 Quorum
2504 4867 2977 4921 concalefactione
2997 4867 3290 4935 tabiﬁcati,
3308 4867 3555 4921 scabiem
3567 4867 3927 4938 voluptatum

2231 4971 2686 5010 mrumnosarum
2709 4957 2967 5026 scalpunt
2991 4955 3262 5009 libentius
3293 4972 3463 5026 quam
3485 4960 3546 5009 ut
3568 4956 3785 5009 monita
3807 4973 3928 5009 me-

2227 5043 2340 5097 dici
2371 5044 2668 5112 paululum
2705 5044 2849 5097 dura
2899 5047 2955 5096 et
3003 5042 3219 5096 morbis
3249 5059 3490 5096 onerosa
3547 5044 3927 5113 perpetiendo

2227 5135 2396 5202 atque
2429 5131 2746 5192 subeundo,
2783 5131 3097 5185 valetudini
3130 5147 3399 5184 sanorum
3430 5131 3658 5202 lucique
3689 5132 3930 5186 reddan-

2224 5224 2338 5274 tur.
2363 5220 2560 5289 Itaque
2589 5220 2686 5273 illo
2717 5219 2928 5273 summi
2962 5220 3062 5274 Dei
3091 5219 3325 5273 nomine
3358 5235 3421 5273 ac
3452 5237 3618 5273 sensu
3647 5225 3928 5290 tanquam

2226 5307 2369 5378 stipe
2399 5307 2650 5362 contenti
2680 5308 2878 5362 vivunt
2907 5308 3118 5375 miseri,
3152 5308 3350 5362 vivunt
3381 5313 3595 5362 tamen.
3633 5309 3790 5364 Alios
3825 5325 3926 5362 au-

2223 5400 2341 5450 tem
2361 5396 2530 5463 viros,
2554 5397 2659 5463 vel,
2691 5401 2754 5450 ut
2780 5396 2964 5451 verius
2985 5397 3310 5467 loquamur,
3341 5396 3479 5450 alias
3511 5397 3753 5465 animas,
3788 5398 3927 5452 dum

2223 5484 2334 5539 hoc
2363 5501 2570 5556 corpus
2597 5489 2794 5554 agunt,
2822 5485 2942 5555 jam
2964 5486 3214 5540 thalamo
3244 5501 3346 5539 suo
3366 5484 3567 5555 dignas
3587 5486 3800 5555 conjux
3831 5486 3926 5540 ille
