4058 6346
96 257 225 307 989

94 376 377 446 optimus
406 374 471 428 ac
499 373 923 444 pulcherrimus
971 375 1199 445 quaerit,
1231 375 1440 446 quibus
1468 393 1584 431 non
1613 377 1820 444 vivere,

95 463 219 534 sed
248 461 415 516 beate
444 461 634 516 vivere
659 462 794 515 satis
825 462 914 516 sit.
948 463 1101 516 Vade
1139 479 1276 534 ergo
1323 463 1554 518 interim
1584 464 1656 518 ad
1699 464 1824 518 illas

95 552 324 605 Musas.
350 544 780 610 Verumtamen.
809 550 915 604 scis
946 550 1085 622 quid
1114 555 1169 605 te
1196 552 1380 606 facere
1410 552 1581 606 velim
1600 553 1626 606 τ
1656 553 1820 619 Jube,

94 639 212 706 ait,
231 638 389 710 quod
416 639 622 708 placet.
662 637 766 692 Ubi
793 654 872 704 se,
908 639 1168 709 inquam,
1202 642 1476 710 Pyramus
1505 645 1560 694 et
1583 641 1680 694 illa
1701 641 1821 711 ejus

93 742 290 796 supra
321 725 687 789 seminecem,
727 731 790 780 ut
822 731 1152 781 cantaturus
1186 745 1265 793 es,
1307 729 1728 795 interemerint,
1761 729 1819 782 in

96 813 316 868 dolore
349 814 495 884 ipso,
529 830 644 885 quo
674 819 839 868 tuum
884 831 1113 870 carmen
1162 817 1556 870 vehementius
1595 818 1822 870 inflam—

93 901 265 954 mari
291 901 472 966 decet,
519 901 696 956 habes
737 902 1262 958 commodissimam
1305 905 1814 974 opportunitatem.

93 989 319 1059 Arripe
348 989 506 1042 illius
535 989 700 1044 foeda:
731 989 984 1044 libidinis
1012 996 1067 1045 et
1093 991 1487 1046 incendiorum
1516 998 1820 1047 venenato-

93 1093 247 1130 rum
274 1077 742 1143 exsecrationem,
759 1079 967 1148 quibus
987 1078 1309 1133 miseranda
1328 1079 1426 1133 illa
1447 1081 1784 1151 contingunt
1805 1098 1818 1135 :

97 1165 326 1219 deinde
357 1170 510 1219 totus
543 1167 799 1220 attollere
827 1167 1130 1221 inlaudem
1147 1168 1274 1238 puri
1289 1168 1562 1222 etsinceri
1585 1170 1817 1236 amoris,

96 1271 228 1324 quo
260 1254 470 1307 animae
501 1254 711 1308 dotatae
745 1255 1059 1325 disciplinis
1088 1260 1142 1309 ct
1170 1256 1379 1310 virtute
1409 1258 1678 1310 formosae
1724 1275 1820 1311 co-

99 1343 398 1413 pulantur
423 1342 736 1396 intellectui
766 1360 869 1414 per
892 1343 1339 1414 philosophiam,
1382 1349 1440 1398 et
1481 1361 1596 1398 non
1635 1346 1821 1398 solum

101 1435 366 1485 mortem
397 1431 646 1502 fugiunt,
698 1447 896 1484 verum
942 1431 1115 1485 etiam
1161 1431 1277 1484 vita
1321 1431 1651 1486 beatissima
1691 1448 1820 1502 per-

99 1519 407 1574 fruuntur.
444 1520 544 1574 Hic
564 1520 660 1573 ille
693 1520 973 1574 tacitusac
1002 1520 1099 1574 diu
1112 1520 1568 1575 consideratione
1581 1525 1814 1587 nutans,

101 1612 336 1661 motato
370 1608 554 1678 capite
587 1607 870 1662 abscessit.

175 1701 274 1750 ‘25.
321 1696 536 1750 Deinde
583 1713 686 1766 ego
740 1712 967 1767 quoque
1015 1696 1260 1764 surrexi,
1309 1697 1656 1769 redditisque
1706 1701 1820 1753 Deo

103 1783 471 1855 quotidianis
494 1785 657 1853 votis,
689 1784 771 1839 ire
793 1801 1146 1854 cmperamus
1175 1785 1235 1839 in
1259 1786 1510 1842 balneas.
1544 1789 1642 1840 llle
1667 1787 1819 1841 enim

101 1875 274 1927 locus
303 1872 493 1941 nobis,
518 1889 648 1927 cum
679 1875 819 1927 ccelo
851 1873 996 1927 tristi
1025 1873 1084 1928 in
1115 1890 1252 1946 agro
1285 1891 1405 1927 esse
1435 1875 1671 1929 minime
1695 1879 1820 1946 pot-

105 1978 364 2028 eramus,
390 1965 555 2032 aptus
583 1962 654 2015 ad
686 1962 1093 2033 disputandum
1125 1967 1179 2016 et
1207 1963 1500 2016 familiaris
1529 1963 1656 2017 fuit.
1682 1965 1822 2018 Cum

104 2067 239 2104 ecce
263 2054 400 2104 ante
429 2050 580 2103 fores
614 2050 957 2104 advertimus
987 2051 1169 2121 gallos
1191 2051 1534 2121 gallinaceos
1559 2052 1821 2106 ineuntes

105 2155 373 2210 pugnam
400 2138 571 2192 nimis
609 2155 817 2193 acrem.
871 2139 1063 2193 Libuit
1109 2140 1423 2195 attendere.
1479 2140 1622 2204 Quid
1665 2142 1820 2195 enim

105 2243 226 2280 non
259 2226 547 2295 ambiunt,
588 2243 702 2297 qua
732 2243 850 2280 non
879 2232 1187 2298 peragrant
1230 2227 1378 2282 oculi
1418 2234 1704 2297 amatum,
1749 2246 1820 2283 ne

107 2315 251 2386 quid
282 2315 438 2368 unde
477 2315 632 2369 unde
662 2316 679 2351 ι
719 2315 925 2369 innuat
951 2315 1320 2385 pulchritudo
1355 2317 1587 2369 rationis
1617 2322 1818 2371 cuncta

107 2404 348 2458 scientia
376 2408 432 2457 et
463 2394 783 2456 nescientia.
801 2404 1178 2458 modiﬁeantis
1195 2409 1250 2457 et
1269 2403 1662 2475 gubernantis,
1691 2423 1819 2475 quae

109 2492 407 2546 inhiantes
438 2492 545 2545 sibi
573 2495 876 2545 sectatores
905 2509 1036 2545 suos
1065 2493 1238 2546 trahit
1261 2509 1622 2563 quacumque
1648 2498 1817 2565 atque

110 2581 466 2651 ubicumque
497 2596 553 2633 se
567 2580 745 2651 qumri
767 2580 972 2650 jubet?
999 2581 1140 2634 Nam
1158 2581 1310 2634 unde
1342 2585 1440 2634 aut
1457 2581 1554 2634 ubi
1573 2597 1689 2639 non
1720 2599 1820 2652 po-

109 2673 217 2722 test
246 2669 483 2739 signum
506 2669 680 2722 dare?
705 2670 771 2723 Ut
793 2669 851 2722 in
874 2669 1088 2722 eisdem
1109 2669 1245 2740 ipsis
1271 2669 1431 2739 gallis
1463 2674 1584 2724 erat
1605 2670 1816 2736 videre,

113 2757 343 2811 intenta
368 2757 676 2828 projectius
707 2756 912 2827 capita,
947 2756 1173 2810 inflatas
1203 2774 1412 2823 comas,
1453 2758 1820 2813 vehementes

108 2847 276 2909 ictus,
293 2845 650 2900 cautissimas
678 2845 1030 2908 evitationes,
1055 2846 1190 2900 etin
1214 2845 1372 2899 omni
1402 2850 1563 2900 motu
1593 2847 1810 2900 anima-

112 2935 255 2988 lium
293 2935 537 2988 rationis
568 2935 884 3005 expertium
930 2934 1073 2988 nihil
1102 2950 1220 2987 non
1251 2934 1555 3002 decorum,
1602 2935 1817 3004 quippe

111 3024 220 3077 alia
248 3023 477 3077 ratione
519 3023 762 3093 desuper
790 3022 985 3076 omnia
1025 3021 1380 3075 moderante.
1414 3022 1708 3074 Postremo
1735 3022 1815 3074 le-

113 3128 244 3182 gem
264 3113 456 3182 ipsam
475 3110 736 3185 victoris;
763 3111 1073 3180 superbum
1096 3113 1348 3175 cantum,
1384 3113 1441 3163 et
1469 3110 1729 3163 membra
1757 3109 1818 3164 in

113 3217 294 3254 unum
329 3198 493 3270 quasi
520 3199 726 3259 {orbem
766 3199 997 3252 collecta
1025 3198 1180 3251 velut
1215 3197 1275 3249 in
1314 3197 1524 3251 fastum
1559 3198 1820 3253 domina-

115 3288 308 3342 tionis.
342 3287 584 3357 Signum
610 3290 801 3340 autem
825 3285 956 3340 victi
983 3305 997 3353 ;
1030 3287 1203 3339 elatas
1225 3302 1258 3339 a
1280 3286 1491 3338 cervice
1517 3288 1816 3356 pennulas,

117 3380 172 3428 et
191 3376 249 3429 in
264 3391 405 3429 voce
423 3379 594 3444 atque
614 3378 775 3428 motu
792 3374 1045 3428 deforme
1065 3379 1267 3434 totum.
1288 3378 1345 3427 et
1364 3390 1430 3428 eo
1454 3374 1577 3445 ipso
1599 3379 1818 3429 naturae

116 3463 342 3530 legibus
371 3461 560 3516 nescio
592 3461 881 3532 quomodo
913 3462 1255 3516 concinnum
1287 3466 1345 3516 et
1370 3463 1699 3533 pulchrum.

184 3556 271 3606 26.
308 3553 484 3607 Multa
531 3551 969 3622 quaerebamus:
1017 3567 1117 3604 cur
1160 3551 1240 3604 sic
1291 3567 1511 3616 omnes,
1554 3567 1655 3605 cur
1684 3567 1818 3622 pro-

119 3643 242 3708 pter
291 3639 748 3694 dominationem
795 3639 855 3692 in
911 3639 1189 3708 subjectas
1240 3639 1346 3692 sibi
1400 3639 1662 3705 feminas,
1720 3655 1822 3692 cur

121 3727 323 3782 deinde
353 3745 462 3782 nos
494 3729 617 3799 ipsa
645 3744 856 3798 pugnae
883 3727 1055 3780 facies
1103 3727 1465 3798 aliquantum
1512 3732 1570 3780 et
1615 3732 1821 3798 praeter

119 3815 381 3870 altiorem
407 3816 574 3870 istam
605 3816 1120 3870 considerationem
1142 3816 1373 3870 duceret
1393 3816 1453 3869 in
1472 3817 1820 3886 voluptatem

120 3903 464 3971 spectaculi:
500 3903 637 3975 quid
669 3904 729 3956 in
760 3904 924 3958 nobis
950 3909 1096 3959 esset
1144 3905 1300 3976 quod
1349 3921 1382 3957 a
1432 3904 1689 3958 sensibus
1729 3920 1822 3956 re-

123 3993 274 4042 mota
297 3988 323 4022 ²
361 3991 544 4044 multa
573 3995 884 4061 qumreret;
936 3991 1074 4062 quid
1101 4008 1331 4045 rursum
1360 3991 1512 4062 quod
1565 3991 1822 4061 ipsorum

127 4091 396 4133 sensuum
428 4077 763 4134 invitatione
813 4084 1130 4150 caperetur.
1180 4079 1516 4134 Dicebamus
1543 4078 1706 4132 nobis
1734 4079 1821 4149 ip-

125 4164 194 4218 sis
225 4183 237 4219 :
272 4167 378 4221 Ubi
401 4183 516 4221 non
537 4168 668 4221 lex?
698 4167 799 4221 ubi
822 4185 941 4222 non
965 4168 1460 4222 melioridebitum
1486 4167 1823 4237 imperium?

125 4251 219 4304 ubi
249 4269 369 4307 non
425 4254 628 4307 umbra
654 4255 987 4308 constantiae
1007 4256 1034 4309 ?
1065 4255 1160 4308 ubi
1200 4271 1318 4308 non
1347 4254 1594 4308 imitatio
1642 4255 1819 4308 veris-

125 4337 278 4393 simae
331 4341 486 4395 illius
506 4341 1000 4412 pulchritudinis?
1045 4342 1147 4396 ubi
1184 4359 1303 4396 non
1345 4343 1599 4396 modus?
1635 4345 1821 4413 Atque

129 4424 253 4480 inde
283 4429 563 4484 admoniti
594 4433 656 4483 ut
684 4430 976 4500 spectandi
1005 4431 1212 4484 modus
1260 4436 1428 4496 esset,
1459 4430 1818 4501 perreximus

135 4528 238 4582 quo
267 4517 629 4588 propositum
656 4523 792 4572 erat.
843 4522 1027 4590 Atque
1074 4518 1168 4581 ibi,
1225 4523 1291 4573 ut
1318 4520 1633 4590 potuimus,
1687 4535 1822 4572 sane

132 4601 431 4674 diligenter
458 4605 617 4677 (nam
647 4611 702 4660 et
731 4612 986 4661 recentes
1016 4623 1106 4660 res
1129 4611 1312 4674 erant,
1345 4611 1402 4662 et
1431 4608 1660 4679 quando
1689 4611 1823 4677 pot-

131 4696 287 4745 erant
331 4699 452 4748 tam
500 4694 769 4765 insignita
820 4694 997 4748 trium
1047 4695 1435 4749 studiosorum
1482 4695 1819 4750 memoriam

131 4777 442 4850 effugere?)
487 4783 683 4836 omnia
730 4788 939 4836 nostrae
969 4782 1379 4837 lucubrationis
1435 4785 1708 4854 opuscula
1761 4784 1820 4836 in

130 4863 266 4921 hanc
288 4869 463 4924 libelli
491 4875 714 4941 partem
743 4871 1111 4926 contulimus.
1165 4871 1435 4943 Nihilque
1463 4889 1496 4926 a
1537 4889 1630 4926 me
1670 4872 1822 4927 aliud

137 4959 318 5011 actum
349 4963 435 5012 est
462 4959 560 5013 illo
589 4959 701 5025 die,
732 4964 798 5013 ut
824 4961 1140 5015 valetudini
1164 4976 1481 5031 parcerem,
1531 4961 1640 5014 nisi
1669 4961 1821 5031 quod

135 5047 254 5096 ante
281 5061 499 5101 cmnam
528 5064 658 5101 cum
686 5047 824 5118 ipsis
855 5049 1164 5103 dimidium
1196 5049 1700 5120 volumenVirgilii
1726 5066 1822 5103 au-

135 5127 248 5184 dire
276 5134 531 5204 quotidie
561 5135 760 5189 solitus
787 5151 965 5206 eram,
1017 5137 1164 5191 nihil
1207 5136 1374 5192 nobis
1402 5135 1616 5208 ubique
1667 5137 1821 5191 aliud

137 5231 300 5286 quam
355 5237 550 5276 rerum
606 5223 844 5276 modum
893 5223 1404 5278 considerantibus.
1463 5225 1643 5288 Quem
1699 5241 1820 5279 non

193 5307 341 5376 ’Am.
372 5311 456 5358 Er.
489 5311 688 5376 etLov.
721 5311 1022 5368 habent,ne
1049 5311 1180 5376 quid
1198 5311 1530 5376 indetnnudt
1551 5329 1562 5362 :
1587 5317 1639 5361 et
1659 5313 1818 5376 paulo

139 5371 262 5472 Post.
286 5375 448 5434 atque
466 5373 782 5442 ubicumque
811 5376 1008 5422 sectari
1025 5371 1200 5434 iubet.
1221 5373 1321 5424 Sed
1352 5371 1675 5426 concinnior
1693 5377 1816 5424 Mss.

159 5433 297 5472 echo-
323 5447 478 5472 nimam
507 5447 559 5472 in
597 5438 739 5472 textu
770 5435 957 5472 (lamna

159 5433 298 5486 ectio.
323 5433 482 5486 quam
507 5435 562 5481 in
597 5433 741 5482 textu
770 5435 974 5484 damus.

194 5489 214 5524 ³
232 5490 312 5541 Sic
337 5489 469 5545 Mes.
496 5496 564 5544 At
589 5495 719 5543 Edd.
748 5498 1022 5546 remotum.

1598 255 1814 310 LIBER
1872 256 2155 312 PRIMUS.

3523 267 3630 320 990

1932 379 2177 448 probare
2211 396 2378 434 nemo
2425 383 2646 453 potest;
2695 384 2903 437 sentire
2935 388 3148 449 autem,
3198 399 3327 438 cum
3377 385 3622 456 quisque

1933 466 2151 537 aliquid
2183 469 2431 524 studiose
2459 470 2596 541 agit,
2629 471 3032 526 difficillimum
3048 476 3217 543 atque
3238 472 3618 528 rarissimum.

2472 585 2778 624 DISPCTATIO
2817 587 3059 624 SECUNDA
3072 611 3084 623 .

2242 664 2466 718 CAPUT
2505 667 2587 718 IX.
2629 697 2696 705 ——
2726 668 2868 722 Ordo
2889 668 3004 720 dua:
3033 668 3107 720 ad
3129 671 3310 722 Deum.

2001 752 2090 804 27.
2123 752 2332 805 Deinde
2360 753 2632 821 postridie
2687 756 2830 809 bene
2887 773 3055 810 mane
3111 758 3324 810 alacres
3378 757 3449 809 ad
3481 757 3620 810 soli-

1930 841 2053 892 tum
2084 840 2268 893 locum
2298 843 2683 908 convenimus,
2716 844 2775 896 in
2812 860 2994 914 eoque
3023 845 3403 899 consedimur.
3437 847 3502 898 Et
3520 860 3626 915 ego

1930 927 2160 980 attentis
2189 927 2249 981 in
2272 945 2364 982 me
2394 930 2674 984 ambobus
2708 947 2719 984 :
2755 932 2851 984 Hic
2879 938 3020 996 esto,
3073 935 3331 1004 inquam,
3385 932 3624 998 Licenti,

1931 1020 2209 1087 quantum
2253 1023 2430 1087 potes,
2475 1022 2531 1071 et
2585 1023 2641 1071 tu
2691 1019 2942 1089 quidem,
3000 1022 3263 1091 Trygeti;
3321 1038 3424 1075 nec
3469 1021 3624 1075 enim

1928 1120 2103 1174 parva
2119 1120 2210 1157 res
2239 1105 2461 1175 agitur:
2486 1107 2554 1160 de
2587 1107 2787 1160 ordine
2815 1107 3142 1178 quaerimus.
3169 1110 3311 1173 Quid
3344 1126 3448 1181 ego
3473 1125 3626 1163 nunc

1931 1192 2095 1263 quasi
2123 1192 2182 1246 in
2211 1193 2402 1246 schola
2432 1194 2548 1259 illa,
2582 1195 2732 1248 unde
2782 1211 2870 1248 me
2893 1211 3124 1266 quoquo
3181 1198 3350 1251 modo
3383 1198 3623 1252 evasisse

1932 1281 2172 1351 gaudeo,
2224 1283 2580 1350 constitutus,
2605 1283 2832 1352 copiose
2853 1288 3022 1354 atque
3068 1289 3265 1338 ornate
3287 1285 3446 1338 vobis
3474 1286 3626 1340 ordi-

1932 1385 2065 1422 nem
2096 1371 2369 1440 laudem?
2397 1371 2656 1442 accipite,
2688 1372 2732 1424 si
2761 1372 2950 1436 vultis,
3000 1371 3117 1425 imo
3155 1372 3320 1426 facite
3341 1377 3403 1426 ut
3422 1373 3624 1439 velitis,

1932 1474 2045 1528 quo
2076 1475 2265 1528 neque
2292 1459 2605 1530 quidquam
2635 1461 2704 1514 de
2747 1461 2918 1530 hujus
2957 1461 3121 1514 laude
3151 1461 3400 1528 brevius,
3441 1478 3626 1531 neque

1931 1549 1996 1599 ut
2023 1545 2166 1599 mihi
2195 1546 2421 1600 videtur
2445 1548 2636 1601 verius
2663 1549 2772 1602 dici
2821 1553 3026 1620 potest.
3061 1550 3212 1604 Ordo
3252 1555 3338 1604 est
3378 1567 3550 1620 quem
3581 1550 3628 1602 si

1933 1635 2287 1689 tenuerimus
2311 1635 2371 1688 iu
2399 1635 2530 1701 vita,
2564 1637 2833 1707 perducet
2859 1639 2930 1690 ad
2964 1639 3140 1691 Deum
3169 1656 3181 1705 ;
3219 1643 3273 1692 et
3301 1655 3473 1709 quem
3514 1637 3621 1691 nisi

1932 1723 2286 1776 tenuerimus
2317 1724 2374 1776 in
2401 1723 2534 1790 vita,
2567 1741 2681 1778 non
2711 1725 3110 1794 perveniemus
3139 1726 3208 1779 ad
3241 1728 3440 1779 Deum.
3489 1728 3622 1779 Per-

1929 1815 2198 1865 venturos
2222 1816 2412 1864 autem
2458 1828 2562 1865 nos
2602 1814 2745 1882 jam,
2800 1813 2908 1866 nisi
2957 1830 3048 1866 me
3095 1813 3323 1867 animus
3355 1816 3424 1867 de
3457 1813 3616 1867 vobis

1929 1896 2096 1963 fallit,
2131 1898 2532 1967 prmsumimus
2562 1902 2618 1950 et
2637 1914 2947 1968 speramus.
2987 1898 3424 1969 Diligentissima
3449 1898 3627 1968 igitur

1931 1984 2082 2038 inter
2110 2001 2214 2039 nos
2241 1985 2350 2039 ista
2379 1985 2617 2056 quaestio
2673 1985 2886 2039 versari
2935 1987 3102 2040 debet
3149 1991 3318 2056 atque
3374 1986 3622 2040 dissolvi.

1932 2074 2145 2126 Vellem
2176 2073 2435 2127 adessent
2463 2073 2654 2129 ueteri
2683 2073 2783 2144 qui
2812 2074 3107 2127 nobiscum
3136 2074 3225 2128 his
3246 2074 3490 2140 negotiis
3528 2091 3624 2127 so-

1931 2161 2051 2214 lent
2080 2162 2372 2216 interesse.
2406 2162 2645 2230 Vellem,
2678 2163 2724 2215 si
2760 2162 2912 2216 ﬁerit
2938 2167 3148 2232 posset,
3183 2179 3297 2216 non
3341 2162 3476 2216 istos
3505 2167 3627 2216 tan-

1931 2253 2075 2315 tum,
2108 2251 2207 2304 sed
2241 2267 2446 2304 omnes
2472 2252 2674 2304 saltem
2725 2250 3034 2304 familiares
3081 2257 3326 2319 nostros,
3375 2267 3624 2322 quorum

1931 2353 2157 2409 semper
2212 2339 2466 2393 admiror
2513 2339 2835 2410 ingenium.
2881 2355 3034 2392 nunc
3082 2338 3102 2372 ί
3148 2356 3372 2394 mecum
3415 2339 3626 2394 habere

1930 2442 2103 2496 quam
2129 2443 2226 2480 vos
2252 2427 2385 2480 estis
2415 2427 2663 2480 intentos
2688 2445 2701 2493 ;
2739 2431 2835 2480 aut
2864 2432 3012 2480 certe
3042 2427 3229 2496 ipsum
3261 2432 3484 2481 tantum
3517 2429 3616 2480 Ze-

1932 2511 2190 2576 nobium,
2225 2526 2397 2581 quem
2427 2510 2496 2563 de
2521 2511 2626 2564 hac
2655 2525 2715 2563 re
2746 2514 2902 2563 tanta
2947 2510 3284 2563 molientem
3328 2526 3629 2580 nunquam

1929 2617 2034 2671 pro
2068 2601 2190 2669 ejus
2222 2598 2622 2668 magnitudine
2654 2599 2869 2652 otiosus
2891 2598 3101 2668 accepi.
3144 2599 3251 2652 Sed
3277 2599 3412 2669 quia
3441 2598 3496 2652 id
3514 2615 3630 2652 non

1932 2688 2140 2752 evenit,
2174 2687 2366 2756 legent
2393 2686 2610 2740 litteras
2661 2691 2906 2755 nostras,
2956 2686 3232 2756 quoniam
3275 2686 3628 2740 instituimus

1923 2775 2044 2844 jam
2080 2775 2149 2828 de
2177 2773 2297 2827 istis
2325 2773 2497 2827 rebus
2525 2774 2697 2827 verba
2719 2789 2836 2826 non
2857 2774 3128 2842 perdere,
3164 2789 3368 2843 resque
3413 2774 3564 2842 ipsas
3592 2790 3626 2826 a

1933 2861 2210 2915 memoria
2238 2861 2487 2931 fugaces,
2513 2861 2855 2930 scriptorum
2879 2861 3042 2930 quasi
3071 2861 3296 2914 vinculo
3318 2877 3432 2930 quo
3462 2861 3627 2914 redu-

1930 2957 2131 3006 cantur
2161 2950 2466 3003 innectere.
2505 2951 2570 3002 Et
2594 2949 2672 3000 sic
2706 2950 2937 3001 fortasse
2977 2948 3114 3001 ordo
3160 2947 3283 3016 ipse
3331 2947 3618 3016 poscebat,

1929 3041 2030 3112 qui
2056 3055 2256 3093 eorum
2279 3036 2602 3108 procuravit
2621 3036 2955 3089 absentiam.
2992 3036 3134 3088 Nam
3159 3039 3216 3088 et
3241 3051 3340 3088 vos
3369 3035 3624 3104 profecto

1929 3131 1991 3184 in
2020 3144 2141 3183 rem
2164 3131 2403 3189 tantam,
2436 3125 2570 3196 quia
2599 3124 2730 3178 solis
2751 3122 3418 3194 perferendaimponitur
3438 3122 3624 3187 nobis,

1931 3217 2203 3273 erectiore
2253 3215 2443 3268 animo
2498 3212 2793 3282 insurgitis
2818 3231 2833 3279 ;
2863 3216 2921 3264 et
2961 3227 3092 3264 cum
3123 3211 3208 3263 illi
3251 3211 3498 3280 legerint
3526 3209 3631 3280 qui

1931 3306 2096 3361 nobis
2134 3303 2383 3358 maxima
2412 3318 2547 3356 cura
2574 3305 2726 3365 sunt,
2758 3300 2806 3353 si
2837 3299 2977 3370 quid
3008 3315 3104 3352 eos
3133 3299 3377 3353 moverit
3407 3299 3477 3352 ad
3496 3315 3634 3352 con-

1931 3393 2349 3453 tradicendum,
2381 3391 2520 3444 alias
2546 3389 2707 3443 nobis
2737 3388 3148 3458 disputationes
3179 3388 3490 3458 disputatio
3520 3387 3630 3441 ista

1928 3480 2276 3554 procreabit,
2299 3494 2472 3548 seque
2501 3478 2624 3546 ipsa
2645 3475 2920 3530 successio
2940 3491 3270 3529 sermonum
3295 3475 3354 3527 in
3367 3475 3628 3528 ordinem

1929 3570 2142 3623 inseret
2172 3565 2505 3636 disciplinae.
2540 3565 2650 3619 Sed
2680 3581 2854 3628 nunc,
2885 3567 2949 3616 ut
2995 3563 3394 3634 promiseram,
3428 3563 3625 3617 Licen-

1930 3657 2032 3719 tio,
2067 3659 2346 3726 quantum
2375 3671 2462 3706 res
2492 3653 2730 3722 patitur,
2761 3651 3136 3716 adversabor;
3170 3651 3267 3721 qui
3298 3655 3475 3704 totam
3496 3667 3629 3704 cau-

1929 3760 2052 3797 sam
2076 3743 2195 3812 jam
2215 3757 2363 3811 pene
2381 3741 2638 3804 confecit,
2667 3740 2713 3792 si
2743 3738 2919 3810 possit
2933 3754 3059 3791 eam
3085 3737 3429 3792 defensionis
3460 3754 3626 3792 muro

1931 3831 2211 3886 stabiliter
2236 3830 2515 3898 ﬁrmeque
2544 3829 2772 3881 vallare.

1931 3921 2156 3975 CAPUT
2194 3921 2256 3973 Χ.
2292 3947 2360 3956 --
2388 3917 2530 3972 Ordo
2569 3915 2724 3983 quid.
2761 3917 2828 3969 Ut
2857 3913 3134 3968 coercendi
3172 3913 3533 3966 mutationis
3573 3917 3623 3965 et

1999 4010 2183 4062 ina-nis
2217 4008 2502 4076 jactantz’a.0
2538 4009 2710 4058 motus
2758 4006 2817 4056 in
2865 4001 3306 4069 adolescentibus,
3349 4001 3446 4068 qui
3492 4000 3627 4053 dant

2002 4111 2220 4165 operam
2246 4096 2458 4148 litteris.

2001 4187 2089 4238 28.
2118 4183 2217 4237 Hic
2245 4182 2348 4236 ubi
2377 4199 2495 4249 eos,
2528 4180 2779 4248 silentio,
2807 4180 2988 4244 vultu,
3022 4177 3221 4244 oculis,
3253 4175 3628 4246 suspensione

1907 4271 2102 4344 'atque
2137 4271 2535 4326 immobilitate
2565 4269 2960 4323 membrorum
3007 4273 3063 4322 et
3109 4267 3192 4320 rei
3234 4264 3629 4335 magnitudine

1932 4363 2066 4416 satis
2115 4364 2454 4422 commotos,
2527 4363 2582 4412 et
2636 4357 2906 4412 audiendi
2959 4355 3241 4410 desiderio
3305 4354 3626 4408 inﬂamma-

1935 4456 2024 4504 tos
2071 4466 2193 4503 esse
2243 4446 2506 4518 conspexi
2555 4463 2567 4501 :
2611 4448 2778 4516 Ergo,
2826 4445 3087 4516 inquam,
3139 4443 3373 4510 Licenti,
3432 4442 3479 4495 si
3522 4441 3630 4494 tibi

1931 4538 2179 4604 videtur,
2213 4537 2415 4606 collige
2458 4535 2519 4588 in
2548 4539 2603 4588 te
2653 4533 2934 4604 quidquid
2979 4532 3186 4586 virium
3229 4536 3413 4602 potes,
3453 4529 3628 4583 elima

1934 4624 2215 4696 quidquid
2241 4624 2416 4677 habes
2442 4621 2743 4688 acuminis,
2785 4626 2840 4673 et
2869 4619 3010 4673 ordo
3043 4618 3147 4671 iste
3189 4618 3329 4688 quid
3376 4617 3448 4670 sit
3488 4617 3631 4671 defi-

1935 4714 2149 4768 nitione
2179 4711 2570 4780 complectere.
2615 4711 2757 4763 Tum
2781 4708 2875 4761 ille
2904 4707 3003 4761 ubi
3051 4723 3108 4760 se
3138 4707 3206 4760 ad
3237 4705 3630 4759 deﬁniendum

1931 4801 2060 4872 cogi
2092 4799 2325 4864 audivit,
2366 4797 2530 4869 quasi
2558 4813 2706 4867 aqua
2735 4795 2944 4865 frigida
2985 4811 3248 4865 aspersus
3287 4793 3582 4848 exhorruit
3614 4811 3628 4857 ;

1932 4891 1986 4941 et
2032 4886 2345 4942 turbatiore
2394 4886 2556 4938 vultu
2609 4901 2699 4938 me
2756 4884 3010 4950 intuens,
3056 4887 3121 4936 ut
3187 4882 3270 4948 fit,
3331 4882 3454 4952 ipsa
3514 4885 3630 4934 tre-

1930 4975 2224 5047 pidatione
2254 4973 2580 5028 subridens:
2612 4971 2755 5036 Quid
2785 4973 2891 5025 hoc
2921 4975 3005 5024 est
3032 4970 3160 5024 rei?
3189 4970 3325 5041 quid
3341 4969 3504 5040 quasi
3524 4967 3629 5020 tibi

1930 5064 2145 5132 videor,
2176 5063 2364 5134 inquit
2379 5064 2409 5115 ?
2442 5077 2512 5114 an
2543 5077 2672 5115 vere
2705 5061 2891 5113 nescio
2923 5076 3036 5130 quo
3067 5058 3376 5113 adventitio
3425 5055 3628 5125 spiritu

1932 5169 2024 5207 me
2065 5151 2247 5208 credis
2288 5150 2602 5205 inflatum?
2647 5147 2962 5219 Statimque
3014 5165 3134 5202 sese
3181 5147 3439 5201 animans
3469 5160 3482 5196 :
3512 5145 3627 5196 Aut

1930 5241 2187 5307 fortasse,
2214 5239 2312 5304 ait,
2345 5237 2564 5308 aliquid
2592 5252 2816 5291 mecum
2847 5241 2948 5290 est.
2984 5234 3398 5301 Paululumque
3444 5229 3618 5291 siluit,

1929 5330 2063 5384 utin
2075 5328 2470 5383 definitionem
2488 5325 2768 5398 quidquid
2792 5325 2876 5379 illi
2907 5325 2974 5379 de
3002 5323 3200 5377 ordine
3218 5317 3465 5374 notionis
3480 5324 3621 5384 erat,

1935 5435 2190 5548 haibLovq
2211 5447 2315 5484 non
2330 5435 2501 5484 minus
2517 5446 2714 5483 mecum
2731 5431 2945 5481 habere.
2967 5429 3067 5478 Alii
3089 5426 3242 5483 Libri,
3260 5435 3399 5473 nunc
3420 5435 3624 5483 mecum

2041 5508 2146 5545 ere.

2041 5508 2146 5545 ere.
