4058 6356
467 288 561 339 991
1742 285 1836 338 DE
1876 284 2167 350 ORDINE,
2306 279 2689 337 AUGUSTINI

466 406 909 460 conduceretur.
953 407 1173 461 Deinde
1227 405 1507 462 erectior:
1541 405 1688 460 Ordo
1717 409 1820 469 est,
1852 405 2061 478 inquit,
2091 422 2162 478 pe

469 511 641 566 quem
673 499 921 565 aguntur
952 495 1144 549 omdia
1173 511 1302 566 qua
1339 496 1487 549 Deus
1517 493 1835 550 constituit.

537 587 624 638 29.
658 583 804 648 Quid
848 583 968 653 ipse
1017 584 1182 649 Deus,
1217 582 1504 654 inquam?
1534 597 1648 635 non
1678 581 1782 635 tibi
1813 580 2039 636 videtur
2067 583 2162 654 agi

472 671 707 726 ordine?
740 673 992 735 Prorsus,
1033 670 1242 742 inquit,
1275 671 1516 724 videtur.
1566 671 1708 740 Ergo
1753 669 1940 740 agitur
1993 671 2159 736 Deus,

476 761 557 815 ait
583 759 899 830 Trygetius.
936 761 1001 813 Et
1027 759 1122 813 ille
1157 777 1169 812 :
1204 759 1349 824 Quid
1400 759 1575 827 enim,
1623 759 1831 830 inquit,
1877 759 2164 814 Christum

479 851 659 903 Deum
693 864 887 916 negas,
921 848 1021 918 qui
1049 853 1106 902 et
1135 848 1332 902 ordine
1379 848 1449 902 ad
1498 863 1597 900 nos
1625 847 1798 909 venit,
1841 853 1898 901 et
1929 864 1961 901 a
2001 850 2164 902 Patre

479 939 596 991 Deo
623 937 864 990 missum
894 953 1014 990 esse
1063 953 1122 990 se
1169 936 1350 990 dicit?
1376 935 1433 990 Si
1463 935 1640 1005 igitur
1686 937 1830 989 Deus
1879 937 2164 992 Christum

476 1025 678 1080 ordine
709 1025 778 1079 ad
812 1041 914 1079 nos
943 1024 1116 1089 misit,
1143 1029 1200 1078 et
1231 1026 1410 1078 Deum
1441 1023 1725 1078 Christum
1754 1040 1873 1076 esse
1911 1039 2028 1076 non
2055 1039 2162 1075 ne-

477 1130 699 1183 gamus,
734 1130 848 1167 non
876 1114 1060 1166 solum
1090 1113 1434 1182 agitomnia,
1467 1112 1562 1165 sed
1578 1111 1977 1182 agiturordine
1992 1111 2163 1165 etiam

478 1204 645 1256 Deus.
685 1201 784 1254 Hic
802 1200 1100 1271 Trygetius
1131 1199 1466 1254 addubitans
1501 1216 1514 1252 :
1547 1199 1763 1266 Nescio,
1792 1199 2000 1270 inquit,
2032 1216 2166 1270 quo-

475 1288 647 1342 modo
677 1287 1129 1358 istucaccipiam.
1149 1289 1327 1340 Deum
1341 1287 1493 1340 enim
1517 1287 1746 1358 quando
1772 1287 2161 1354 nominamus,

475 1393 589 1430 non
621 1375 784 1446 quasi
812 1375 1098 1429 mentibus
1126 1375 1246 1446 ipse
1274 1375 1526 1431 Christus
1565 1375 1828 1441 occurrit,
1854 1376 1949 1430 sed
1976 1377 2159 1431 Pater.

479 1466 579 1519 Ille
614 1468 803 1518 autem
834 1469 970 1518 tunc
1001 1465 1264 1531 occurrit,
1297 1465 1526 1535 quando
1559 1464 1657 1518 Dei
1683 1464 1886 1518 Filium
1909 1464 2168 1518 nomina-

477 1570 626 1608 mus.
659 1554 872 1606 Bellam
901 1569 1022 1606 rem
1052 1552 1210 1614 facis,
1261 1552 1450 1622 inquit
1471 1552 1771 1606 Licentius.
1821 1552 2168 1623 Negabimus

475 1659 610 1713 ergo
639 1642 737 1696 Dei
765 1641 967 1695 Filium
1001 1643 1178 1695 Deum
1210 1644 1376 1694 esse?
1409 1641 1506 1694 Hic
1532 1641 1646 1707 ille,
1679 1657 1809 1694 cum
1840 1641 1891 1694 ei
1922 1657 2159 1710 respon-

474 1731 607 1784 dere
621 1729 1323 1799 periculosumvideretur,
1357 1734 1549 1783 tamen
1581 1745 1638 1782 se
1668 1729 1851 1798 coegit
1881 1733 2049 1799 atque
2067 1729 2164 1782 ait:

479 1821 545 1874 Et
570 1818 661 1872 hic
689 1819 918 1889 quidem
950 1819 1098 1872 Deus
1129 1822 1232 1884 est,
1283 1817 1375 1871 sed
1426 1822 1620 1872 tamen
1666 1817 1896 1888 proprie
1945 1819 2170 1871 Patrem

477 1910 658 1962 Deum
688 1907 947 1961 dicimus.
984 1906 1086 1960 Cui
1115 1923 1219 1977 ego
1251 1922 1264 1960 :
1299 1906 1512 1960 Cohibe
1557 1911 1611 1960 te
1642 1906 1849 1976 potius,
1897 1906 2170 1976 inquam;

478 2011 593 2049 non
625 1994 778 2048 enim
811 1994 983 2048 Filius
1011 1994 1323 2065 improprie
1354 1995 1500 2048 Deus
1542 1994 1768 2050 dicitur.
1799 1999 1871 2048 At
1900 1995 1994 2048 ille
2032 1993 2170 2048 reli—

477 2083 649 2153 gione
679 2086 1017 2148 commotus,
1070 2099 1198 2135 cum
1246 2081 1418 2135 etiam
1465 2083 1634 2136 verba
1677 2099 1777 2136 sua
1815 2082 2022 2152 scripta
2051 2097 2170 2135 esse

478 2171 676 2236 nollet,
711 2171 954 2242 urgebat
984 2170 1272 2224 Licentius
1303 2175 1366 2224 ut
1385 2176 1707 2237 manerent,
1736 2188 2048 2241 puerorum
2063 2170 2168 2224 sci-

476 2259 608 2314 licet
636 2275 815 2325 more,
861 2259 948 2312 vel
997 2257 1188 2328 potius
1233 2258 1557 2323 hominum,
1612 2260 1758 2329 proh
1800 2260 1989 2314 nefas!
2024 2275 2170 2330 pene

481 2347 766 2415 omnium,
797 2346 963 2417 quasi
992 2362 1127 2400 vero
1163 2346 1448 2416 gloriandi
1477 2363 1646 2400 causa
1693 2346 1844 2401 inter
1884 2364 1988 2400 nos
2033 2347 2172 2402 illud

479 2439 764 2504 ageretur.
797 2435 969 2504 Cujus
1005 2438 1225 2488 motum
1251 2434 1428 2488 animi
1473 2451 1604 2488 cum
1634 2435 1998 2506 objurgarem
2042 2451 2172 2506 gra-

474 2521 734 2576 vioribus
762 2522 968 2588 verbis,
1000 2523 1227 2576 erubuit
1251 2540 1263 2575 :
1288 2539 1402 2593 qua
1431 2523 1552 2592 ejus
1590 2523 2018 2592 perturbatione
2044 2525 2163 2578 ani-

480 2609 765 2664 madverti
797 2609 1497 2682 ridentemlatantemque
1521 2613 1867 2682 Trygetium.
1892 2614 1955 2666 Et
1974 2613 2164 2666 ambo-

487 2698 593 2752 bus
627 2713 641 2750 :
672 2698 827 2752 Itane
857 2697 1043 2768 agitis,
1077 2698 1314 2769 inquam
1335 2699 1362 2752 ?
1391 2700 1589 2753 Nonne
1617 2717 1716 2754 vos
1744 2705 1934 2754 movet
1961 2700 2172 2771 quibus

478 2785 747 2840 vitiorum
778 2786 1024 2840 molibus
1052 2791 1222 2857 atque
1239 2787 1541 2858 imperitia
1571 2787 1820 2842 tenebris
1842 2805 2173 2858 premamur

485 2879 543 2928 et
572 2874 1008 2944 cooperiamur?
1035 2875 1288 2929 Haecine
1321 2881 1404 2930 est
1443 2875 1542 2931 illa
1589 2876 1760 2946 paulo
1805 2881 1934 2930 ante
1965 2883 2168 2934 vestra.

483 2963 551 3017 de
583 2979 696 3034 qua
713 2962 940 3033 ineptus
967 2963 1223 3028 latabar,
1257 2965 1493 3019 attentio
1519 2966 1647 3019 etin
1663 2967 1842 3020 Deum
1855 2966 2170 3021 veritatem-

479 3067 590 3123 que
621 3051 1010 3106 surrectio?0
1059 3051 1105 3105 si
1152 3053 1434 3119 videretis,
1491 3054 1579 3107 vel
1630 3058 1747 3108 tam
1794 3053 2170 3124 lippientibus

475 3140 651 3194 oculis
688 3156 864 3210 quam
895 3156 1022 3210 ego,
1052 3140 1114 3194 in
1143 3141 1351 3212 quibus
1372 3141 1642 3212 periculis
1664 3142 1977 3212 jaceamus,
2008 3144 2171 3214 cujus

475 3227 662 3281 morbi
694 3228 1041 3281 dementiam
1071 3228 1218 3282 risus
1273 3229 1379 3282 iste
1431 3229 1672 3284 indicet!
1707 3232 1750 3285 Ο
1785 3229 1834 3282 si
1861 3231 2163 3285 videretis!

476 3330 652 3385 quam
682 3315 816 3380 cito,
852 3331 1026 3385 quam
1057 3316 1268 3383 statim,
1305 3327 1632 3387 quantoque
1673 3319 2008 3387 productius
2038 3335 2170 3373 eum

479 3402 772 3457 verteretis
800 3403 860 3456 in
893 3403 1076 3456 fletus.
1119 3403 1325 3470 Miseri,
1384 3404 1608 3458 nescitis
1638 3405 1738 3458 ubi
1783 3406 2024 3460 sumus?
2053 3408 2161 3461 De-

478 3506 693 3544 mersos
724 3490 959 3562 quidem
981 3505 1102 3545 esse
1132 3490 1356 3545 animos
1385 3492 1642 3547 omnium
1673 3495 1977 3548 stultorum
2008 3494 2170 3549 indo-

476 3584 816 3650 ctorumque
843 3595 1145 3633 commune
1175 3584 1278 3647 est,
1310 3581 1408 3635 sed
1450 3597 1568 3636 non
1611 3598 1727 3636 uno
1764 3587 1933 3653 atque
1972 3584 2170 3638 eodem

475 3666 644 3720 modo
675 3666 949 3720 demersis
998 3673 1165 3736 Opem
1200 3667 1480 3737 sapientia
1525 3672 1579 3722 et
1625 3685 1859 3723 manum
1901 3671 2165 3741 porrigit.

475 3754 587 3809 Alii
625 3759 774 3822 sunt,
809 3755 1034 3820 credite,
1069 3755 1166 3809 alii
1196 3760 1328 3810 sunt
1358 3755 1457 3827 qui
1483 3773 1706 3811 sursum
1737 3763 2028 3825 vocantur,
2071 3759 2169 3813 alii

475 3843 575 3915 qui
606 3843 665 3897 in
696 3843 981 3913 profunda
1010 3844 1285 3899 laxantur.
1323 3845 1524 3912 Nolite,
1553 3846 1786 3900 obsecro
1820 3863 1940 3914 vos,
1989 3847 2168 3917 gemi-

479 3948 614 3987 nare
647 3931 788 3986 mihi
818 3931 1092 3986 miserias.
1126 3932 1271 3988 Satis
1301 3933 1444 3988 mihi
1475 3934 1588 3988 sint
1602 3936 1836 3989 vulnera
1865 3952 2014 4002 mea,
2041 3953 2169 4006 qua

477 4026 540 4076 ut
563 4025 860 4087 sanentur,
889 4037 1036 4091 pene
1066 4021 1415 4092 quotidianis
1454 4023 1681 4078 ﬂetibus
1728 4025 1909 4078 Deum
1940 4041 2166 4095 rogans,

475 4109 865 4180 indigniorem
893 4113 1087 4162 tamen
1118 4124 1239 4162 esse
1267 4125 1359 4163 me
1389 4111 1487 4180 qui
1519 4116 1632 4164 tam
1665 4111 1774 4164 cito
1805 4127 1971 4165 saner
1996 4126 2170 4181 quam

474 4199 623 4263 volo,
656 4213 808 4264 sape
857 4197 1190 4264 memetipse
1234 4196 1530 4251 convinco.
1588 4199 1790 4263 Nolite,
1834 4199 2090 4262 obsecro,
2124 4197 2171 4265 si

476 4283 613 4353 quid
645 4281 789 4336 mihi
804 4282 1035 4346 amoris,
1055 4282 1101 4335 si
1131 4283 1271 4352 quid
1302 4284 1991 4354 necessitudinis‘debetis,
2022 4285 2069 4338 si
2082 4285 2169 4338 in-

475 4369 726 4440 telligitis
739 4375 1018 4440 quantum
1031 4386 1130 4423 vos
1151 4369 1618 4441 diligam,quanti
1642 4372 1864 4437 faciam,
1889 4378 2168 4443 quantum

478 4475 568 4512 me
595 4474 730 4512 cura
759 4457 1006 4527 exagitet
1061 4473 1286 4511 morum
1341 4465 1678 4525 vestrorum,
1720 4459 1764 4512 si
1808 4459 2014 4530 dignus
2045 4477 2170 4514 sum

477 4561 648 4616 quem
680 4562 795 4599 non
827 4545 1150 4617 negligatis,
1181 4545 1227 4599 si
1259 4546 1530 4618 denique,
1561 4549 1674 4602 Deo
1707 4552 1995 4615 teste,non
2011 4565 2171 4602 men-

476 4634 606 4700 tior,
647 4635 792 4688 nihil
807 4651 895 4688 me
927 4636 1054 4705 plus
1085 4635 1225 4690 mihi
1240 4640 1438 4706 optare
1468 4653 1640 4706 quam
1667 4637 1847 4704 vobis,
1880 4637 2171 4708 rependite

481 4721 622 4774 mihi
651 4722 1016 4778 beneﬁcium.
1036 4725 1101 4778 Et
1131 4724 1177 4777 si
1207 4741 1298 4778 me
1315 4725 1654 4794 magistrum
1681 4725 1926 4781 libenter
1939 4726 2168 4794 vocatis,

480 4809 701 4863 reddite
733 4811 876 4863 mihi
906 4812 1228 4866 mercedem
1263 4829 1275 4866 :
1305 4812 1436 4866 boni
1460 4817 1654 4868 estote.

549 4901 632 4952 30.
681 4897 777 4952 llic
807 4899 925 4965 ubi,
957 4917 1030 4954 ne
1058 4901 1226 4970 plura
1255 4902 1522 4965 dicerem,
1553 4904 1820 4974 lacryma
1873 4903 2018 4958 mihi
2048 4921 2167 4958 mo-

479 4985 615 5040 dum
647 4985 1060 5054 imposuerunt,
1081 4989 1362 5044 Licentius
1374 4991 1774 5045 molestissime
1795 4992 2001 5059 ferens,
2017 4992 2172 5064 quod

479 5074 670 5128 omnia
700 5073 1092 5129 scribebantur
1125 5094 1138 5130 :
1171 5078 1316 5142 Quid
1349 5079 1524 5144 enim,
1557 5080 1657 5146 ait,
1689 5080 1946 5147 fecimus,
1971 5098 2072 5135 oro
2090 5084 2174 5135 te?

477 5163 698 5230 Adhuc,
725 5161 982 5232 inquam,
1016 5180 1119 5217 nec
1169 5165 1360 5219 fateris
1406 5168 1605 5221 saltem
1635 5173 1928 5238 peccatum
1966 5172 2174 5224 tuum?

479 5253 558 5304 Tu
593 5251 774 5304 nescis
805 5251 862 5304 in
893 5250 991 5304 illa
1020 5251 1211 5305 schola
1240 5253 1488 5322 graviter
1530 5272 1621 5308 me
1665 5259 2005 5312 stomachari
2033 5258 2171 5313 soli-

479 5345 624 5405 tum,
652 5341 806 5410 quod
828 5357 1006 5411 usque
1036 5341 1174 5394 adeo
1194 5342 1359 5410 pueri
1383 5359 1496 5397 non
1527 5344 1766 5399 utilitate
1786 5350 1955 5418 atque
1973 5348 2173 5402 decore

485 5422 938 5492 disciplinarum,
976 5423 1074 5477 sed
1106 5422 1457 5478 inanissima
1488 5426 1668 5479 laudis
1693 5443 1884 5482 amore
1907 5430 2176 5484 duceren-

483 5515 596 5576 tur,
629 5515 686 5564 ut
718 5513 993 5582 quosdam
1024 5513 1194 5567 etiam
1228 5513 1415 5567 aliena
1442 5513 1610 5567 verba
1657 5516 1892 5571 recitare
1924 5534 2037 5572 non
2065 5533 2172 5588 pu—

3906 273 4008 320 992

2278 405 2455 470 deret,
2488 401 2924 472 exciperentque
2961 399 3194 470 plausus
3236 397 3294 466 (ο
3322 395 3843 468 ingemiscendum
3883 410 4007 448 ma-

2274 491 2444 560 lum!)
2485 491 2554 545 ab
2583 489 2795 543 eisdem
2823 488 2961 558 ipsis
2992 502 3239 558 quorum
3268 489 3431 540 erant
3461 485 3565 540 illa
3607 500 3748 556 qua
3792 483 4008 538 recita-

2273 581 2428 634 bant.
2459 581 2541 633 lta
2565 595 2684 644 vos,
2712 576 2970 648 quamvis
2999 576 3144 630 nihil
3173 591 3453 646 unquam,
3488 579 3551 628 ut
3591 573 3840 644 opinor,
3879 573 3996 626 tale

2273 667 2554 734 feceritis;
2585 671 2779 721 tamen
2808 669 2863 718 et
2893 664 2953 717 in
2983 663 3425 734 philosophiam,
3456 666 3515 716 et
3542 661 3607 715 in
3637 678 3775 715 eam
3820 661 4006 713 vitam

2274 772 2447 826 quam
2481 771 2571 808 me
2603 755 2832 808 tandem
2862 767 3161 822 occupasse
3192 753 3374 817 lator,
3408 750 3811 804 amulationis
3860 750 4006 803 labi-

2274 846 2396 899 ﬁca
2427 849 2595 914 atque
2622 843 2808 896 inanis
2814 840 3100 912 jactantia
3133 839 3418 906 ultimam,
3451 839 3553 894 sed
3586 839 4008 892 nocentiorem

2274 935 2494 988 caeteris
2519 932 2787 986 omnibus
2814 936 3034 1002 pestem
3077 929 3434 984 introducere
3475 945 3539 982 ac
3585 928 4008 1000 proseminare

2274 1021 2564 1078 conamini
2599 1037 2612 1074 :
2646 1025 2700 1074 et
2728 1021 2984 1087 fortasse,
3015 1017 3150 1089 quia
3180 1034 3279 1070 vos
3310 1018 3381 1070 ab
3412 1018 3518 1070 ista
3549 1017 3817 1070 vanitate
3852 1033 4009 1070 mor—

2273 1111 2460 1182 boque
2491 1110 2768 1173 deterreo,
2801 1107 3079 1178 pigriores
3108 1105 3262 1159 eritis
3301 1104 3374 1158 ad
3423 1104 3613 1158 studia
3661 1105 3955 1158 doctrina
3990 1122 4001 1166 ;

2275 1204 2330 1254 et
2358 1200 2426 1252 ab
2457 1199 2658 1252 ardore
2684 1201 2932 1250 ventosae
2978 1196 3144 1248 fama
3192 1193 3531 1264 repercussi,
3581 1193 3643 1247 in
3692 1199 4002 1263 torporem

2274 1286 2494 1342 inertia
2515 1284 2904 1355 congelabitis.
2927 1285 3008 1338 Me
3047 1284 3342 1344 miserum,
3368 1281 3412 1335 si
3441 1298 3675 1336 necesse
3723 1281 3840 1335 erit
3860 1283 4006 1334 tales

2276 1375 2446 1429 etiam
2472 1390 2625 1428 nunc
2653 1372 2896 1444 perpeti,
2924 1389 2955 1425 a
2983 1371 3193 1443 quibus
3223 1371 3356 1425 vitia
3385 1370 3663 1425 decedere
3689 1370 3821 1424 sine
3853 1371 4006 1424 alio-

2275 1479 2405 1517 rum
2429 1462 2698 1516 vitiorum
2729 1460 3076 1514 successione
3108 1475 3222 1513 non
3265 1459 3505 1529 possint.
3556 1457 3871 1524 Probahis,
3930 1459 4011 1510 ait

2279 1551 2578 1613 Licentius,
2613 1565 2786 1621 quam
2815 1549 3170 1618 purgatiores
3195 1547 3371 1601 futuri
3405 1547 3604 1600 simus.
3638 1546 3812 1600 Modo
3853 1546 4008 1600 illud

2277 1641 2637 1695 obsecramus
2667 1655 2770 1708 per
2800 1637 2993 1690 omnia
3023 1651 3151 1706 qua
3183 1634 3393 1704 diligis,
3426 1639 3492 1688 ut
3523 1633 3799 1704 ignotum
3834 1635 4008 1687 nobis

2276 1729 2434 1795 velis,
2459 1731 2628 1798 atque
2650 1727 2748 1780 illa
2769 1725 2962 1780 omnia
2995 1723 3171 1778 deleri
3197 1723 3402 1793 jubeas
3425 1739 3438 1789 ;
3473 1722 3670 1789 simul,
3696 1727 3761 1776 ut
3785 1739 4010 1791 parcas

2277 1817 2448 1872 etiam
2475 1815 2701 1884 tabulis,
2733 1830 2872 1885 quas
2891 1814 3012 1883 jam
3041 1829 3156 1866 non
3186 1811 3484 1866 habemus.
3523 1812 3646 1865 Non
3701 1811 3871 1864 enim
3907 1813 4006 1866 ali-

2279 1905 2417 1976 quid
2438 1905 2498 1958 in
2524 1904 2696 1958 libros
2716 1903 3054 1958 translatum
3075 1905 3158 1954 est
3174 1916 3374 1954 eorum
3399 1917 3529 1970 qua
3557 1915 3590 1952 a
3619 1900 3793 1954 nobis
3811 1902 4005 1954 multa

2281 1996 2519 2051 disserta
2549 1997 2680 2047 sunt
2725 1993 2820 2062 (a).
2870 1994 3125 2057 Prorsus,
3174 1990 3364 2061 inquit
3391 1991 3714 2060 Trygetius,
3748 1998 3999 2045 maneat

2281 2089 2472 2138 nostra
2501 2098 2692 2153 poena,
2723 2085 2786 2134 ut
2818 2096 2883 2134 ea
2908 2080 3050 2150 ipsa,
3084 2096 3211 2149 qua
3241 2095 3344 2132 nos
3374 2071 3537 2132 illicit
3560 2078 3734 2146 fama,
3759 2080 4004 2150 ﬂagello

2277 2173 2512 2245 proprio
2543 2189 2576 2226 a
2601 2187 2701 2225 suo
2733 2185 2928 2224 amore
2960 2170 3260 2223 deterreat.
3304 2169 3374 2222 Ut
3403 2168 3558 2221 enim
3610 2168 3747 2222 solis
3791 2169 4006 2222 amicis

2282 2266 2338 2316 et
2367 2259 2742 2316 familiaribus
2784 2257 2989 2312 nostris
3034 2257 3237 2310 littera
3282 2255 3404 2309 ista
3453 2256 3856 2323 innotescant,
3883 2275 4006 2312 non

2280 2366 2486 2420 parum
2513 2347 2936 2402 desudabimus.
2966 2347 3242 2399 Assensus
3276 2348 3361 2398 est
3388 2343 3503 2398 ille.

2284 2437 2506 2492 CAPUT
2536 2437 2621 2490 ΧΙ.
2657 2465 2724 2476 -—
2749 2436 2999 2489 Monm‘ca
3051 2433 3115 2487 ob
3145 2449 3333 2487 sanum
3369 2449 3475 2487 non
3524 2434 3769 2488 arcenda
3803 2451 3842 2489 a
3863 2436 4002 2504 phi-

2780 2523 3052 2591 losophica
3090 2522 3478 2590 disputatio-ne.

2357 2615 2443 2666 3t.
2478 2614 2660 2682 Atque
2691 2610 2908 2664 interea
2947 2613 3129 2663 mater
3158 2609 3414 2680 ingressa
3445 2613 3548 2678 est,
3601 2609 4003 2682 quasivitque

2284 2717 2318 2754 a
2346 2699 2510 2754 nobis
2543 2699 2683 2770 quid
2712 2698 3226 2769 promovissemus-;
3253 2714 3386 2751 nam
3409 2702 3465 2752 et
3493 2697 3544 2751 ei
3577 2699 3827 2768 quastio
3863 2706 4003 2753 nota

2282 2793 2423 2842 erat.
2478 2789 2649 2858 Cujus
2697 2791 2754 2841 et
2793 2787 3131 2856 ingressum,
3186 2790 3242 2840 et
3263 2786 3623 2857 rogationem
3651 2803 3788 2841 cum
3814 2789 3997 2842 scribi

2282 2881 2474 2931 nostro
2488 2891 2646 2930 more
2670 2875 2967 2945 jussissem
2998 2891 3010 2929 :
3036 2874 3181 2938 Quid
3209 2874 3642 2946 agitis,inquit?
3666 2877 3997 2948 Numquid-

2283 2982 2414 3020 nam
2446 2965 2505 3018 in
2534 2963 2649 3018 illis
2679 2980 2820 3034 quos
2848 2962 3036 3033 legitis
3066 2962 3226 3017 libris
3245 2963 3417 3018 etiam
3448 2963 3691 3018 feminas
3721 2981 3996 3037 unquam

2281 3054 2472 3108 audivi
2502 3053 2560 3106 in
2587 3053 2692 3107 hoc
2722 3067 2900 3122 genus
2929 3051 3331 3121 disputationis
3364 3051 3623 3106 inductas
3643 3052 3672 3105 ?
3703 3053 3815 3107 Cui
3840 3070 3985 3124 ego:

2283 3142 2405 3196 Non
2428 3141 2590 3194 valde
2607 3155 2768 3207 curo,
2784 3137 3040 3208 inquam,
3060 3137 3440 3207 superborum
3455 3138 3993 3210 imperitorumque

2275 3229 2510 3300 judicia,
2552 3227 2652 3299 qui
2681 3226 2943 3281 similiter
2968 3226 3027 3279 in
3056 3226 3329 3296 legendos
3347 3226 3519 3280 libros
3547 3230 3718 3297 atque
3749 3227 3814 3281 in
3841 3229 3998 3282 salu-

2280 3317 2482 3372 tandos
2495 3316 3016 3370 hominesirruunt.
3038 3316 3161 3368 Non
3179 3314 3336 3367 enim
3357 3314 3609 3384 cogitant
3629 3315 3838 3385 quales
3853 3315 3993 3387 ipsi,

2281 3405 2377 3459 sed
2418 3405 2678 3475 qualibus
2707 3403 2895 3458 induti
2937 3402 3188 3456 vestibus
3228 3401 3356 3462 sint,
3397 3407 3451 3456 et
3497 3407 3713 3473 quanta
3758 3420 3996 3474 pompa

2281 3509 2474 3547 rerum
2504 3493 2860 3562 fortunaque
2889 3491 3287 3561 prafulgeant.
3348 3490 3447 3544 Isti
3490 3490 3645 3544 enim
3676 3491 3738 3545 in
3769 3491 3993 3547 litteris

2279 3598 2399 3636 non
2426 3582 2673 3635 multum
2703 3579 3004 3634 attendunt
3031 3583 3131 3635 aut
3156 3578 3304 3633 unde
3331 3578 3402 3632 sit
3431 3579 3696 3650 quastio,
3729 3585 3837 3634 aut
3872 3597 3993 3652 quo

2280 3671 2577 3742 pervenire
2609 3669 2951 3724 disserentes
2977 3667 3309 3736 moliantur,
3346 3667 3551 3737 quidve
3583 3667 3652 3721 ad
3680 3667 3763 3722 eis
3794 3670 3990 3739 expli-

2280 3763 2468 3814 catum
2499 3764 2668 3829 atque
2694 3757 3010 3830 confectum
3037 3756 3126 3810 sit.
3148 3757 3210 3810 In
3239 3756 3447 3827 quibus
3461 3761 3655 3810 tamen
3679 3757 3820 3827 quia
3836 3775 3993 3812 non-

2282 3848 2426 3901 nulli
2463 3847 2832 3917 reperiuntur
2881 3861 3127 3916 quorum
3181 3844 3358 3898 animi
3405 3846 3822 3899 contemnendi
3874 3864 3991 3901 non

2281 3941 2432 4001 sunt,
2467 3933 2680 4005 aspersi
2712 3938 2843 3987 sunt
2870 3933 3023 3988 enim
3065 3931 3406 4003 quibusdam
3450 3932 3840 3986 condimentis
3883 3935 3991 3989 hu-

2281 4024 2590 4090 manitatis,
2614 4028 2670 4078 et
2699 4023 2861 4077 facile
2899 4038 3002 4092 per
3030 4037 3227 4076 aureas
3269 4021 3633 4093 depictasque
3664 4022 3882 4092 januas
3923 4024 3992 4078 ad

2280 4117 2629 4168 sacrosancta
2657 4110 3031 4182 philosophia
3052 4110 3364 4181 penetralia
3393 4109 3824 4180 perducuntur;
3855 4113 3993 4166 satis

2282 4202 2362 4256 eis
2391 4202 2648 4256 fecerunt
2675 4204 2730 4253 et
2750 4199 2996 4269 majores
3012 4197 3214 4263 nostri,
3230 4214 3475 4268 quorum
3496 4197 3673 4251 libros
3698 4197 3808 4251 tibi
3823 4200 3992 4254 nobis

2281 4289 2602 4360 legentibus
2640 4292 2802 4342 notos
2844 4303 2963 4341 esse
3001 4286 3196 4340 video.
3253 4287 3318 4340 Et
3367 4285 3456 4339 his
3498 4286 3885 4355 temporibus,
3929 4294 3993 4341 ut

2283 4378 2543 4432 omittam
2573 4380 2826 4438 cateros,
2857 4374 2944 4428 vir
2972 4377 3030 4428 et
3056 4373 3285 4443 ingenio
3325 4377 3380 4427 et
3404 4373 3754 4444 eloquentia,
3775 4379 3834 4428 et
3847 4375 3991 4444 ipsis

2282 4465 2603 4535 insignibus
2624 4463 3072 4533 muneribusque
3094 4462 3357 4528 fortuna,
3381 4466 3436 4515 et
3451 4462 3604 4532 quod
3626 4466 3762 4515 ante
3790 4464 3990 4517 omnia

2284 4557 2388 4623 est,
2440 4557 2632 4607 mente
2681 4550 3182 4622 prastantissimus
3231 4550 3582 4615 Theodorus,
3617 4566 3795 4620 quem
3843 4553 3990 4607 bene

2282 4643 2407 4713 ipsa
2433 4642 2600 4707 nosti,
2634 4641 2690 4695 id
2722 4640 2859 4710 agit,
2891 4644 2956 4693 ut
2982 4645 3038 4693 et
3067 4654 3218 4692 nunc
3232 4638 3448 4708 etapud
3478 4642 3739 4709 posteros
3759 4641 3988 4695 nullum

2282 4747 2462 4802 genus
2492 4730 2794 4784 hominum
2829 4728 2898 4782 de
2922 4726 3125 4782 litteris
3155 4730 3482 4780 nostrarum
3512 4729 3986 4798 temporumjure

2282 4825 2690 4891 conqueratur.
2731 4817 2834 4873 Mei
2860 4820 3051 4871 autem
3093 4815 3223 4869 libri
3255 4814 3301 4868 si
3324 4831 3569 4885 quorum
3599 4814 3746 4868 forte
3777 4832 3987 4871 manus

2281 4909 2594 4979 tetigerint,
2644 4909 2902 4977 lectoque
2942 4921 3069 4959 meo
3115 4903 3347 4957 nomine
3407 4920 3523 4957 non
3555 4904 3828 4970 dixerint,
3876 4908 3986 4960 Iste

2284 4993 2412 5063 quis
2438 4996 2522 5046 est
2544 4994 2572 5046 ?
2597 4991 2967 5059 codicemque
2997 4987 3372 5058 projecerint,
3407 4987 3507 5041 sed
3534 4988 3619 5040 vel
3641 4988 3877 5057 curiosi,
3901 4990 3983 5042 vcl

2282 5081 2528 5135 nimium
2577 5078 2813 5134 studiosi
2865 5079 3192 5145 contempta
3240 5075 3453 5129 vilitate
3499 5075 3715 5129 liminis
3769 5077 3986 5132 intrare

2283 5168 2637 5239 perrexerint
2664 5185 2677 5234 ;
2706 5183 2798 5221 me
2829 5170 3013 5219 tecum
3045 5163 3550 5233 philosophantem
3581 5179 3699 5218 non
3744 5167 3983 5220 moleste

2285 5253 2488 5320 ferent,
2523 5269 2627 5306 nec
2655 5265 3004 5322 quemquam
3033 5248 3274 5302 istorum
3304 5264 3553 5318 quorum
3581 5248 3726 5302 meis
3772 5250 3980 5305 litteris

2285 5358 2470 5396 sermo
2498 5341 2786 5407 miscetur,
2820 5339 3056 5394 fortasse
3087 5341 3476 5391 contemnent.
3506 5338 3653 5392 Sunt
3679 5339 3843 5394 enim
3871 5357 3985 5395 non

2287 5525 2310 5573 ἰ
2347 5464 2796 5576 (αὲῐηῗοι-ἱὺθὺιωι
2807 5460 3389 5526 primumtabulis;hinc
3405 5475 3561 5525 porro
3573 5461 3628 5510 in
3641 5462 3809 5512 libros
3826 5469 3988 5514 transp

2309 5539 2395 5574 ere
2434 5540 2500 5575 an
2530 5563 2540 5573 .

2309 5539 2540 5575 erepant.
