4058 6350
76 313 177 364 993

75 435 265 489 solum
298 431 486 498 liberi,
519 430 675 502 quod
715 429 892 484 cuivis
947 428 1261 500 disciplina
1289 428 1534 496 liberali,
1567 429 1780 483 nedum

74 522 464 594 philosophia
488 520 624 574 satis
637 523 742 586 est,
777 518 870 572 sed
896 534 1122 572 summo
1144 519 1296 588 apud
1323 535 1456 572 suos
1485 519 1608 571 loco
1639 515 1779 572 nati.

78 611 548 666 Doctissimorum
579 613 770 662 autem
800 607 1100 661 hominum
1130 607 1336 661 littera
1366 607 1540 660 etiam
1556 613 1782 660 sutores

74 700 537 770 philosophatos,
583 699 639 750 et
677 695 859 748 multo
917 694 1121 748 viliora
1164 695 1529 749 fortunarum
1570 711 1782 766 genera

77 787 409 842 continent:
445 786 544 858 qui
574 790 766 839 tamen
793 787 948 836 tanta
976 782 1193 853 ingenii
1243 783 1611 854 virtustisque
1655 783 1781 836 luce

78 875 384 928 fulserunt.
420 880 481 928 ut
507 875 659 928 bona
688 888 789 926 sua
818 888 951 926 cum
977 872 1231 942 qualibet
1258 871 1656 944 hujuscemodi
1687 887 1783 926 no-

78 965 300 1018 bilitate
332 964 491 1017 nullo
524 962 690 1016 modo
719 961 946 1026 vellent,
967 960 1191 1014 etiamsi
1220 965 1471 1030 possent,
1499 961 1617 1014 ulla
1645 976 1782 1014 con-

79 1053 300 1106 ditione
331 1057 578 1106 mutare.
599 1052 710 1104 Nec
736 1048 934 1114 deerit,
958 1048 1102 1102 mihi
1123 1049 1310 1115 crede,
1341 1050 1450 1102 tale
1481 1048 1784 1102 hominum

82 1156 279 1210 genus,
309 1139 400 1193 cui
429 1139 559 1209 plus
587 1139 808 1208 placeat
837 1136 945 1190 hoc
979 1136 1189 1206 ipsum,
1225 1136 1360 1207 quia
1401 1152 1625 1190 mecum
1647 1135 1780 1206 phi-

81 1227 420 1298 losopharis,
453 1243 626 1297 quam
659 1226 705 1280 si
750 1225 891 1296 quid
939 1225 1032 1279 hic
1061 1224 1237 1291 aliud,
1269 1229 1370 1278 aut
1396 1225 1783 1296 iucunditatis

83 1321 176 1371 aut
200 1317 500 1387 gravitatis
530 1314 830 1368 invenerit.
889 1315 1032 1368 Nam
1075 1318 1131 1368 et
1157 1313 1387 1368 femina
1447 1319 1578 1368 sunt
1630 1313 1783 1384 apud

82 1412 298 1459 veteres
330 1404 768 1476 philosophata,
809 1406 866 1458 et
893 1404 1255 1475 philosophia
1284 1408 1384 1458 tua
1427 1403 1572 1457 mihi
1599 1403 1782 1474 pluri-

85 1509 241 1548 mum
273 1493 484 1563 placet.

151 1584 238 1637 32.
270 1582 416 1635 Nam
445 1596 516 1634 ne
543 1579 705 1650 quid,
733 1583 936 1645 mater,
969 1579 1215 1650 ignores,
1245 1580 1352 1634 hoc
1379 1595 1630 1650 gracum
1657 1595 1782 1634 ver-

86 1671 216 1724 bum
227 1686 372 1741 ,quo
386 1668 756 1739 philosophia
768 1667 1300 1734 nominatur,latine
1318 1685 1479 1722 amor
1491 1667 1784 1738 sapientia

85 1760 304 1813 dicitur.
333 1759 491 1813 Unde
515 1758 686 1811 etiam
713 1756 916 1811 divina
929 1757 1232 1828 Scriptura
1249 1773 1390 1828 quas
1420 1759 1786 1811 vehementer

88 1846 466 1918 amplecteris,
484 1861 601 1900 non
613 1845 849 1900 omnino
866 1846 1262 1916 philosophos,
1297 1846 1392 1900 sed
1405 1845 1783 1917 philosophos

88 1937 254 2006 hujus
281 1934 482 1988 mundi
517 1934 810 1988 evitandos
839 1938 1009 2004 atque
1061 1933 1384 1987 irridendos
1415 1950 1536 1988 esse
1583 1935 1782 2004 praci-

88 2026 247 2095 piunt
278 2025 496 2093 (Coloss.
533 2040 594 2089 ιι,
642 2023 716 2094 8).
769 2024 897 2076 Esse
933 2026 1124 2076 autem
1172 2022 1349 2076 alium
1389 2023 1668 2078 mundum
1713 2023 1783 2078 ab

89 2115 200 2168 istis
229 2113 414 2167 oculis
457 2111 929 2181 remotissimum,
960 2128 1130 2182 quem
1164 2129 1475 2183 paucorum
1511 2129 1782 2167 sanorum

90 2203 406 2256 intellectus
436 2201 696 2255 intuetur
721 2203 758 2270 (I
778 2203 1015 2256 Retract.
1045 2216 1163 2269 cap.
1197 2203 1249 2266 3,
1276 2216 1333 2254 η.
1376 2203 1448 2268 2),
1497 2200 1632 2255 satis
1660 2201 1782 2272 ipse

92 2290 340 2344 Christus
392 2289 697 2360 significat,
737 2288 836 2358 qui
889 2305 1008 2342 non
1055 2288 1210 2355 dicit,
1268 2290 1531 2359 Regnum
1587 2306 1783 2344 meum

91 2395 197 2433 non
250 2385 338 2433 est
369 2379 441 2432 de
485 2379 701 2432 mundo
731 2395 743 2432 :
778 2377 898 2446 sed,
927 2380 1167 2444 Regnum
1224 2395 1397 2432 meum
1443 2395 1548 2433 non
1603 2385 1680 2434 est
1718 2381 1784 2434 de

94 2467 178 2519 hoc
206 2464 408 2519 mundo
431 2469 458 2518 ?
487 2465 676 2533 (Joan.
710 2480 864 2530 xvm,
914 2463 1028 2532 36.)
1069 2465 1210 2517 Nam
1264 2464 1524 2534 quisquis
1551 2481 1782 2519 omnem

95 2553 512 2624 philosophiam
550 2552 885 2622 fugiendam
913 2555 1096 2622 putat,
1128 2542 1272 2605 nihil
1303 2568 1406 2606 nos
1435 2554 1557 2608 vult
1606 2555 1778 2621 aliud,

1507 304 1718 362 LIBER
1759 305 2156 364 SECUNDUS.

3477 327 3582 379 994

1894 447 2066 501 quam
2098 447 2215 486 non
2244 448 2434 487 amare
2459 435 2820 506 sapientiam.
2853 437 3289 496 Contemnerem
3319 446 3374 497 te
3409 443 3586 514 igitur

1892 519 1952 573 in
1990 520 2078 573 his
2119 520 2322 574 litteris
2371 523 2530 585 meis,
2566 524 2611 576 si
2642 525 3004 596 sapientiam'
3026 543 3140 581 non
3180 543 3437 597 amares;
3466 547 3584 585 non

1892 614 2083 662 autem
2143 615 2588 680 contemnerem,
2636 613 2683 666 si
2730 630 2855 667 eam
2903 615 3269 670 mediocriter
3321 635 3580 685 amares;

1891 698 2072 750 multo
2088 697 2297 759 minus,
2332 697 2378 751 si
2395 703 2613 752 tantum
2647 707 2927 772 quantum
2959 719 3063 774 ego
3097 720 3318 759 amares
3362 707 3586 776 sapien-

1890 782 2046 836 tiam.
2083 783 2242 837 Nunc
2267 800 2398 838 vero
2429 801 2554 837 cum
2580 801 2704 840 eam
2733 787 2912 842 multo
2937 790 3064 858 plus
3091 806 3266 860 quam
3298 791 3582 862 meipsum

1891 870 2115 941 diligas,
2149 876 2206 926 et
2235 872 2491 926 noverim
2521 879 2798 942 quantum
2832 892 2920 929 me
2953 876 3158 946 diligas
3187 894 3200 944 ;
3233 895 3478 950 cumque
3528 880 3588 934 in

1893 975 1960 1013 ea
1988 965 2211 1014 tantum
2236 961 2562 1032 profeceris,
2590 965 2655 1014 ut
2675 962 2797 1030 jam
2827 979 2930 1016 nec
2959 965 3208 1033 cujusvis
3238 966 3589 1022 incommodi

1890 1047 2130 1114 fortuiti,
2161 1065 2264 1103 nec
2294 1049 2470 1120 ipsius
2497 1049 2715 1116 mortis,
2751 1052 2903 1121 quod
2941 1052 3074 1106 viris
3103 1054 3445 1109 doctissimis
3474 1057 3580 1112 dif-

1892 1137 2210 1192 ﬁcillimum
2229 1143 2330 1204 est,
2355 1139 2591 1193 horrore
2606 1139 2892 1205 terrearis,
2919 1157 3091 1210 quam
3109 1158 3390 1197 summam
3404 1145 3589 1214 philo-

1893 1226 2109 1296 sophia
2140 1243 2326 1281 arcem
2342 1243 2540 1282 omnes
2571 1243 2690 1281 esse
2720 1226 3105 1296 conﬁtentur;
3139 1246 3321 1300 egone
3348 1248 3440 1287 me
3473 1249 3586 1287 non

1892 1315 2136 1369 libenter
2162 1315 2268 1369 tibi
2298 1315 2470 1370 etiam
2497 1315 2840 1387 discipulum
2868 1316 3015 1370 dabo
3037 1317 3066 1372 ?

1963 1407 2056 1458 33.
2097 1404 2196 1458 Hic
2223 1404 2319 1458 illa
2347 1421 2476 1458 cum
2502 1405 2709 1459 blande
2750 1422 2814 1459 ac
2857 1406 3122 1476 religiose
3165 1423 3462 1479 nunquam
3494 1427 3587 1464 me

1890 1498 2116 1548 tantum
2154 1493 2458 1547 mentitum
2480 1510 2602 1548 esse
2631 1493 2883 1559 dixisset,
2917 1499 2974 1548 et
3002 1495 3252 1550 viderem
3279 1503 3392 1551 tam
3405 1499 3588 1552 multa

1891 1599 1996 1636 nos
2021 1582 2191 1636 verba
2219 1581 2451 1647 fudisse,
2488 1586 2550 1635 ut
2574 1598 2759 1653 neque
2790 1583 3085 1637 scribenda
3113 1600 3232 1638 non
3263 1591 3472 1653 essent,
3537 1593 3592 1641 et

1885 1672 2008 1742 jam
2036 1671 2170 1725 libri
2191 1671 2392 1725 modus
2429 1675 2597 1739 esset,
2635 1687 2821 1743 neque
2842 1671 3048 1725 tabula
3075 1673 3312 1743 reliqua
3351 1674 3540 1728 forent
3570 1695 3586 1741 ;

1891 1760 2105 1830 placuit
2135 1759 2508 1830 quaestionem
2540 1759 2774 1825 differri,
2819 1759 2989 1812 simul
3031 1764 3096 1813 ut
3139 1776 3268 1814 meo
3299 1763 3588 1817 stomacho

1892 1864 2209 1918 parcerem.
2251 1849 2389 1901 Nam
2404 1864 2557 1915 eum,
2578 1848 2707 1916 plus
2724 1862 2898 1916 quam
2912 1847 3135 1916 vellem,
3163 1855 3589 1903 commoverant

1893 1955 1960 1991 ea
1987 1954 2114 2008 qua
2154 1937 2298 1990 mihi
2329 1936 2642 1990 evomenda
2683 1934 2742 1988 in
2789 1935 2914 1988 illos
2965 1935 3348 1990 adolescentes
3393 1953 3587 1992 neces-

1893 2026 2040 2080 sario
2069 2025 2186 2078 visa
2199 2027 2347 2079 sunt.
2380 2024 2489 2078 Sed
2518 2040 2647 2077 cum
2669 2023 2824 2077 abire
2847 2024 3247 2094 capissemus:
3276 2025 3584 2094 Memento,

1892 2115 2075 2186 inquit
2107 2113 2408 2178 Licentius,
2436 2130 2607 2184 quam
2640 2113 2820 2166 multa
2849 2116 2905 2166 et
2935 2129 3107 2183 quam
3134 2115 3452 2168 necessaria
3480 2132 3585 2169 no-

1894 2206 1979 2260 bis
2009 2206 2106 2258 abs
2139 2209 2191 2258 te
2229 2202 2559 2272 accipienda
2606 2217 2709 2272 per
2738 2200 3187 2255 occultissimum
3239 2201 3401 2255 illum
3445 2203 3588 2257 divi-

1893 2307 2146 2362 numque
2179 2289 2442 2344 ordinem
2472 2288 2645 2341 etiam
2672 2293 2725 2340 te
2748 2285 3034 2341 nesciente
3057 2288 3584 2344 subministrentur.

1892 2381 2086 2448 Video,
2107 2379 2362 2450 inquam,
2386 2377 2711 2448 etingratus
2734 2376 2848 2428 Deo
2875 2391 2990 2428 non
3003 2391 3129 2428 sum
3155 2391 3398 2446 ;vosque
3430 2374 3586 2446 ipsos

1893 2470 1992 2542 qui
2021 2469 2141 2523 hac
2170 2465 2459 2522 advertitis
2492 2466 2563 2518 ob
2610 2463 2665 2518 id
2714 2463 2903 2534 ipsum
2944 2479 3230 2533 prasumo
3289 2464 3411 2517 fore
3468 2479 3587 2517 me-

1892 2559 2079 2612 liores.
2114 2559 2227 2610 Hoc
2251 2555 2358 2608 fuit
2384 2559 2606 2607 tantum
2636 2552 2734 2606 illo
2768 2551 2859 2606 die
2889 2551 3188 2622 negotium
3219 2567 3430 2606 meum.

1076 2713 1590 2836 LIBER
1703 2709 2612 2839 SECUNDUS.

147 2867 660 2940 Disputationesboc
686 2867 821 2916 libro
841 2866 960 2940 dua
981 2867 1338 2936 continentur,
1359 2868 1553 2940 quibus
1575 2868 1700 2917 dum
1724 2871 1933 2940 Ordinis
1959 2869 2315 2940 deﬁnitionem
2343 2867 2650 2930 expendunt
2671 2867 3049 2940 colloquentes,
3075 2866 3318 2940 incidunt
3344 2865 3399 2940 in
3421 2866 3594 2940 varias

127 2929 426 3001 uastiones,
457 2929 656 3001 scilicet
683 2945 694 2977 :
726 2930 993 3001 quomodo
1022 2930 1232 3001 sapiens
1260 2943 1378 2976 cum
1414 2931 1518 3001 Deo
1549 2937 1772 3001 maneat
1790 2934 2041 3001 immotus
2051 2948 2070 3001 _;
2101 2946 2168 2979 an
2197 2931 2354 2979 etiam
2385 2929 2593 3001 cunqua
2620 2943 2890 3001 perperam
2922 2929 2986 2976 ab
3013 2929 3501 3001 hominibus__iiupt,
3529 2941 3592 2976 ex

134 2993 177 3040 ei
207 2993 394 3060 ordine
419 2996 682 3060 agantur;
719 2989 916 3060 utrum_
937 2989 1274 3060 Deus’justus
1312 2996 1450 3060 esset
1487 2995 1908 3060 ante_originem
1941 2989 2102 3060 mali;
2140 2997 2315 3060 utrum
2347 2989 2536 3060 ex__Dei
2574 2989 2758 3060 ordine
2785 2990 2984 3060 malum
3014 2995 3252 3060 exortum
3289 2990 3370 3060 sit.
3409 2989 3595 3060 agitur

91 3055 294 3102 demum
326 3050 500 3123 fusius
531 3055 595 3123 de
624 3058 776 3123 recto
799 3053 1056 3123 studendi
1076 3050 1285 3123 ordine,
1330 3055 1433 3123 qui.
1458 3053 1691 3123 postulat
1728 3050 1786 3104 in
1830 3050 2126 3105 inforinatis
2167 3055 2264 3102 rite
2295 3053 2548 3112 moribus,
2582 3057 2634 3101 et
2661 3051 2976 3116 comparatis
3014 3051 3261 3099 humanis
3301 3050 3594 3112 disciplinis

90 3122 457 3177 promoveatur
484 3116 692 3164 animus
716 3115 781 3163 ad
818 3115 986 3163 altera
1013 3117 1065 3162 et
1093 3114 1273 3162 divina
1297 3115 1650 3177 percipienda.

671 3269 722 3306 DI
739 3268 986 3306 SI’UTATIO
1019 3267 1181 3305 PRIMA
1194 3291 1208 3306 .

158 3343 384 3396 CAPUT
419 3334 710 3396 PRIMUM.
741 3372 809 3381 —
842 3342 1066 3396 Ordinis
1096 3341 1344 3411 deﬁnitio
1370 3342 1712 3410 empenditur.

162 3436 208 3485 1.
241 3431 602 3501 Interpositis
619 3429 825 3484 deinde
848 3430 1104 3501 pauculis
1135 3429 1338 3484 diebus
1365 3430 1786 3502 venitAlypius,

95 3522 146 3570 et
173 3525 365 3574 exorto
400 3521 516 3573 sole
539 3519 872 3587 clarissimo,
897 3518 1156 3573 invitavit
1170 3519 1297 3572 coeli
1325 3520 1495 3585 nitor,
1521 3524 1577 3572 et
1607 3537 1789 3591 quan-

95 3611 210 3661 tum
225 3608 282 3661 in
294 3608 412 3662 illis
427 3607 563 3660 locis
581 3607 768 3661 hieme
783 3611 1022 3677 poterat,
1040 3607 1248 3661 blanda
1262 3609 1567 3679 temperies
1581 3611 1639 3664 in
1659 3627 1789 3680 pra-

96 3699 212 3749 tum
239 3697 606 3763 descendere,
637 3712 750 3766 quo
785 3695 992 3767 sapius
1023 3700 1078 3750 et
1103 3696 1440 3750 familiarius
1462 3699 1786 3754 utebamur.

101 3785 402 3838 Nobiscum
445 3790 568 3838 erat
595 3787 768 3838 etiam
805 3789 988 3838 mater
1016 3789 1233 3854 nostra,
1267 3786 1428 3855 cujus
1469 3786 1789 3855 ingenium,

99 3878 261 3943 atque
291 3875 351 3927 in
377 3890 468 3927 res
500 3873 720 3928 divinas
745 3874 1168 3927 inflammatum
1181 3873 1460 3940 animum,
1483 3891 1612 3928 cum
1626 3879 1792 3929 antea

97 3962 346 4016 convictu
359 3962 634 4016 diuturno
665 3961 1465 4032 etdiligenticonsideratione
1493 3979 1794 4033 perspexe-

99 4064 210 4102 ram
237 4067 250 4116 ;
284 4055 410 4104 tum
454 4066 589 4104 vero
644 4051 706 4104 in
735 4050 984 4120 quadam
1015 4050 1399 4121 disputatione
1431 4067 1548 4104 non
1604 4067 1792 4122 parva

99 4139 191 4202 rei,
223 4157 399 4211 quam
429 4140 522 4196 die
545 4141 719 4196 natali
749 4157 878 4196 meo
907 4156 1038 4195 cum
1080 4141 1332 4195 convivis
1386 4140 1578 4203 habui,
1624 4146 1792 4212 atque

100 4228 153 4281 in
181 4229 439 4284 libellum
470 4231 684 4284 contuli
716 4235 873 4284 tanta
906 4229 1046 4283 mihi
1072 4245 1236 4284 mens
1267 4229 1391 4299 ejus
1420 4234 1788 4301 apparuerat,

98 4321 158 4369 ut
187 4318 328 4372 nihil
373 4319 563 4389 aptius
612 4335 761 4373 vera
802 4318 1180 4390 philosophia
1228 4318 1536 4373 videretur.
1598 4320 1794 4390 Itaque

100 4405 476 4474 institueram,
511 4424 640 4461 cum
667 4408 989 4462 abundaret
1018 4407 1153 4474 otio,
1203 4405 1370 4478 agere
1418 4412 1478 4461 ut
1505 4407 1793 4478 colloquio

101 4500 283 4549 nostro
318 4512 431 4549 non
461 4497 698 4551 deesset.
729 4497 892 4561 Quod
925 4496 986 4549 in
1013 4495 1199 4566 primo
1216 4496 1390 4551 etiam
1414 4496 1586 4567 hujus
1607 4496 1796 4568 operis

102 4579 238 4636 libro
266 4584 369 4638 abs
403 4589 455 4638 te
482 4585 778 4656 cognitum
809 4590 918 4640 est.

165 4672 214 4724 2.
249 4673 394 4726 Cum
425 4672 601 4744 igitur
629 4678 948 4728 memorato
978 4672 1038 4726 in
1085 4673 1228 4741 loco,
1260 4677 1326 4728 ut
1359 4673 1659 4728 commode
1690 4689 1793 4744 po-

101 4759 332 4827 tuimus,
367 4763 843 4830 consedissemus,
875 4779 980 4833 ego
1012 4763 1124 4817 illis
1153 4763 1377 4818 duobus
1422 4764 1794 4818 adolescenti-

103 4844 239 4901 bus:
275 4849 545 4913 Quamvis
588 4851 772 4920 vobis,
821 4851 1080 4922 inquam,
1114 4851 1557 4921 succensuerim,
1604 4851 1797 4923 pueri-

103 4933 228 4990 liter
257 4937 326 4992 de
361 4939 583 5010 magnis
611 4940 781 4994 rebus
811 4941 1140 5010 agentibus;
1174 4944 1366 4994 tamen
1402 4939 1544 4994 mihi
1575 4940 1799 4994 videtur

104 5037 215 5077 non
245 5025 367 5080 sine
398 5028 618 5090 ordine,
651 5028 901 5099 propitio
935 5030 1072 5094 Deo,
1104 5028 1388 5095 accidisse,
1415 5029 1568 5099 quod
1596 5027 1656 5081 in
1687 5044 1799 5082 ser-

107 5125 271 5167 mone
301 5131 419 5186 quo
465 5132 565 5169 vos
611 5117 680 5171 ab
726 5117 834 5171 ista
883 5117 1109 5172 levitate
1151 5117 1541 5183 detrahebam,
1573 5122 1799 5187 tempus

105 5197 178 5252 ita
199 5208 604 5274 consumptum
635 5209 736 5266 est,
772 5209 838 5259 ut
866 5221 956 5259 res
986 5211 1141 5260 tanta
1175 5206 1246 5259 ad
1274 5205 1463 5277 Alypii
1493 5205 1799 5259 adventum

108 5286 273 5344 dilata
303 5292 584 5347 videatur.
632 5294 1011 5364 Quapropter,
1058 5295 1334 5365 quoniam
1379 5295 1431 5349 ei
1477 5295 1598 5365 jam
1641 5310 1797 5364 qua-

110 5376 345 5432 stionem
378 5379 740 5434 notissimam
771 5382 898 5448 feci,
915 5388 970 5435 et
989 5388 1270 5452 quantum
1301 5382 1360 5436 in
1375 5399 1442 5437 ea
1457 5383 1796 5452 processeri-

110 5476 228 5518 mus
256 5468 504 5536 ostendi,
525 5473 833 5537 paratusne
853 5485 932 5538 es,
957 5468 1192 5535 Licenti,
1220 5486 1448 5524 causam
1479 5486 1652 5541 quam
1675 5485 1797 5524 sus-

110 5552 296 5622 cepisti
326 5571 394 5610 ex
424 5555 525 5610 illa
553 5561 651 5612 tua
678 5557 1012 5614 definitione
1040 5557 1386 5614 defendere?
1421 5559 1564 5614 Nam
1591 5557 1796 5614 memi-

1895 3257 2045 3311 nisse
2075 3271 2167 3310 me
2197 3253 2463 3320 arbitror,
2495 3257 2550 3306 te
2581 3251 2842 3307 ordinem
2873 3268 2994 3305 esse
3023 3251 3227 3305 dixisse
3270 3266 3374 3321 per
3417 3266 3590 3322 quem

1896 3346 2044 3400 Deus
2057 3348 2250 3414 ageret
2261 3342 2473 3397 omnia.
2492 3343 2727 3396 Paratus
2740 3357 2866 3394 sum
2876 3339 3102 3411 ,inquit,
3119 3344 3400 3410 quantum
3414 3339 3592 3394 valeo.

1895 3433 2192 3498 Quomodo
2206 3449 2364 3503 ergo,
2379 3431 2634 3502 inquam,
2651 3429 2981 3500 agitordine
3007 3428 3202 3482 omnia
3226 3430 3374 3482 Deus
3394 3429 3423 3480 ?
3443 3429 3598 3481 Itane

1894 3527 1960 3578 ut
1983 3523 2154 3577 etiam
2177 3537 2235 3575 se
2265 3520 2466 3575 ordine
2494 3523 2625 3590 agat
2649 3536 2662 3585 ;
2706 3535 2778 3572 an
2807 3522 3016 3589 prater
3047 3533 3179 3571 eum
3202 3516 3400 3570 ordine
3429 3515 3496 3569 ab
3529 3531 3596 3568 eo

1896 3615 2099 3665 catera
2114 3610 2547 3680 gubernantur?
2562 3607 2664 3661 Ubi
2687 3607 2878 3660 omnia
2897 3607 3047 3660 bona
3059 3610 3204 3668 sunt,
3229 3605 3435 3675 inquit,
3459 3604 3598 3658 ordo

1897 3715 2014 3754 non
2043 3705 2145 3753 est.
2174 3700 2266 3752 Est
2282 3697 2437 3751 enim
2463 3712 2687 3750 summa
2700 3694 3018 3765 aqualitas,
3033 3710 3162 3764 qua
3177 3693 3436 3747 ordinem
3453 3692 3598 3745 nihil

1896 3788 2202 3842 desiderat.
2221 3787 2422 3855 Negas,
2437 3785 2696 3855 inquam,
2711 3784 2864 3853 apud
2879 3785 3060 3836 Deum
3074 3781 3268 3836 omnia
3284 3781 3434 3835 bona
3447 3782 3599 3833 esse?

1899 3877 2022 3930 Non
2051 3890 2220 3944 nego,
2251 3873 2464 3944 inquit.
2504 3872 2832 3938 Conficitur,
2872 3871 3133 3942 inquam,
3164 3886 3350 3940 neque
3392 3871 3596 3935 Deum,

1897 3979 2084 4034 neque
2113 3963 2209 4016 illa
2237 3978 2364 4032 qua
2391 3960 2544 4030 apud
2575 3961 2752 4014 Deum
2782 3963 2933 4025 sunt,
2959 3958 3158 4012 ordine
3187 3956 3596 4012 administrari.

1899 4051 2271 4106 Concedebat.
2307 4048 2756 4120 Numquidnam,
2789 4047 3047 4118 inquam,
3078 4045 3434 4100 omniabona
3455 4044 3600 4097 nihil

1900 4141 2002 4195 tibi
2034 4140 2296 4194 videntur
2325 4139 2491 4192 esse?
2523 4139 2664 4204 Imo,
2698 4137 2792 4201 ait,
2829 4136 2953 4206 ipsa
2983 4151 3112 4190 vere
3162 4139 3316 4191 sunt.
3374 4134 3478 4188 Ubi
3518 4137 3602 4186 est

1901 4246 2057 4300 ergo,
2073 4228 2330 4298 inquam,
2355 4227 2497 4281 illud
2509 4231 2673 4280 tuum
2692 4225 2844 4296 quod
2859 4223 3072 4287 dixisti,
3093 4223 3287 4278 omnia
3299 4239 3426 4294 quae
3447 4226 3600 4288 sunt,

1901 4319 2100 4372 ordine
2121 4315 2531 4381 administrari,
2547 4315 2806 4384 nihilque
2835 4313 3071 4367 omnino
3106 4329 3225 4367 esse
3244 4311 3400 4382 quod
3424 4311 3493 4364 ab
3516 4327 3604 4364 or-

1902 4407 2036 4462 dine
2066 4411 2391 4477 separatum
2419 4404 2532 4458 sit?
2562 4403 2667 4459 Sed
2693 4407 2846 4468 sunt,
2874 4401 3083 4473 inquit,
3104 4402 3276 4454 etiam
3307 4401 3479 4467 mala,
3500 4417 3604 4470 per

1903 4511 2032 4567 quae
2061 4494 2275 4549 factum
2305 4498 2390 4548 est
2419 4497 2482 4547 ut
2511 4497 2568 4546 et
2596 4492 2744 4545 bona
2766 4490 2906 4545 ordo
2935 4489 3241 4544 concludat
3269 4505 3283 4556 ;
3320 4505 3453 4542 nam
3487 4489 3605 4542 sola

1902 4584 2053 4639 bona
2080 4600 2197 4638 non
2229 4583 2430 4637 ordine
2468 4585 2763 4651 reguntur,
2799 4580 2896 4634 sed
2938 4579 3108 4632 simul
3136 4578 3286 4632 bona
3325 4583 3381 4632 et
3428 4577 3598 4632 mala.

1905 4673 2093 4737 Quum
2148 4677 2342 4726 autem
2385 4669 2646 4735 dicimus,
2699 4667 2901 4722 Omnia
2949 4683 3078 4737 quae
3135 4672 3290 4733 sunt,
3339 4683 3455 4720 non
3486 4665 3606 4720 sola

1905 4761 2106 4831 utique
2137 4761 2287 4814 bona
2311 4759 2571 4814 dicimus.
2603 4759 2678 4811 Ex
2709 4773 2821 4826 quo
2851 4756 2916 4809 tit
2932 4761 2996 4810 ut
3025 4755 3220 4810 omnia
3249 4755 3441 4823 simul,
3475 4772 3604 4827 qua

1907 4851 2054 4904 Deus
2080 4849 2460 4914 administrat,
2490 4845 2687 4900 ordine
2719 4843 3212 4899 administrentur.

1977 4941 2036 4994 3.
2072 4938 2174 4992 Cui
2204 4953 2308 5008 ego
2343 4953 2354 4990 :
2389 4935 2526 4999 Qua
2573 4933 3046 4989 administrantur
3093 4937 3148 4987 et
3192 4937 3462 5005 aguntur,
3521 4931 3606 4986 vi-

1905 5027 2112 5082 dentur
2144 5025 2249 5080 tibi
2306 5023 2544 5089 moveri,
2576 5039 2649 5077 an
2687 5022 3011 5076 immobilia
3052 5027 3220 5093 putas
3262 5022 3428 5077 esse?
3470 5022 3606 5088 Ista,

1906 5115 2113 5187 inquit,
2148 5131 2275 5186 qua
2311 5115 2371 5168 in
2401 5115 2508 5168 hoc
2538 5113 2686 5170 fiunt
2712 5112 2950 5180 mundo,
2987 5113 3167 5167 fateor
3195 5111 3424 5166 moveri.
3453 5109 3604 5163 Reli-

1909 5221 2042 5276 qua,
2070 5204 2328 5274 inquam,
2365 5203 2578 5273 negas?
2608 5204 2745 5267 Qua
2783 5205 2915 5255 sunt
2946 5218 3076 5255 cum
3099 5202 3231 5267 Deo,
3249 5198 3454 5269 inquit,
3487 5213 3603 5250 non

1909 5297 2210 5347 moventur
2233 5309 2246 5359 ;
2270 5291 2489 5362 reliqua
2509 5290 2704 5344 omnia
2727 5289 2945 5344 moveri
2962 5289 3224 5344 arbitror.
3259 5288 3400 5341 Cum
3428 5284 3608 5354 igitur

1907 5397 1975 5434 ea
2002 5395 2131 5450 qua
2164 5395 2294 5433 cum
2335 5380 2449 5433 Deo
2497 5383 2648 5445 sunt,
2695 5378 2954 5449 inquam,
2998 5391 3113 5430 non
3157 5372 3370 5427 moveri
3414 5376 3606 5441 putas,

1907 5472 2110 5522 caetera
2153 5474 2344 5522 autem
2375 5467 2638 5522 concedis
2681 5465 2921 5531 moveri,
2963 5462 3216 5518 ostendis
3246 5460 3441 5515 omnia
3470 5475 3602 5532 qua

1907 5562 2214 5614 moventur
2254 5574 2374 5613 non
2402 5574 2522 5612 esse
2552 5571 2682 5611 cum
2712 5557 2845 5611 Deo.
2881 5553 3093 5622 Repete
3131 5551 3239 5606 hoc
3268 5549 3479 5621 ipsum,
3527 5549 3611 5606 in-
