4058 6348
426 337 526 387 995

425 455 570 526 quit,
602 453 775 524 paulo
804 450 1051 522 planius.
1083 449 1243 513 Quod
1263 464 1380 503 non
1401 447 1550 528 mihi
1576 447 1729 501 visus
1760 450 1844 501 est
1868 445 2112 500 difficul-

423 547 538 597 tate
581 539 936 610 intelligendi
963 539 1089 594 ﬁeri
1118 538 1382 603 voluisse,
1415 538 1512 591 sed
1543 535 1837 607 quaerendi
1867 534 2114 605 spatium

427 647 539 702 quo
565 629 847 683 inveniret
872 627 1010 698 quid
1059 626 1446 696 responderet.
1491 623 1708 685 Dixisti,
1751 623 2010 693 inquam,
2049 640 2112 674 ca

426 735 555 789 quae
584 733 713 771 cum
743 717 855 769 Deo
877 718 1010 767 sunt
1030 730 1146 766 non
1161 713 1396 777 moveri,
1420 717 1624 766 caetera
1654 716 1845 764 autem
1877 708 2111 762 moveri.

427 806 484 860 Si
515 822 652 875 ergo
683 805 805 858 haec
836 819 965 873 quae
996 807 1303 856 moventur
1330 817 1448 854 non
1473 805 1836 853 moverentur
1857 797 1904 851 si
1930 801 2118 851 essent

425 910 557 947 cum
585 895 716 958 Deo,
749 891 1024 962 quoniam
1058 889 1253 944 omnia
1282 906 1410 959 quae
1441 893 1573 942 sunt
1601 904 1731 941 cum
1760 889 1896 952 Deo,
1941 902 2115 955 negas

426 980 664 1049 moveri,
709 983 884 1033 restat
931 985 993 1033 ut
1034 983 1240 1050 praeter
1285 979 1464 1030 Deum
1494 977 1606 1030 sint
1633 993 1761 1046 quae
1792 979 2111 1028 moventur.

426 1070 640 1134 Quibus
669 1068 830 1122 dictis
859 1068 1044 1121 adhuc
1082 1067 1306 1120 tacebat
1333 1083 1346 1132 ;
1384 1082 1514 1119 cum
1559 1065 1787 1118 tandem
1816 1080 1828 1116 :
1880 1062 2116 1116 Videtur

426 1157 588 1224 mihi,
620 1156 830 1228 inquit,
868 1156 1020 1225 quod
1061 1159 1116 1208 et
1144 1155 1203 1207 in
1235 1156 1342 1208 hoc
1370 1153 1582 1206 mundo
1609 1153 1789 1222 siqua
1834 1167 1950 1204 non
1993 1166 2113 1203 mo-

421 1250 646 1310 ventur,
678 1260 808 1297 cum
839 1245 953 1297 Deo
986 1242 1302 1296 sunt.Nihil
1333 1243 1441 1295 hoc
1485 1241 1552 1295 ad
1577 1257 1688 1305 me,
1722 1240 1979 1310 inquam.
2014 1239 2117 1291 Fa-

427 1334 564 1388 teris
595 1333 770 1397 enim,
802 1337 865 1385 ut
890 1331 1112 1401 opinor,
1147 1347 1263 1384 non
1296 1329 1491 1384 omnia
1519 1346 1647 1400 quae
1677 1328 1738 1381 in
1762 1329 1868 1382 hoc
1902 1327 2115 1380 mundo

429 1429 583 1486 sunt,
609 1437 723 1473 non
753 1420 991 1473 moveri.
1008 1421 1081 1472 Ex
1099 1435 1211 1489 quo
1243 1417 1695 1486 coniicitur,non
1711 1416 1903 1470 omnia
1917 1414 2118 1468 mundi

425 1509 597 1578 hujus
623 1524 741 1561 esse
772 1523 902 1560 cum
925 1509 1058 1562 Deo.
1095 1508 1310 1573 Fateor,
1345 1505 1553 1576 inquit,
1587 1521 1702 1558 non
1726 1504 1937 1558 omnia.
1969 1505 2114 1572 Ergo

428 1602 511 1650 est
525 1595 742 1666 aliquid
763 1594 883 1648 sine
914 1596 1047 1648 Deo.
1083 1595 1228 1660 Non,
1254 1593 1458 1663 inquit.
1491 1594 1633 1647 Cum
1657 1595 1769 1646 Deo
1797 1591 2117 1661 suntigitur

425 1683 631 1737 omnia.
669 1683 766 1736 Hic
795 1681 1261 1735 cunctabundus:
1313 1681 1533 1746 Quaaso,
1566 1681 1776 1751 inquit,
1808 1679 1951 1733 illud
1999 1695 2113 1732 non

429 1771 688 1838 dixerim,
724 1771 876 1841 quod
904 1770 1024 1823 sine
1053 1771 1165 1823 Deo
1196 1769 1338 1822 nihil
1367 1770 1475 1835 sit;
1499 1785 1632 1822 nam
1663 1785 1894 1839 prorsus
1925 1767 2118 1821 omnia

425 1876 554 1930 qum
573 1863 892 1925 moventur,
927 1874 1041 1911 non
1059 1857 1202 1911 mihi
1221 1857 1485 1910 videntur
1509 1873 1629 1910 esse
1661 1873 1789 1910 cum
1822 1858 1952 1910 Deo.
1983 1856 2116 1909 Sine

425 1949 538 2001 Deo
585 1952 685 2012 est,
732 1947 989 2017 inquam,
1042 1946 1217 2016 igitur
1256 1947 1462 1999 coelum
1519 1945 1645 2010 hoc,
1699 1945 1846 2015 quod
1901 1943 2116 1997 moveri

424 2051 592 2089 nemo
623 2034 876 2104 ambigit.
914 2035 1036 2087 Non
1064 2038 1168 2102 est,
1199 2033 1406 2104 inquit,
1441 2033 1561 2087 sine
1576 2035 1688 2086 Deo
1711 2034 1934 2086 coelum.
1970 2033 2115 2102 Ergo

423 2129 507 2178 est
529 2123 744 2193 aliquid
785 2138 914 2176 cum
948 2124 1081 2188 Deo,
1132 2121 1281 2192 quod
1335 2127 1646 2175 moveatur.
1696 2121 1818 2174 Non
1859 2136 2113 2190 possum,

419 2213 627 2283 inquit,
659 2217 723 2265 ut
750 2213 897 2276 volo,
951 2209 1230 2280 explicare
1281 2211 1433 2280 quod
1481 2210 1701 2264 sentio:
1745 2214 1938 2263 tamen
1975 2209 2113 2280 quid

419 2300 623 2354 moliar
635 2299 839 2365 dicere,
855 2303 986 2368 peto
1001 2303 1058 2351 ut
1079 2313 1194 2351 non
1209 2297 1540 2367 exspectatis
1558 2298 1744 2351 verbis
1767 2299 1927 2365 meis,
1957 2314 2116 2368 saga-

419 2387 665 2454 cissime,
699 2387 745 2439 si
774 2384 1031 2456 potestis,
1049 2384 1400 2454 intelligatis.
1438 2385 1578 2438 Nam
1606 2390 1660 2438 et
1690 2383 1812 2438 sine
1834 2386 1947 2438 Deo
1969 2384 2114 2438 mihi

419 2475 564 2529 nihil
583 2474 806 2528 videtur
830 2489 949 2526 esse
968 2487 982 2542 ;
999 2477 1053 2526 et
1065 2473 1212 2543 quod
1226 2489 1357 2526 cum
1389 2473 1499 2525 Deo
1514 2477 1616 2538 est,
1643 2488 1867 2525 rursum
1892 2472 2114 2526 videtur

419 2563 822 2616 inconcussum
852 2577 1118 2614 manere:
1153 2561 1354 2614 ccelum
1397 2565 1588 2614 autem
1615 2559 1799 2614 dicere
1831 2559 1952 2613 sine
1998 2561 2111 2613 Deo

420 2666 562 2715 esse,
585 2665 700 2703 non
730 2665 960 2720 possum
986 2666 998 2715 ;
1019 2665 1136 2702 non
1165 2649 1349 2701 solum
1371 2647 1525 2718 quod
1555 2647 1696 2701 nihil
1720 2649 1839 2702 sine
1858 2650 1971 2702 Deo
1991 2664 2110 2702 esse

421 2738 685 2803 arbitror,
719 2738 815 2791 sed
845 2737 995 2807 quod
1012 2737 1216 2790 coelum
1245 2741 1441 2807 putem
1473 2736 1682 2790 habere
1711 2736 1926 2807 aliquid
1959 2738 2111 2808 quod

418 2843 538 2880 non
570 2831 846 2893 movetur,
881 2825 1032 2896 quod
1057 2841 1187 2880 vere
1219 2830 1315 2878 aut
1354 2826 1501 2878 Deus
1532 2828 1634 2891 est,
1669 2830 1768 2878 aut
1796 2842 1927 2878 cum
1974 2827 2108 2894 Deo,

418 2913 676 2984 quamvis
704 2913 894 2984 ipsum
951 2912 1156 2966 cwlum
1212 2928 1328 2966 non
1383 2912 1640 2966 dubitem
1688 2912 1830 2966 verti
1868 2929 1933 2966 ac
1989 2929 2110 2967 mo-

417 3001 556 3055 veri.

417 3090 642 3144 CAPUT
673 3090 740 3144 ΙΙ.
775 3121 843 3129 —-
873 3091 1003 3146 Cum
1022 3093 1126 3144 Deo
1146 3105 1274 3154 esse,
1297 3090 1430 3157 quid
1458 3092 1550 3144 sit.
1603 3090 1870 3160 Quomodo
1894 3092 2109 3158 sapiens

868 3195 986 3232 cum
1033 3181 1134 3232 Deo
1161 3185 1340 3232 manet
1369 3180 1638 3231 immotus.

480 3268 534 3320 4.
566 3265 751 3320 Deiini
776 3282 934 3334 ergo,
976 3265 1234 3334 inquam,
1278 3265 1324 3318 si
1353 3266 1558 3334 placet,
1584 3264 1722 3335 quid
1743 3265 1814 3318 sit
1835 3281 1958 3320 esse
1973 3282 2105 3320 cum

418 3356 554 3423 Deo,
605 3354 824 3424 etquid
855 3353 926 3406 sit
971 3369 1088 3406 non
1107 3369 1226 3406 esse
1260 3352 1379 3406 sine
1429 3355 1559 3406 Deo.
1579 3353 1635 3406 Si
1661 3353 1813 3406 enim
1832 3354 1901 3407 de
1923 3354 2108 3408 verbis

410 3442 564 3497 inter
593 3459 696 3496 nos
727 3440 1112 3495 controversia
1142 3445 1240 3503 est,
1276 3440 1437 3494 facile
1478 3445 1898 3509 contemnetur,
1931 3442 2106 3496 dum-

411 3531 578 3585 modo
610 3547 731 3584 rem
785 3530 967 3600 ipsam
999 3544 1170 3599 quam
1200 3528 1507 3597 concepisti
1537 3534 1749 3596 mente,
1793 3529 2103 3584 videamus.

412 3619 516 3675 Odi
547 3636 673 3691 ego,
703 3618 911 3690 inquit,
929 3617 1188 3673 deﬁnire.
1213 3618 1358 3681 Quid
1379 3633 1514 3689 ergo
1529 3618 1818 3685 faciemus,
1842 3618 2110 3690 inquam?

409 3711 512 3776 Tu,
542 3709 747 3781 inquit,
785 3707 986 3775 delini,
1025 3723 1236 3778 quaeso.
1290 3707 1431 3760 Nam
1479 3706 1699 3761 facilius
1731 3711 1815 3761 est
1853 3707 1994 3762 mihi
2024 3708 2105 3762 vi-

410 3799 542 3853 dere
585 3799 646 3853 in
675 3797 911 3852 alterius
938 3795 1270 3851 deﬁnitione
1299 3795 1438 3866 quid
1468 3812 1582 3849 non
1629 3796 1886 3866 probem,
1933 3814 2106 3868 quam

404 3888 721 3960 quidquam
752 3889 895 3942 bene
919 3885 1247 3940 definiendo
1280 3885 1580 3955 explicare.
1615 3886 1818 3940 Geram
1847 3885 1952 3940 tibi
1983 3902 2106 3940 mo-

405 3992 546 4043 rem,
597 3977 855 4048 inquam.
884 3975 1119 4029 Videtur
1143 3974 1248 4029 tibi
1277 3974 1333 4028 id
1365 3991 1485 4028 esse
1518 3990 1646 4028 cum
1688 3975 1825 4039 Deo,
1853 3975 2002 4044 quod
2034 3974 2103 4028 ab

405 4082 470 4120 eo
488 4066 704 4137 regitur
716 4070 886 4135 atque
916 4062 1386 4118 administratur?
1407 4064 1552 4128 Non,
1585 4060 1813 4133 aitjille,
1853 4063 1961 4116 hoc
1982 4061 2105 4115 ani-

402 4169 496 4208 mo
528 4167 923 4223 conceperam,
956 4167 1086 4204 cum
1117 4149 1376 4204 dicebam
1406 4167 1473 4204 ea
1500 4167 1629 4220 quae
1648 4167 1760 4203 non
1780 4156 2100 4217 moventur,

403 4257 523 4296 esse
553 4257 684 4294 cum
716 4242 848 4293 Deo.
882 4237 1018 4292 Vide
1067 4254 1224 4307 ergo,
1269 4238 1530 4308 inquam,
1581 4242 1775 4291 utrum
1823 4239 1946 4291 haec
1996 4238 2102 4291 tibi

403 4331 604 4383 saltem
638 4326 895 4381 deﬁnitio
925 4326 1178 4395 placeat:
1213 4342 1343 4379 cum
1376 4327 1486 4378 Deo
1518 4329 1601 4378 est
1631 4325 1910 4395 quidquid
1937 4325 2102 4379 intel-

402 4415 528 4487 ligit
559 4418 756 4470 Deum.
793 4414 1076 4482 Concedo,
1098 4413 1308 4483 inquit.
1341 4413 1484 4476 Quid
1511 4429 1670 4483 ergo,
1701 4412 1980 4483 inquam?
2010 4430 2100 4466 sa-

401 4504 568 4575 piens
590 4503 693 4558 tibi
725 4504 901 4557 Deum
925 4501 1246 4572 intelligere
1274 4517 1392 4554 non
1429 4501 1700 4554 videtur?
1729 4501 1980 4567 Videtur,
2013 4501 2100 4555 in-

403 4591 548 4664 quit.
579 4592 722 4647 Cum
766 4607 902 4662 ergo
953 4590 1236 4660 sapientes
1274 4605 1392 4643 non
1422 4589 1607 4643 solum
1655 4589 1716 4642 in
1764 4605 1878 4643 una
1907 4590 2098 4656 domo,

403 4683 504 4733 aut
533 4679 693 4745 urbe,
737 4678 834 4732 sed
866 4677 1038 4732 etiam
1070 4693 1174 4746 per
1202 4676 1482 4730 immensa
1510 4674 1812 4745 regionum
1842 4674 2099 4745 peregri-

403 4765 617 4831 nando,
632 4765 1066 4835 navigandoque
1081 4767 1441 4830 moveantur;
1455 4763 1742 4834 quomodo
1757 4763 1866 4817 erit
1879 4781 2096 4829 verum,

404 4853 686 4926 quidquid
717 4869 846 4906 cum
880 4853 992 4906 Deo
1020 4856 1103 4905 est
1133 4869 1248 4906 non
1277 4850 1542 4905 moveri?
1574 4851 1769 4906 Risum
1800 4852 1961 4918 mihi,
2004 4853 2098 4906 in-

403 4944 547 5015 quit,
581 4940 824 5006 movisti,
862 4940 1025 5011 quasi
1063 4957 1168 5011 ego
1202 4940 1356 5011 quod
1405 4939 1630 5012 sapiens
1659 4940 1811 5007 facit,
1853 4941 2095 4995 dixerim

401 5049 525 5089 esse
569 5047 700 5086 cum
732 5031 865 5084 Deo.
900 5029 1042 5083 Cum
1071 5030 1186 5083 Deo
1242 5033 1346 5094 est,
1379 5030 1478 5083 sed
1528 5029 1672 5083 illud
1723 5030 1877 5100 quod
1919 5030 2093 5084 novit.

401 5124 524 5178 Non
551 5119 724 5181 novit,
759 5117 1017 5189 inquam,
1060 5117 1286 5188 sapiens
1303 5118 1556 5172 codicem
1585 5133 1777 5179 suum,
1829 5118 2094 5188 pallium,

397 5211 672 5272 tunicam,
707 5206 1135 5278 supellectilem,
1169 5206 1213 5260 si
1245 5223 1418 5277 quam
1463 5207 1654 5273 habet,
1688 5211 2006 5277 czeteraque
2037 5206 2091 5261 id

402 5316 603 5371 genus,
623 5315 751 5369 quae
769 5295 929 5350 stulti
951 5295 1123 5349 etiam
1139 5295 1283 5348 bene
1298 5295 1619 5349 noverunt?
1642 5296 1859 5360 Fateor,
1882 5294 2093 5365 inquit,

399 5405 565 5443 nosse
592 5387 867 5450 tunicam,
901 5390 958 5440 et
987 5401 1152 5452 nosse
1182 5383 1443 5454 pallium,
1478 5399 1594 5437 non
1626 5400 1745 5437 esse
1792 5400 1923 5438 cum
1956 5385 2089 5437 Deo.

472 5476 524 5526 5.
558 5473 672 5527 Hoc
698 5488 855 5543 ergo,
896 5472 1154 5544 inquam,
1190 5470 1365 5525 dicis:
1398 5472 1522 5526 Non
1551 5487 1719 5526 omne
1750 5473 1899 5543 quod
1937 5471 2094 5526 novit

403 5560 654 5630 sapiens,
685 5577 808 5618 esse
839 5577 970 5618 cum
1019 5561 1134 5616 Deo
1160 5577 1174 5629 ;
1207 5559 1303 5616 sed
1350 5563 1541 5618 tamen
1569 5561 1811 5632 quiquid
1842 5560 2089 5630 sapienti

1679 326 1775 380 DE
1812 322 2113 388 ORDINE,
2157 321 2211 378 s.
2255 278 2637 376 AUGUSTINI

3840 327 3958 377 996

2225 459 2355 498 cum
2386 445 2498 497 Deo
2526 449 2629 509 est,
2648 441 2884 496 idnosse
2902 441 3240 512 sapientem.
3261 443 3512 514 Optime,
3545 443 3748 515 inquit
3771 460 3956 511 ;nam

2227 529 2504 601 quidquid
2535 546 2701 584 sensu
2730 530 2836 583 isto
2863 530 3115 601 corporis
3145 531 3317 595 novit,
3354 548 3469 585 non
3499 538 3587 586 est
3612 549 3750 586 cum
3801 534 3951 597 Deo,

2227 618 2321 671 sed
2381 618 2521 671 illud
2572 619 2725 689 quod
2755 619 2944 672 animo
2984 620 3242 690 percipit.
3286 621 3419 674 Plus
3467 620 3646 674 etiam
3695 621 3955 675 fortasse

2227 707 2406 760 audeo
2438 707 2657 772 dicere;
2703 707 2800 761 sed
2846 712 3036 761 tamen
3067 699 3290 762 dicam:
3323 709 3484 762 vobis
3530 709 3692 763 enim
3738 710 3953 763 existi-

2227 794 2559 860 matoribus,
2593 799 2691 849 aut
2718 796 3044 863 contirmer,
3074 800 3173 849 aut
3195 795 3429 849 discam.
3470 797 3749 868 Quisquis
3777 798 3952 852 enim

2227 899 2293 936 ea
2321 884 2438 936 sola
2464 882 2618 936 novit
2657 899 2786 954 qua:
2818 884 3068 954 corporis
3099 900 3298 937 sensus
3329 884 3579 954 attingit,
3599 901 3717 938 non
3743 886 3953 939 solum

2225 987 2356 1024 cum
2387 973 2500 1025 Deo
2533 987 2652 1024 esse
2678 987 2794 1024 non
2837 972 2982 1026 mihi
3011 973 3255 1038 videtur,
3300 972 3394 1026 sed
3440 989 3514 1026 ne
3562 989 3764 1026 secum
3811 973 3952 1042 qui-

2226 1059 2376 1113 dem.
2437 1060 2537 1112 Hic
2583 1075 2712 1113 cum
2757 1060 3090 1130 Trygetium
3146 1059 3682 1114 animadvertissem
3750 1061 3817 1114 in
3870 1077 3948 1114 eo

2224 1148 2406 1215 vultu,
2431 1152 2492 1200 ut
2511 1148 2698 1201 nescio
2729 1148 2868 1218 quid
2901 1149 3042 1202 velle
3070 1149 3255 1202 dicere
3281 1148 3588 1213 videretur,
3638 1150 3741 1203 sed
3776 1165 3945 1202 vere-

2227 1235 2433 1289 cundia
2461 1251 2615 1305 eum,
2640 1233 2716 1290 'ne
2743 1237 2904 1307 quasi
2934 1235 2995 1290 in
3026 1237 3280 1290 alienum
3310 1237 3786 1302 locumirrueret,
3807 1253 3953 1291 con-

2225 1324 2432 1391 tineri;
2505 1323 2611 1378 feci
2658 1329 3020 1394 potestatem,
3077 1325 3194 1396 jam
3242 1330 3468 1379 tacente
3525 1325 3808 1393 Licentia,
3869 1331 3943 1378 ut

2225 1417 2514 1484 promeret
2540 1412 2586 1465 si
2617 1413 2754 1482 quid
2781 1414 2965 1467 vellet.
2997 1416 3070 1467 At
3099 1413 3230 1467 ille:
3274 1415 3406 1477 Ista,
3439 1413 3653 1484 inquit,
3686 1430 3824 1484 quin
3870 1414 3949 1466 ad

2226 1518 2422 1555 sensus
2448 1501 2704 1570 corporis
2732 1502 3041 1572 pertinent,
3073 1517 3307 1570 prorsus
3337 1518 3510 1556 nemo
3537 1502 3949 1556 mihividetur

2225 1606 2408 1643 nosse.
2441 1589 2606 1642 Aliud
2640 1594 2723 1643 est
2759 1589 2913 1643 enim
2944 1589 3174 1656 sentire,
3217 1589 3370 1644 aliud
3405 1607 3591 1644 nosse.
3643 1591 3841 1655 Quare
3897 1592 3950 1643 si

2226 1677 2364 1748 quid
2394 1677 2676 1744 novimus,
2726 1678 2842 1731 solo
2872 1677 3162 1732 intellectu
3208 1678 3491 1732 contineri
3540 1683 3704 1748 puto,
3756 1684 3819 1733 et
3873 1696 3950 1733 eo

2227 1766 2347 1819 solo
2377 1782 2540 1835 posse
2586 1765 3013 1836 comprehendi.
3073 1767 3148 1819 Ex
3189 1782 3304 1836 quo
3334 1767 3419 1832 ﬁt,
3465 1771 3527 1819 ut
3555 1766 3604 1818 si
3653 1767 3801 1820 illud
3851 1773 3949 1821 est

2227 1870 2357 1907 cum
2383 1854 2496 1906 Deo
2520 1854 2672 1924 quod
2699 1853 3070 1924 intelligendo
3103 1854 3530 1924 sapiensjnovit,
3555 1858 3744 1907 totum
3777 1856 3948 1924 quod

2227 1942 2381 1996 novit
2407 1943 2632 2011 sapiens
2661 1942 2840 2011 possit
2868 1958 2987 1994 esse
3011 1957 3141 1994 cum
3173 1943 3314 1995 Deo.
3354 1943 3515 2005 Quod
3548 1958 3681 1995 cum
3731 1944 3942 1997 Licen-

2225 2031 2338 2084 tius
2369 2030 2757 2100 approbasset,
2785 2029 3023 2098 subjecit
3049 2030 3203 2083 aliud
3233 2031 3386 2099 quod
3411 2031 3570 2084 nullo
3599 2035 3768 2102 pacto
3799 2048 3943 2102 pos-

2226 2133 2344 2170 sem
2393 2123 2778 2171 contemnere.
2835 2118 2930 2171 Ait
2975 2117 3166 2171 enim:
3223 2118 3456 2188 Sapiens
3514 2135 3750 2188 prorsus
3800 2136 3944 2173 cum

2227 2207 2340 2260 Deo
2361 2210 2464 2272 est,
2497 2222 2631 2259 nam
2655 2211 2713 2260 et
2735 2205 2985 2276 seipsum
3011 2205 3281 2276 intelligit
3309 2205 3553 2276 sapiens.
3599 2206 3761 2270 Quod
3794 2224 3941 2261 con-

2222 2293 2413 2347 iicitur
2453 2299 2508 2348 et
2553 2310 2618 2347 ex
2665 2310 2731 2347 eo
2760 2294 2911 2364 quod
2942 2299 3059 2347 ate
3091 2293 3302 2363 accepi,
3344 2294 3398 2348 id
3433 2310 3556 2348 esse
3606 2311 3740 2349 cum
3795 2298 3938 2357 Deo,

2224 2381 2380 2451 quod
2403 2381 2674 2453 intelligit
2689 2384 2868 2436 Deum
2889 2399 2902 2448 ;
2927 2387 2984 2436 et
2997 2398 3063 2435 ex
3086 2398 3153 2436 eo
3165 2382 3322 2453 quod
3339 2399 3371 2435 a
3391 2382 3557 2436 nobis
3577 2383 3796 2438 dictum
3825 2390 3939 2450 est,

2223 2468 2282 2522 id
2313 2486 2433 2523 esse
2464 2487 2594 2524 cum
2619 2472 2754 2537 Deo,
2778 2471 2929 2540 quod
2953 2487 2984 2523 a
3005 2471 3258 2540 sapiente
3275 2469 3635 2540 intelligitur.
3656 2470 3767 2529 Sed
3786 2471 3945 2524 hanc

2224 2559 2345 2628 ejus
2373 2565 2593 2629 partem
2624 2576 2726 2630 per
2756 2576 2926 2629 quam
2959 2559 3080 2612 istis
3107 2559 3292 2612 utitur
3320 2559 3582 2612 sensibus
3616 2561 3752 2626 (non
3774 2559 3942 2613 enim

2221 2652 2360 2718 puto
2389 2649 2910 2702 connumerandam
2933 2664 3074 2712 esse,
3109 2663 3237 2701 cum
3263 2646 3586 2716 sapientem
3609 2649 3939 2718 vocamus),

2220 2735 2402 2789 fateor
2429 2751 2520 2788 me
2551 2735 2907 2802 nescire,nec
2937 2734 3174 2790 omnino
3203 2734 3610 2805 cujusmodisit
3625 2735 3935 2806 suspicari.

2293 2827 2345 2879 6.
2382 2825 2563 2894 Negas
2594 2839 2748 2894 ergo;
2781 2823 3037 2894 inquam,
3091 2839 3207 2876 non
3247 2823 3436 2876 solum
3483 2839 3553 2876 ex
3599 2839 3850 2894 corpore
3885 2830 3944 2878 et

2221 2911 2432 2978 anima,
2469 2912 2566 2965 sed
2598 2911 2773 2965 etiam
2803 2928 2870 2964 ex
2899 2911 3092 2964 anima
3124 2916 3246 2964 tota
3269 2917 3528 2964 constare
3563 2911 3897 2980 sapientem
3923 2928 3937 2978 ;

2222 2999 2503 3070 siquidem
2545 3004 2766 3070 partem
2801 2999 2970 3053 istam
3017 3014 3131 3069 qua
3174 2998 3358 3052 utitur
3397 2997 3679 3068 sensibus,
3710 2999 3935 3053 animae

2221 3105 2342 3142 esse
2397 3105 2606 3158 negare
2654 3087 2935 3142 dementis
2980 3093 3081 3141 est.
3144 3088 3270 3141 Non
3320 3087 3475 3140 enim
3502 3086 3613 3157 ipsi
3643 3087 3799 3141 oculi
3843 3091 3936 3142 vel

2219 3193 2405 3240 aures,
2442 3177 2539 3230 sed
2570 3176 2760 3230 nescio
2788 3175 2926 3246 quid
2957 3176 3111 3229 aliud
3138 3192 3243 3246 per
3285 3177 3475 3229 oculos
3503 3176 3693 3230 sentit.
3729 3177 3941 3247 Ipsum

2219 3269 2410 3318 autem
2442 3254 2673 3331 sentire,
2718 3264 2766 3317 si
2810 3280 2926 3318 non
2956 3264 3156 3317 damus
3187 3262 3522 3332 intellectui,
3570 3280 3688 3317 non
3720 3265 3940 3319 damus

2218 3352 2386 3406 alicui
2415 3353 2563 3423 parti
2609 3352 2833 3407 animaa.
2869 3353 3063 3406 Restat
3090 3356 3154 3406 ut
3183 3353 3405 3422 corpori
3452 3352 3765 3418 tribuatur,
3805 3370 3934 3424 quo

2219 3441 2520 3494 absurdius
2550 3441 2658 3494 dici
2683 3441 2828 3494 nihil
2853 3440 3085 3494 interim
3111 3440 3254 3493 mihi
3282 3440 3523 3494 videtur.
3548 3440 3780 3507 Anima,
3800 3510 3807 3516 ι
3826 3442 3934 3495 in-

2218 3529 2361 3600 quit,
2395 3529 2664 3600 sapientis
2692 3534 3038 3600 perpurgata
3066 3528 3390 3595 virtutibus,
3411 3533 3467 3582 et
3477 3529 3596 3599 jam
3623 3529 3935 3584 cohaerens

2219 3619 2358 3686 Deo,
2389 3617 2660 3687 sapientis
2689 3618 2861 3671 etiam
2893 3616 3124 3670 nomine
3156 3617 3329 3687 digna
3359 3622 3465 3682 est,
3499 3633 3568 3670 ne
3601 3617 3934 3688 quidquam

2217 3707 2339 3774 ejus
2369 3705 2524 3759 aliud
2552 3705 2711 3759 decet
2743 3704 3021 3774 appellari
3049 3705 3367 3774 sapientem
3394 3705 3525 3759 :sed
3539 3709 3734 3758 tamen
3756 3707 3934 3776 quasi

2217 3793 2502 3864 quaedam,
2536 3798 2600 3847 ut
2626 3793 2705 3846 ita
2735 3793 2941 3857 dicam,
2990 3792 3186 3846 'sordes
3227 3797 3399 3864 atque
3443 3793 3662 3847 exuviae
3708 3794 3932 3864 quibus

2216 3898 2274 3935 se
2331 3882 2427 3936 ille
2482 3881 2793 3948 mundavit,
2861 3885 2919 3935 et
2970 3881 3133 3952 quasi
3187 3881 3469 3935 subtraxit
3514 3881 3575 3935 in
3634 3882 3927 3952 seipsum,

2216 3970 2269 4024 ei
2295 3971 2500 4024 animm
2526 3971 2799 4024 serviunt.
2830 3971 2928 4023 Vel
2949 3969 2997 4022 si
3023 3974 3142 4023 tota
3169 3969 3292 4023 hazc
3321 3969 3512 4023 anima
3542 3969 3788 4024 dicenda
3811 3979 3927 4041 est,

2215 4057 2270 4112 ei
2295 4063 2446 4112 certe
2475 4058 2622 4128 parti
2674 4059 2879 4112 animae
2931 4057 3184 4112 serviunt
3230 4063 3401 4129 atque
3445 4057 3717 4128 subjecta:
3760 4063 3924 4125 sunt,

2215 4163 2389 4217 quam
2422 4148 2602 4201 solam
2629 4147 2948 4217 sapientem
2979 4145 3264 4200 nominari
3295 4146 3474 4200 decet.
3509 4147 3574 4199 In
3595 4162 3710 4216 qua
3750 4153 3922 4216 parte

2216 4235 2468 4305 subjecta
2512 4235 2686 4290 etiam
2746 4235 2930 4306 ipsam
3000 4235 3340 4289 memoriam
3418 4239 3559 4304 puto
3629 4235 3920 4291 habitare.

2214 4323 2402 4376 Utitur
2429 4340 2564 4394 ergo
2593 4323 2698 4377 hac
2727 4324 2953 4394 sapiens
2977 4323 3138 4394 quasi
3169 4339 3353 4389 servo,
3383 4328 3447 4376 ut
3467 4324 3587 4377 haec
3609 4323 3663 4377 ei
3684 4323 3914 4393 jubeat,

2213 4425 2420 4481 easque
2433 4411 2554 4481 jam
2594 4411 2812 4466 domito
2833 4413 3026 4483 ﬁatque
3077 4412 3360 4466 substrato
3376 4416 3558 4466 metas
3571 4412 3710 4481 legis
3728 4413 3920 4483 impo-

2212 4506 2331 4567 nat,
2365 4505 2427 4554 ut
2456 4500 2593 4554 dum
2622 4500 2742 4553 istis
2774 4500 3032 4555 sensibus
3059 4500 3241 4554 utitur
3266 4505 3504 4571 propter
3521 4500 3620 4553 illa
3649 4516 3782 4570 qua:
3792 4502 3918 4571 jam

2211 4605 2329 4642 non
2359 4588 2624 4659 sapienti,
2651 4589 2750 4642 sed
2776 4588 2882 4643 sibi
2913 4593 3047 4642 sunt
3075 4588 3411 4654 necessaria,
3446 4604 3562 4642 non
3605 4605 3664 4642 se
3703 4589 3919 4643 audeat
3965 4656 3980 4667 _

2211 4676 2500 4743 extollere,
2532 4693 2637 4731 nec
2665 4677 2961 4748 superbire
2992 4677 3245 4742 domino,
3282 4693 3387 4731 nec
3414 4676 3483 4730 iis
3511 4677 3649 4747 ipsis
3679 4693 3814 4748 qua:
3844 4679 3917 4733 ad

2210 4781 2267 4818 se
2292 4781 2393 4835 per
2421 4765 2607 4820 tinent
2633 4765 2844 4836 passim
2882 4771 3054 4837 atque
3083 4765 3455 4820 immoderate
3478 4765 3603 4837 luti.
3635 4765 3721 4819 Ad
3751 4765 3915 4820 illam

2209 4854 2364 4908 enim
2402 4853 2734 4908 vilissimam
2790 4858 3013 4924 partem
3052 4858 3296 4924 possunt
3333 4870 3399 4908 ea
3450 4853 3741 4924 pertinere
3780 4870 3915 4925 qua:

2207 4947 2571 5013 praetereunt.
2620 4943 2834 5007 Quibus
2873 4947 3064 4997 autem
3107 4947 3191 4996 est
3232 4943 3511 4996 memoria
3553 4943 3900 5010 necessaria,

2209 5030 2318 5086 nisi
2346 5032 2846 5101 praetereuntibus,
2891 5036 2947 5085 et
2970 5031 3133 5102 quasi
3160 5030 3516 5101 fugientibus
3558 5032 3728 5085 rebus
3749 5033 3779 5084 ‘?
3810 5032 3914 5085 Ille

2206 5118 2381 5189 igitur
2410 5120 2634 5189 sapiens
2656 5119 3018 5191 amplectitur
3043 5121 3246 5186 Deum,
3267 5136 3451 5191 eoque
3472 5120 3789 5190 perfruitur
3809 5121 3913 5191 qui

2207 5223 2434 5276 semper
2470 5213 2683 5275 manet,
2718 5224 2822 5262 nec
2851 5212 3208 5279 exspectatur
3236 5213 3300 5262 ut
3347 5209 3438 5275 sit,
3477 5224 3582 5262 nec
3627 5209 3913 5263 metuitur

2206 5309 2278 5348 ne
2309 5296 2473 5363 desit,
2505 5297 2600 5350 sed
2614 5313 2679 5350 eo
2701 5296 2823 5366 ipso
2840 5313 2952 5367 quo
2981 5313 3113 5352 vere
3142 5302 3241 5363 est,
3267 5313 3493 5368 semper
3523 5301 3608 5351 est
3629 5313 3908 5367 prazsens.

2207 5385 2378 5440 Curat
2415 5389 2604 5439 autem
2626 5385 2937 5440 immobilis
2967 5391 3024 5441 et
3042 5387 3102 5441 in
3129 5403 3187 5441 se
3215 5402 3456 5440 manens
3479 5386 3625 5439 servi
3646 5385 3735 5439 sui
3761 5403 3910 5456 quo-

2205 5472 2508 5528 dammodo
2548 5473 2857 5543 peculium,
2903 5479 2969 5530 ut
3020 5491 3086 5530 eo
3128 5479 3344 5546 tanqua
3386 5475 3538 5545 frugi
3569 5478 3626 5529 et
3657 5473 3910 5544 diligens

2202 5560 2451 5618 famulus
2483 5561 2628 5618 bene
2657 5566 2872 5632 utatur,
2901 5579 3186 5635 parceque
3215 5563 3520 5620 custodiat.
