4058 6356
97 331 210 380 997

170 457 232 505 7.
270 451 451 516 Quam
481 451 832 506 sententiam
877 452 999 522 ejus
1038 468 1169 506 cum
1219 451 1601 508 admiratione
1632 455 1814 509 consi-

99 540 343 605 derans,
379 540 711 595 recordatus
741 557 868 594 sum
897 539 1147 611 idipsum
1198 541 1506 612 aliquando
1553 560 1645 597 me
1683 543 1817 597 bre-

98 628 258 682 viter
316 629 416 682 illo
466 629 735 683 audiente
794 628 1019 682 dixisse.
1070 630 1214 683 Tum
1261 631 1563 684 arridens:
1599 632 1818 686 Gratias

100 733 238 786 age,
275 717 536 788 inquam,
588 716 824 786 Licenti,
871 717 1006 771 huic
1052 733 1212 771 servo
1257 723 1375 784 tuo,
1413 718 1512 788 qui
1555 718 1659 772 tibi
1707 719 1817 772 nisi

99 807 334 876 aliquid
366 808 435 860 de
465 807 690 878 peculio
704 823 804 860 suo
821 806 1193 873 ministraret,
1224 824 1374 862 nunc
1405 809 1640 862 fortasse
1663 810 1815 879 quod

105 910 418 964 promeres
447 911 563 948 non
592 895 852 958 haberes,
874 897 1017 949 Nam
1031 895 1077 948 si
1110 896 1179 949 ad
1200 912 1326 949 eam
1346 902 1572 966 partem
1601 913 1815 951 memo-

103 983 189 1036 ria
223 983 498 1054 pertinet,
527 1001 656 1055 quas
686 1000 742 1037 se
790 985 943 1038 velut
985 985 1258 1038 famulam
1290 985 1457 1039 bonas
1515 986 1696 1040 menti
1725 1003 1814 1040 re-

101 1073 364 1141 gendam
393 1073 672 1141 concedit,
703 1072 826 1143 ipsa
872 1089 1024 1126 nunc
1055 1073 1284 1142 adjutus
1314 1090 1393 1139 es,
1441 1073 1580 1126 mihi
1628 1074 1813 1140 crede,

101 1165 168 1213 ut
195 1161 312 1213 hoc
333 1160 570 1214 diceres.
606 1162 750 1230 Ergo
782 1167 1090 1232 antequam
1118 1161 1191 1214 ad
1236 1161 1398 1216 illum
1429 1162 1691 1216 ordinem
1718 1179 1816 1216 re-

99 1249 300 1309 deam,
333 1265 524 1302 nonne
563 1249 667 1303 tibi
709 1249 930 1303 videtur
975 1250 1060 1302 vel
1107 1255 1344 1319 propter
1391 1251 1547 1318 talia,
1598 1251 1656 1304 id
1704 1255 1809 1316 est,

102 1341 349 1406 propter
374 1337 641 1391 honestas
670 1354 733 1390 ac
765 1337 1106 1390 necessarias
1136 1337 1486 1408 disciplinas,
1539 1339 1818 1392 memoria

100 1440 252 1493 opus
285 1442 404 1478 esse
434 1426 721 1496 sapienti?
746 1425 912 1493 Quid,
944 1426 1156 1496 inquit.
1193 1417 1471 1480 memoria
1512 1444 1655 1498 opus
1706 1431 1812 1505 est,

102 1529 236 1566 cum
269 1530 471 1568 omnes
491 1530 619 1568 suas
650 1531 739 1567 res
767 1520 1074 1584 prasentes
1113 1515 1318 1568 habeat
1339 1531 1403 1568 ac
1433 1514 1666 1569 teneat?
1692 1517 1814 1568 Non

101 1602 263 1654 enim
297 1603 385 1654 vel
417 1602 476 1654 in
492 1604 615 1671 ipso
638 1619 826 1669 sensu,
857 1603 925 1656 ad
949 1602 1004 1656 id
1029 1604 1182 1673 quod
1209 1608 1340 1658 ante
1367 1605 1560 1658 oculos
1587 1610 1810 1657 nostros

102 1695 204 1755 est,
241 1689 308 1742 in
341 1690 621 1744 auxilium
651 1690 816 1744 nobis
846 1708 1113 1745 vocamus
1158 1693 1518 1748 memoriam.
1554 1692 1810 1764 Sapienti

102 1794 240 1848 ergo
268 1778 562 1832 anteillos
591 1779 893 1833 interiores
949 1779 1272 1834 intellectus
1329 1782 1524 1835 oculos
1578 1781 1812 1835 habenti

101 1867 326 1934 omnia,
358 1866 416 1921 id
446 1872 548 1933 est,
581 1869 761 1921 Deum
802 1867 993 1938 ipsum
1040 1869 1151 1923 ﬁxe
1200 1869 1689 1939 immobiliterque
1728 1870 1811 1922 in-

99 1955 306 2022 tuenti,
346 1972 476 2009 cum
507 1972 620 2026 quo
641 1961 774 2010 sunt
802 1956 996 2010 omnia
1027 1974 1154 2027 quae
1184 1957 1507 2011 intellectus
1537 1958 1690 2011 videt
1746 1973 1810 2010 ac

100 2043 377 2112 possidet,
407 2044 542 2115 quid
575 2061 718 2114 opus
740 2048 846 2108 est,
879 2062 1097 2116 quasso,
1116 2045 1396 2100 memoria
1415 2048 1443 2099 ?
1462 2045 1596 2100 Mihi
1616 2051 1809 2099 autem

102 2137 164 2185 ut
194 2148 345 2201 opus
375 2137 524 2186 esset
551 2133 620 2186 ad
651 2134 771 2187 haec
801 2150 928 2204 qua“:
946 2133 1043 2187 abs
1074 2140 1128 2188 te
1160 2135 1455 2188 audieram
1487 2134 1805 2213 retinenda,

104 2221 364 2274 nondum
377 2237 504 2275 sum
523 2221 677 2274 illius
691 2222 893 2276 famuli
916 2223 1208 2288 dominus;
1225 2224 1321 2278 sed
1347 2222 1582 2277 eimodo
1605 2223 1805 2286 servio,

104 2308 274 2362 modo
309 2325 507 2380 pugno
539 2315 607 2363 ut
634 2326 750 2364 non
780 2312 1042 2377 serviam,
1067 2316 1122 2365 et
1149 2311 1311 2383 quasi
1341 2328 1432 2365 me
1460 2312 1642 2366 audeo
1665 2329 1808 2365 asse-

105 2413 226 2450 rere
253 2397 315 2451 in
342 2398 670 2452 libertatem
691 2415 898 2453 meam.
916 2401 980 2453 Et
1005 2401 1050 2453 si
1071 2400 1212 2455 forte
1240 2400 1804 2472 aliquandoimpero,

107 2493 272 2560 atque
303 2490 666 2560 obtemperat
698 2491 861 2554 mihi,
912 2492 1156 2564 facitque
1215 2510 1364 2564 saepe
1410 2499 1613 2564 putare
1655 2493 1806 2564 quod

103 2577 360 2641 vicerim,
397 2578 460 2632 in
488 2579 616 2632 aliis
645 2595 843 2633 rursus
870 2580 1041 2634 rebus
1073 2581 1153 2634 ita
1192 2597 1310 2634 sese
1360 2581 1550 2651 erigit,
1593 2586 1658 2635 ut
1685 2582 1808 2652 ejus

106 2666 203 2719 sub
241 2666 491 2736 pedibus
520 2667 696 2720 miser
717 2668 964 2737 jaceam.
1017 2669 1420 2736 Quamobrem,
1466 2670 1692 2741 quando
1737 2670 1805 2724 de

105 2754 358 2824 sapiente
373 2755 710 2825 quaerimus,
731 2772 820 2809 me
838 2758 968 2810 nolo
983 2757 1267 2811 nomines.
1291 2759 1403 2811 Nec
1416 2775 1527 2825 me,
1543 2758 1801 2828 inquam.

101 2842 204 2896 Sed
229 2848 430 2897 tamen
459 2844 880 2914 numquidnam
920 2846 1148 2916 sapiens
1178 2846 1284 2899 iste
1321 2863 1452 2900 suos
1473 2851 1663 2916 potest
1706 2847 1804 2900 de-

102 2947 307 3000 serere,
337 2938 438 2986 aut
465 2933 583 2986 ullo
612 2938 798 3003 pacto,
828 2950 959 2987 cum
989 2933 1096 2987 hoc
1141 2950 1346 3005 corpus
1391 2935 1530 3004 agit,
1582 2934 1643 2987 in
1687 2951 1801 3006 quo

101 3017 270 3072 istum
298 3020 586 3074 famulum
615 3037 720 3075 sua
750 3022 878 3093 lege
927 3022 1252 3076 devinctum
1291 3027 1466 3089 tenet,
1515 3023 1804 3094 relinquet

104 3107 354 3162 ofﬁcium
387 3109 666 3163 beneﬁcia
691 3111 981 3164 tribuendi
1001 3111 1209 3180 quibus
1230 3115 1440 3181 potest,
1475 3116 1532 3166 et
1557 3111 1800 3164 maxime

104 3196 252 3264 quod
299 3197 372 3252 ab
423 3213 487 3250 eo
533 3198 1034 3252 vehementissime
1081 3199 1398 3269 ilagitatur,
1461 3198 1801 3269 sapientiam

106 3283 282 3352 ipsam
312 3284 613 3339 docendi?
643 3285 802 3349 Quod
835 3302 965 3339 cum
992 3285 1145 3352 facit,
1186 3291 1251 3340 ut
1306 3303 1555 3357 congrue
1583 3287 1801 3352 doceat,

104 3369 407 3442 minusque
425 3372 654 3443 ineptus
673 3372 765 3435 sit,
787 3379 1071 3446 praeparat
1090 3390 1241 3443 saepe
1273 3375 1514 3445 aliquid,
1548 3375 1697 3445 quod
1733 3390 1801 3427 ex

108 3458 479 3528 dispositione
502 3461 803 3531 eloquatur
832 3478 895 3514 ac
920 3462 1358 3534 disputet,quod
1378 3462 1487 3516 nisi
1509 3463 1799 3517 memoriae

107 3547 608 3617 commendaverit,
641 3554 839 3619 pereat
884 3565 1112 3604 necesse
1157 3557 1258 3605 est.
1311 3552 1455 3622 Ergo
1498 3557 1596 3605 aut
1616 3552 1800 3605 ofﬁcia

108 3633 517 3690 benevolentia:
546 3637 781 3707 negabis
812 3654 933 3692 esse
976 3637 1266 3708 sapientis,
1305 3645 1402 3693 aut
1437 3639 1798 3694 conﬁteberis

105 3737 188 3775 res
218 3725 437 3796 aliquas
466 3725 738 3795 sapientis
770 3727 1050 3780 memoria
1096 3728 1402 3782 custodiri:
1458 3746 1526 3782 an
1556 3729 1796 3783 fortasse

107 3810 311 3882 aliquid
356 3829 592 3867 suarum
624 3830 818 3868 rerum
848 3831 965 3869 non
994 3821 1231 3886 propter
1282 3833 1341 3871 se
1388 3816 1642 3888 quidem,
1695 3817 1794 3870 sed

108 3906 333 3971 propter
377 3919 509 3956 suos
563 3901 672 3956 sibi
738 3907 933 3958 tamen
998 3904 1378 3958 necessarium
1434 3906 1800 3959 commendat

107 3991 438 4044 servandum
477 3990 559 4044 illi
589 3992 829 4060 famulo,
868 3995 932 4047 ut
961 3992 1056 4046 ille
1086 3998 1359 4063 tanquam
1391 3994 1632 4058 sobrius,
1656 3998 1711 4047 et
1731 4010 1797 4047 ex

106 4077 312 4145 Optima
339 4078 559 4132 domini
591 4079 914 4150 disciplina,
943 4097 1062 4135 non
1093 4081 1328 4152 quidem
1352 4083 1656 4151 custodiat,
1686 4082 1798 4136 nisi

107 4166 251 4234 quod
288 4172 529 4237 propter
558 4169 757 4222 stultos
787 4169 855 4222 ad
877 4169 1230 4238 sapientiam
1261 4171 1676 4240 perducendos,
1701 4171 1798 4225 sed

108 4254 250 4322 quod
304 4256 356 4310 ei
407 4261 599 4310 tamen
660 4256 757 4311 ille
804 4257 1242 4312 custodiendum
1291 4258 1631 4330 imperarit?
1689 4261 1798 4315 Nec

107 4342 330 4398 omnino
360 4345 515 4410 huic,
548 4345 758 4416 inquit,
787 4347 1178 4401 commendari
1208 4347 1528 4418 quidquam
1549 4348 1799 4403 arbitror

108 4443 138 4480 a
181 4433 472 4502 sapiente;
530 4434 815 4506 siquidem
854 4435 950 4490 ille
1001 4452 1230 4506 semper
1279 4438 1392 4490 Deo
1437 4437 1642 4491 inﬁxus
1691 4442 1794 4505 est,

110 4515 216 4572 sive
257 4522 481 4588 tacitus,
532 4523 646 4578 sive
694 4540 825 4578 cum
870 4523 1199 4579 hominibus
1243 4525 1526 4596 loquens:
1563 4525 1660 4580 sed
1701 4525 1795 4580 ille

109 4619 291 4662 servus
308 4611 432 4681 jam
463 4611 607 4666 bene
637 4612 935 4667 institutus
965 4612 1271 4683 diligenter
1309 4620 1496 4668 servat
1527 4615 1678 4685 quod
1707 4615 1796 4668 in-

109 4695 324 4752 terdum
355 4699 670 4771 disputanti
721 4701 953 4756 domino
1005 4707 1295 4772 suggerat,
1341 4707 1396 4756 et
1425 4704 1475 4757 ei
1521 4711 1796 4774 tanquam

102 4779 406 4848 justissimo
437 4794 664 4858 gratum
693 4789 864 4844 faciat
901 4789 1154 4844 ofﬁcium
1185 4806 1369 4853 suum,
1402 4791 1506 4844 sub
1538 4792 1698 4861 cujus
1737 4808 1795 4845 se

107 4868 249 4925 videt
273 4881 552 4943 potestate
582 4877 788 4932 vivere.
822 4879 888 4932 Et
919 4879 1028 4932 hoc
1070 4877 1202 4932 facit
1245 4895 1363 4932 non
1407 4877 1571 4949 quasi
1619 4879 1796 4934 ratio-

108 4956 362 5031 cinando,
394 4965 494 5019 sed
524 4982 749 5020 summa
778 4966 874 5020 illa
904 4968 1029 5037 lege
1051 4984 1392 5039 summoque
1420 4967 1619 5021 ordine
1639 4984 1794 5038 prae-

109 5048 397 5108 scribente.
435 5054 608 5123 Nihil,
633 5054 892 5126 inquam,
927 5073 1079 5109 nunc
1105 5056 1302 5110 resisto
1324 5055 1639 5110 rationibus
1659 5057 1793 5124 tuis,

107 5139 339 5206 utquod
385 5142 737 5214 suscepimus
785 5144 980 5214 potius
1023 5150 1347 5216 peragatur.
1383 5146 1462 5199 De
1512 5145 1616 5199 isto
1659 5161 1792 5199 vero

109 5220 399 5294 diligenter
425 5232 914 5302 quemadmodum
936 5249 1055 5287 sese
1086 5235 1443 5303 habeat(non
1456 5233 1608 5287 enim
1620 5250 1795 5304 parva

109 5324 187 5362 res
210 5321 311 5381 est,
343 5323 444 5372 aut
474 5324 592 5373 tam
621 5337 797 5391 parvo
830 5337 1090 5375 sermone
1144 5327 1425 5391 contenta)
1473 5322 1793 5377 videbimus

111 5395 253 5468 alias,
285 5421 413 5460 cum
446 5407 594 5462 Deus
623 5407 745 5479 ipse
795 5409 1285 5480 opportunitatem
1314 5411 1514 5465 ordine
1553 5411 1791 5468 dederit.

336 5495 561 5550 CAPUT
600 5497 697 5551 III.
727 5528 797 5537 —
823 5499 1073 5554 Stultitia
1101 5514 1172 5553 an
1191 5515 1310 5554 cum
1329 5503 1432 5554 Deo
1461 5504 1553 5555 sit.

176 5577 230 5631 8.
282 5579 592 5640 Deﬁnitum
649 5589 734 5640 est
763 5589 956 5642 autem
994 5586 1136 5657 quid
1181 5586 1255 5641 sit
1301 5602 1422 5643 esse
1468 5603 1598 5643 cum
1651 5589 1784 5644 Deo.

1569 331 1777 387 LIBER
1821 329 2207 389 SECUNDUS.

3523 346 3624 398 998

1929 457 1996 511 Et
2025 473 2155 511 cum
2185 473 2218 511 a
2243 473 2335 511 me
2364 457 2578 514 dictum
2608 464 2772 524 esset,
2807 459 2864 514 id
2895 477 3016 514 esse
3043 477 3173 515 cum
3205 463 3319 516 Deo
3351 465 3504 534 quod
3533 465 3624 520 in-

1929 546 2135 617 telligit
2161 547 2359 613 Deum,
2392 564 2485 601 vos
2528 549 2701 602 etaim
2742 550 2873 620 plus
2921 550 3226 620 adjecistis,
3279 556 3341 610 ut
3388 553 3468 606 ibi
3509 554 3624 608 sint

1927 634 2099 688 etiam
2128 636 2226 688 illa
2254 652 2382 706 quae
2410 636 2850 707 intelliguntura
2880 639 3293 709 sapiente.Qua
3318 641 3374 693 in
3406 658 3464 694 re
3481 644 3624 696 mul-

1926 727 2047 777 tum
2081 741 2170 777 me
2202 731 2390 778 movet
2421 727 2703 796 quomodo
2735 727 2922 781 subito
2972 745 3103 781 cum
3153 729 3266 782 Deo
3317 731 3620 784 stultitiam

1925 813 2351 867 collocaveritis.
2387 815 2528 867 Nam
2558 813 2605 866 si
2628 831 2758 868 cum
2790 817 2903 869 Deo
2945 822 3078 870 sunt
3106 833 3484 888 quaecumque
3527 819 3618 872 in-

1925 900 2133 971 telligit
2161 902 2406 972 sapiens,
2433 918 2538 956 nec
2561 902 2668 955 nisi
2687 903 3030 957 intellectam
3042 905 3344 960 stultitiam
3365 907 3618 977 effugere

1922 994 2149 1059 potest;
2181 989 2288 1044 erit
2323 991 2514 1057 etiam,
2561 991 2716 1062 quod
2759 991 2907 1045 dictu
2944 994 3099 1046 nefas
3157 999 3262 1063 est,
3314 997 3488 1066 pestis
3519 997 3619 1050 illa

1923 1093 2051 1131 cum
2085 1080 2216 1132 Deo.
2251 1079 2373 1143 Qua
2401 1079 2765 1133 conclusione
2795 1081 3085 1146 commoti,
3129 1098 3258 1135 cum
3289 1083 3349 1136 in
3388 1083 3618 1138 silentio

1925 1183 1983 1220 se
2011 1167 2367 1237 aliquantum
2398 1167 2752 1222 tenuissent:
2785 1169 3166 1237 Respondeat,
3198 1169 3383 1240 inquit
3415 1173 3622 1242 Tryge-

1923 1254 2059 1324 tius,
2092 1256 2262 1309 etiam
2293 1255 2388 1310 ille
2420 1257 2487 1310 de
2517 1257 2678 1327 cujus
2705 1256 2950 1310 adventu
2975 1257 3047 1310 ad
3078 1256 3244 1310 istam
3274 1258 3622 1328 disputatio-

1923 1359 2057 1397 nem
2089 1345 2573 1414 opportunissimo
2603 1361 2720 1398 non
2749 1361 2852 1398 nos
2875 1349 3012 1415 puto
3042 1350 3255 1422 temere
3279 1348 3616 1416 gratulatos.

1923 1433 2067 1485 Tum
2096 1433 2379 1503 Alypius:
2414 1435 2562 1487 Deus
2611 1433 2868 1499 meliora,
2922 1433 3144 1504 inquit!
3187 1434 3428 1487 hucciue
3479 1435 3621 1488 mihi

1922 1520 2154 1574 tandem
2185 1526 2407 1574 tantum
2437 1537 2628 1575 meum
2651 1520 2944 1575 silentium
2968 1521 3318 1590 parabatur?
3342 1521 3452 1576 Sed
3471 1521 3621 1575 irru-

1920 1613 2021 1678 pta
2041 1609 2163 1678 jam
2195 1609 2356 1680 quies
2388 1615 2490 1664 est.
2523 1611 2730 1663 Verum
2761 1625 2910 1662 nunc
2941 1609 3126 1662 enitar
3153 1609 3286 1662 huic
3303 1614 3616 1682 utcumque

1920 1697 2208 1767 rogationi
2235 1697 2578 1759 satisfacere,
2610 1713 2740 1751 cum
2772 1696 2915 1750 mihi
2944 1697 3102 1766 prius
3131 1697 3221 1750 vel
3268 1697 3327 1750 in
3357 1698 3618 1752 futurum

1919 1802 2282 1855 prospexero,
2315 1791 2369 1839 et
2398 1803 2428 1839 a
2466 1786 2626 1838 vobis
2653 1785 3032 1855 impetravero
3061 1791 3126 1838 ut
3171 1802 3202 1838 a
3233 1801 3324 1839 me
3371 1787 3620 1856 amplius

1918 1873 2028 1927 ista
2057 1873 2422 1943 responsione
2453 1873 2594 1926 nihil
2619 1873 2904 1942 flagitetis.
2937 1873 3104 1926 Nullo
3132 1873 3323 1940 modo,
3356 1875 3617 1945 inquam,

1917 1967 2021 2028 est,
2044 1962 2229 2032 Alypi,
2250 1961 2660 2016 benevolentiae
2679 1966 2849 2031 atque
2869 1961 3242 2015 humanitatis
3274 1967 3389 2016 tuae
3421 1979 3615 2017 vocem

1917 2050 2077 2098 tuam
2108 2046 2356 2099 sermoni
2394 2053 2588 2099 nostro
2611 2045 2783 2098 etiam
2815 2045 3196 2098 desideratam
3227 2063 3461 2116 negare.
3505 2047 3614 2102 Sed

1915 2150 2091 2205 perge
2105 2135 2298 2201 modo,
2316 2134 2468 2204 quod
2496 2132 2794 2187 instituisti
2822 2133 3012 2200 effice;
3035 2141 3262 2200 caetera,
3283 2140 3348 2188 ut
3359 2135 3481 2204 jam
3494 2151 3616 2190 sese

1915 2221 2090 2276 habet
2119 2224 2258 2276 ordo
2296 2223 2414 2289 ille,
2465 2222 2818 2292 provenient.
2869 2224 3048 2292 IEque
3089 2221 3232 2276 mihi
3279 2223 3348 2276 de
3392 2224 3612 2286 ordine,

1915 2310 2126 2382 inquit,
2157 2315 2290 2364 sunt
2315 2310 2598 2380 speranda
2626 2311 2885 2377 meliora,
2917 2309 2978 2364 in
3003 2311 3165 2380 cujus
3195 2311 3504 2365 assertione
3533 2312 3618 2365 in-

1915 2400 2082 2453 terim
2112 2416 2203 2453 me
2225 2398 2568 2453 substituere
2607 2399 2889 2453 voluistis.
2923 2400 3051 2466 Sed,
3085 2398 3146 2452 ni
3168 2398 3352 2466 fallor,
3404 2401 3476 2454 ob
3507 2401 3616 2454 hoc

1916 2487 2213 2542 stultitiam
2245 2489 2358 2542 Deo
2385 2487 2489 2541 ista
2521 2492 2620 2542 tua
2649 2468 3011 2542 conclusione
3052 2488 3120 2541 ab
3164 2487 3252 2541 his
3289 2489 3614 2558 copulatam

1914 2576 2148 2646 putasti,
2179 2576 2334 2646 quod
2368 2575 2626 2629 universa
2656 2593 2784 2648 qua:
2813 2575 3082 2646 intelligit
3104 2576 3326 2646 sapiens
3347 2592 3476 2630 cum
3500 2579 3614 2630 Deo

1915 2681 2036 2717 esse
2067 2664 2348 2718 dixerunt.
2376 2664 2483 2719 Sed
2515 2664 2571 2717 id
2602 2670 2882 2735 quatenus
2913 2664 3311 2733 accipiendum
3343 2663 3433 2730 sit,
3463 2681 3616 2718 nunc

1916 2753 2120 2806 omitto
2146 2772 2160 2820 ς
2190 2758 2346 2806 tuam
2359 2752 2519 2805 illam
2534 2752 3022 2806 ratiocinationem
3042 2753 3343 2823 paululum
3357 2753 3609 2807 adverte.

1916 2839 2116 2893 Dixisti
2145 2839 2360 2910 quippe
2385 2856 2399 2893 :
2423 2841 2565 2894 Nam
2594 2840 2641 2892 si
2670 2857 2799 2894 cum
2824 2842 2936 2894 Deo
2965 2847 3098 2894 sunt
3118 2857 3498 2911 quascumque
3521 2841 3608 2894 in-

1910 2927 2118 3000 telligit
2142 2930 2386 2999 sapiens,
2417 2928 2642 2982 necnisi
2671 2929 3013 2982 intellectam
3029 2929 3328 2982 stultitiam
3358 2929 3609 2999 effugere

1910 3023 2112 3088 potest.
2148 3017 2317 3082 Quasi
2342 3034 2474 3070 vero
2505 3017 2644 3070 illud
2675 3017 2979 3070 obscurum
3009 3017 3098 3080 sit,
3129 3022 3438 3086 antequam
3460 3017 3598 3069 stul-

1911 3106 2096 3160 titiam
2124 3107 2366 3177 quisque
2395 3105 2556 3172 vitet,
2591 3105 2862 3176 sapientis
2895 3121 3027 3158 eum
3053 3105 3288 3159 nomine
3336 3121 3452 3158 non
3481 3121 3604 3159 esse

1909 3195 2273 3248 censendum.
2309 3195 2373 3247 Et
2398 3193 2613 3247 dictum
2644 3199 2750 3262 est,
2781 3210 2812 3246 a
2841 3193 3096 3263 sapiente
3138 3193 3426 3246 intellecta
3474 3209 3595 3246 esse

1909 3300 2040 3336 cum
2071 3285 2205 3338 Deo.
2227 3283 2366 3337 Cum
2387 3282 2560 3352 igitur
2573 3281 2853 3335 evitanda:
2879 3280 3135 3335 stultitia:
3147 3281 3330 3352 gratia
3346 3281 3608 3334 eamdem

1909 3371 2208 3426 stultitiam
2239 3370 2481 3440 quisque
2502 3369 2788 3439 intelligit,
2814 3369 3066 3423 nondum
3087 3375 3170 3422 est
3199 3369 3442 3439 sapiens.
3469 3368 3610 3423 Cum

1911 3465 2101 3514 autem
2134 3460 2358 3531 sapiens
2385 3458 2576 3524 fuerit,
2609 3475 2727 3512 non
2765 3458 2916 3512 inter
2944 3475 3011 3512 ea
3039 3475 3169 3529 qua:
3198 3458 3294 3511 ille
3336 3457 3609 3528 intelligit

1911 3549 2150 3603 stultitia
2178 3548 2534 3602 numeranda
2561 3551 2670 3602 est.
2709 3548 3093 3611 Quamobrem
3107 3547 3379 3618 quoniam
3393 3564 3459 3600 ea
3481 3564 3614 3601 con-

1902 3638 2102 3708 juncta
2129 3641 2260 3690 sunt
2290 3638 2426 3703 Deo,
2472 3653 2601 3706 quas
2622 3636 2744 3705 jam
2791 3635 3018 3706 sapiens
3057 3635 3345 3705 intelligit,
3394 3639 3545 3689 recte
3576 3652 3608 3688 a

1913 3727 2026 3779 Deo
2059 3725 2301 3778 stultitia
2339 3725 2674 3777 secernitur.

1978 3817 2025 3867 9.
2056 3816 2232 3866 Acute
2265 3812 2515 3883 quidem,
2545 3811 2806 3881 inquam,
2838 3813 2902 3864 ut
2932 3810 3099 3879 soles,
3122 3809 3310 3880 Alypi,
3360 3827 3610 3880 respon-

1907 3901 2172 3973 distihsed
2199 3905 2474 3971 tanquam
2504 3899 2564 3952 in
2594 3898 2808 3953 alienas
2836 3904 3028 3953 trusus
3059 3898 3370 3978 angustias.
3389 3899 3605 3953 Tamen

1908 3989 2061 4062 quia,
2085 3993 2149 4043 ut
2176 3989 2438 4056 arbitror,
2469 3988 2653 4042 adhuc
2682 4003 2907 4040 mecum
2936 3987 3145 4040 stultus
3174 4003 3293 4040 esse
3323 3987 3602 4058 dignaris,

1907 4081 2042 4152 quid
2069 4079 2340 4134 faciemus
2362 4079 2409 4132 si
2430 4077 2682 4149 aliquem
2703 4076 3098 4131 nanciscamur
3136 4077 3474 4148 sapientem,
3506 4079 3608 4150 qui

1906 4186 2010 4223 nos
2039 4173 2192 4222 tanto
2206 4168 2356 4221 malo
2372 4167 2628 4221 docendo
2656 4183 2719 4220 ac
2749 4161 3094 4237 disputando
3117 4166 3606 4221 libenterliberet?

1907 4258 2050 4311 Nam
2065 4256 2211 4310 nihil
2241 4271 2374 4310 eum
2396 4255 2579 4325 prius,
2596 4260 2876 4326 quantum
2899 4254 3166 4322 arbitror,
3197 4255 3602 4324 deprecaturus

1905 4359 2052 4410 sum,
2086 4342 2195 4396 nisi
2229 4348 2292 4396 ut
2318 4342 2463 4396 mihi
2491 4342 2753 4397 ostendat
2781 4357 2911 4412 quae
2940 4341 3031 4407 sit,
3078 4341 3219 4411 quid
3273 4341 3364 4408 sit,
3417 4342 3604 4412 qualis

1906 4431 1979 4485 sit
2006 4431 2241 4485 omnino
2271 4431 2526 4485 stultitia.
2561 4433 2636 4484 De
2662 4436 2718 4485 te
2746 4431 2901 4484 enim
2931 4447 3048 4484 non
3078 4429 3244 4484 facile
3278 4430 3604 4485 afﬁrmave-

1904 4520 2049 4588 rim;
2084 4525 2399 4575 me'tamen
2427 4524 2651 4573 tantum
2682 4523 2738 4573 et
2768 4523 2882 4572 tam
2915 4519 3014 4572 diu
3047 4517 3286 4584 detinet,
3321 4524 3604 4589 quantum

1905 4615 1963 4663 et
1992 4626 2162 4680 quam
2196 4608 2293 4662 diu
2333 4626 2366 4662 a
2396 4624 2488 4662 me
2517 4624 2632 4663 non
2665 4607 3029 4677 intelligitur.
3077 4607 3344 4661 Dicturus
3364 4611 3448 4660 est
3469 4624 3607 4678 ergo

1903 4695 2020 4762 ille,
2051 4700 2364 4763 teauctore
2399 4712 2410 4749 :
2449 4697 2516 4750 Ut
2542 4696 2650 4749 hoc
2679 4711 2777 4748 vos
2816 4695 3099 4760 docerem,
3133 4694 3366 4765 quando
3399 4697 3608 4750 stultus

1903 4800 2058 4838 eram
2091 4785 2159 4838 ad
2181 4801 2271 4838 me
2302 4784 2492 4838 venire
2523 4782 2798 4838 debuistis
2823 4800 2837 4850 ;
2871 4783 3041 4836 modo
3071 4788 3265 4837 autem
3294 4800 3394 4838 vos
3434 4785 3604 4839 vestri

1903 4871 2163 4943 magistri
2191 4889 2309 4926 esse
2335 4871 2593 4942 poteritis
2624 4887 2638 4924 :
2669 4887 2801 4924 nam
2835 4887 2940 4939 ego
2981 4870 3102 4941 jam
3154 4871 3454 4926 stultitiam
3484 4889 3603 4926 non

1902 4961 2180 5031 intelligo.
2211 4960 2374 5024 Quod
2405 4959 2637 5030 quidem
2666 4959 2733 5013 ab
2766 4976 2833 5013 eo
2860 4959 2908 5013 si
2931 4959 3347 5028 audirem,non
3377 4977 3605 5015 vererer

1903 5051 2210 5106 admonere
2241 5048 2535 5102 hominem
2567 5052 2628 5102 ut
2657 5065 2848 5102 comes
2871 5048 3038 5104 nobis
3090 5050 3272 5116 ﬁeret,
3315 5049 3602 5118 simulque

1901 5140 2243 5210 magistrum
2255 5138 2431 5191 alium
2446 5153 2852 5207 quaereremus.
2873 5139 2942 5192 Ut
2953 5137 3106 5192 enim
3119 5139 3288 5208 plene
3301 5137 3601 5190 stultitiam

1900 5245 2020 5282 non
2051 5227 2332 5299 intelligo,
2362 5227 2526 5280 video
2553 5230 2747 5280 tamen
2782 5226 2923 5280 nihil
2943 5227 3314 5298 responsione
3345 5225 3448 5278 hac
3477 5239 3599 5277 esse

1902 5317 2153 5372 stultius.
2184 5317 2293 5371 Sed
2324 5315 2560 5387 pudebit
2588 5332 2721 5370 eum
2750 5315 2987 5370 fortasse
3017 5315 3097 5369 ita
3149 5330 3252 5367 nos
3296 5317 3394 5365 aut
3422 5311 3597 5366 relin-

1901 5422 2094 5479 quere,
2126 5409 2226 5460 aut
2255 5405 2438 5477 sequi.
2476 5404 2800 5475 Disputabit
2829 5420 2963 5475 ergo
2993 5408 3048 5457 et
3088 5399 3454 5472 exaggerabit
3499 5416 3599 5454 co-

1899 5494 2220 5567 piosissime
2249 5493 2503 5549 stultitiae
2532 5494 2702 5548 mala.
2736 5494 2848 5547 Nos
2877 5496 3068 5546 autem
3095 5490 3240 5543 bene
3265 5487 3429 5543 nobis
3456 5504 3600 5559 pro-

1903 5585 2180 5651 videntes,
2213 5588 2311 5640 aut
2338 5583 2639 5640 audiemus
2667 5583 2881 5638 attente
2911 5578 3211 5636 hominem
3247 5576 3601 5635 nescientem
