4058 6348
409 283 511 335 999
1685 267 1778 321 DE
1815 265 2104 331 ORDINE,
2146 263 2203 320 S.
2245 264 2631 322 AUGUSTINI

408 413 538 468 quae
561 396 846 467 loquatur,
879 396 976 447 aut
1003 390 1300 446 credemus
1328 402 1461 442 eum
1491 383 1548 440 id
1578 384 1731 456 quod
1745 399 1856 437 non
1887 383 2097 437 intelli-

408 486 493 555 git
519 483 682 548 scire,
706 487 806 536 aut
833 481 1019 535 adhuc
1051 480 1166 533 Deo
1197 480 1592 545 susceptorum
1621 477 1853 526 tuorum
1880 470 2098 524 ratione

409 573 648 628 stultitia
679 571 1053 642 c0pulataest.
1072 567 1224 621 Nihil
1248 569 1438 619 autem
1467 560 1828 632 superiorum
1847 564 2056 628 estque
2069 560 2099 610 .1

407 661 574 716 video
606 676 765 732 posse
797 657 1041 712 defendi.
1093 657 1287 709 Restat
1332 653 1528 723 igitur,
1563 649 1717 721 quod
1765 663 1880 701 non
1907 645 2097 712 vultis,

409 753 746 803 extremum.
783 747 1088 816 Nunquam
1119 748 1194 807 te,
1240 740 1447 812 inquit,
1497 737 1755 791 invidum
1785 749 2095 788 senseram.

410 839 552 892 Nam
581 836 628 889 si
667 835 735 889 ab
765 835 908 899 istis,
931 838 994 887 ut
1018 831 1176 897 dicis,
1213 827 1487 898 susceptis
1509 826 1823 897 quidquam
1849 824 2097 877 honora-

411 926 500 990 rii,
533 929 595 979 ut
621 921 1164 992 solet,accepissem,
1187 919 1326 972 dum
1346 914 1794 970 ratiocinationis
1810 911 1982 982 hujus
2011 911 2096 965 ni-

408 1014 590 1068 mium
621 1018 788 1067 tenax
802 1027 881 1078 es,
907 1010 963 1064 id
987 1009 1068 1062 eis
1089 1007 1258 1061 modo
1270 1006 1506 1059 reddere
1537 1019 1787 1074 cogerer.
1807 1001 1991 1065 Quare
2013 1013 2099 1066 vel

409 1105 516 1158 hoc
536 1100 790 1157 contenti
817 1099 950 1164 sint,
977 1098 1128 1168 quod
1145 1113 1235 1150 me
1249 1100 1430 1149 tecum
1451 1093 1740 1147 laborante
1759 1106 1871 1144 non
1894 1105 2099 1159 parum

409 1191 490 1245 eis
516 1190 586 1245 ad
599 1183 1322 1258 excogitandumtemporis
1342 1181 1497 1248 dedi;
1519 1181 1625 1242 vel,
1646 1179 1692 1233 si
1720 1177 1848 1231 victi
1875 1175 2100 1247 patroni

410 1279 568 1333 nulla
601 1275 836 1348 quidem
867 1291 968 1327 sua
999 1273 1165 1341 culpa
1191 1269 1423 1324 consilio
1471 1267 1715 1321 libenter
1761 1265 2096 1324 auscultant,

409 1371 466 1420 et
493 1366 553 1419 in
583 1365 690 1418 hoc
705 1364 826 1434 jam
855 1361 960 1414 tibi
975 1360 1209 1423 â€˜eedant,
1241 1363 1297 1412 et
1333 1357 1446 1410 sint
1471 1356 1530 1409 in
1559 1353 1776 1408 caeteris
1804 1353 2095 1406 cactiores.

485 1457 568 1508 10.
604 1454 728 1506 Non
758 1454 1140 1514 contemnam,
1172 1447 1426 1517 inquam,
1476 1443 1628 1515 quod
1658 1443 1715 1496 in
1762 1446 1862 1496 tua
1906 1441 2098 1494 defen-

413 1537 571 1592 sione
598 1535 896 1607 Trygetius
927 1533 1114 1587 nescio
1147 1532 1281 1602 quid
1311 1530 1480 1583 etiam
1526 1532 1886 1598 perstrepens
1913 1525 2098 1578 dicere

410 1624 695 1696 cupiebat,
754 1621 1072 1691 faciamque
1112 1621 1263 1674 bona
1318 1623 1416 1671 tua
1462 1616 1817 1670 veniaznam
1865 1613 2098 1666 fortasse

409 1731 522 1768 non
535 1711 1000 1780 beneinstructus
1024 1725 1104 1771 es,
1135 1707 1233 1779 qui
1260 1722 1458 1760 recens
1477 1704 1611 1759 huic
1631 1702 1862 1772 negotio
1895 1717 2097 1772 super-

405 1801 630 1869 venisti,
687 1804 751 1853 ut
801 1801 1017 1852 remoto
1069 1794 1384 1865 patrocinio
1437 1792 1586 1862 ipsos
1645 1806 1874 1844 causam
1936 1805 2099 1843 suam

405 1891 743 1960 peragentes
774 1885 1003 1940 audiam
1033 1883 1333 1954 patienter,
1363 1885 1427 1934 ut
1450 1896 1752 1950 coeperam.
1789 1880 1932 1932 Tum
1959 1879 2097 1947 Try-

406 1978 614 2047 getius,
670 1974 920 2030 Licentio
967 1987 1200 2042 prorsus
1255 1971 1488 2024 absente
1521 1985 1534 2022 :
1563 1967 1858 2032 Quomodo
1904 1965 2096 2032 vultis,

404 2065 610 2136 inquit,
643 2063 879 2132 accipite
910 2066 967 2115 et
991 2061 1172 2114 ridete
1201 2057 1500 2113 stultitiam
1531 2071 1738 2110 meam.
1785 2055 1907 2107 Non
1955 2053 2099 2106 mihi

403 2154 630 2208 videtur
681 2151 886 2206 debere
933 2149 1044 2202 dici
1101 2148 1417 2212 intelectus,
1449 2160 1563 2214 quo
1611 2141 2098 2212 intelligituripsa

407 2241 661 2307 stultitia,
692 2256 821 2310 qua:
851 2255 965 2292 non
1012 2235 1370 2305 intelligendi
1418 2233 1505 2286 vel
1549 2232 1668 2285 sola
1720 2231 1807 2284 vel
1849 2228 2098 2282 maxima

404 2346 572 2383 causa
601 2332 703 2382 est.
739 2329 863 2381 Non
894 2325 1076 2392 facile,
1110 2325 1366 2394 inquam,
1393 2336 1586 2373 recuso
1618 2318 1766 2372 istud
1820 2317 2094 2386 accipere.

403 2415 672 2481 Quamvis
702 2414 858 2468 enim
884 2429 975 2468 me
1004 2413 1251 2466 multum
1283 2397 1526 2476 moveat,
1561 2408 1712 2478 quod
1756 2406 1926 2460 sentit
1966 2405 2097 2476 Aly-

403 2502 554 2572 pius,
587 2501 875 2572 quomodo
907 2505 1056 2554 recte
1084 2499 1264 2570 possit
1293 2498 1533 2569 quisque
1577 2496 1777 2550 docere
1820 2493 2005 2566 qualis
2029 2493 2100 2546 sit

405 2608 497 2646 res
535 2607 709 2661 quam
741 2606 856 2644 non
900 2589 1189 2658 intelligit,
1243 2591 1632 2658 quantamque
1676 2582 1855 2638 menti
1898 2582 2100 2635 afferat

402 2679 716 2751 perniciem
747 2679 900 2750 quod
926 2683 1118 2732 mente
1149 2694 1262 2730 non
1293 2676 1470 2741 videt;
1493 2691 1625 2728 nam
1639 2674 1694 2728 id
1711 2673 1905 2744 utique
1922 2676 2100 2725 atten-

402 2768 560 2834 dens,
595 2768 746 2838 quod
777 2773 840 2821 tu
861 2765 1047 2821 dixisti
1075 2765 1261 2819 dicere
1291 2768 1374 2817 est
1401 2763 1632 2828 veritus,
1667 2778 1794 2816 cum
1828 2760 1880 2814 ei
1903 2760 1975 2813 sit
1993 2759 2100 2813 ista

402 2857 574 2911 etiam
600 2857 668 2911 de
680 2856 975 2910 doctorum
997 2854 1156 2908 libris
1179 2857 1306 2906 nota
1325 2851 1841 2906 sententiaztamen
1868 2864 2096 2902 sensum

401 2945 591 3016 ipsum
618 2945 984 2999 considerans
996 2942 1265 3013 corporis,
1288 2957 1421 2994 nam
1440 2945 1496 2994 et
1510 2940 1614 2994 isto
1635 2940 1756 3010 ipso
1773 2938 1964 2992 anima
1983 2937 2095 2990 uti-

400 3039 578 3101 tur,et
594 3033 718 3104 ipsa
732 3034 851 3087 sola
863 3038 947 3086 est
960 3048 1086 3085 cum
1105 3031 1390 3084 intellectu
1407 3029 1837 3100 qualiscumque
1850 3025 2093 3092 collatio,

399 3123 649 3176 adducor
682 3125 746 3175 ut
781 3121 963 3175 dicam
1022 3119 1313 3172 neminem
1366 3133 1530 3188 posse
1587 3116 1778 3170 videre
1815 3115 2092 3168 tenebras.

402 3209 807 3273 Quamobrem,
842 3207 888 3260 si
917 3207 1097 3260 menti
1122 3207 1228 3259 hoc
1249 3209 1334 3259 est
1360 3205 1698 3274 intelligere,
1730 3203 1884 3274 quod
1907 3201 2097 3254 sensui

400 3296 616 3360 videre,
642 3300 697 3348 et
720 3295 854 3348 licet
882 3294 1124 3365 quisque
1154 3293 1331 3347 oculis
1360 3293 1592 3362 apertis,
1626 3291 1798 3356 sanis,
1823 3289 2095 3362 purisque

402 3386 495 3451 sit,
527 3384 717 3438 videre
748 3387 939 3436 tamen
973 3382 1234 3435 tenebras
1274 3397 1392 3434 non
1429 3385 1652 3451 potest;
1685 3396 1800 3433 non
1853 3378 2095 3432 absurde

404 3473 633 3540 dicitur,
658 3471 901 3540 intelligi
919 3486 1030 3523 non
1049 3485 1212 3540 posse
1241 3468 1568 3534 stultitiam;
1595 3484 1727 3522 nam
1756 3467 1941 3522 nullas
1959 3466 2096 3520 alias

403 3561 610 3615 mentis
640 3559 900 3614 tenebras
931 3558 1314 3612 nominamus.
1351 3559 1461 3611 Nec
1482 3558 1605 3628 jam
1636 3557 1778 3611 illud
1824 3557 2092 3625 movebit,

402 3649 692 3721 quomodo
723 3647 958 3702 stultitia
981 3647 1156 3718 possit
1180 3663 1297 3701 non
1326 3646 1610 3700 intellecta
1634 3645 1817 3700 vitari.
1846 3647 1914 3700 Ut
1943 3645 2094 3698 enim

399 3739 576 3794 oculis
604 3738 867 3792 tenebras
895 3736 1137 3790 vitamus
1167 3753 1232 3790 eo
1262 3735 1385 3805 ipso
1425 3752 1537 3806 quo
1568 3735 1839 3790 nulumus
1863 3751 1982 3788 non
2008 3734 2097 3788 vi-

404 3828 540 3882 dere
572 3844 584 3882 :
617 3827 695 3881 sic
725 3825 986 3897 quisquis
1014 3825 1165 3879 volet
1209 3825 1385 3878 vitare
1429 3824 1749 3892 stultitiam,
1798 3840 1917 3877 non
1969 3839 2096 3876 eam

401 3921 639 3971 conetur
668 3915 1017 3986 intelligere;
1052 3914 1148 3969 sed
1181 3931 1246 3967 ea
1276 3930 1403 3984 quae
1421 3919 1662 3984 possunt
1696 3911 1962 3983 intelligi,
1993 3927 2097 3980 per

400 4006 548 4060 hanc
579 4021 637 4059 se
663 4021 781 4058 non
809 4003 1130 4074 intelligere
1161 4003 1350 4057 doleat
1373 4021 1386 4070 ;
1412 4019 1651 4073 eamque
1669 4001 1778 4055 sibi
1807 4018 1924 4055 esse
1954 4017 2096 4071 pra:-

401 4099 644 4159 sentem,
667 4110 782 4148 non
816 4109 928 4164 quo
953 4093 1136 4162 ipsam
1165 4093 1346 4162 magis
1376 4091 1664 4160 intelligit,
1698 4091 1794 4145 sed
1837 4108 1948 4164 quo
1987 4090 2098 4145 alia

408 4183 599 4237 minus
627 4181 917 4252 intelligit,
948 4184 1173 4234 sentiat.

408 4289 633 4344 CAPUT
689 4287 777 4340 IV.
825 4316 893 4326 â€”
926 4287 1052 4352 Quae
1093 4286 1244 4339 homo
1280 4257 1567 4354 perperam
1597 4289 1733 4352 agit,
1791 4302 1862 4340 an
1909 4288 2097 4340 ordine

477 4381 627 4444 agat.
653 4376 804 4430 Mala
852 4379 909 4429 in
947 4374 1189 4427 ordinem
1218 4374 1440 4428 redacta
1489 4377 1704 4441 faciunt
1748 4374 1822 4428 ad
1859 4375 2097 4430 decorem

471 4478 731 4518 umverSL

477 4563 564 4614 ll.
598 4560 704 4615 Sed
738 4561 808 4615 ad
830 4559 1090 4615 ordinem
1131 4559 1446 4627 redeamus,
1478 4563 1542 4614 ut
1596 4559 1760 4614 nobis
1790 4560 2095 4632 aliquando

404 4648 682 4702 reddatur
713 4648 1016 4703 Licentius.
1049 4648 1192 4702 Illud
1223 4648 1374 4702 enim
1399 4649 1520 4718 jam
1550 4664 1615 4703 ex
1646 4649 1801 4703 vobis
1842 4650 2093 4720 requiro,

407 4741 603 4791 utrum
629 4753 1002 4808 quaecumque
1034 4737 1152 4808 agit
1181 4739 1405 4804 stultus,
1435 4737 1632 4792 ordine
1654 4739 1810 4792 vobis
1831 4755 1997 4809 agere
2019 4739 2094 4792 vi-

407 4825 628 4879 deatur.
665 4824 807 4877 Nam
838 4825 1021 4879 videte
1065 4826 1284 4896 rogatio
1314 4842 1456 4896 quos
1502 4827 1736 4898 laqueos
1784 4827 2008 4881 habeat.
2040 4827 2097 4882 Si

410 4912 622 4967 ordine
654 4911 933 4979 dixeritis,
966 4913 1067 4968 ubi
1094 4914 1201 4968 erit
1229 4914 1328 4967 illa
1379 4914 1656 4975 definitio,
1699 4915 1848 4970 Ordo
1874 4920 1958 4969 est
1982 4933 2095 4986 quo

409 5003 561 5057 Deus
594 5001 715 5072 agit
744 5001 936 5054 omnia
968 5017 1094 5071 quas
1124 5007 1290 5069 sunt;
1321 5003 1366 5056 si
1387 5003 1558 5057 etiam
1579 5005 1785 5058 stultus
1811 5020 1939 5074 qum
1956 5005 2095 5075 agit,

409 5089 526 5160 agit
557 5089 756 5144 ordine
779 5089 808 5141 ?
845 5088 902 5142 Si
933 5094 1124 5142 autem
1153 5090 1292 5144 ordo
1321 5106 1437 5144 non
1463 5095 1547 5144 est
1575 5091 1635 5144 in
1665 5091 1734 5144 iis
1766 5108 1895 5162 quae
1923 5109 2098 5163 agun-

405 5185 500 5235 tur
525 5179 594 5232 ab
616 5179 810 5246 stulto,
849 5177 1181 5248 eritaliquid
1213 5173 1362 5249 quod
1385 5180 1524 5234 ordo
1556 5196 1670 5234 non
1692 5185 1879 5235 teneat
1911 5198 1923 5235 :
1953 5197 2095 5236 neu-

411 5273 566 5324 trum
595 5273 787 5322 autem
817 5266 1010 5321 vultis.
1045 5267 1260 5334 Videte,
1293 5284 1508 5338 quaeso.
1550 5284 1622 5322 ne
1673 5275 1874 5323 cuncta
1917 5270 2097 5340 ipsius

406 5356 627 5410 ordinis
659 5356 986 5411 defensione
1013 5355 1269 5410 turbelis.
1306 5356 1405 5410 Hic
1435 5357 1570 5410 item
1603 5359 1915 5428 Trygetius,
1963 5375 2096 5413 nam

405 5445 502 5499 ille
532 5446 675 5498 alter
704 5446 888 5500 adhuc
900 5445 1132 5500 omnino
1144 5445 1348 5500 absens
1371 5445 1724 5500 eratzFacile
1747 5452 1850 5514 est,
1883 5448 2092 5519 inquit,

404 5531 538 5586 huic
566 5531 800 5601 quidem
827 5534 1170 5606 respondere
1199 5533 1578 5606 complexioni
1601 5537 1746 5604 tuae;
1778 5537 1874 5591 sed
1911 5552 2004 5593 me
2035 5537 2095 5592 in

3789 269 3932 320 1000

2210 383 2510 453 praesentia
2541 382 2858 439 similitudo
2907 383 3117 450 deï¬cit,
3169 399 3284 455 qua
3330 383 3675 440 sententiam
3728 401 3930 441 meam

2209 471 2375 525 video
2406 471 2579 525 asseri
2607 471 2991 542 illustrarique
3023 471 3257 527 debere.
3288 472 3504 526 Tamen
3538 472 3730 528 dicam
3766 475 3930 545 quod

2211 563 2430 629 sentio;
2460 562 2627 616 facies
2656 562 2808 616 enim
2843 568 2899 617 tu
2933 563 3083 634 quod
3132 561 3304 632 paulo
3350 567 3479 617 ante
3527 563 3734 618 fecisti.
3798 566 3928 619 Non

2206 651 2358 705 enim
2389 650 2486 704 illa
2500 651 2973 704 commemoratio
2999 650 3364 704 tenebrarum
3399 651 3469 705 ad
3494 651 3550 706 id
3579 652 3737 722 quod
3773 670 3806 706 a
3829 669 3926 708 me

2210 739 2533 793 involutum
2563 741 2848 810 prolatum
2869 743 3008 804 erat,
3033 755 3237 810 parum
3263 739 3430 793 nobis
3447 740 3922 795 attulitluminis.

2212 828 2469 898 Namque
2499 828 2685 882 omnis
2723 827 2838 882 vita
2869 828 3192 894 stultorum,
3216 828 3478 898 quamvis
3504 843 3608 899 per
3637 845 3734 882 eos
3762 829 3926 900 ipsos

2209 915 2447 970 minime
2468 921 2729 970 constans
2760 917 3114 986 minimeque
3141 916 3398 970 ordinata
3425 915 3516 981 sit,
3542 933 3646 987 per
3661 918 3923 972 divinam

2206 1008 2398 1058 tamen
2447 1005 2864 1075 providentiam
2912 1005 3229 1059 necessario
3252 1020 3444 1059 rerum
3475 1005 3678 1060 ordine
3723 1005 3923 1061 inclu-

2209 1094 2384 1161 ditur,
2417 1098 2473 1147 et
2509 1095 2673 1165 quasi
2693 1094 3036 1165 quibusdam
3066 1093 3202 1146 locis
3233 1093 3330 1146 illa
3360 1093 3637 1147 ineffabili
3667 1097 3724 1147 et
3764 1112 3912 1149 sem-

2209 1181 2431 1252 piterna
2457 1182 2580 1252 lege
2612 1180 2916 1253 dispositis,
2963 1180 3120 1232 nullo
3167 1179 3334 1234 modo
3378 1197 3500 1234 esse
3540 1181 3770 1245 sinitur,
3816 1183 3920 1237 ubi

2209 1287 2328 1323 esse
2358 1285 2471 1324 non
2502 1269 2687 1323 debet.
2723 1269 2807 1320 Ita
2832 1267 2895 1320 fit
2928 1271 2991 1320 ut
3020 1272 3259 1337 angusto
3292 1267 3485 1322 animo
3512 1268 3694 1339 ipsam
3730 1269 3921 1324 solam

2211 1359 2453 1430 quisque
2484 1357 2873 1423 considerans,
2905 1356 3078 1410 veluti
3107 1372 3318 1426 magna
3345 1373 3713 1428 repercussus
3743 1359 3920 1413 foedi-

2213 1453 2324 1502 tate
2353 1453 2670 1502 aversetur.
2711 1445 2768 1500 Si
2795 1450 2984 1499 autem
3013 1443 3220 1497 mentis
3251 1445 3443 1498 oculos
3487 1446 3714 1516 erigens
3739 1452 3922 1518 atque

2210 1539 2555 1604 diffundens,
2585 1538 2754 1591 simul
2787 1535 3050 1590 universa
3091 1535 3403 1602 collustret,
3437 1536 3582 1590 nihil
3615 1553 3731 1590 non
3763 1538 3921 1592 ordi-

2209 1632 2432 1695 natum,
2461 1627 2692 1697 suisque
2725 1641 2952 1696 semper
2977 1623 3150 1678 veluti
3172 1623 3398 1679 sedibus
3427 1624 3764 1681 distinctum
3792 1626 3916 1681 dis-

2209 1716 2578 1787 positumque
2607 1714 2874 1785 reperiet.

2288 1807 2367 1857 12.
2402 1804 2579 1868 Quam
2609 1818 2837 1872 magna,
2862 1801 3118 1872 inquam,
3145 1816 3316 1870 quam
3346 1799 3493 1854 mira
3521 1793 3789 1872 mihiper
3815 1819 3917 1856 vos

2212 1893 2359 1946 Deus
2385 1892 2501 1958 ille,
2535 1897 2704 1962 atque
2735 1891 2877 1962 ipse,
2910 1895 2975 1943 ut
3005 1888 3186 1960 magis
3207 1889 3504 1959 magisque
3534 1889 3766 1944 credere
3808 1892 3914 1944 ad-

2210 1981 2407 2048 ducor,
2438 1997 2630 2034 rerum
2661 1979 2853 2033 nescio
2909 1977 3036 2049 quis
3079 1978 3332 2031 occultus
3363 1977 3502 2032 ordo
3561 1980 3909 2049 respondet!

2207 2071 2348 2124 Nam
2370 2087 2434 2122 ea
2463 2069 2649 2123 dicitis
2679 2085 2806 2138 quae
2836 2083 2938 2121 nec
2971 2066 3259 2138 quomodo
3317 2065 3582 2120 dicantur
3613 2083 3731 2120 non
3763 2067 3913 2133 visa,

2211 2174 2313 2212 nec
2344 2158 2633 2229 quomodo
2665 2174 2733 2212 ea
2757 2155 2994 2211 videatis
3022 2153 3280 2224 intelligo
3313 2170 3327 2220 ;
3359 2153 3438 2207 ita
3467 2170 3534 2207 ea
3571 2158 3629 2208 et
3671 2169 3810 2207 vera
3861 2159 3918 2208 et

2211 2247 2327 2300 alta
2356 2263 2476 2301 esse
2505 2247 2783 2316 suspicor.
2811 2244 3006 2300 Simile
3019 2247 3210 2296 autem
3235 2242 3464 2309 aliquod
3493 2241 3552 2295 in
3581 2242 3747 2296 istam
3781 2259 3918 2296 sen-

2212 2335 2448 2389 tentiam
2478 2340 2540 2388 tu
2570 2335 2802 2388 fortasse
2834 2349 3014 2386 unum
3035 2331 3382 2402 requirebas.
3414 2333 3487 2384 At
3515 2331 3657 2385 mihi
3680 2333 3808 2401 jam
3834 2349 3922 2386 oc-

2210 2429 2447 2477 currunt
2497 2422 2961 2488 innumerabilia,
3003 2436 3132 2490 qua:
3186 2435 3278 2472 me
3334 2418 3405 2472 ad
3436 2420 3919 2474 consentiendum

2208 2527 2440 2582 prorsus
2468 2512 2717 2565 trabunt.
2753 2510 2896 2574 Quid
2926 2508 3080 2563 enim
3111 2507 3372 2561 carnifice
3388 2507 3587 2561 tetrius
3607 2508 3784 2578 ?quid
3816 2509 3921 2562 illo

2212 2599 2403 2652 animo
2434 2599 2810 2652 truculentius
2830 2602 3000 2667 atque
3035 2595 3214 2650 dirius
3235 2596 3265 2649 ?
3291 2598 3362 2648 At
3392 2594 3542 2648 inter
3571 2595 3725 2665 ipsas
3755 2597 3920 2666 leges

2213 2689 2400 2742 locum
2431 2687 2815 2741 necessarium
2840 2690 3017 2751 tenet,
3045 2689 3103 2740 et
3131 2685 3191 2738 in
3221 2684 3366 2738 bene
3409 2683 3718 2738 moderatae
3763 2685 3919 2739 civiâ€”

2211 2776 2346 2830 tatis
2376 2776 2636 2830 ordinem
2684 2775 2990 2840 inseritur;
3023 2777 3222 2843 estque
3278 2789 3379 2825 suo
3426 2771 3618 2825 animo
3672 2789 3916 2840 nocens,

2209 2864 2410 2918 ordine
2443 2869 2637 2918 autem
2666 2864 2852 2917 alieno
2875 2859 3568 2933 peenanocentium.Quid
3596 2860 3914 2923 sordidius,

2209 2953 2349 3023 quid
2385 2951 2612 3006 inanius
2643 2951 2859 3006 decoris
2889 2954 2946 3004 et
2978 2948 3350 3018 turpitudinis
3379 2948 3607 3017 plenius
3637 2950 3912 3003 meretri-

2208 3041 2389 3109 cibus,
2421 3041 2751 3106 lenonibus,
2798 3038 3128 3109 caeterisque
3157 3037 3263 3090 hoc
3292 3053 3474 3107 genus
3502 3037 3762 3107 pestibus
3793 3039 3914 3094 dici

2208 3129 2435 3201 potest?
2465 3129 2640 3183 Aufer
2671 3127 2995 3182 meretrices
3024 3126 3093 3180 de
3123 3124 3290 3179 rebus
3321 3125 3605 3188 humanis,
3634 3126 3915 3182 turbave-

2207 3218 2284 3272 ris
2316 3216 2512 3272 omnia
2559 3215 2891 3270 libidinibus
2934 3213 3260 3268 :constitue
3311 3217 3704 3268 matronarum
3758 3217 3914 3283 loco,

2207 3306 2333 3360 labe
2365 3322 2427 3359 ac
2456 3305 2730 3359 dedecore
2761 3301 3238 3358 dehonestaveris.
3271 3301 3360 3356 Sic
3388 3301 3566 3371 igitur
3592 3301 3699 3356 hoc
3722 3318 3919 3374 genus

2206 3395 2502 3449 hominum
2535 3410 2639 3464 per
2666 3410 2797 3447 suos
2826 3390 3478 3462 moresimpurissimum
3501 3391 3638 3456 vita,
3671 3408 3775 3463 per
3813 3410 3915 3448 or-

2210 3484 2356 3538 dinis
2384 3485 2537 3552 leges
2567 3481 2892 3536 conditione
2937 3480 3295 3535 vilissimum.
3331 3480 3529 3533 Nonne
3574 3479 3632 3534 in
3663 3483 3919 3552 corpori-

2208 3572 2312 3626 bus
2338 3571 2716 3625 animantium
2747 3571 3010 3641 quaedam
3059 3568 3336 3634 membra,
3371 3567 3418 3621 si
3447 3568 3568 3622 sola
3621 3571 3915 3641 attendas,

2209 3677 2326 3716 non
2357 3659 2536 3732 possis
2583 3660 2916 3713 attendere?
2959 3659 3171 3712 Tamen
3211 3673 3277 3710 ea
3323 3661 3540 3710 natura!
3592 3657 3754 3725 ordo,
3806 3676 3919 3714 nec

2209 3751 2344 3821 quia
2373 3749 2691 3804 necessaria
2719 3752 2869 3809 sunt,
2895 3746 3086 3801 deesse
3103 3745 3298 3810 voluit,
3317 3761 3420 3798 nec
3449 3745 3586 3815 quia
3614 3745 3914 3817 indecora,

2209 3837 2462 3892 eminere
2511 3836 2790 3909 permisit.
2839 3836 2976 3899 Quae
3022 3839 3217 3888 tamen
3261 3833 3538 3888 deformia
3584 3850 3715 3888 suos
3757 3835 3916 3891 locos

2207 3926 2474 3992 tenendo,
2536 3925 2834 3979 meliorem
2899 3924 3086 3978 locum
3151 3938 3476 3976 concessere
3550 3923 3909 3979 melioribus.

2208 4015 2354 4079 Quid
2385 4014 2550 4069 nobis
2580 4013 2826 4079 suavius,
2861 4012 3012 4083 quod
3048 4027 3182 4082 agro
3214 4010 3478 4081 villaeque
3517 4014 3916 4082 spectaculum

2207 4103 2615 4175 congruentius
2643 4102 2753 4156 fuit
2779 4117 2973 4172 pugna
3005 4100 3103 4154 illa
3149 4099 3529 4170 conï¬‚ictuque
3562 4100 3912 4171 gallinaceo-

2209 4209 2338 4247 rum
2371 4193 2675 4263 gallorum,
2707 4191 2869 4259 cujus
2897 4189 3193 4260 superiore
3219 4188 3364 4243 libro
3396 4189 3634 4244 fecimus
3663 4193 3912 4248 mentio-

2208 4298 2342 4337 nem
2374 4284 2522 4352 (Cap.
2556 4284 2610 4349 8,
2642 4297 2695 4334 n.
2727 4280 2838 4350 25).
2888 4279 3033 4343 Quid
3076 4278 3347 4348 abjectius
3400 4283 3592 4334 tamen
3641 4281 3915 4338 deformi-

2207 4377 2321 4426 tate
2354 4369 2596 4440 subjecti
2628 4367 2913 4422 vidimus?
2969 4370 3031 4421 Et
3077 4384 3178 4438 per
3207 4367 3389 4438 ipsam
3416 4372 3610 4422 tamen
3649 4371 3912 4440 ejusdem

2206 4457 2536 4514 certaminis
2566 4457 2868 4528 perfectior
2897 4455 3270 4527 pulchritudo
3297 4461 3656 4527 provenerat.

2281 4551 2362 4602 l3.
2395 4546 2571 4614 Talia,
2602 4545 2789 4610 credo,
2819 4548 2953 4598 sunt
2980 4543 3174 4597 omnia
3203 4561 3216 4610 ;
3251 4544 3347 4598 sed
3373 4545 3567 4600 oculos
3615 4555 3909 4617 quaerunt.

2207 4634 2568 4691 Solmcismos
2598 4637 2653 4687 et
2680 4632 3060 4687 barbarismos
3116 4648 3258 4704 quos
3291 4637 3512 4703 vocant,
3562 4639 3749 4704 poetae
3803 4638 3912 4692 ad-

2208 4725 2542 4776 amaverunt
2567 4738 2579 4787 ;
2607 4736 2736 4792 quae
2750 4720 3038 4774 schemata
3054 4723 3110 4774 et
3141 4722 3541 4790 metaplasmos
3561 4723 3798 4777 mutatis
3809 4741 3910 4796 ap-

2208 4812 2422 4882 pellare
2449 4809 2797 4876 nominibus,
2829 4824 3000 4879 quam
3034 4807 3338 4862 manifesta
3388 4808 3525 4862 vitia
3551 4809 3749 4881 fugere
3783 4829 3908 4866 ma-

2210 4897 2461 4952 luerunt.
2497 4897 2739 4952 Detrahe
2772 4900 2964 4950 tamen
2993 4895 3102 4950 ista
3131 4896 3524 4964 carminimus,
3573 4900 3911 4955 suavissima

2208 4985 2567 5040 condimenta
2597 4983 3065 5040 desiderabimns.
3103 4985 3359 5055 Congere
3411 4988 3594 5040 multa
3633 4987 3692 5041 in
3723 5005 3910 5044 unum

2212 5073 2422 5140 locum,
2473 5077 2660 5128 totum
2713 5089 2858 5140 acre,
2919 5072 3211 5144 putidum,
3271 5073 3572 5128 rancidum
3616 5075 3907 5135 fastidibo.

2210 5162 2474 5215 Transfer
2530 5161 2590 5215 in
2643 5161 2881 5215 liberam
2948 5161 3350 5232 forensemque
3409 5162 3739 5233 dictionem,
3780 5167 3912 5237 quis

2213 5265 2330 5304 non
2363 5266 2485 5304 eam
2517 5251 2716 5320 fugere
2747 5253 2917 5320 atque
2946 5249 3005 5304 in
3036 5250 3258 5304 theatra
3304 5250 3563 5305 secedere
3588 5253 3856 5323 jubebitâ€˜
3882 5257 3912 5310 ?

2213 5338 2363 5392 Ordo
2395 5338 2571 5408 igitur
2600 5354 2667 5393 ea
2697 5339 3022 5410 gubernans
3053 5344 3108 5392 et
3137 5339 3457 5402 moderans,
3505 5355 3610 5394 nec
3657 5342 3812 5411 apud
3852 5357 3911 5396 se

2273 5427 2384 5489 irln
2406 5425 2844 5489 hactenusgeditis
2877 5425 3088 5489 legitur,
3109 5429 3332 5489 atquein
3368 5427 3543 5478 antris
3569 5441 3622 5476 se
3662 5427 3908 5479 condere.

2209 5488 2276 5538 At
2291 5488 2358 5551 in
2381 5489 2630 5551 omnibus
2661 5487 2766 5537 fere
2809 5487 3201 5551 Msaâ€”habetur,
3229 5491 3290 5539 in
3339 5489 3582 5551 theatra;
3611 5492 3662 5540 et
3689 5490 3744 5540 in
3772 5505 3909 5542 non-

2213 5550 2396 5610 nullis,
2417 5549 2652 5601 secedere
2671 5565 2689 5600 :
2713 5563 2832 5614 quas
2854 5564 2978 5600 vera
3005 5550 3160 5602 lectio
3187 5556 3288 5602 est.
