4058 6350
91 316 228 370 1001

83 437 301 505 nimia,
353 451 457 488 nec
513 433 756 488 ubilibet
803 431 991 486 aliena
1030 446 1152 486 esse
1191 430 1462 501 patietur.
1511 429 1805 484 Submissa

85 525 365 597 quaedam
423 522 819 593 impolitaeque
864 519 1154 574 simillima
1200 520 1354 588 ipsos
1385 518 1559 572 saltus
1593 532 1656 570 ac
1701 533 1802 569 ve-

90 619 302 668 nustos
328 613 477 666 locos
514 627 635 664 sese
663 609 1036 678 interponens
1073 607 1316 661 illustrat
1348 606 1546 661 oratio.
1590 605 1724 669 Quae
1756 604 1802 658 si

87 703 215 755 sola
273 701 364 767 sit,
414 697 647 769 projicis
695 703 758 750 ut
797 697 964 750 vilem
992 714 1003 750 :
1029 696 1075 750 si
1106 702 1298 750 autem
1339 695 1502 754 desit,
1543 694 1641 748 illa
1673 693 1800 763 pul-

90 792 238 844 chra
285 805 401 842 non
451 787 805 857 prominent,
855 802 971 839 non
1015 785 1073 838 in
1114 784 1230 838 suis
1278 784 1441 855 quasi
1473 783 1802 854 regionibus

90 875 672 951 possc-ssionibusque
719 872 1110 941 dominantur,
1146 871 1366 943 sibique
1405 872 1527 944 ipsa
1568 874 1804 944 propria

95 973 221 1024 luce
257 968 506 1027 obstant,
537 966 834 1032 totumque
866 961 1238 1015 confundunt.

93 1056 334 1112 CAPUT
365 1054 427 1108 V.
460 1083 528 1092 â€”
570 1050 837 1118 Quomodo
891 1050 1208 1104 medendum
1255 1053 1428 1106 errori
1476 1052 1803 1106 credentium

628 1155 710 1194 res
739 1139 885 1193 nullo
911 1139 1098 1192 ordine
1125 1142 1261 1205 geri.

170 1233 396 1302 Magna:
429 1231 483 1282 et
519 1227 612 1282 hic
641 1227 920 1282 debentur
966 1226 1156 1280 ordini
1203 1226 1420 1295 gratiae.
1474 1227 1804 1281 Mentientes

96 1318 523 1385 conclusiones,
558 1321 654 1370 aut
681 1316 996 1385 irrepentes
1025 1315 1320 1385 paulatim,
1355 1316 1441 1368 vel
1469 1315 1800 1378 minuendo,

98 1408 182 1460 vel
225 1405 494 1460 addendo
542 1403 600 1456 in
642 1403 1028 1456 assensionem
1059 1402 1335 1469 falsitatis,
1385 1404 1511 1474 quis
1542 1420 1655 1457 non
1688 1420 1805 1457 me-

95 1496 273 1550 tuat?
305 1494 433 1565 quis
465 1509 580 1546 non
614 1492 842 1545 oderit?
880 1492 1040 1562 Smpe
1073 1495 1266 1545 tamen
1309 1491 1369 1545 in
1403 1491 1802 1561 disputationi-

97 1587 225 1651 bus,
261 1583 433 1638 certis
489 1586 542 1636 et
595 1581 710 1634 suis
760 1580 985 1634 sedibus
1015 1581 1297 1634 collocata:
1337 1584 1560 1634 tantum
1591 1581 1801 1647 valent,

98 1679 161 1726 ut
190 1671 391 1727 nescio
424 1671 714 1741 quomodo
771 1685 875 1740 per
923 1686 1018 1722 eas
1066 1669 1346 1724 dulcescat
1372 1669 1496 1739 ipsa
1522 1669 1800 1740 deceptio.

103 1765 307 1816 Nonne
337 1759 430 1814 hic
451 1775 680 1830 quoque
707 1759 843 1811 ordo
875 1757 993 1827 ipse
1019 1757 1390 1812 laudabitur?

176 1853 262 1904 14.
315 1849 441 1903 Jam
495 1847 556 1901 in
611 1846 847 1914 musica,
899 1845 958 1900 in
1017 1845 1348 1916 geometria,
1408 1845 1467 1900 in
1517 1851 1804 1900 astrorum

105 1939 378 2003 motibus,
413 1938 471 1990 in
500 1952 875 1990 numerorum
907 1934 1337 1988 necessitatibus
1356 1935 1492 1988 ordo
1521 1934 1600 1988 ita
1620 1934 1802 1988 domi-

104 2033 297 2093 natur,
324 2032 389 2080 ut
418 2025 465 2078 si
491 2025 618 2096 quis
645 2023 805 2094 quasi
835 2023 957 2093 ejus
978 2023 1194 2076 fontem
1226 2027 1396 2092 atque
1424 2021 1612 2092 ipsum
1641 2039 1805 2093 pene-

105 2117 244 2171 trale
274 2115 469 2169 videre
524 2113 826 2180 desideret,
881 2114 976 2164 aut
1023 2110 1081 2164 in
1113 2110 1202 2163 his
1232 2109 1502 2176 inveniat,
1545 2115 1641 2164 aut
1671 2125 1833 2193 per:

106 2208 223 2260 here
255 2221 322 2258 eo
353 2203 477 2256 sine
516 2202 634 2256 ullo
664 2215 853 2254 errore
882 2199 1138 2253 ducatur.
1172 2198 1321 2252 Talis
1347 2199 1500 2253 enim
1533 2201 1799 2267 eruditio,

109 2294 152 2348 si
178 2293 306 2365 quis
340 2308 406 2346 ea
436 2290 724 2344 moderate
773 2293 964 2342 utatur
1013 2289 1162 2355 (nam
1211 2287 1352 2340 nihil
1403 2287 1479 2341 ibi
1512 2305 1684 2359 quam
1710 2289 1800 2342 ni-

110 2384 285 2437 mium
320 2377 746 2435 formidandum
778 2375 900 2446 est),
945 2377 1119 2429 talem
1169 2375 1530 2446 philisophiae
1559 2377 1800 2432 militem

117 2471 295 2526 nutrit
320 2469 408 2522 vel
441 2467 615 2522 etiam
647 2466 948 2530 ducem,ut
976 2464 1521 2519 adsummumillum
1541 2466 1800 2534 modum,

111 2561 254 2613 ultra
287 2573 461 2628 quem
502 2552 794 2624 requirere
833 2552 1048 2622 aliquid
1080 2568 1183 2605 nec
1212 2552 1412 2622 possit,
1446 2569 1549 2607 nec
1578 2554 1798 2620 debeat,

111 2665 205 2702 nec
235 2645 452 2716 cupiat,
476 2659 588 2714 qua
619 2641 738 2696 vult
764 2641 947 2695 evolet
982 2645 1153 2711 atque
1195 2641 1508 2710 perveniat,
1563 2643 1800 2697 multos-

115 2753 218 2808 que
248 2733 548 2805 perducat.
594 2731 752 2784 Unde
794 2730 936 2800 jam,
972 2729 1108 2783 dum
1157 2729 1296 2800 ipsis
1337 2730 1604 2784 humanis
1635 2733 1802 2786 rebus

113 2828 393 2888 teneatur,
444 2821 522 2877 sic
569 2836 663 2873 eas
704 2817 994 2888 despiciat,
1029 2823 1341 2889 cunctaque
1381 2819 1682 2887 discernat,
1739 2825 1802 2875 ut

115 2915 264 2968 nullo
306 2909 481 2965 modo
512 2923 642 2962 eum
685 2910 907 2960 moveat
931 2921 1030 2959 cur
1068 2905 1210 2960 alius
1257 2911 1413 2976 optet
1449 2908 1655 2962 liberos
1697 2910 1799 2963 ha-

114 3002 258 3064 bere,
318 3013 426 3051 nec
480 2994 730 3059 habeat;
786 2991 928 3046 alius
984 2992 1163 3046 nimia
1207 2994 1399 3047 uxoris
1460 2995 1800 3050 fecunditate

116 3091 485 3158 torqueatur:
511 3087 676 3152 egeat
709 3082 804 3135 ille
842 3081 1104 3151 pecunia,
1137 3081 1236 3151 qui
1266 3082 1462 3153 largiri
1492 3084 1803 3139 liberaliter

118 3178 288 3231 multa
316 3177 554 3246 paratus
584 3175 707 3237 est;
755 3169 922 3240 eique
969 3169 1204 3224 defossae
1252 3170 1480 3226 incubet
1527 3188 1718 3227 macer
1747 3178 1802 3227 et

116 3265 394 3319 scabiosus
425 3262 744 3316 fenerator:
795 3259 986 3330 ampla
1018 3258 1362 3328 patrimonia
1409 3261 1659 3315 luxuries
1689 3263 1801 3316 dis-

105 3357 306 3425 pergat
337 3356 512 3420 atque
542 3346 860 3412 diffundat;
894 3345 983 3399 vix
1014 3350 1132 3400 toto
1172 3346 1262 3401 die
1292 3347 1608 3418 lacrymans
1638 3367 1801 3405 men-

119 3443 264 3497 dicus
295 3453 601 3495 nummum
633 3435 933 3505 impetret:
973 3433 1147 3488 alium
1178 3434 1364 3489 honor
1393 3438 1622 3493 extollat
1651 3439 1802 3494 indi-

119 3547 322 3600 gnum;
357 3526 534 3582 lucidi
564 3541 752 3578 mores
781 3523 1204 3578 abscondantur
1228 3522 1287 3576 in
1317 3525 1502 3580 turba.

185 3623 264 3673 15.
297 3619 429 3672 Hinc
457 3619 512 3669 et
539 3615 651 3668 alia
682 3613 741 3667 in
778 3612 1072 3666 hominum
1107 3611 1240 3679 vita,
1289 3619 1500 3684 cogunt
1541 3615 1802 3670 homines

124 3704 452 3773 plerumque
503 3698 678 3768 impie
723 3697 972 3762 credere,
1024 3697 1183 3750 nullo
1214 3713 1318 3750 nos
1359 3698 1558 3753 ordine
1598 3699 1802 3754 divinae

123 3785 478 3856 providentiae
528 3781 853 3852 gubernari.
895 3778 1005 3833 Alii
1041 3783 1230 3832 autem
1263 3779 1344 3850 pii
1381 3785 1435 3833 et
1471 3781 1604 3834 boni
1633 3786 1800 3852 atque

125 3873 412 3942 splendido
442 3869 676 3941 ingenio
715 3867 961 3939 praediti,
1017 3867 1117 3937 qui
1163 3883 1350 3937 neque
1399 3885 1500 3922 nos
1542 3869 1726 3923 deseri
1771 3886 1804 3922 a

126 3977 334 4016 summo
378 3963 494 4015 Deo
533 3962 770 4030 possunt
808 3956 867 4010 in
897 3955 1155 4010 animum
1185 3957 1472 4022 inducere,
1520 3962 1575 4011 et
1613 3962 1803 4012 tamen

129 4065 304 4104 rerum
323 4055 482 4104 tanta
507 4047 668 4119 quasi
696 4045 939 4116 caligine
965 4051 1136 4116 atque
1163 4046 1566 4099 commixtione
1596 4047 1806 4100 turbati

129 4139 337 4193 nullum
369 4137 630 4193 ordinem
663 4135 874 4200 vident,
900 4135 1149 4188 volentes
1178 4131 1196 4166 â´
1229 4134 1335 4188 sibi
1356 4135 1558 4189 nudari
1579 4135 1806 4189 abditisâ€”

131 4226 290 4281 simas
321 4244 541 4295 causas,
588 4240 810 4279 errores
862 4239 995 4277 suos
1045 4239 1194 4293 saepe
1243 4222 1414 4278 etiam
1461 4224 1806 4278 carminibus

129 4321 546 4387 conquerantur
591 4313 689 4384 (a).
718 4312 823 4376 Qui
859 4311 905 4366 si
934 4312 1042 4366 hoc
1080 4312 1266 4365 solum
1296 4311 1668 4383 interrogent,
1708 4310 1826 4367 cur'

136 4401 246 4456 Itali
301 4419 525 4474 semper
563 4417 790 4456 serenas
841 4399 1060 4454 hiemes
1101 4403 1284 4466 orent,
1316 4405 1372 4454 et
1407 4400 1544 4455 item
1583 4417 1810 4472 semper

133 4490 337 4545 Getulia
366 4496 564 4546 nostra
593 4489 800 4544 misera
844 4489 1032 4556 sitiat;
1075 4487 1202 4559 quis
1243 4489 1324 4542 eis
1368 4489 1528 4543 facile
1572 4506 1808 4561 respon-

133 4576 310 4634 debit?
338 4585 434 4634 aut
464 4580 560 4633 ubi
581 4578 731 4648 apud
766 4594 869 4631 nos
896 4575 1258 4648 indagabitur
1277 4577 1430 4631 illius
1459 4577 1672 4632 ordinis
1695 4578 1812 4632 ulla

136 4667 360 4737 suspicio
381 4671 410 4723 â€˜P
450 4670 562 4738 Ego
592 4673 802 4732 autem,
835 4667 881 4720 si
911 4666 1049 4737 quid
1097 4683 1257 4720 meos
1290 4683 1524 4721 monere
1555 4684 1808 4737 possum,

136 4760 395 4822 quantum
446 4757 590 4811 mihi
629 4759 882 4827 apparet,
925 4758 1316 4837 quantumque
1359 4755 1560 4815 sentio,
1610 4771 1811 4809 censeo

137 4839 250 4895 illos
302 4845 614 4916 disciplinis
683 4845 948 4899 omnibus
1017 4843 1359 4898 erudiendos
1407 4845 1447 4911 (Î™
1493 4846 1813 4913 Retractat.,

139 4944 245 4998 cap.
281 4935 330 4999 3,
361 4950 415 4988 n.
455 4935 527 5002 2).
575 4933 754 4988 Aliter
789 4932 1001 5003 quippe
1040 4932 1146 4986 ista
1175 4931 1254 4986 sic
1299 4931 1564 5002 intelligi,
1595 4937 1660 4986 ut
1689 4932 1814 4986 luce

141 5015 360 5075 clariora
387 5022 519 5091 sint,
549 5023 705 5076 nullo
759 5022 927 5076 modo
980 5025 1236 5091 possunt.
1279 5020 1336 5076 Si
1376 5023 1568 5074 autem
1599 5024 1696 5074 aut
1724 5019 1814 5091 pi-

143 5103 342 5171 griores
373 5114 523 5164 sunt.
557 5113 655 5163 aut
681 5108 808 5162 aliis
858 5108 1098 5176 negotiis
1153 5107 1521 5178 praeocupati,
1571 5111 1669 5161 aut
1696 5107 1818 5179 jam

147 5189 261 5247 duri
291 5196 357 5250 ad
413 5196 769 5264 discendum,
813 5195 946 5250 ï¬dei
976 5195 1083 5250 sibi
1113 5195 1378 5268 praesidia
1422 5200 1660 5267 parent;
1705 5212 1819 5268 quo

152 5332 389 5444 mutila?
412 5337 773 5401 volentesque.
796 5336 1095 5386 Lectionem
1123 5335 1206 5384 Er.
1239 5335 1368 5385 Ven.
1392 5336 1513 5386 Lov.
1546 5336 1706 5387 secuti
1741 5351 1825 5386 su-

154 5548 192 5607 Î¹â€™
203 5489 272 5600 (á¼“.)
284 5492 508 5613 Î¾á¿–Îµá¿á½²á¿—á½ºá½³á¼“)
516 5510 731 5606 carmen
747 5495 1082 5546 subindicare
1092 5493 1318 5556 videtur,
1333 5495 1396 5546 de
1427 5509 1531 5560 quo
1544 5510 1719 5560 supra,
1733 5497 1825 5549 lib.

434 5656 713 5724 PATROL.
763 5656 1012 5724 XXXII.

1533 305 1743 361 LIBER
1785 303 2172 361 SECUNDUS.

3471 324 3489 374 t
3503 319 3606 375 002

1913 429 2040 483 illos
2069 429 2294 484 vinculo
2325 431 2396 485 ad
2448 448 2567 486 sese
2597 433 2806 500 trahat,
2851 438 3024 505 atque
3055 437 3124 490 ab
3178 437 3266 491 his
3304 440 3605 496 horrendis

1911 522 1965 570 et
2003 517 2430 573 involutissimis
2459 522 2622 574 malis
2651 522 2852 577 liberet
2883 524 2998 589 ille,
3050 525 3148 595 qui
3182 526 3468 582 neminem
3497 529 3605 583 sibi

1909 621 2012 675 per
2042 606 2309 676 mysteria
2339 607 2481 661 bene
2517 611 2840 665 credentem
2874 613 3058 682 perire
3089 614 3388 683 permittit.

1985 696 2066 748 16.
2099 695 2310 764 Duplex
2327 695 2480 749 enim
2503 705 2586 750 est
2606 698 2692 751 via
2720 716 2892 769 quam
2919 701 3233 770 sequimur,
3255 719 3384 756 cum
3410 720 3605 759 rerum

1911 797 2010 834 nos
2039 782 2350 836 obscuritas
2381 790 2606 850 movet;
2657 792 2756 840 aut
2785 789 3088 854 rationem,
3135 795 3235 844 aut
3282 796 3432 845 certe
3472 809 3606 846 auc-

1911 869 2226 924 toritatem.
2285 871 2644 942 Philosophia
2717 876 2994 930 rationem
3047 879 3342 948 promittit,
3405 884 3462 933 et
3515 879 3607 934 vix

1910 957 2277 1024 paucissimos
2307 959 2510 1013 liberat
2543 977 2554 1012 :
2589 977 2730 1031 quos
2759 967 2948 1016 tamen
2979 981 3093 1018 non
3119 967 3287 1020 modo
3317 984 3435 1021 non
3469 984 3606 1022 con-

1911 1049 2166 1099 temnere
2216 1046 2313 1100 illa
2361 1048 2649 1117 mysteria,
2683 1051 2782 1103 sed
2814 1052 2933 1104 sola
2970 1051 3306 1122 intelligere,
3342 1060 3404 1108 ut
3432 1055 3604 1109 intel-

1911 1133 2140 1202 ligenda
2171 1139 2321 1201 sunt,
2359 1136 2526 1206 cogit.
2551 1138 2896 1208 Nullumque
2917 1139 3066 1193 aliud
3086 1141 3256 1194 habet
3284 1143 3602 1213 negotium,

1913 1237 2040 1290 quae
2073 1238 2221 1287 vera,
2249 1227 2324 1289 et,
2358 1229 2422 1275 ut
2454 1222 2533 1276 ita
2573 1224 2782 1291 dicam,
2814 1242 3088 1295 germana
3114 1228 3473 1299 philosophia
3499 1235 3600 1296 est,

1913 1324 2087 1378 quam
2117 1314 2181 1362 ut
2210 1309 2408 1363 doceat
2439 1312 2587 1380 quod
2618 1312 2690 1365 sit
2729 1315 2988 1367 omnium
3020 1331 3212 1369 rerum
3258 1317 3606 1388 principium

1914 1397 2036 1449 sine
2064 1397 2369 1467 principio,
2399 1404 2762 1470 quantusque
2807 1401 2866 1454 in
2897 1417 2962 1455 eo
2997 1409 3225 1456 maneat
3262 1403 3605 1474 intellectus,

1913 1483 2117 1554 quidve
2150 1484 2280 1538 inde
2312 1485 2370 1538 in
2401 1493 2656 1541 nostram
2696 1489 2934 1542 salutem
2969 1490 3090 1544 sine
3136 1493 3250 1544 ulla
3297 1492 3606 1562 degenera-

1913 1567 2066 1622 tione
2095 1571 2448 1625 manaverit:
2489 1589 2658 1642 quem
2702 1590 2880 1628 unum
2929 1577 3104 1629 Deum
3151 1577 3608 1647 omnipotentem

1914 1673 2161 1727 eumque
2205 1661 2222 1695 Â¹
2263 1658 2653 1729 tripotentem,
2698 1663 2941 1727 Patrem,
2975 1667 3031 1716 et
3064 1663 3371 1732 Filium,et
3422 1665 3608 1735 Spiri-

1913 1748 2036 1798 tum
2066 1750 2344 1812 sanctum,
2380 1747 2586 1801 docent
2623 1749 2947 1803 veneranda
2993 1751 3284 1820 mysteria,
3320 1767 3449 1822 quae
3493 1751 3606 1806 ï¬de

1913 1833 2131 1886 sincera
2164 1839 2220 1888 et
2251 1833 2583 1889 inconcussa
2623 1837 2866 1906 populos
2902 1837 3178 1903 liberant;
3204 1855 3308 1892 nec
3350 1839 3602 1905 confuse,

1913 1925 1976 1974 ut
2015 1921 2276 1990 quidam;
2328 1939 2429 1976 nec
2479 1925 2906 1990 contumeliose,
2953 1931 3016 1980 ut
3055 1927 3219 1980 multi
3266 1927 3605 1998 praedicant.

1913 2007 2200 2071 Quantum
2233 2014 2423 2063 autem
2454 2011 2593 2065 illud
2625 2012 2716 2078 sit,
2765 2013 2915 2083 quod
2945 2014 3052 2066 hoc
3084 2014 3254 2068 etiam
3289 2015 3468 2069 nostri
3497 2031 3602 2085 ge-

1913 2095 2064 2149 neris
2086 2113 2308 2167 corpus,
2343 2103 2533 2152 tantus
2572 2105 2806 2170 propter
2834 2117 2940 2154 nos
2987 2103 3134 2155 Deus
3176 2119 3465 2157 assumere
3512 2108 3602 2158 at-

1914 2195 2022 2249 que
2052 2196 2218 2250 agere
2250 2181 2517 2250 dignatus
2547 2188 2652 2250 est,
2684 2187 2897 2252 quanto
2950 2184 3172 2238 videtur
3208 2185 3398 2254 vilius,
3443 2191 3604 2241 tanto

1913 2273 1995 2321 est
2053 2269 2352 2322 clementia
2404 2270 2649 2338 plenius,
2703 2276 2759 2324 et
2801 2289 2833 2324 a
2885 2273 3130 2342 quadam
3171 2273 3602 2344 ingeniosorum

1914 2357 2180 2426 superbia
2212 2358 2379 2428 longe
2409 2358 2634 2429 lateque
2673 2361 2965 2414 remotius.

1987 2445 2070 2496 t7.
2101 2442 2308 2496 Anima
2351 2459 2483 2496 vero
2520 2443 2672 2497 unde
2717 2444 2992 2514 originem
3038 2446 3226 2512 ducat,
3263 2445 3467 2516 quidve
3512 2446 3605 2500 hic

1914 2534 2063 2600 agat,
2088 2534 2367 2601 quantum
2406 2531 2575 2585 distet
2626 2549 2658 2585 a
2691 2533 2827 2598 Deo,
2862 2533 3000 2603 quid
3048 2534 3258 2587 habeat
3301 2535 3603 2605 proprium

1913 2618 2064 2688 quod
2096 2620 2342 2672 alternat
2369 2618 2428 2671 in
2461 2625 2763 2690 utramque
2820 2625 3107 2686 naturam,
3141 2625 3426 2691 quatenus
3473 2636 3597 2674 mo-

1913 2703 2094 2757 riatur
2111 2709 2166 2758 et
2196 2706 2485 2774 quomodo
2516 2705 2857 2760 immortalis
2888 2707 3202 2777 probetur?
3223 2724 3395 2778 quam
3410 2707 3607 2777 magni

1912 2793 2123 2864 putatis
2154 2809 2274 2847 esse
2298 2793 2532 2857 ordinis,
2565 2799 2630 2848 ut
2659 2795 2764 2848 ista
2791 2795 3120 2850 discantur?
3149 2795 3335 2863 Magni
3366 2795 3604 2849 omnino

1912 2887 2082 2950 alque
2121 2881 2297 2934 certi:
2331 2881 2400 2935 de
2450 2898 2563 2951 quo
2591 2882 2856 2950 breviter,
2899 2882 2942 2934 si
2977 2886 3201 2952 tempus
3244 2883 3434 2948 fuerit,
3477 2885 3606 2951 post

1912 2969 2232 3039 loquemur.
2266 2969 2412 3023 Illud
2445 2985 2596 3022 nunc
2635 2986 2667 3022 a
2708 2987 2797 3023 me
2844 2969 3131 3039 accipiatis
3174 2971 3336 3023 volo:
3384 2970 3432 3022 si
3475 2970 3605 3039 quis

1909 3061 2123 3110 temere
2147 3073 2211 3110 ac
2239 3057 2360 3111 sine
2383 3057 2582 3111 ordine
2611 3057 3042 3127 disciplinarum
3081 3057 3140 3110 in
3171 3058 3376 3111 harum
3404 3073 3598 3110 rerum

1910 3144 2294 3214 cognitionem
2327 3145 2495 3200 audet
2527 3146 2765 3212 irruere,
2799 3162 2900 3216 pro
2939 3145 3191 3200 studioso
3227 3146 3390 3199 illum
3423 3145 3603 3200 curio-

1911 3249 2057 3299 sum,
2113 3249 2218 3302 pro
2266 3233 2431 3286 docto
2483 3234 2800 3299 credulum,
2857 3250 2962 3303 pro
3031 3238 3196 3288 cauto
3245 3233 3604 3288 incredulum

1911 3320 2056 3375 fieri.
2089 3322 2285 3391 Itaque
2315 3321 2457 3374 mihi
2487 3323 2639 3391 quod
2679 3322 2850 3376 modo
2882 3322 3260 3392 interroganti
3303 3326 3418 3376 tam
3459 3315 3605 3376 bene

1911 3413 2080 3481 atque
2112 3414 2242 3479 apte
2274 3409 2664 3479 respondistis,
2697 3415 2751 3463 et
2781 3410 2958 3464 miror
2994 3410 3146 3464 unde
3193 3410 3286 3473 sit,
3330 3414 3385 3464 et
3432 3426 3609 3481 cogor

1912 3514 2239 3569 agnoscere.
2289 3497 2595 3552 Videamus
2624 3503 2816 3552 tamen
2845 3515 3142 3570 quousque
3181 3499 3450 3570 progredi
3484 3515 3608 3552 ves-

1911 3590 1998 3640 tra
2043 3587 2224 3639 latens
2270 3586 2450 3655 possit
2495 3585 2756 3640 intentio.
2789 3588 2913 3641 Jam
2962 3587 3126 3641 nobis
3166 3587 3401 3641 Licentii
3433 3587 3608 3641 etiam

1911 3673 2080 3727 verba
2109 3672 2438 3737 reddantur,
2471 3673 2569 3743 qui
2599 3678 2714 3726 tam
2759 3673 2858 3727 diu
2898 3673 3088 3727 nescio
3119 3690 3234 3744 qua
3267 3690 3403 3727 cura
3447 3691 3609 3728 occu-

1912 3766 2100 3832 patus,
2151 3760 2373 3814 alienus
2427 3761 2497 3813 ab
2539 3762 2644 3814 hoc
2691 3777 2949 3815 sermone
3009 3761 3136 3828 fuit,
3187 3766 3251 3815 ut
3295 3777 3427 3815 eum
3475 3761 3603 3825 ista,

1911 3866 2025 3904 non
2057 3849 2222 3903 aliter
2248 3864 2418 3919 quam
2449 3864 2546 3902 eos
2586 3849 2684 3919 qui
2722 3866 2837 3903 non
2881 3849 3084 3903 adsunt
3126 3850 3432 3904 familiares
3468 3866 3610 3904 nos-

1911 3942 2048 4005 tros,
2083 3937 2309 3992 credam
2342 3953 2462 3992 esse
2492 3939 2793 3992 lecturum.
2827 3938 2934 3993 Sed
2966 3939 3088 3993 redi
3130 3939 3198 3993 ad
3232 3956 3356 4003 nos,
3392 3957 3607 4010 quaeso,

1915 4025 2150 4090 Licenti,
2183 4031 2352 4096 atque
2382 4025 2472 4079 hic
2521 4031 2669 4080 totus
2699 4027 2784 4080 fac
2814 4030 2876 4080 ut
2904 4026 3088 4081 adsis:
3131 4027 3234 4080 tibi
3276 4027 3432 4080 enim
3461 4027 3606 4082 dico.

1915 4116 2056 4168 Nam
2087 4113 2480 4169 deï¬nitionem
2513 4131 2700 4168 meam
2731 4119 2789 4168 tu
2823 4114 3096 4185 probasti,
3144 4131 3256 4186 qua
3284 4115 3499 4170 dictum
3530 4119 3615 4169 est

1915 4203 2054 4274 quid
2085 4203 2156 4256 sit
2195 4219 2314 4256 esse
2353 4219 2482 4257 cum
2525 4205 2661 4271 Deo,
2711 4220 2842 4258 cum
2887 4220 3001 4275 quo
3048 4209 3304 4262 mentem
3343 4203 3616 4275 sapientis

1899 4299 2151 4346 'manere
2203 4291 2582 4360 immobilem,
2648 4308 2763 4358 me,
2830 4295 3112 4362 quantum
3164 4291 3391 4364 assequi
3431 4292 3614 4359 valeo,

1916 4381 2118 4436 docere
2147 4379 2390 4434 voluisti.

2137 4468 2362 4523 CAPUT
2390 4469 2480 4522 VI.
2512 4499 2579 4508 â€”â€”
2611 4470 2759 4523 Mens
2799 4471 3063 4538 sapientis
3087 4469 3399 4525 immobilis.

1994 4558 2078 4611 t8.
2111 4555 2220 4610 Sed
2253 4555 2393 4609 illud
2429 4571 2519 4610 me
2551 4560 2763 4624 movet,
2787 4557 3074 4627 quomodo
3108 4572 3237 4609 cum
3263 4555 3368 4610 ista
3395 4554 3622 4626 sapiens

1923 4643 2200 4714 quamdiu
2257 4642 2408 4696 inter
2452 4643 2716 4697 homines
2759 4643 2919 4710 vivit,
2968 4643 3028 4698 in
3078 4659 3312 4714 corpore
3353 4660 3474 4698 esse
3504 4660 3624 4698 non

1923 4734 2194 4802 negetur;
2224 4747 2338 4801 quo
2395 4734 2560 4801 pacto
2589 4729 2690 4785 fiat
2737 4735 2803 4784 ut
2846 4731 2968 4800 ejus
3016 4747 3253 4801 corpore
3299 4732 3412 4795 huc
3455 4736 3626 4803 atque

1923 4819 2058 4874 illuc
2113 4822 2377 4888 vagante,
2425 4834 2588 4872 mens
2638 4818 2954 4872 immobilis
3009 4824 3258 4876 maneat.
3307 4822 3419 4876 Ista
3471 4823 3625 4876 enim

1922 4907 2092 4962 modo
2145 4911 2308 4978 potes
2359 4906 2566 4971 dicere,
2620 4923 2750 4961 cum
2810 4912 3068 4963 movetur
3132 4911 3308 4979 navis,
3366 4911 3626 4966 homines

1925 4994 2112 5066 quiin
2157 5009 2224 5048 ea
2276 4997 2410 5048 sunt.
2438 5010 2554 5047 non
2601 4995 2842 5060 moveri,
2895 4998 3155 5068 quamvis
3196 4999 3266 5052 ab
3314 4997 3451 5069 ipsis
3500 5013 3626 5050 eam

1925 5081 2204 5155 possideri
2235 5081 2658 5154 gubernarique
2688 5084 2988 5140 fateamur.
3024 5087 3244 5141 Etenim
3275 5086 3320 5140 si
3351 5087 3471 5140 sola
3500 5101 3626 5139 eam

1994 5191 2009 5223 á½·
2035 5189 2093 5235 In
2119 5187 2389 5236 codicibus
2420 5190 2735 5250 pervetustis
2753 5190 3117 5241 Corbeiensiet
3143 5189 3538 5239 Theodericensi
3563 5189 3629 5236 le-

1933 5251 2090 5314 gitur,
2113 5262 2239 5314 cuyn
2258 5263 2355 5314 quo
2379 5253 2798 5314 (ripoirenlemdn
2819 5254 2937 5300 Mss.
2954 5254 3186 5302 Abbatiae
3206 5250 3630 5306 Vindocineusis,

1934 5312 1996 5386 eo
2023 5325 2147 5386 quo.
2178 5312 2238 5386 á¼”Ï
2276 5312 2462 5386 aâ€˜lioâ€˜S.
2488 5313 2834 5386 bii-chaelisin
2867 5316 3106 5386 Peniculo
3133 5314 3289 5386 maris
3303 5315 3634 5386 eggvtelripâ€˜o:

1937 5373 2152 5438 tentem.
2178 5373 2361 5438 Facilis
2383 5373 2468 5438 hic
2486 5374 2585 5422 fuit
2604 5375 2936 5424 librariorum
2956 5377 3131 5438 lapsus
3155 5390 3165 5422 :
3186 5375 3275 5422 sed
3297 5373 3452 5421 ofï¬cii
3467 5374 3633 5438 nostri

1937 5450 2049 5486 esse
2075 5435 2320 5483 ducimus
2343 5435 2593 5484 lectiones
2624 5451 2826 5494 omnes,
2850 5438 2890 5485 si
2919 5433 3049 5484 forte
3075 5441 3276 5483 veteres
3311 5448 3370 5482 ac
3400 5433 3634 5482 melioris

1937 5500 2078 5548 notua
2097 5497 2304 5546 codices
2329 5498 2384 5547 in
2406 5511 2461 5548 re
2482 5511 2591 5547 non
2611 5497 2710 5547 levi
2729 5499 3066 5563 dissentiunt,
3079 5496 3422 5545 eruditiorum
3431 5495 3634 5558 judicio

1940 5571 2224 5610 reservare.

2791 5653 3306 5740 (Trente-deux.)
