4058 6366
430 295 565 348 1003
1688 279 1782 334 DE
1821 277 2110 344 0RDINE,

423 411 761 484 cogitatione
810 412 1092 478 regerent,
1137 406 1500 474 facerentque
1556 401 1639 456 ire
1693 417 1806 472 quo
1859 401 2105 465 vellent;

421 506 634 565 tamen,
664 515 794 552 eum
839 515 903 550 ea
943 498 1287 561 moveretur,
1318 508 1433 546 non
1475 494 1713 560 possunt
1741 489 1822 542 illi
1882 488 1980 560 qui
2009 487 2111 540 ibi-

424 589 552 641 dem
583 585 879 640 eonstituti
909 589 1042 636 sunt
1073 599 1187 635 non
1219 580 1458 634 moveri.
1507 580 1646 641 Non,
1690 577 1770 630 ait
1803 575 2105 639 Licentius,

421 676 647 729 animus
676 675 753 727 ita
783 679 867 726 est
897 673 955 724 in
997 687 1250 740 corpore,
1289 673 1351 721 ut
1381 683 1587 737 corpus
1626 665 1876 734 imperet
1897 665 2106 717 animo.

425 763 617 831 Neque
647 761 754 814 hoc
782 775 886 828 ego
930 758 1074 820 dico,
1107 757 1381 826 inquam:
1425 754 1520 806 sed
1559 752 1732 804 etiam
1778 767 1950 820 eques
1993 764 2109 802 non

421 849 500 902 ita
542 853 624 901 est
671 848 730 900 in
788 863 954 915 equo,
1015 849 1078 897 ut
1129 844 1179 895 ei
1231 858 1412 912 equus
1468 841 1842 909 imperet;et
1891 843 2105 903 tamen,

422 935 679 1007 quamvis
710 950 824 1004 quo
855 933 989 986 velit
1019 932 1098 984 ire
1143 945 1354 1000 equum
1411 934 1561 998 agat,
1604 943 1749 997 equo
1790 930 1948 980 moto
1986 941 2110 979 mo-

420 1032 616 1078 veatur
644 1038 869 1076 necesse
902 1025 1002 1074 est.
1039 1022 1247 1084 Potest,
1289 1017 1494 1086 inquit,
1527 1016 1720 1069 sedere
1749 1014 1868 1084 ipse
1899 1013 2107 1066 immo-

419 1112 566 1165 bilis.
599 1110 766 1179 Cogis
795 1125 916 1173 nos,
959 1108 1214 1177 inquam,
1258 1105 1495 1158 delinire
1545 1104 1682 1173 quid
1739 1103 1813 1155 sit
1857 1101 2104 1155 moveri:

420 1200 570 1267 quod
601 1200 647 1252 si
667 1203 851 1268 potes,
885 1195 1057 1249 facias
1089 1195 1234 1246 volo.
1283 1194 1533 1254 Prorsus,
1597 1189 1802 1259 inquit,
1857 1193 2106 1256 maneat,

421 1302 632 1356 quasso,
658 1282 996 1338 beneﬁcium
1021 1287 1216 1345 tuum;
1247 1295 1379 1332 nam
1398 1277 1912 1346 manetpostulatio
1941 1293 2068 1330 mea
2093 1293 2104 1330 :

421 1379 475 1426 et
503 1389 570 1425 ne
611 1388 700 1425 me
731 1386 928 1423 rursus
953 1369 1287 1437 interroges,
1316 1371 1509 1420 utrum
1541 1365 1683 1419 mihi
1711 1365 1948 1419 deﬁnire
1991 1366 2110 1434 pla-

420 1466 577 1526 ceat;
637 1459 864 1530 quando
927 1457 982 1510 id
1039 1457 1220 1509 facere
1272 1460 1532 1524 potuero,
1584 1453 1704 1523 ipse
1758 1452 2098 1523 proﬁtebor.

420 1550 555 1612 Quae
593 1563 723 1601 cum
772 1547 918 1598 dicta
958 1549 1164 1608 essent,
1212 1559 1354 1612 puer
1395 1543 1464 1595 de
1512 1543 1683 1594 domo
1733 1541 1825 1594 cui
1869 1541 2107 1594 dedera-

419 1652 546 1688 mus
570 1636 625 1688 id
656 1633 886 1703 negotii,
917 1632 1164 1686 cucurrit
1192 1632 1257 1684 ad
1290 1646 1410 1694 nos,
1443 1635 1497 1683 et
1517 1631 1715 1683 horam
1747 1629 1974 1698 prandii
1990 1644 2109 1681 esse

418 1723 716 1777 nuntiavit.
748 1724 890 1774 Tum
923 1737 1064 1790 ego:
1115 1718 1259 1782 Quid
1291 1719 1380 1781 sit,
1427 1718 1683 1787 inquam,
1726 1717 1960 1779 moveri,
1994 1733 2112 1770 non

418 1811 657 1866 deﬁnire
683 1826 785 1862 nos
825 1825 970 1878 puer
1009 1809 1132 1868 iste,
1177 1807 1274 1860 sed
1319 1805 1458 1875 ipsis
1506 1807 1683 1858 oculis
1726 1805 1880 1874 cogit
1920 1809 2108 1858 osten-

415 1901 567 1954 dere.
619 1900 822 1951 Eamus
856 1896 1050 1965 igitur,
1093 1899 1147 1947 et
1183 1894 1252 1947 de
1289 1894 1396 1946 isto
1439 1894 1561 1946 loco
1608 1893 1666 1945 in
1708 1893 1885 1946 alium
1918 1893 2107 1946 locum

413 1993 770 2041 transeamus
796 2001 808 2038 :
846 2000 974 2037 nam
1005 1982 1149 2035 nihil
1181 1986 1265 2034 est
1294 1981 1470 2049 aliud,
1497 1981 1606 2034 nisi
1643 1981 1827 2047 fallor,
1861 1981 2101 2035 moveri.

417 2075 516 2129 Hic
545 2090 674 2128 cum
705 2072 1046 2138 arrisissent,
1080 2069 1460 2123 discessimus.

963 2175 1272 2212 DISPUTATIO
1304 2173 1566 2211 SECUNDA.

488 2254 571 2305 19.
599 2253 671 2303 At
697 2248 793 2302 ubi
825 2248 1126 2302 refecimus
1167 2262 1422 2316 corpora,
1467 2244 1740 2315 quoniam
1770 2244 1976 2298 ccelum
2007 2245 2108 2299 ob-

413 2339 654 2393 duxerat
681 2337 881 2403 nubes,
911 2336 1076 2389 solito
1107 2335 1232 2388 loco
1267 2334 1328 2386 in
1362 2333 1566 2386 balneo
1599 2332 1976 2386 consedimus.
2007 2335 2107 2386 At-

413 2443 522 2497 que
553 2442 694 2494 ego:
733 2425 1000 2479 Concedis
1031 2439 1188 2491 ergo.
1222 2423 1481 2491 inquam,
1529 2421 1760 2487 Licenti,
1804 2420 1949 2473 nihil
1983 2436 2105 2474 esse

413 2514 568 2568 aliud
615 2519 838 2566 motum
909 2528 1080 2582 quam
1127 2510 1197 2562 de
1259 2510 1384 2562 loco
1423 2509 1482 2562 in
1535 2508 1720 2561 locum
1761 2509 2110 2562 transitum?

415 2602 692 2662 Concedo,
735 2599 946 2669 inquit.
1007 2597 1278 2652 Concedis
1309 2614 1464 2667 ergo,
1515 2596 1774 2666 inquam,
1818 2597 2108 2650 neminem

415 2690 475 2742 in
505 2705 570 2742 eo
620 2689 742 2742 loco
791 2704 910 2740 esse
942 2687 999 2739 in
1045 2703 1156 2756 quo
1205 2702 1321 2739 non
1367 2687 1575 2753 fuerat,
1633 2691 1689 2738 et
1729 2690 1950 2739 motum
1992 2702 2108 2739 non

410 2779 625 2830 fuisse?
658 2779 781 2830 Non
809 2775 1087 2844 intelligo,
1121 2773 1326 2843 inquit.
1359 2773 1416 2827 Si
1445 2773 1604 2842 quid,
1636 2773 1892 2842 inquam,
1918 2773 1977 2825 in
1994 2771 2104 2824 alio

410 2867 532 2919 loco
578 2867 685 2918 fuit
734 2863 969 2927 dudum,
1016 2867 1072 2916 et
1120 2878 1272 2915 nunc
1321 2861 1380 2914 in
1426 2863 1533 2914 alio
1575 2866 1677 2927 est,
1720 2867 1939 2914 motum
1985 2875 2105 2914 esse

410 2955 712 3009 concedis?
745 2952 1188 3007 Assentiebatur.
1223 2952 1388 3020 Ergo,
1419 2949 1674 3020 inquam,
1711 2954 1906 3018 posset
1933 2948 2106 3002 alicu-

403 3045 497 3114 jus
525 3042 794 3113 sapientis
831 3041 1020 3094 vivum
1057 3055 1260 3108 corpus
1290 3038 1381 3092 hic
1412 3038 1579 3091 modo
1627 3038 1921 3090 nobiscum
1961 3053 2100 3102 esse,

411 3137 475 3184 ut
515 3131 739 3184 animus
788 3128 924 3182 hinc
965 3126 1228 3181 abesset?
1275 3129 1485 3193 Posset,
1549 3125 1758 3195 inquit.
1826 3125 2099 3192 Etiamne,

408 3220 666 3289 inquam,
699 3218 745 3270 si
763 3216 1057 3269 nobiscum
1082 3215 1525 3284 colloqueretur,
1553 3218 1610 3266 et
1639 3229 1742 3266 nos
1769 3212 1987 3282 aliquid
2009 3213 2102 3266 do-

409 3307 598 3360 ceret?
634 3303 887 3372 Etiamsi,
918 3303 1122 3373 inquit,
1156 3319 1258 3354 nos
1285 3302 1469 3371 ipsam
1501 3300 2097 3370 doceretsapientiam,

408 3411 525 3448 non
555 3394 717 3447 illum
749 3393 995 3446 dicerem
1027 3390 1323 3443 nobiseum
1374 3405 1514 3455 esse,
1565 3389 1661 3442 sed
1711 3405 1928 3442 secum.
1975 3390 2097 3442 Non

407 3483 584 3552 igitur
638 3482 697 3534 in
743 3496 1001 3550 corpore,
1050 3480 1326 3546 inquam?
1369 3479 1515 3539 Non,
1563 3477 1768 3547 inquit.
1816 3477 1918 3531 Cui
1949 3493 2093 3547 ego:

408 3571 623 3639 Corpus
653 3568 795 3622 illud
821 3567 975 3638 quod
1002 3570 1217 3620 careret
1237 3565 1451 3630 animo,
1476 3581 1666 3618 nonne
1700 3568 1989 3618 mortuum
2019 3565 2098 3618 fa-

404 3656 620 3720 tereris,
653 3670 779 3708 cum
812 3669 917 3722 ego
943 3653 1131 3705 vivum
1161 3650 1600 3721 proposuerim?
1628 3650 1846 3713 Nescio,
1879 3650 2092 3721 inquit,

403 3745 687 3816 quomodo
738 3743 1031 3813 explicem.
1075 3742 1217 3794 Nam
1275 3746 1332 3793 et
1368 3757 1571 3810 corpus
1607 3739 1857 3793 hominis
1905 3740 2094 3793 vivum

404 3850 521 3887 esse
552 3849 665 3886 non
694 3847 859 3901 posse
888 3830 1072 3896 video,
1103 3828 1150 3882 si
1181 3828 1404 3882 animus
1436 3827 1491 3880 in
1517 3845 1584 3882 eo
1605 3844 1719 3881 non
1748 3829 1858 3894 sit;
1893 3833 1949 3882 et
1977 3844 2094 3881 non

399 3937 631 3992 possum
661 3921 866 3987 dicere,
888 3918 1089 3972 ubiubi
1135 3918 1208 3971 sit
1249 3934 1456 3987 corpus
1497 3916 1789 3986 sapientis,
1823 3933 1941 3970 non
1972 3917 2092 3986 ejus

400 4011 658 4063 animum
687 4025 803 4061 esse
836 4023 964 4060 cum
1000 4008 1132 4059 Deo.
1169 4006 1304 4074 Ego,
1337 4005 1594 4074 inquam,
1629 4005 1854 4072 faciam,
1896 4009 1958 4058 ut
1984 4004 2091 4058 hoc

399 4099 664 4166 explices.
713 4097 967 4149 Fortasse
1015 4093 1170 4146 enim
1206 4093 1340 4161 quia
1378 4092 1590 4161 ubique
1631 4094 1777 4145 Deus
1808 4103 1910 4158 est,
1942 4109 2090 4162 quo-

399 4201 510 4255 quo
543 4183 672 4237 ierit
700 4182 944 4250 sapiens,
980 4179 1198 4233 invenit
1229 4181 1405 4233 Deum
1437 4195 1566 4232 cum
1600 4195 1712 4248 quo
1740 4196 1858 4233 esse
1888 4181 2086 4250 possit.

399 4274 482 4324 lta
513 4272 577 4324 ﬁt
606 4274 670 4323 ut
704 4268 987 4337 possimus
1035 4273 1090 4320 et
1131 4282 1244 4319 non
1287 4282 1496 4335 negare
1536 4267 1700 4320 illum
1747 4269 1816 4321 de
1853 4269 1974 4322 loco
2028 4269 2089 4322 in
2124 4275 2142 4290 '

397 4362 584 4413 locum
632 4355 893 4422 transire,
931 4355 1084 4424 quod
1131 4358 1216 4407 est
1252 4354 1504 4420 moveri;
1547 4358 1603 4407 et
1634 4360 1822 4408 tamen
1864 4372 2089 4426 semper

399 4465 518 4503 esse
548 4463 677 4500 eum
700 4447 840 4499 Deo.
882 4445 1098 4509 Fateor,
1123 4442 1328 4512 inquit,
1359 4458 1564 4513 corpus
1592 4443 1734 4496 illud
1765 4445 1832 4498 de
1875 4445 1997 4498 loco
2026 4449 2087 4499 in

397 4539 583 4590 locum
613 4533 915 4588 transitum
941 4532 1143 4597 facere,
1177 4532 1270 4585 sed
1299 4535 1550 4585 mentem
1572 4531 1757 4602 ipsam
1798 4549 1965 4603 nego,
1993 4533 2086 4588 cui

393 4640 608 4679 nomen
628 4621 896 4692 sapientis
927 4621 1265 4690 impositum
1299 4625 1402 4674 est.

395 4715 544 4767 CAP.
575 4713 688 4765 νη.
707 4742 774 4750 -
795 4709 1061 4776 Quomodo
1094 4711 1223 4764 ordo
1252 4711 1556 4776 fueritcum
1574 4711 1777 4763 malum
1792 4725 1899 4764 non
1927 4715 2078 4766 esset.

464 4805 551 4855 ‘20.
587 4801 748 4853 Nunc
785 4799 1015 4853 interim
1062 4799 1165 4853 tibi
1206 4799 1366 4866 cedo,
1418 4799 1677 4869 inquam,
1727 4815 1800 4853 ne
1848 4815 1937 4852 res
1980 4801 2081 4854 ob-

393 4889 732 4954 scurissima,
769 4892 823 4941 et
871 4881 1083 4942 diUtius
1131 4887 1577 4958 diligentiusque
1617 4887 1928 4952 tractanda,
1973 4888 2081 4942 im-

392 4979 583 5049 pediat
622 4977 682 5030 in
729 4975 1032 5046 praesentia
1071 4976 1430 5046 prepositum
1462 4981 1740 5032 nostrum.
1799 4975 1908 5030 Sed
1937 4976 2080 5030 illud

387 5068 702 5131 videamus,
753 5062 1025 5134 quoniam
1070 5064 1355 5118 diﬁnitum
1414 5069 1498 5118 est
1542 5081 1576 5118 a
1632 5065 1795 5118 nobis
1824 5064 1962 5134 quid
2008 5064 2081 5117 sit

388 5173 507 5210 esse
537 5155 657 5208 sine
692 5155 826 5219 Deo,
868 5156 1060 5204 utrum
1097 5153 1238 5205 scire
1268 5153 1549 5222 possimus
1590 5153 1782 5222 etiam,
1830 5153 1969 5223 quid
2007 5152 2080 5207 sit

387 5261 505 5298 esse
538 5244 658 5296 sine
701 5243 836 5306 Deo,
888 5239 1145 5310 quamvis
1189 5240 1309 5309 jam
1351 5241 1719 5294 manifestum
1759 5258 1879 5295 esse
1925 5239 2078 5294 arbi-

385 5336 524 5385 tror.
576 5333 717 5384 Nam
756 5329 918 5383 crede
967 5327 1147 5381 videri
1201 5327 1304 5380 tibi
1361 5344 1454 5381 eos
1508 5329 1605 5397 qui
1648 5345 1776 5382 cum
1809 5330 1923 5382 Deo
1959 5345 2075 5384 non

385 5424 536 5487 sunt,
569 5435 688 5472 esse
721 5419 841 5471 sine
881 5417 1017 5470 Deo.
1063 5415 1119 5468 Si
1165 5419 1420 5484 possent,
1472 5414 1678 5485 inquit,
1723 5415 1866 5468 mihi
1903 5416 2074 5472 verba

382 5511 702 5576 suppetere,
735 5506 978 5562 dicerem
1001 5504 1237 5560 fortasse
1264 5503 1418 5572 quod
1448 5502 1552 5557 tibi
1576 5519 1693 5559 non
1722 5503 2063 5575 displiceret.

2163 275 2216 331 S.
2277 275 2661 332 AUGUSTINI

3803 275 3939 328 1004

2219 398 2326 452 Sed
2363 403 2495 469 peto
2537 397 2788 469 perferas
2819 395 3119 450 infantiam
3157 409 3368 462 meam,
3398 411 3605 468 resque
3658 397 3839 468 ipsas,
3871 402 3935 450 ut

2217 491 2270 541 te
2300 488 2478 552 decet,
2511 487 2685 540 veloci
2715 491 2904 540 mente
2948 485 3265 555 praeripias.
3315 485 3456 538 Nam
3505 485 3598 538 isti
3649 501 3760 538 nec
3791 501 3923 538 eum

2219 576 2332 628 Deo
2365 575 2505 628 mihi
2538 575 2800 627 videntur
2831 590 2972 640 esse,
3006 578 3063 627 et
3097 591 3128 626 a
3172 575 3280 626 Deo
3312 577 3505 626 tamen
3547 574 3776 628 haberi.
3815 575 3925 626 Ita-

2217 680 2326 732 que
2351 679 2459 716 non
2482 679 2712 731 possum
2745 679 2840 716 eos
2881 663 3000 716 sine
3032 663 3145 714 Deo
3177 677 3297 714 esse
3329 661 3537 727 dicere,
3590 678 3739 731 quos
3775 663 3927 715 Deus

2216 753 2406 806 habet.
2450 751 2589 805 Cum
2619 753 2733 804 Deo
2763 749 2901 804 item
2932 767 3047 804 non
3079 750 3225 816 dico,
3252 749 3387 820 quia
3415 749 3522 820 ipsi
3555 767 3676 804 non
3709 751 3927 803 habent

2217 841 2419 893 Deum.
2451 839 2744 909 Siquidem
2777 841 2952 892 Deum
2981 837 3352 907 habere,jam
3382 837 3534 890 inter
3564 855 3667 891 nos
3695 837 3924 908 pridem

2215 928 2274 980 in
2305 943 2566 980 sermone
2597 927 2694 980 illo
2723 943 2893 996 quem
2944 925 3034 980 die
3079 925 3251 978 natali
3292 930 3392 980 tuo
3427 926 3924 996 jucundissimum

2215 1015 2539 1081 habuimus,
2573 1015 2785 1084 placuit
2811 1014 2955 1067 nihil
2988 1013 3142 1067 aliud
3173 1030 3292 1066 esse
3326 1029 3496 1084 quam
3532 1015 3649 1068 Deo
3699 1015 3925 1084 perfrui

2217 1103 2316 1173 (De
2349 1105 2514 1156 Beata
2552 1102 2690 1166 Vita,
2724 1119 2779 1156 n.
2824 1103 2930 1173 34).
2961 1102 3068 1156 Sed
3112 1101 3295 1155 fateor
3329 1118 3417 1155 me
3465 1101 3784 1156 formidare
3819 1103 3925 1156 ista

2215 1190 2514 1252 contraria,
2576 1191 2864 1261 quomodo
2910 1190 3154 1261 quisque
3198 1205 3301 1244 nec
3342 1189 3464 1244 sine
3518 1191 3633 1244 Deo
3677 1191 3777 1260 sit,
3823 1209 3924 1245 nec

2216 1296 2344 1332 cum
2387 1280 2520 1333 Deo.

2285 1370 2372 1422 2t.
2407 1368 2532 1421 Non
2562 1371 2617 1422 te
2645 1371 2910 1420 moveant
2936 1367 3062 1429 ista,
3093 1366 3350 1437 inquam.
3376 1367 3519 1421 Nam
3547 1367 3646 1422 ubi
3675 1384 3767 1422 res
3791 1385 3927 1422 con-

2216 1456 2388 1520 venit,
2421 1455 2548 1526 quis
2595 1471 2713 1508 non
2742 1455 2910 1508 verba
2943 1455 3310 1509 contemnat?
3355 1456 3540 1520 Quare
3574 1457 3698 1527 jam
3746 1458 3823 1511 ad
3856 1459 3926 1511 it—

2218 1543 2333 1596 lam
2365 1543 2594 1596 tandem
2627 1543 2843 1596 ordinis
2871 1542 3263 1596 deﬁnitionem
3291 1544 3613 1597 redeamus.
3649 1546 3795 1598 Nam
3831 1562 3925 1598 or-

2217 1630 2410 1684 dinem
2438 1646 2556 1684 esse
2583 1630 2776 1683 dixisti
2802 1646 2913 1700 quo
2945 1631 3092 1683 Deus
3122 1631 3238 1700 agit
3264 1631 3478 1685 omnia.
3515 1633 3667 1686 Nihil
3699 1639 3921 1699 autem,

2218 1723 2280 1771 ut
2309 1719 2489 1781 video,
2520 1735 2636 1771 non
2667 1718 2782 1788 agit
2843 1719 3026 1771 Deus:
3083 1734 3213 1771 nam
3259 1718 3392 1772 inde
3435 1718 3622 1772 visum
3662 1719 3768 1773 tibi
3817 1726 3923 1781 est,

2218 1806 2361 1860 nihil
2393 1811 2601 1876 praeter
2639 1806 2898 1860 ordinem
2929 1822 3094 1876 posse
3137 1805 3402 1860 inveniri.
3447 1807 3653 1874 Manet,
3703 1807 3922 1878 inquit,

2219 1893 2500 1947 sententia
2555 1909 2714 1948 mea:
2770 1894 2866 1947 sed
2916 1894 3037 1964 jam
3095 1893 3257 1947 video
3305 1895 3446 1965 quid
3495 1895 3572 1948 sis
3635 1896 3921 1962 dicturus,

2199 1986 2411 2036 ‘utrum
2445 1983 2593 2035 Deus
2620 1983 2751 2052 agat
2780 1999 2904 2052 qua
2938 1999 3056 2035 non
3102 1983 3246 2036 bene
3276 1983 3370 2052 agi
3399 1983 3764 2039 conﬁtemur.
3801 1986 3920 2055 Op-

2216 2071 2377 2139 time,
2409 2070 2678 2140 inquam;
2714 2087 2943 2140 prorsus
2973 2071 3201 2124 oculum
3245 2071 3306 2124 in
3353 2077 3606 2126 mentem
3640 2073 3918 2143 injeeisti.

2219 2157 2324 2212 Sed
2366 2162 2427 2211 ut
2475 2157 2662 2212 vidisti
2693 2157 2831 2228 quid
2883 2174 3065 2211 essem
3093 2159 3367 2226 dicturus,
3416 2159 3498 2214 ita
3543 2165 3673 2231 peto
3720 2161 3922 2216 videas

2219 2246 2355 2316 quid
2395 2246 2849 2316 respondendum
2883 2245 2971 2299 sit.
3004 2251 3190 2316 Atque
3226 2247 3320 2300 ille
3360 2251 3568 2301 nutans
3609 2248 3797 2318 capite
3832 2255 3920 2304 at-

2218 2351 2329 2405 que
2359 2334 2634 2400 humeris,
2676 2335 3017 2400 Turbamur,
3053 2335 3277 2405 inquit:
3330 2341 3386 2390 et
3411 2335 3543 2390 huic
3571 2336 3720 2390 forte
3751 2354 3922 2408 qum-

2218 2421 2389 2476 stioni
2415 2427 2596 2476 mater
2628 2426 3051 2491 supervenerat.
3085 2424 3271 2494 Atque
3301 2421 3398 2476 ille
3429 2427 3561 2492 post
3589 2424 3925 2494 aliquantu-

2218 2510 2335 2562 lum
2369 2509 2661 2563 silentium
2681 2509 2847 2578 petiit
2876 2514 2939 2563 ut
2969 2526 3001 2564 a
3029 2525 3118 2562 me
3148 2511 3257 2564 hoc
3286 2511 3478 2579 ipsum
3506 2528 3705 2565 rursus
3736 2512 3924 2568 inter-

2217 2601 2532 2666 rogaretur.
2584 2597 2686 2652 Cui
2729 2597 2854 2652 loco
2899 2598 3160 2668 superius
3207 2616 3241 2653 a
3288 2599 3555 2669 Trygetio
3595 2599 3769 2655 fuisse
3831 2619 3924 2656 re-

2217 2701 2489 2754 sponsum
2519 2701 2634 2739 non
2663 2685 2900 2738 omnino
2933 2687 3414 2740 animadverterat
3443 2687 3606 2757 (Cap.
3645 2690 3697 2743 4.
3723 2706 3779 2743 n.
3808 2693 3922 2762 Η).

2213 2773 2355 2826 Tum
2406 2789 2538 2844 ego:
2603 2774 2769 2840 Quid,
2828 2773 3088 2845 inquam,
3161 2775 3250 2828 vel
3303 2790 3404 2829 cur
3459 2776 3564 2830 tibi
3617 2782 3925 2848 repetam?

2211 2863 2436 2926 Actum,
2482 2860 2663 2926 aiunt,
2706 2877 2776 2914 ne
2829 2877 2982 2931 agas.
3041 2861 3223 2924 Quare
3263 2878 3471 2916 moneo
3502 2863 3695 2933 potius
3754 2871 3821 2919 ut
3854 2883 3923 2921 ea

2212 2965 2340 3019 quae
2370 2965 2542 3020 supra
2573 2949 2722 3003 dicta
2747 2953 2896 3016 sunt,
2942 2950 3028 3003 vel
3058 2951 3248 3020 legere
3279 2967 3461 3017 cures,
3504 2952 3550 3004 si
3584 2953 3786 3007 audire
3821 2972 3922 3009 ne-

2213 3036 2462 3106 quivisti.
2511 3037 2692 3102 Quam
2723 3037 2954 3108 quidem
2996 3038 3312 3092 absentiam
3341 3056 3374 3092 a
3403 3055 3665 3094 sermone
3716 3048 3923 3098 nostro

2211 3124 2388 3178 animi
2419 3124 2503 3178 tui
2541 3141 2655 3178 non
2686 3141 2837 3195 aegre
2867 3125 2992 3188 tuli,
3049 3126 3263 3197 diuque
3289 3127 3367 3181 ita
3416 3144 3536 3182 esse
3566 3134 3620 3182 te
3667 3133 3920 3202 pertuli,

2208 3217 2272 3266 ut
2300 3229 2484 3283 neque
2512 3213 2610 3266 illa
2640 3213 2978 3283 impedirem
3023 3230 3152 3284 quas
3199 3219 3384 3268 tecum
3427 3215 3684 3270 intentus
3717 3235 3918 3275 remo-

2206 3304 2410 3370 tusque
2441 3317 2474 3353 a
2501 3301 2682 3368 nobis,
2717 3317 2820 3370 pro
2847 3306 2900 3354 te
2931 3302 3156 3371 agebas,
3193 3308 3248 3355 et
3273 3319 3338 3356 ea
3369 3320 3753 3376 persequerer
3773 3325 3916 3380 quae

2205 3393 2261 3441 te
2289 3389 2547 3442 amittere
2578 3390 2740 3443 stilus
2769 3389 2872 3443 iste
2905 3406 3023 3444 non
3061 3389 3293 3444 sineret.

2258 3478 2344 3528 22.
2357 3477 2396 3529 Ν
2407 3492 2513 3529 unc
2525 3477 2665 3530 illud
2681 3477 3054 3547 quasro,quod
3069 3478 3222 3531 nond
3233 3495 3328 3532 um
3341 3479 3622 3536 discutere
3636 3482 3914 3553 diligenti

2205 3563 2424 3618 ratione
2455 3565 2812 3618 tentavimus.
2867 3566 3006 3618 Nam
3037 3569 3101 3619 ut
3142 3567 3395 3637 primum
3438 3569 3602 3623 nobis
3632 3570 3802 3626 istam
3839 3574 3914 3628 de

2203 3652 2399 3707 ordine
2430 3653 2804 3722 quaestionem
2835 3655 3022 3706 nescio
3045 3655 3172 3724 quis
3207 3655 3344 3709 ordo
3383 3659 3629 3727 peperit,
3665 3663 3914 3716 memini

2202 3746 2257 3795 te
2286 3741 2491 3795 dixisse
2527 3743 2670 3794 hanc
2696 3758 2816 3795 esse
2855 3742 3135 3812 justitiam
3169 3743 3287 3808 Dei,
3321 3761 3450 3814 qua:
3482 3753 3710 3815 separat
3750 3749 3912 3804 inter

2198 3829 2380 3884 bonos
2409 3835 2466 3884 et
2494 3830 2694 3898 malos,
2725 3833 2780 3882 et
2808 3845 2908 3882 sua
2959 3830 3165 3899 cuique
3207 3832 3407 3885 tribuit
3442 3833 3664 3903 (Supra,
3710 3837 3807 3890 lib.
3853 3843 3908 3909 1,

2199 3934 2245 3972 c.
2281 3923 2312 3972 7
2355 3933 2410 3972 η.
2466 3920 2569 3988 19).
2605 3919 2745 3971 Nam
2790 3918 2945 3971 nulla
2975 3924 3077 3984 est,
3120 3925 3400 3989 quantum
3453 3923 3660 3989 sentio,
3709 3927 3907 3980 mani-

2198 4005 2393 4059 festior
2424 4005 2661 4075 justitize
2719 4005 3014 4059 deﬁnitio:
3069 4006 3262 4076 itaque
3312 4009 3654 4078 respondeas
3699 4013 3901 4080 velim,

2195 4099 2390 4148 utrum
2418 4093 2521 4148 tibi
2570 4093 2842 4147 videatur
2865 4093 3172 4163 aliquando
3205 4096 3384 4149 Deum
3424 4113 3536 4150 non
3585 4098 3762 4154 fuisse
3805 4102 3906 4170 ju-

2196 4189 2364 4238 stum.
2429 4183 2752 4253 Nunquam,
2813 4181 3016 4252 inquit.
3065 4183 3122 4237 Si
3173 4199 3312 4254 ergo
3359 4201 3605 4256 semper,
3653 4187 3902 4260 inquam

2198 4271 2569 4342 Deusjustus,
2603 4286 2828 4340 semper
2847 4270 3063 4324 bonum
3105 4275 3161 4324 et
3193 4273 3408 4326 malum
3440 4273 3694 4330 fuerunt.
3733 4279 3904 4332 Pror-

2194 4376 2308 4426 sus,
2338 4359 2527 4430 inquit
2574 4363 2773 4424 mater,
2819 4357 2962 4412 nihil
2994 4359 3152 4413 aliud
3182 4360 3345 4414 video
3398 4363 3554 4432 quod
3586 4372 3896 4434 sequatur.

2190 4448 2318 4503 Non
2337 4448 2489 4502 enim
2509 4446 2792 4517 judicium
2815 4447 2914 4500 Dei
2939 4446 3045 4501 fuit
3071 4447 3252 4501 ullum
3277 4450 3504 4519 quando
3531 4452 3752 4506 malum
3776 4471 3897 4509 non

2191 4537 2336 4605 fuit;
2370 4552 2492 4602 nec,
2525 4535 2572 4588 si
2601 4535 2908 4606 aliquando
2939 4535 3105 4590 bonis
3125 4540 3180 4590 et
3211 4537 3377 4590 malis
3410 4555 3513 4592 sua
3531 4539 3741 4610 cuique
3774 4558 3894 4598 non

2189 4625 2408 4692 tribuit,
2463 4627 2646 4695 potest
2700 4622 2876 4677 videri
2927 4624 3116 4694 justus
3171 4625 3364 4681 fuisse.
3420 4627 3522 4682 Cui
3556 4628 3890 4688 Licentius:

2191 4715 2335 4785 Ergo
2367 4712 2669 4768 dicendum
2701 4711 2867 4765 nobis
2892 4728 3105 4778 censes,
3150 4712 3363 4784 inquit,
3405 4731 3634 4786 semper
3666 4720 3890 4774 malum

2189 4803 2380 4857 fuisse.
2406 4802 2530 4856 Non
2561 4800 2764 4870 audeo,
2797 4799 2985 4870 inquit
3013 4800 3132 4869 illa,
3159 4801 3266 4855 hoc
3306 4801 3517 4857 dicere.
3567 4805 3714 4867 Quid
3749 4822 3891 4876 ergo

2187 4891 2459 4957 dicemus,
2490 4889 2726 4961 inquam
2747 4887 2774 4940 ?
2799 4887 2856 4942 Si
2886 4888 3034 4942 Deus
3060 4888 3188 4942 ideo
3214 4889 3405 4959 justus
3434 4895 3540 4957 est,
3573 4893 3710 4961 quia
3731 4894 3892 4963 judi-

2187 4986 2276 5036 cat
2302 4981 2450 5034 inter
2465 4979 2644 5033 bonos
2662 4980 2716 5030 et
2734 4977 2932 5040 malos,
2961 4976 3190 5047 quando
3213 4993 3334 5031 non
3363 4983 3487 5032 erat
3517 4981 3735 5035 malum
3771 4999 3891 5038 non

2187 5075 2305 5124 erat
2347 5071 2553 5140 justus.
2607 5065 2704 5120 [lic
2734 5064 2846 5118 illis
2894 5065 3212 5119 tacentibus
3245 5065 3626 5122 animadverti
3667 5071 3891 5142 Tryge-

2183 5151 2329 5206 tium
2367 5153 2677 5223 rependere
2707 5152 2868 5219 velle,
2927 5156 3097 5224 atque
3129 5154 3386 5224 permisi.
3441 5156 3638 5211 Atille
3671 5174 3685 5212 :
3723 5160 3893 5214 Pror-

2184 5256 2300 5306 sus,
2331 5240 2538 5309 inquit,
2586 5244 2706 5292 erat
2754 5241 2902 5294 Deus
2927 5241 3131 5310 justus.
3183 5243 3415 5297 Poterat
3443 5243 3599 5298 enim
3657 5245 3884 5303 bonum

2183 5327 2512 5397 malumque
2541 5342 2852 5393 secernere,
2911 5328 2957 5381 si
3013 5329 3335 5397 exstitisset,
3393 5337 3451 5385 et
3501 5348 3568 5386 eo
3599 5333 3723 5402 ipso
3765 5351 3885 5406 quo

2179 5419 2422 5486 poterat,
2445 5414 2629 5484 justus
2677 5420 2817 5470 erat.
2860 5417 2984 5470 Non
3015 5416 3189 5483 enim,
3229 5433 3362 5471 eum
3391 5418 3633 5474 dicimus
3657 5421 3886 5478 Cicero-

2179 5519 2313 5560 nem
2343 5502 2654 5574 prudenter
2681 5503 3046 5576 investigasse
3085 5506 3542 5577 conjurationem
3594 5508 3885 5583 Catilinae,
