  <div class='ocr_page' id='page_1' title='image "/cluster/home/n/w/nwhite01/storage/ocr_20150623/32/umn.31951002477326y/514.png"; bbox 0 0 4058 6392; ppageno 0'>
   <div class='ocr_carea' id='block_1_1' title="bbox 99 354 234 406">
    <p class='ocr_par' dir='ltr' id='par_1_1' title="bbox 99 354 234 406">
     <span class='ocr_line' id='line_1_1' title="bbox 99 354 234 406; baseline -0.015 0"><span class='ocrx_word' id='word_1_1' title='bbox 99 354 234 406; x_wconf 74' lang='lat'>1005</span> 
     </span>
    </p>
   </div>
   <div class='ocr_carea' id='block_1_2' title="bbox 88 469 1792 544">
    <p class='ocr_par' dir='ltr' id='par_1_2' title="bbox 88 469 1792 544">
     <span class='ocr_line' id='line_1_2' title="bbox 88 469 1792 544; baseline 0 -18"><span class='ocrx_word' id='word_1_2' title='bbox 88 474 485 543; x_wconf 81' lang='lat' dir='ltr'>temperanter</span> <span class='ocrx_word' id='word_1_3' title='bbox 513 471 674 525; x_wconf 90' lang='lat' dir='ltr'>nullo</span> <span class='ocrx_word' id='word_1_4' title='bbox 704 473 1038 541; x_wconf 79' lang='lat' dir='ltr'>corrUptum</span> <span class='ocrx_word' id='word_1_5' title='bbox 1059 469 1229 525; x_wconf 83' lang='lat' dir='ltr'>fuisse</span> <span class='ocrx_word' id='word_1_6' title='bbox 1249 471 1489 542; x_wconf 64' lang='lat' dir='ltr'>preemio</span> <span class='ocrx_word' id='word_1_7' title='bbox 1517 488 1630 544; x_wconf 92' lang='lat' dir='ltr'>quo</span> <span class='ocrx_word' id='word_1_8' title='bbox 1661 489 1792 543; x_wconf 89' lang='lat' dir='ltr'>par-</span> 
     </span>
    </p>
   </div>
   <div class='ocr_carea' id='block_1_3' title="bbox 89 560 1795 630">
    <p class='ocr_par' dir='ltr' id='par_1_3' title="bbox 89 560 1795 630">
     <span class='ocr_line' id='line_1_3' title="bbox 89 560 1795 630; baseline 0.001 -17"><span class='ocrx_word' id='word_1_9' title='bbox 89 567 246 614; x_wconf 85' lang='lat' dir='ltr'>ceret</span> <span class='ocrx_word' id='word_1_10' title='bbox 275 560 461 623; x_wconf 88' lang='lat' dir='ltr'>malis,</span> <span class='ocrx_word' id='word_1_11' title='bbox 489 560 642 630; x_wconf 88' lang='lat' dir='ltr'>juste</span> <span class='ocrx_word' id='word_1_12' title='bbox 679 561 806 614; x_wconf 90' lang='lat' dir='ltr'>illos</span> <span class='ocrx_word' id='word_1_13' title='bbox 847 576 1070 614; x_wconf 91' lang='lat' dir='ltr'>summo</span> <span class='ocrx_word' id='word_1_14' title='bbox 1111 560 1391 630; x_wconf 90' lang='lat' dir='ltr'>supplicio</span> <span class='ocrx_word' id='word_1_15' title='bbox 1440 565 1668 614; x_wconf 84' lang='lat' dir='ltr'>senatus</span> <span class='ocrx_word' id='word_1_16' title='bbox 1698 577 1795 614; x_wconf 90' lang='lat' dir='ltr'>au-</span> 
     </span>
    </p>
   </div>
   <div class='ocr_carea' id='block_1_4' title="bbox 88 648 1793 712">
    <p class='ocr_par' dir='ltr' id='par_1_4' title="bbox 88 648 1793 712">
     <span class='ocr_line' id='line_1_4' title="bbox 88 648 1793 712; baseline -0.001 -10"><span class='ocrx_word' id='word_1_17' title='bbox 88 650 353 702; x_wconf 89' lang='lat' dir='ltr'>ctoritate</span> <span class='ocrx_word' id='word_1_18' title='bbox 417 653 711 712; x_wconf 72' lang='lat' dir='ltr'>mactasse,</span> <span class='ocrx_word' id='word_1_19' title='bbox 770 648 993 701; x_wconf 75' lang='lat' dir='ltr'>fortiter</span> <span class='ocrx_word' id='word_1_20' title='bbox 1049 648 1384 702; x_wconf 85' lang='lat' dir='ltr'>sustinuisse</span> <span class='ocrx_word' id='word_1_21' title='bbox 1431 648 1626 702; x_wconf 87' lang='lat' dir='ltr'>omnia</span> <span class='ocrx_word' id='word_1_22' title='bbox 1682 649 1793 703; x_wconf 87' lang='lat' dir='ltr'>tela</span> 
     </span>
    </p>
   </div>
   <div class='ocr_carea' id='block_1_5' title="bbox 89 734 1793 804">
    <p class='ocr_par' dir='ltr' id='par_1_5' title="bbox 89 734 1793 804">
     <span class='ocr_line' id='line_1_5' title="bbox 89 734 1793 804; baseline 0 -15"><span class='ocrx_word' id='word_1_23' title='bbox 89 736 459 789; x_wconf 78' lang='lat' dir='ltr'>inimicorum</span> <span class='ocrx_word' id='word_1_24' title='bbox 492 739 550 788; x_wconf 91' lang='lat' dir='ltr'>et</span> <span class='ocrx_word' id='word_1_25' title='bbox 592 738 822 800; x_wconf 90' lang='lat' dir='ltr'>molem,</span> <span class='ocrx_word' id='word_1_26' title='bbox 860 739 919 788; x_wconf 91' lang='lat' dir='ltr'>ut</span> <span class='ocrx_word' id='word_1_27' title='bbox 958 734 1077 804; x_wconf 90' lang='lat' dir='ltr'>ipse</span> <span class='ocrx_word' id='word_1_28' title='bbox 1108 735 1266 801; x_wconf 80' lang='lat' dir='ltr'>dixit,</span> <span class='ocrx_word' id='word_1_29' title='bbox 1310 736 1555 803; x_wconf 82' lang='lat' dir='ltr'>invidiae,</span> <span class='ocrx_word' id='word_1_30' title='bbox 1589 752 1704 789; x_wconf 89' lang='lat' dir='ltr'>non</span> <span class='ocrx_word' id='word_1_31' title='bbox 1733 736 1793 789; x_wconf 93' lang='lat' dir='ltr'>in</span> 
     </span>
    </p>
   </div>
   <div class='ocr_carea' id='block_1_6' title="bbox 89 822 1794 894">
    <p class='ocr_par' dir='ltr' id='par_1_6' title="bbox 89 822 1794 894">
     <span class='ocr_line' id='line_1_6' title="bbox 89 822 1794 894; baseline -0.001 -16"><span class='ocrx_word' id='word_1_32' title='bbox 89 842 156 878; x_wconf 90' lang='lat' dir='ltr'>eo</span> <span class='ocrx_word' id='word_1_33' title='bbox 220 823 462 878; x_wconf 88' lang='lat' dir='ltr'>fuissent</span> <span class='ocrx_word' id='word_1_34' title='bbox 518 822 754 876; x_wconf 81' lang='lat' dir='ltr'>virtutes</span> <span class='ocrx_word' id='word_1_35' title='bbox 801 823 945 888; x_wconf 74' lang='lat' dir='ltr'>istze,</span> <span class='ocrx_word' id='word_1_36' title='bbox 1004 822 1114 875; x_wconf 87' lang='lat' dir='ltr'>nisi</span> <span class='ocrx_word' id='word_1_37' title='bbox 1172 823 1412 878; x_wconf 83' lang='lat' dir='ltr'>Catilina</span> <span class='ocrx_word' id='word_1_38' title='bbox 1468 824 1794 894; x_wconf 67' lang='lat' dir='ltr'>reipublicae.</span> 
     </span>
    </p>
   </div>
   <div class='ocr_carea' id='block_1_7' title="bbox 88 911 1793 982">
    <p class='ocr_par' dir='ltr' id='par_1_7' title="bbox 88 911 1793 982">
     <span class='ocr_line' id='line_1_7' title="bbox 88 911 1793 982; baseline 0 -17"><span class='ocrx_word' id='word_1_39' title='bbox 88 918 310 966; x_wconf 82' lang='lat' dir='ltr'>tantam</span> <span class='ocrx_word' id='word_1_40' title='bbox 352 911 663 982; x_wconf 81' lang='lat' dir='ltr'>perniciem</span> <span class='ocrx_word' id='word_1_41' title='bbox 704 915 1106 980; x_wconf 85' lang='lat' dir='ltr'>comparasset.</span> <span class='ocrx_word' id='word_1_42' title='bbox 1148 911 1338 965; x_wconf 80' lang='lat' dir='ltr'>Virtus</span> <span class='ocrx_word' id='word_1_43' title='bbox 1377 911 1530 965; x_wconf 90' lang='lat' dir='ltr'>enim</span> <span class='ocrx_word' id='word_1_44' title='bbox 1570 928 1671 982; x_wconf 88' lang='lat' dir='ltr'>per</span> <span class='ocrx_word' id='word_1_45' title='bbox 1707 929 1793 965; x_wconf 91' lang='lat' dir='ltr'>se-</span> 
     </span>
    </p>
   </div>
   <div class='ocr_carea' id='block_1_8' title="bbox 92 999 1794 1071">
    <p class='ocr_par' dir='ltr' id='par_1_8' title="bbox 92 999 1794 1071">
     <span class='ocr_line' id='line_1_8' title="bbox 92 999 1794 1071; baseline 0.001 -17"><span class='ocrx_word' id='word_1_46' title='bbox 92 1001 304 1071; x_wconf 88' lang='lat' dir='ltr'>ipsam,</span> <span class='ocrx_word' id='word_1_47' title='bbox 333 1017 448 1054; x_wconf 91' lang='lat' dir='ltr'>non</span> <span class='ocrx_word' id='word_1_48' title='bbox 480 1015 583 1070; x_wconf 90' lang='lat' dir='ltr'>per</span> <span class='ocrx_word' id='word_1_49' title='bbox 601 999 828 1069; x_wconf 87' lang='lat' dir='ltr'>aliquod</span> <span class='ocrx_word' id='word_1_50' title='bbox 856 1000 1183 1069; x_wconf 89' lang='lat' dir='ltr'>hujusmodi</span> <span class='ocrx_word' id='word_1_51' title='bbox 1207 1017 1350 1070; x_wconf 91' lang='lat' dir='ltr'>opus</span> <span class='ocrx_word' id='word_1_52' title='bbox 1379 1001 1794 1055; x_wconf 86' lang='lat' dir='ltr'>consideranda</span> 
     </span>
    </p>
   </div>
   <div class='ocr_carea' id='block_1_9' title="bbox 93 1087 1794 1158">
    <p class='ocr_par' dir='ltr' id='par_1_9' title="bbox 93 1087 1794 1158">
     <span class='ocr_line' id='line_1_9' title="bbox 93 1087 1794 1158; baseline -0.001 -15"><span class='ocrx_word' id='word_1_53' title='bbox 93 1095 200 1154; x_wconf 89' lang='lat' dir='ltr'>est,</span> <span class='ocrx_word' id='word_1_54' title='bbox 239 1094 298 1143; x_wconf 89' lang='lat' dir='ltr'>et</span> <span class='ocrx_word' id='word_1_55' title='bbox 327 1089 385 1142; x_wconf 91' lang='lat' dir='ltr'>in</span> <span class='ocrx_word' id='word_1_56' title='bbox 418 1088 680 1152; x_wconf 86' lang='lat' dir='ltr'>homine;</span> <span class='ocrx_word' id='word_1_57' title='bbox 712 1093 924 1158; x_wconf 88' lang='lat' dir='ltr'>quanto</span> <span class='ocrx_word' id='word_1_58' title='bbox 949 1087 1131 1158; x_wconf 83' lang='lat' dir='ltr'>magis</span> <span class='ocrx_word' id='word_1_59' title='bbox 1164 1087 1222 1141; x_wconf 92' lang='lat' dir='ltr'>in</span> <span class='ocrx_word' id='word_1_60' title='bbox 1256 1090 1412 1142; x_wconf 82' lang='lat' dir='ltr'>Deo?</span> <span class='ocrx_word' id='word_1_61' title='bbox 1437 1089 1484 1142; x_wconf 89' lang='lat' dir='ltr'>si</span> <span class='ocrx_word' id='word_1_62' title='bbox 1513 1095 1705 1144; x_wconf 90' lang='lat' dir='ltr'>tamen</span> <span class='ocrx_word' id='word_1_63' title='bbox 1734 1090 1794 1143; x_wconf 91' lang='lat' dir='ltr'>in</span> 
     </span>
    </p>
   </div>
   <div class='ocr_carea' id='block_1_10' title="bbox 95 1175 1793 1248">
    <p class='ocr_par' dir='ltr' id='par_1_10' title="bbox 95 1175 1793 1248">
     <span class='ocr_line' id='line_1_10' title="bbox 95 1175 1793 1248; baseline -0.001 -18"><span class='ocrx_word' id='word_1_64' title='bbox 95 1177 381 1248; x_wconf 84' lang='lat' dir='ltr'>angustiis</span> <span class='ocrx_word' id='word_1_65' title='bbox 413 1193 608 1230; x_wconf 89' lang='lat' dir='ltr'>rerum</span> <span class='ocrx_word' id='word_1_66' title='bbox 637 1181 805 1246; x_wconf 91' lang='lat' dir='ltr'>atque</span> <span class='ocrx_word' id='word_1_67' title='bbox 834 1175 1140 1229; x_wconf 86' lang='lat' dir='ltr'>verborum</span> <span class='ocrx_word' id='word_1_68' title='bbox 1172 1192 1515 1246; x_wconf 88' lang='lat' dir='ltr'>componere</span> <span class='ocrx_word' id='word_1_69' title='bbox 1545 1177 1655 1230; x_wconf 86' lang='lat' dir='ltr'>illis</span> <span class='ocrx_word' id='word_1_70' title='bbox 1687 1176 1793 1230; x_wconf 89' lang='lat' dir='ltr'>ista</span> 
     </span>
    </p>
   </div>
   <div class='ocr_carea' id='block_1_11' title="bbox 91 1263 1792 1335">
    <p class='ocr_par' dir='ltr' id='par_1_11' title="bbox 91 1263 1792 1335">
     <span class='ocr_line' id='line_1_11' title="bbox 91 1263 1792 1335; baseline -0.001 -16"><span class='ocrx_word' id='word_1_71' title='bbox 91 1281 331 1335; x_wconf 73' lang='lat' dir='ltr'>quoquo</span> <span class='ocrx_word' id='word_1_72' title='bbox 361 1265 530 1318; x_wconf 91' lang='lat' dir='ltr'>modo</span> <span class='ocrx_word' id='word_1_73' title='bbox 556 1264 923 1335; x_wconf 89' lang='lat' dir='ltr'>permittitur.</span> <span class='ocrx_word' id='word_1_74' title='bbox 957 1265 1116 1329; x_wconf 90' lang='lat' dir='ltr'>Nam,</span> <span class='ocrx_word' id='word_1_75' title='bbox 1151 1269 1214 1317; x_wconf 91' lang='lat' dir='ltr'>ut</span> <span class='ocrx_word' id='word_1_76' title='bbox 1242 1264 1628 1332; x_wconf 86' lang='lat' dir='ltr'>intelligamus</span> <span class='ocrx_word' id='word_1_77' title='bbox 1659 1263 1792 1334; x_wconf 90' lang='lat' dir='ltr'>quia</span> 
     </span>
    </p>
   </div>
   <div class='ocr_carea' id='block_1_12' title="bbox 96 1352 1792 1422">
    <p class='ocr_par' dir='ltr' id='par_1_12' title="bbox 96 1352 1792 1422">
     <span class='ocr_line' id='line_1_12' title="bbox 96 1352 1792 1422; baseline 0.001 -18"><span class='ocrx_word' id='word_1_78' title='bbox 96 1355 249 1406; x_wconf 87' lang='lat' dir='ltr'>Deus</span> <span class='ocrx_word' id='word_1_79' title='bbox 303 1368 529 1422; x_wconf 86' lang='lat' dir='ltr'>semper</span> <span class='ocrx_word' id='word_1_80' title='bbox 590 1353 776 1422; x_wconf 88' lang='lat' dir='ltr'>justus</span> <span class='ocrx_word' id='word_1_81' title='bbox 830 1352 954 1420; x_wconf 89' lang='lat' dir='ltr'>fuit,</span> <span class='ocrx_word' id='word_1_82' title='bbox 1015 1352 1241 1422; x_wconf 88' lang='lat' dir='ltr'>quando</span> <span class='ocrx_word' id='word_1_83' title='bbox 1308 1352 1521 1406; x_wconf 82' lang='lat' dir='ltr'>exstitit</span> <span class='ocrx_word' id='word_1_84' title='bbox 1575 1353 1792 1405; x_wconf 90' lang='lat' dir='ltr'>malum</span> 
     </span>
    </p>
   </div>
   <div class='ocr_carea' id='block_1_13' title="bbox 93 1439 1792 1511">
    <p class='ocr_par' dir='ltr' id='par_1_13' title="bbox 93 1439 1792 1511">
     <span class='ocr_line' id='line_1_13' title="bbox 93 1439 1792 1511; baseline -0.001 -17"><span class='ocrx_word' id='word_1_85' title='bbox 93 1441 246 1510; x_wconf 92' lang='lat' dir='ltr'>quod</span> <span class='ocrx_word' id='word_1_86' title='bbox 273 1459 302 1494; x_wconf 88' lang='lat' dir='ltr'>a</span> <span class='ocrx_word' id='word_1_87' title='bbox 333 1440 486 1494; x_wconf 91' lang='lat' dir='ltr'>bono</span> <span class='ocrx_word' id='word_1_88' title='bbox 517 1441 860 1510; x_wconf 88' lang='lat' dir='ltr'>sejungeret,</span> <span class='ocrx_word' id='word_1_89' title='bbox 902 1439 1043 1494; x_wconf 87' lang='lat' dir='ltr'>nihil</span> <span class='ocrx_word' id='word_1_90' title='bbox 1077 1440 1296 1494; x_wconf 86' lang='lat' dir='ltr'>distulit</span> <span class='ocrx_word' id='word_1_91' title='bbox 1325 1456 1427 1494; x_wconf 88' lang='lat' dir='ltr'>sua</span> <span class='ocrx_word' id='word_1_92' title='bbox 1457 1441 1660 1511; x_wconf 87' lang='lat' dir='ltr'>cuique</span> <span class='ocrx_word' id='word_1_93' title='bbox 1691 1440 1792 1494; x_wconf 88' lang='lat' dir='ltr'>tri-</span> 
     </span>
    </p>
   </div>
   <div class='ocr_carea' id='block_1_14' title="bbox 87 1527 1790 1598">
    <p class='ocr_par' dir='ltr' id='par_1_14' title="bbox 87 1527 1790 1598">
     <span class='ocr_line' id='line_1_14' title="bbox 87 1527 1790 1598; baseline -0.001 -16"><span class='ocrx_word' id='word_1_94' title='bbox 87 1530 295 1583; x_wconf 90' lang='lat' dir='ltr'>buere:</span> <span class='ocrx_word' id='word_1_95' title='bbox 343 1544 458 1581; x_wconf 89' lang='lat' dir='ltr'>non</span> <span class='ocrx_word' id='word_1_96' title='bbox 508 1529 660 1581; x_wconf 92' lang='lat' dir='ltr'>enim</span> <span class='ocrx_word' id='word_1_97' title='bbox 691 1532 825 1581; x_wconf 88' lang='lat' dir='ltr'>tunc</span> <span class='ocrx_word' id='word_1_98' title='bbox 863 1528 913 1580; x_wconf 91' lang='lat' dir='ltr'>ei</span> <span class='ocrx_word' id='word_1_99' title='bbox 943 1532 1064 1581; x_wconf 90' lang='lat' dir='ltr'>erat</span> <span class='ocrx_word' id='word_1_100' title='bbox 1103 1527 1371 1581; x_wconf 84' lang='lat' dir='ltr'>discenda</span> <span class='ocrx_word' id='word_1_101' title='bbox 1404 1528 1662 1598; x_wconf 88' lang='lat' dir='ltr'>justitia;</span> <span class='ocrx_word' id='word_1_102' title='bbox 1697 1527 1790 1581; x_wconf 89' lang='lat' dir='ltr'>sed</span> 
     </span>
    </p>
   </div>
   <div class='ocr_carea' id='block_1_15' title="bbox 90 1616 1364 1688">
    <p class='ocr_par' dir='ltr' id='par_1_15' title="bbox 90 1616 1364 1688">
     <span class='ocr_line' id='line_1_15' title="bbox 90 1616 1364 1688; baseline -0.001 -16"><span class='ocrx_word' id='word_1_103' title='bbox 90 1624 227 1672; x_wconf 92' lang='lat' dir='ltr'>tunc</span> <span class='ocrx_word' id='word_1_104' title='bbox 268 1635 335 1672; x_wconf 86' lang='lat' dir='ltr'>ea</span> <span class='ocrx_word' id='word_1_105' title='bbox 367 1617 668 1683; x_wconf 91' lang='lat' dir='ltr'>utendum,</span> <span class='ocrx_word' id='word_1_106' title='bbox 703 1633 871 1688; x_wconf 87' lang='lat' dir='ltr'>quam</span> <span class='ocrx_word' id='word_1_107' title='bbox 896 1632 1120 1686; x_wconf 90' lang='lat' dir='ltr'>semper</span> <span class='ocrx_word' id='word_1_108' title='bbox 1148 1616 1364 1671; x_wconf 87' lang='lat' dir='ltr'>habuit.</span> 
     </span>
    </p>
   </div>
   <div class='ocr_carea' id='block_1_16' title="bbox 161 1704 1788 1770">
    <p class='ocr_par' dir='ltr' id='par_1_16' title="bbox 161 1704 1788 1770">
     <span class='ocr_line' id='line_1_16' title="bbox 161 1704 1788 1770; baseline -0.002 -9"><span class='ocrx_word' id='word_1_109' title='bbox 161 1710 254 1761; x_wconf 80' lang='lat'>23.</span> <span class='ocrx_word' id='word_1_110' title='bbox 285 1707 448 1770; x_wconf 89' lang='lat' dir='ltr'>Quod</span> <span class='ocrx_word' id='word_1_111' title='bbox 474 1723 603 1759; x_wconf 87' lang='lat' dir='ltr'>cum</span> <span class='ocrx_word' id='word_1_112' title='bbox 635 1712 690 1760; x_wconf 91' lang='lat' dir='ltr'>et</span> <span class='ocrx_word' id='word_1_113' title='bbox 719 1704 1003 1759; x_wconf 85' lang='lat' dir='ltr'>Licentius</span> <span class='ocrx_word' id='word_1_114' title='bbox 1032 1708 1086 1758; x_wconf 90' lang='lat' dir='ltr'>et</span> <span class='ocrx_word' id='word_1_115' title='bbox 1111 1708 1291 1758; x_wconf 89' lang='lat' dir='ltr'>mater</span> <span class='ocrx_word' id='word_1_116' title='bbox 1318 1704 1378 1758; x_wconf 91' lang='lat' dir='ltr'>in</span> <span class='ocrx_word' id='word_1_117' title='bbox 1409 1707 1565 1758; x_wconf 89' lang='lat' dir='ltr'>tanta</span> <span class='ocrx_word' id='word_1_118' title='bbox 1597 1721 1788 1758; x_wconf 91' lang='lat' dir='ltr'>neces-</span> 
     </span>
    </p>
   </div>
   <div class='ocr_carea' id='block_1_17' title="bbox 89 1792 1792 1865">
    <p class='ocr_par' dir='ltr' id='par_1_17' title="bbox 89 1792 1792 1865">
     <span class='ocr_line' id='line_1_17' title="bbox 89 1792 1792 1865; baseline -0.001 -17"><span class='ocrx_word' id='word_1_119' title='bbox 89 1796 258 1848; x_wconf 89' lang='lat' dir='ltr'>sitate</span> <span class='ocrx_word' id='word_1_120' title='bbox 301 1794 749 1865; x_wconf 79' lang='lat' dir='ltr'>approbassem:</span> <span class='ocrx_word' id='word_1_121' title='bbox 800 1793 966 1859; x_wconf 93' lang='lat' dir='ltr'>Quid,</span> <span class='ocrx_word' id='word_1_122' title='bbox 1012 1792 1270 1862; x_wconf 89' lang='lat' dir='ltr'>inquam,</span> <span class='ocrx_word' id='word_1_123' title='bbox 1325 1793 1482 1858; x_wconf 89' lang='lat' dir='ltr'>dicis,</span> <span class='ocrx_word' id='word_1_124' title='bbox 1534 1793 1792 1847; x_wconf 87' lang='lat' dir='ltr'>Licenti?</span> 
     </span>
    </p>
   </div>
   <div class='ocr_carea' id='block_1_18' title="bbox 95 1881 1792 1954">
    <p class='ocr_par' dir='ltr' id='par_1_18' title="bbox 95 1881 1792 1954">
     <span class='ocr_line' id='line_1_18' title="bbox 95 1881 1792 1954; baseline -0.002 -17"><span class='ocrx_word' id='word_1_125' title='bbox 95 1884 202 1938; x_wconf 86' lang='lat' dir='ltr'>Ubi</span> <span class='ocrx_word' id='word_1_126' title='bbox 235 1889 322 1937; x_wconf 91' lang='lat' dir='ltr'>est</span> <span class='ocrx_word' id='word_1_127' title='bbox 353 1883 505 1954; x_wconf 92' lang='lat' dir='ltr'>quod</span> <span class='ocrx_word' id='word_1_128' title='bbox 537 1887 655 1936; x_wconf 89' lang='lat' dir='ltr'>tam</span> <span class='ocrx_word' id='word_1_129' title='bbox 686 1897 1033 1951; x_wconf 84' lang='lat' dir='ltr'>magnopere</span> <span class='ocrx_word' id='word_1_130' title='bbox 1064 1881 1373 1944; x_wconf 86' lang='lat' dir='ltr'>asseruisti,</span> <span class='ocrx_word' id='word_1_131' title='bbox 1407 1881 1550 1934; x_wconf 90' lang='lat' dir='ltr'>nihil</span> <span class='ocrx_word' id='word_1_132' title='bbox 1583 1886 1792 1951; x_wconf 71' lang='lat' dir='ltr'>praeter</span> 
     </span>
    </p>
   </div>
   <div class='ocr_carea' id='block_1_19' title="bbox 95 1970 1794 2034">
    <p class='ocr_par' dir='ltr' id='par_1_19' title="bbox 95 1970 1794 2034">
     <span class='ocr_line' id='line_1_19' title="bbox 95 1970 1794 2034; baseline -0.001 -9"><span class='ocrx_word' id='word_1_133' title='bbox 95 1972 362 2025; x_wconf 78' lang='lat' dir='ltr'>ordinem</span> <span class='ocrx_word' id='word_1_134' title='bbox 383 1971 550 2024; x_wconf 83' lang='lat' dir='ltr'>fieri?</span> <span class='ocrx_word' id='word_1_135' title='bbox 572 1971 733 2034; x_wconf 86' lang='lat' dir='ltr'>Quod</span> <span class='ocrx_word' id='word_1_136' title='bbox 765 1970 919 2023; x_wconf 90' lang='lat' dir='ltr'>enim</span> <span class='ocrx_word' id='word_1_137' title='bbox 944 1970 1149 2023; x_wconf 87' lang='lat' dir='ltr'>factum</span> <span class='ocrx_word' id='word_1_138' title='bbox 1185 1974 1264 2024; x_wconf 89' lang='lat' dir='ltr'>est</span> <span class='ocrx_word' id='word_1_139' title='bbox 1285 1975 1347 2023; x_wconf 91' lang='lat' dir='ltr'>ut</span> <span class='ocrx_word' id='word_1_140' title='bbox 1367 1971 1580 2023; x_wconf 87' lang='lat' dir='ltr'>malum</span> <span class='ocrx_word' id='word_1_141' title='bbox 1603 1987 1794 2024; x_wconf 84' lang='lat' dir='ltr'>nasce—</span> 
     </span>
    </p>
   </div>
   <div class='ocr_carea' id='block_1_20' title="bbox 95 2058 1792 2129">
    <p class='ocr_par' dir='ltr' id='par_1_20' title="bbox 95 2058 1792 2129">
     <span class='ocr_line' id='line_1_20' title="bbox 95 2058 1792 2129; baseline -0.001 -15"><span class='ocrx_word' id='word_1_142' title='bbox 95 2066 273 2125; x_wconf 88' lang='lat' dir='ltr'>retur,</span> <span class='ocrx_word' id='word_1_143' title='bbox 307 2076 425 2113; x_wconf 92' lang='lat' dir='ltr'>non</span> <span class='ocrx_word' id='word_1_144' title='bbox 456 2059 656 2129; x_wconf 87' lang='lat' dir='ltr'>utique</span> <span class='ocrx_word' id='word_1_145' title='bbox 686 2059 782 2112; x_wconf 90' lang='lat' dir='ltr'>Dei</span> <span class='ocrx_word' id='word_1_146' title='bbox 813 2058 1013 2112; x_wconf 90' lang='lat' dir='ltr'>ordine</span> <span class='ocrx_word' id='word_1_147' title='bbox 1036 2058 1250 2112; x_wconf 86' lang='lat' dir='ltr'>factum</span> <span class='ocrx_word' id='word_1_148' title='bbox 1280 2063 1393 2124; x_wconf 90' lang='lat' dir='ltr'>est;</span> <span class='ocrx_word' id='word_1_149' title='bbox 1428 2059 1523 2112; x_wconf 89' lang='lat' dir='ltr'>sed</span> <span class='ocrx_word' id='word_1_150' title='bbox 1552 2075 1679 2112; x_wconf 92' lang='lat' dir='ltr'>cum</span> <span class='ocrx_word' id='word_1_151' title='bbox 1712 2075 1792 2112; x_wconf 87' lang='lat' dir='ltr'>es-</span> 
     </span>
    </p>
   </div>
   <div class='ocr_carea' id='block_1_21' title="bbox 90 2147 1792 2214">
    <p class='ocr_par' dir='ltr' id='par_1_21' title="bbox 90 2147 1792 2214">
     <span class='ocr_line' id='line_1_21' title="bbox 90 2147 1792 2214; baseline -0.001 -11"><span class='ocrx_word' id='word_1_152' title='bbox 90 2154 176 2204; x_wconf 87' lang='lat' dir='ltr'>set</span> <span class='ocrx_word' id='word_1_153' title='bbox 206 2153 428 2214; x_wconf 91' lang='lat' dir='ltr'>natum,</span> <span class='ocrx_word' id='word_1_154' title='bbox 463 2148 562 2201; x_wconf 91' lang='lat' dir='ltr'>Dei</span> <span class='ocrx_word' id='word_1_155' title='bbox 593 2147 789 2201; x_wconf 89' lang='lat' dir='ltr'>ordine</span> <span class='ocrx_word' id='word_1_156' title='bbox 828 2147 1109 2200; x_wconf 92' lang='lat' dir='ltr'>inclusum</span> <span class='ocrx_word' id='word_1_157' title='bbox 1151 2151 1252 2201; x_wconf 89' lang='lat' dir='ltr'>est.</span> <span class='ocrx_word' id='word_1_158' title='bbox 1288 2148 1351 2200; x_wconf 84' lang='lat' dir='ltr'>Et</span> <span class='ocrx_word' id='word_1_159' title='bbox 1382 2147 1474 2200; x_wconf 92' lang='lat' dir='ltr'>ille</span> <span class='ocrx_word' id='word_1_160' title='bbox 1506 2147 1792 2202; x_wconf 91' lang='lat' dir='ltr'>admirans</span> 
     </span>
    </p>
   </div>
   <div class='ocr_carea' id='block_1_22' title="bbox 89 2235 1794 2306">
    <p class='ocr_par' dir='ltr' id='par_1_22' title="bbox 89 2235 1794 2306">
     <span class='ocr_line' id='line_1_22' title="bbox 89 2235 1794 2306; baseline -0.001 -15"><span class='ocrx_word' id='word_1_161' title='bbox 89 2254 152 2291; x_wconf 90' lang='lat' dir='ltr'>ac</span> <span class='ocrx_word' id='word_1_162' title='bbox 181 2238 421 2291; x_wconf 89' lang='lat' dir='ltr'>moleste</span> <span class='ocrx_word' id='word_1_163' title='bbox 453 2236 639 2289; x_wconf 89' lang='lat' dir='ltr'>ferens</span> <span class='ocrx_word' id='word_1_164' title='bbox 672 2235 822 2306; x_wconf 91' lang='lat' dir='ltr'>quod</span> <span class='ocrx_word' id='word_1_165' title='bbox 854 2239 969 2288; x_wconf 87' lang='lat' dir='ltr'>tam</span> <span class='ocrx_word' id='word_1_166' title='bbox 1011 2239 1244 2304; x_wconf 90' lang='lat' dir='ltr'>repente</span> <span class='ocrx_word' id='word_1_167' title='bbox 1275 2235 1424 2289; x_wconf 90' lang='lat' dir='ltr'>bona</span> <span class='ocrx_word' id='word_1_168' title='bbox 1453 2252 1620 2289; x_wconf 88' lang='lat' dir='ltr'>causa</span> <span class='ocrx_word' id='word_1_169' title='bbox 1650 2239 1794 2290; x_wconf 84' lang='lat' dir='ltr'>esset</span> 
     </span>
    </p>
   </div>
   <div class='ocr_carea' id='block_1_23' title="bbox 89 2322 1790 2397">
    <p class='ocr_par' dir='ltr' id='par_1_23' title="bbox 89 2322 1790 2397">
     <span class='ocr_line' id='line_1_23' title="bbox 89 2322 1790 2397; baseline -0.001 -17"><span class='ocrx_word' id='word_1_170' title='bbox 89 2327 251 2397; x_wconf 88' lang='lat' dir='ltr'>lapsa</span> <span class='ocrx_word' id='word_1_171' title='bbox 281 2325 351 2379; x_wconf 92' lang='lat' dir='ltr'>de</span> <span class='ocrx_word' id='word_1_172' title='bbox 386 2324 684 2378; x_wconf 87' lang='lat' dir='ltr'>manibus:</span> <span class='ocrx_word' id='word_1_173' title='bbox 732 2325 986 2388; x_wconf 86' lang='lat' dir='ltr'>Prorsus,</span> <span class='ocrx_word' id='word_1_174' title='bbox 1028 2322 1234 2393; x_wconf 89' lang='lat' dir='ltr'>inquit.</span> <span class='ocrx_word' id='word_1_175' title='bbox 1267 2339 1332 2377; x_wconf 85' lang='lat' dir='ltr'>ex</span> <span class='ocrx_word' id='word_1_176' title='bbox 1378 2322 1476 2377; x_wconf 91' lang='lat' dir='ltr'>illo</span> <span class='ocrx_word' id='word_1_177' title='bbox 1509 2323 1633 2378; x_wconf 93' lang='lat' dir='ltr'>dico</span> <span class='ocrx_word' id='word_1_178' title='bbox 1674 2340 1790 2378; x_wconf 80' lang='lat' dir='ltr'>cce-</span> 
     </span>
    </p>
   </div>
   <div class='ocr_carea' id='block_1_24' title="bbox 91 2411 1793 2487">
    <p class='ocr_par' dir='ltr' id='par_1_24' title="bbox 91 2411 1793 2487">
     <span class='ocr_line' id='line_1_24' title="bbox 91 2411 1793 2487; baseline -0.002 -19"><span class='ocrx_word' id='word_1_179' title='bbox 91 2417 241 2487; x_wconf 88' lang='lat' dir='ltr'>pisse</span> <span class='ocrx_word' id='word_1_180' title='bbox 274 2413 560 2476; x_wconf 87' lang='lat' dir='ltr'>ordinem,</span> <span class='ocrx_word' id='word_1_181' title='bbox 595 2428 663 2466; x_wconf 87' lang='lat' dir='ltr'>ex</span> <span class='ocrx_word' id='word_1_182' title='bbox 701 2427 813 2483; x_wconf 89' lang='lat' dir='ltr'>quo</span> <span class='ocrx_word' id='word_1_183' title='bbox 849 2412 1063 2465; x_wconf 90' lang='lat' dir='ltr'>malum</span> <span class='ocrx_word' id='word_1_184' title='bbox 1097 2427 1215 2466; x_wconf 89' lang='lat' dir='ltr'>esse</span> <span class='ocrx_word' id='word_1_185' title='bbox 1251 2411 1438 2482; x_wconf 77' lang='lat' dir='ltr'>coepit.</span> <span class='ocrx_word' id='word_1_186' title='bbox 1488 2413 1653 2482; x_wconf 88' lang='lat' dir='ltr'>Ergo,</span> <span class='ocrx_word' id='word_1_187' title='bbox 1695 2413 1793 2465; x_wconf 90' lang='lat' dir='ltr'>in-</span> 
     </span>
    </p>
   </div>
   <div class='ocr_carea' id='block_1_25' title="bbox 90 2499 1790 2575">
    <p class='ocr_par' dir='ltr' id='par_1_25' title="bbox 90 2499 1790 2575">
     <span class='ocr_line' id='line_1_25' title="bbox 90 2499 1790 2575; baseline -0.004 -17"><span class='ocrx_word' id='word_1_188' title='bbox 90 2519 288 2575; x_wconf 90' lang='lat' dir='ltr'>quam,</span> <span class='ocrx_word' id='word_1_189' title='bbox 341 2507 406 2556; x_wconf 92' lang='lat' dir='ltr'>ut</span> <span class='ocrx_word' id='word_1_190' title='bbox 449 2507 596 2555; x_wconf 89' lang='lat' dir='ltr'>esset</span> <span class='ocrx_word' id='word_1_191' title='bbox 641 2501 831 2572; x_wconf 92' lang='lat' dir='ltr'>ipsum</span> <span class='ocrx_word' id='word_1_192' title='bbox 879 2501 1116 2565; x_wconf 87' lang='lat' dir='ltr'>malum,</span> <span class='ocrx_word' id='word_1_193' title='bbox 1165 2516 1283 2554; x_wconf 91' lang='lat' dir='ltr'>non</span> <span class='ocrx_word' id='word_1_194' title='bbox 1333 2499 1532 2554; x_wconf 89' lang='lat' dir='ltr'>ordine</span> <span class='ocrx_word' id='word_1_195' title='bbox 1580 2501 1790 2554; x_wconf 85' lang='lat' dir='ltr'>factum</span> 
     </span>
    </p>
   </div>
   <div class='ocr_carea' id='block_1_26' title="bbox 89 2588 1781 2662">
    <p class='ocr_par' dir='ltr' id='par_1_26' title="bbox 89 2588 1781 2662">
     <span class='ocr_line' id='line_1_26' title="bbox 89 2588 1781 2662; baseline -0.002 -16"><span class='ocrx_word' id='word_1_196' title='bbox 89 2598 193 2658; x_wconf 91' lang='lat' dir='ltr'>est,</span> <span class='ocrx_word' id='word_1_197' title='bbox 230 2593 277 2645; x_wconf 93' lang='lat' dir='ltr'>si</span> <span class='ocrx_word' id='word_1_198' title='bbox 314 2595 618 2662; x_wconf 86' lang='lat' dir='ltr'>postquam</span> <span class='ocrx_word' id='word_1_199' title='bbox 658 2590 873 2642; x_wconf 89' lang='lat' dir='ltr'>malum</span> <span class='ocrx_word' id='word_1_200' title='bbox 902 2593 1091 2642; x_wconf 89' lang='lat' dir='ltr'>ortum</span> <span class='ocrx_word' id='word_1_201' title='bbox 1132 2592 1234 2655; x_wconf 89' lang='lat' dir='ltr'>est,</span> <span class='ocrx_word' id='word_1_202' title='bbox 1268 2590 1404 2643; x_wconf 89' lang='lat' dir='ltr'>ordo</span> <span class='ocrx_word' id='word_1_203' title='bbox 1433 2605 1552 2642; x_wconf 79' lang='lat' dir='ltr'>esse</span> <span class='ocrx_word' id='word_1_204' title='bbox 1587 2588 1781 2659; x_wconf 71' lang='lat' dir='ltr'>cmpit.</span> 
     </span>
    </p>
   </div>
   <div class='ocr_carea' id='block_1_27' title="bbox 88 2677 1794 2750">
    <p class='ocr_par' dir='ltr' id='par_1_27' title="bbox 88 2677 1794 2750">
     <span class='ocr_line' id='line_1_27' title="bbox 88 2677 1794 2750; baseline -0.003 -15"><span class='ocrx_word' id='word_1_205' title='bbox 88 2682 196 2735; x_wconf 91' lang='lat' dir='ltr'>Sed</span> <span class='ocrx_word' id='word_1_206' title='bbox 231 2695 458 2750; x_wconf 88' lang='lat' dir='ltr'>semper</span> <span class='ocrx_word' id='word_1_207' title='bbox 485 2683 605 2732; x_wconf 88' lang='lat' dir='ltr'>erat</span> <span class='ocrx_word' id='word_1_208' title='bbox 637 2678 774 2732; x_wconf 87' lang='lat' dir='ltr'>ordo</span> <span class='ocrx_word' id='word_1_209' title='bbox 795 2678 942 2747; x_wconf 89' lang='lat' dir='ltr'>apud</span> <span class='ocrx_word' id='word_1_210' title='bbox 976 2679 1156 2731; x_wconf 89' lang='lat' dir='ltr'>Deum</span> <span class='ocrx_word' id='word_1_211' title='bbox 1181 2693 1193 2730; x_wconf 93' lang='lat'>:</span> <span class='ocrx_word' id='word_1_212' title='bbox 1227 2683 1284 2731; x_wconf 92' lang='lat' dir='ltr'>et</span> <span class='ocrx_word' id='word_1_213' title='bbox 1309 2682 1406 2731; x_wconf 85' lang='lat' dir='ltr'>aut</span> <span class='ocrx_word' id='word_1_214' title='bbox 1434 2693 1658 2749; x_wconf 89' lang='lat' dir='ltr'>semper</span> <span class='ocrx_word' id='word_1_215' title='bbox 1686 2677 1794 2730; x_wconf 85' lang='lat' dir='ltr'>fuit</span> 
     </span>
    </p>
   </div>
   <div class='ocr_carea' id='block_1_28' title="bbox 89 2762 1794 2836">
    <p class='ocr_par' dir='ltr' id='par_1_28' title="bbox 89 2762 1794 2836">
     <span class='ocr_line' id='line_1_28' title="bbox 89 2762 1794 2836; baseline -0.002 -17"><span class='ocrx_word' id='word_1_216' title='bbox 89 2766 236 2820; x_wconf 86' lang='lat' dir='ltr'>nihil</span> <span class='ocrx_word' id='word_1_217' title='bbox 267 2765 419 2836; x_wconf 92' lang='lat' dir='ltr'>quod</span> <span class='ocrx_word' id='word_1_218' title='bbox 454 2763 660 2818; x_wconf 89' lang='lat' dir='ltr'>dicitur</span> <span class='ocrx_word' id='word_1_219' title='bbox 686 2763 934 2830; x_wconf 88' lang='lat' dir='ltr'>malum;</span> <span class='ocrx_word' id='word_1_220' title='bbox 965 2767 1063 2816; x_wconf 89' lang='lat' dir='ltr'>aut</span> <span class='ocrx_word' id='word_1_221' title='bbox 1093 2762 1137 2815; x_wconf 90' lang='lat' dir='ltr'>si</span> <span class='ocrx_word' id='word_1_222' title='bbox 1167 2763 1474 2834; x_wconf 89' lang='lat' dir='ltr'>aliquando</span> <span class='ocrx_word' id='word_1_223' title='bbox 1507 2763 1794 2816; x_wconf 89' lang='lat' dir='ltr'>invenitur</span> 
     </span>
    </p>
   </div>
   <div class='ocr_carea' id='block_1_29' title="bbox 89 2849 1791 2924">
    <p class='ocr_par' dir='ltr' id='par_1_29' title="bbox 89 2849 1791 2924">
     <span class='ocr_line' id='line_1_29' title="bbox 89 2849 1791 2924; baseline -0.004 -16"><span class='ocrx_word' id='word_1_224' title='bbox 89 2855 352 2924; x_wconf 81' lang='lat' dir='ltr'>coepisse,</span> <span class='ocrx_word' id='word_1_225' title='bbox 383 2852 519 2924; x_wconf 88' lang='lat' dir='ltr'>quia</span> <span class='ocrx_word' id='word_1_226' title='bbox 548 2852 684 2906; x_wconf 91' lang='lat' dir='ltr'>ordo</span> <span class='ocrx_word' id='word_1_227' title='bbox 715 2851 833 2922; x_wconf 91' lang='lat' dir='ltr'>ipse</span> <span class='ocrx_word' id='word_1_228' title='bbox 866 2854 963 2904; x_wconf 91' lang='lat' dir='ltr'>aut</span> <span class='ocrx_word' id='word_1_229' title='bbox 999 2850 1215 2904; x_wconf 89' lang='lat' dir='ltr'>bonum</span> <span class='ocrx_word' id='word_1_230' title='bbox 1261 2856 1365 2916; x_wconf 89' lang='lat' dir='ltr'>est,</span> <span class='ocrx_word' id='word_1_231' title='bbox 1409 2855 1507 2904; x_wconf 90' lang='lat' dir='ltr'>aut</span> <span class='ocrx_word' id='word_1_232' title='bbox 1545 2867 1610 2903; x_wconf 85' lang='lat' dir='ltr'>ex</span> <span class='ocrx_word' id='word_1_233' title='bbox 1641 2849 1791 2903; x_wconf 91' lang='lat' dir='ltr'>bono</span> 
     </span>
    </p>
   </div>
   <div class='ocr_carea' id='block_1_30' title="bbox 89 2934 1791 3012">
    <p class='ocr_par' dir='ltr' id='par_1_30' title="bbox 89 2934 1791 3012">
     <span class='ocr_line' id='line_1_30' title="bbox 89 2934 1791 3012; baseline -0.004 -17"><span class='ocrx_word' id='word_1_234' title='bbox 89 2947 195 3010; x_wconf 81' lang='lat' dir='ltr'>est,</span> <span class='ocrx_word' id='word_1_235' title='bbox 228 2956 530 3012; x_wconf 86' lang='lat' dir='ltr'>nunquam</span> <span class='ocrx_word' id='word_1_236' title='bbox 581 2937 791 3010; x_wconf 90' lang='lat' dir='ltr'>aliquid</span> <span class='ocrx_word' id='word_1_237' title='bbox 838 2937 962 2992; x_wconf 90' lang='lat' dir='ltr'>sine</span> <span class='ocrx_word' id='word_1_238' title='bbox 1007 2937 1203 2991; x_wconf 90' lang='lat' dir='ltr'>ordine</span> <span class='ocrx_word' id='word_1_239' title='bbox 1250 2935 1375 3003; x_wconf 87' lang='lat' dir='ltr'>fuit,</span> <span class='ocrx_word' id='word_1_240' title='bbox 1417 2953 1521 2990; x_wconf 92' lang='lat' dir='ltr'>nec</span> <span class='ocrx_word' id='word_1_241' title='bbox 1551 2935 1658 2990; x_wconf 91' lang='lat' dir='ltr'>erit</span> <span class='ocrx_word' id='word_1_242' title='bbox 1689 2934 1791 2988; x_wconf 90' lang='lat' dir='ltr'>ali-</span> 
     </span>
    </p>
   </div>
   <div class='ocr_carea' id='block_1_31' title="bbox 89 3023 1783 3100">
    <p class='ocr_par' dir='ltr' id='par_1_31' title="bbox 89 3023 1783 3100">
     <span class='ocr_line' id='line_1_31' title="bbox 89 3023 1783 3100; baseline -0.005 -17"><span class='ocrx_word' id='word_1_243' title='bbox 89 3030 343 3100; x_wconf 79' lang='lat' dir='ltr'>quando.</span> <span class='ocrx_word' id='word_1_244' title='bbox 395 3026 664 3092; x_wconf 86' lang='lat' dir='ltr'>Quamvis</span> <span class='ocrx_word' id='word_1_245' title='bbox 712 3029 767 3079; x_wconf 92' lang='lat' dir='ltr'>et</span> <span class='ocrx_word' id='word_1_246' title='bbox 815 3025 1002 3080; x_wconf 91' lang='lat' dir='ltr'>nescio</span> <span class='ocrx_word' id='word_1_247' title='bbox 1062 3024 1196 3096; x_wconf 90' lang='lat' dir='ltr'>quid</span> <span class='ocrx_word' id='word_1_248' title='bbox 1255 3024 1448 3094; x_wconf 83' lang='lat' dir='ltr'>potius</span> <span class='ocrx_word' id='word_1_249' title='bbox 1505 3023 1783 3089; x_wconf 87' lang='lat' dir='ltr'>occurrit;</span> 
     </span>
    </p>
   </div>
   <div class='ocr_carea' id='block_1_32' title="bbox 87 3111 1792 3183">
    <p class='ocr_par' dir='ltr' id='par_1_32' title="bbox 87 3111 1792 3183">
     <span class='ocr_line' id='line_1_32' title="bbox 87 3111 1792 3183; baseline -0.003 -13"><span class='ocrx_word' id='word_1_250' title='bbox 87 3119 185 3172; x_wconf 90' lang='lat' dir='ltr'>sed</span> <span class='ocrx_word' id='word_1_251' title='bbox 221 3118 320 3171; x_wconf 88' lang='lat' dir='ltr'>illa</span> <span class='ocrx_word' id='word_1_252' title='bbox 369 3114 785 3170; x_wconf 88' lang='lat' dir='ltr'>consuetudine</span> <span class='ocrx_word' id='word_1_253' title='bbox 838 3113 1135 3168; x_wconf 86' lang='lat' dir='ltr'>oblivionis</span> <span class='ocrx_word' id='word_1_254' title='bbox 1183 3113 1438 3183; x_wconf 90' lang='lat' dir='ltr'>elapsum</span> <span class='ocrx_word' id='word_1_255' title='bbox 1482 3117 1601 3166; x_wconf 90' lang='lat' dir='ltr'>est:</span> <span class='ocrx_word' id='word_1_256' title='bbox 1638 3111 1792 3183; x_wconf 92' lang='lat' dir='ltr'>quod</span> 
     </span>
    </p>
   </div>
   <div class='ocr_carea' id='block_1_33' title="bbox 89 3200 1791 3274">
    <p class='ocr_par' dir='ltr' id='par_1_33' title="bbox 89 3200 1791 3274">
     <span class='ocr_line' id='line_1_33' title="bbox 89 3200 1791 3274; baseline -0.005 -14"><span class='ocrx_word' id='word_1_257' title='bbox 89 3206 262 3260; x_wconf 90' lang='lat' dir='ltr'>credo</span> <span class='ocrx_word' id='word_1_258' title='bbox 295 3204 493 3258; x_wconf 88' lang='lat' dir='ltr'>ordine</span> <span class='ocrx_word' id='word_1_259' title='bbox 523 3202 826 3274; x_wconf 83' lang='lat' dir='ltr'>contigisse</span> <span class='ocrx_word' id='word_1_260' title='bbox 856 3218 961 3272; x_wconf 91' lang='lat' dir='ltr'>pro</span> <span class='ocrx_word' id='word_1_261' title='bbox 993 3200 1199 3255; x_wconf 89' lang='lat' dir='ltr'>merito</span> <span class='ocrx_word' id='word_1_262' title='bbox 1240 3201 1326 3254; x_wconf 85' lang='lat' dir='ltr'>vel</span> <span class='ocrx_word' id='word_1_263' title='bbox 1357 3201 1538 3271; x_wconf 89' lang='lat' dir='ltr'>gradu</span> <span class='ocrx_word' id='word_1_264' title='bbox 1579 3201 1666 3254; x_wconf 90' lang='lat' dir='ltr'>vel</span> <span class='ocrx_word' id='word_1_265' title='bbox 1702 3215 1791 3253; x_wconf 90' lang='lat' dir='ltr'>or-</span> 
     </span>
    </p>
   </div>
   <div class='ocr_carea' id='block_1_34' title="bbox 92 3287 1791 3362">
    <p class='ocr_par' dir='ltr' id='par_1_34' title="bbox 92 3287 1791 3362">
     <span class='ocr_line' id='line_1_34' title="bbox 92 3287 1791 3362; baseline -0.005 -13"><span class='ocrx_word' id='word_1_266' title='bbox 92 3296 226 3349; x_wconf 91' lang='lat' dir='ltr'>dine</span> <span class='ocrx_word' id='word_1_267' title='bbox 273 3293 409 3346; x_wconf 76' lang='lat' dir='ltr'>vitae</span> <span class='ocrx_word' id='word_1_268' title='bbox 449 3293 488 3348; x_wconf 73' lang='grc' dir='ltr'>ί.</span> <span class='ocrx_word' id='word_1_269' title='bbox 524 3291 722 3346; x_wconf 87' lang='lat' dir='ltr'>Nescio</span> <span class='ocrx_word' id='word_1_270' title='bbox 765 3290 1051 3362; x_wconf 91' lang='lat' dir='ltr'>quomodo</span> <span class='ocrx_word' id='word_1_271' title='bbox 1100 3288 1263 3357; x_wconf 90' lang='lat' dir='ltr'>mihi,</span> <span class='ocrx_word' id='word_1_272' title='bbox 1309 3289 1514 3359; x_wconf 90' lang='lat' dir='ltr'>inquit,</span> <span class='ocrx_word' id='word_1_273' title='bbox 1570 3287 1791 3358; x_wconf 72' lang='lat' dir='ltr'>effugit,</span> 
     </span>
    </p>
   </div>
   <div class='ocr_carea' id='block_1_35' title="bbox 92 3376 1794 3455">
    <p class='ocr_par' dir='ltr' id='par_1_35' title="bbox 92 3376 1794 3455">
     <span class='ocr_line' id='line_1_35' title="bbox 92 3376 1794 3455; baseline -0.004 -19"><span class='ocrx_word' id='word_1_274' title='bbox 92 3400 268 3455; x_wconf 89' lang='lat' dir='ltr'>quam</span> <span class='ocrx_word' id='word_1_275' title='bbox 293 3398 444 3435; x_wconf 90' lang='lat' dir='ltr'>nunc</span> <span class='ocrx_word' id='word_1_276' title='bbox 466 3396 672 3452; x_wconf 91' lang='lat' dir='ltr'>sperno</span> <span class='ocrx_word' id='word_1_277' title='bbox 695 3378 1031 3433; x_wconf 89' lang='lat' dir='ltr'>sententiam</span> <span class='ocrx_word' id='word_1_278' title='bbox 1056 3395 1069 3432; x_wconf 93' lang='lat'>:</span> <span class='ocrx_word' id='word_1_279' title='bbox 1093 3394 1208 3431; x_wconf 90' lang='lat' dir='ltr'>non</span> <span class='ocrx_word' id='word_1_280' title='bbox 1233 3377 1387 3431; x_wconf 84' lang='lat' dir='ltr'>enim</span> <span class='ocrx_word' id='word_1_281' title='bbox 1418 3376 1588 3431; x_wconf 90' lang='lat' dir='ltr'>debui</span> <span class='ocrx_word' id='word_1_282' title='bbox 1609 3377 1794 3432; x_wconf 88' lang='lat' dir='ltr'>dicere</span> 
     </span>
    </p>
   </div>
   <div class='ocr_carea' id='block_1_36' title="bbox 91 3465 1794 3543">
    <p class='ocr_par' dir='ltr' id='par_1_36' title="bbox 91 3465 1794 3543">
     <span class='ocr_line' id='line_1_36' title="bbox 91 3465 1794 3543; baseline -0.005 -17"><span class='ocrx_word' id='word_1_283' title='bbox 91 3477 404 3543; x_wconf 89' lang='lat' dir='ltr'>postquam</span> <span class='ocrx_word' id='word_1_284' title='bbox 436 3469 652 3523; x_wconf 91' lang='lat' dir='ltr'>malum</span> <span class='ocrx_word' id='word_1_285' title='bbox 683 3471 878 3522; x_wconf 88' lang='lat' dir='ltr'>natum</span> <span class='ocrx_word' id='word_1_286' title='bbox 928 3472 1032 3533; x_wconf 87' lang='lat' dir='ltr'>est,</span> <span class='ocrx_word' id='word_1_287' title='bbox 1079 3466 1312 3537; x_wconf 85' lang='lat' dir='ltr'>coepisse</span> <span class='ocrx_word' id='word_1_288' title='bbox 1363 3466 1657 3520; x_wconf 89' lang='lat' dir='ltr'>ordinem:</span> <span class='ocrx_word' id='word_1_289' title='bbox 1697 3465 1794 3519; x_wconf 89' lang='lat' dir='ltr'>sed</span> 
     </span>
    </p>
   </div>
   <div class='ocr_carea' id='block_1_37' title="bbox 91 3554 1796 3629">
    <p class='ocr_par' dir='ltr' id='par_1_37' title="bbox 91 3554 1796 3629">
     <span class='ocr_line' id='line_1_37' title="bbox 91 3554 1796 3629; baseline -0.004 -16"><span class='ocrx_word' id='word_1_290' title='bbox 91 3566 155 3614; x_wconf 91' lang='lat' dir='ltr'>ut</span> <span class='ocrx_word' id='word_1_291' title='bbox 186 3560 287 3612; x_wconf 90' lang='lat' dir='ltr'>illa</span> <span class='ocrx_word' id='word_1_292' title='bbox 314 3557 556 3629; x_wconf 89' lang='lat' dir='ltr'>justitia,</span> <span class='ocrx_word' id='word_1_293' title='bbox 590 3557 657 3611; x_wconf 91' lang='lat' dir='ltr'>de</span> <span class='ocrx_word' id='word_1_294' title='bbox 691 3573 805 3628; x_wconf 91' lang='lat' dir='ltr'>qua</span> <span class='ocrx_word' id='word_1_295' title='bbox 847 3555 1145 3626; x_wconf 83' lang='lat' dir='ltr'>Trygetius</span> <span class='ocrx_word' id='word_1_296' title='bbox 1177 3554 1462 3621; x_wconf 87' lang='lat' dir='ltr'>disseruit,</span> <span class='ocrx_word' id='word_1_297' title='bbox 1496 3555 1574 3608; x_wconf 92' lang='lat' dir='ltr'>ita</span> <span class='ocrx_word' id='word_1_298' title='bbox 1615 3559 1669 3608; x_wconf 92' lang='lat' dir='ltr'>et</span> <span class='ocrx_word' id='word_1_299' title='bbox 1698 3570 1796 3607; x_wconf 88' lang='lat' dir='ltr'>or-</span> 
     </span>
    </p>
   </div>
   <div class='ocr_carea' id='block_1_38' title="bbox 95 3641 1792 3716">
    <p class='ocr_par' dir='ltr' id='par_1_38' title="bbox 95 3641 1792 3716">
     <span class='ocr_line' id='line_1_38' title="bbox 95 3641 1792 3716; baseline -0.005 -13"><span class='ocrx_word' id='word_1_300' title='bbox 95 3650 290 3704; x_wconf 88' lang='lat' dir='ltr'>dinem</span> <span class='ocrx_word' id='word_1_301' title='bbox 317 3646 489 3700; x_wconf 88' lang='lat' dir='ltr'>fuisse</span> <span class='ocrx_word' id='word_1_302' title='bbox 523 3645 672 3716; x_wconf 90' lang='lat' dir='ltr'>apud</span> <span class='ocrx_word' id='word_1_303' title='bbox 707 3646 913 3709; x_wconf 88' lang='lat' dir='ltr'>Deum;</span> <span class='ocrx_word' id='word_1_304' title='bbox 943 3643 1040 3697; x_wconf 92' lang='lat' dir='ltr'>sed</span> <span class='ocrx_word' id='word_1_305' title='bbox 1063 3643 1130 3698; x_wconf 91' lang='lat' dir='ltr'>ad</span> <span class='ocrx_word' id='word_1_306' title='bbox 1161 3659 1328 3697; x_wconf 90' lang='lat' dir='ltr'>usum</span> <span class='ocrx_word' id='word_1_307' title='bbox 1357 3641 1380 3673; x_wconf 76' lang='grc'>³</span> <span class='ocrx_word' id='word_1_308' title='bbox 1413 3659 1526 3697; x_wconf 92' lang='lat' dir='ltr'>non</span> <span class='ocrx_word' id='word_1_309' title='bbox 1554 3642 1792 3710; x_wconf 85' lang='lat' dir='ltr'>venisse,</span> 
     </span>
    </p>
   </div>
   <div class='ocr_carea' id='block_1_39' title="bbox 92 3731 1792 3807">
    <p class='ocr_par' dir='ltr' id='par_1_39' title="bbox 92 3731 1792 3807">
     <span class='ocr_line' id='line_1_39' title="bbox 92 3731 1792 3807; baseline -0.004 -16"><span class='ocrx_word' id='word_1_310' title='bbox 92 3737 204 3791; x_wconf 91' lang='lat' dir='ltr'>nisi</span> <span class='ocrx_word' id='word_1_311' title='bbox 233 3739 538 3807; x_wconf 87' lang='lat' dir='ltr'>postquam</span> <span class='ocrx_word' id='word_1_312' title='bbox 573 3733 724 3786; x_wconf 89' lang='lat' dir='ltr'>mala</span> <span class='ocrx_word' id='word_1_313' title='bbox 764 3748 890 3786; x_wconf 92' lang='lat' dir='ltr'>esee</span> <span class='ocrx_word' id='word_1_314' title='bbox 921 3737 1237 3802; x_wconf 86' lang='lat' dir='ltr'>coeperunt.</span> <span class='ocrx_word' id='word_1_315' title='bbox 1272 3731 1502 3797; x_wconf 88' lang='lat' dir='ltr'>Eodem,</span> <span class='ocrx_word' id='word_1_316' title='bbox 1534 3731 1792 3802; x_wconf 86' lang='lat' dir='ltr'>inquam,</span> 
     </span>
    </p>
   </div>
   <div class='ocr_carea' id='block_1_40' title="bbox 93 3819 1796 3890">
    <p class='ocr_par' dir='ltr' id='par_1_40' title="bbox 93 3819 1796 3890">
     <span class='ocr_line' id='line_1_40' title="bbox 93 3819 1796 3890; baseline -0.005 -11"><span class='ocrx_word' id='word_1_317' title='bbox 93 3824 405 3890; x_wconf 88' lang='lat' dir='ltr'>relaberis;</span> <span class='ocrx_word' id='word_1_318' title='bbox 454 3822 594 3876; x_wconf 93' lang='lat' dir='ltr'>illud</span> <span class='ocrx_word' id='word_1_319' title='bbox 627 3820 802 3885; x_wconf 90' lang='lat' dir='ltr'>enim,</span> <span class='ocrx_word' id='word_1_320' title='bbox 854 3819 1009 3890; x_wconf 91' lang='lat' dir='ltr'>quod</span> <span class='ocrx_word' id='word_1_321' title='bbox 1057 3819 1294 3873; x_wconf 91' lang='lat' dir='ltr'>minime</span> <span class='ocrx_word' id='word_1_322' title='bbox 1346 3819 1446 3884; x_wconf 88' lang='lat' dir='ltr'>vis,</span> <span class='ocrx_word' id='word_1_323' title='bbox 1496 3819 1796 3873; x_wconf 90' lang='lat' dir='ltr'>inconcus-</span> 
     </span>
    </p>
   </div>
   <div class='ocr_carea' id='block_1_41' title="bbox 94 3907 1797 3979">
    <p class='ocr_par' dir='ltr' id='par_1_41' title="bbox 94 3907 1797 3979">
     <span class='ocr_line' id='line_1_41' title="bbox 94 3907 1797 3979; baseline -0.004 -10"><span class='ocrx_word' id='word_1_324' title='bbox 94 3931 224 3969; x_wconf 91' lang='lat' dir='ltr'>sum</span> <span class='ocrx_word' id='word_1_325' title='bbox 256 3917 489 3966; x_wconf 90' lang='lat' dir='ltr'>manet:</span> <span class='ocrx_word' id='word_1_326' title='bbox 537 3926 670 3964; x_wconf 89' lang='lat' dir='ltr'>nam</span> <span class='ocrx_word' id='word_1_327' title='bbox 708 3909 822 3963; x_wconf 87' lang='lat' dir='ltr'>sive</span> <span class='ocrx_word' id='word_1_328' title='bbox 861 3907 1012 3979; x_wconf 90' lang='lat' dir='ltr'>apud</span> <span class='ocrx_word' id='word_1_329' title='bbox 1056 3909 1236 3962; x_wconf 92' lang='lat' dir='ltr'>Deum</span> <span class='ocrx_word' id='word_1_330' title='bbox 1263 3907 1372 3961; x_wconf 85' lang='lat' dir='ltr'>fuit</span> <span class='ocrx_word' id='word_1_331' title='bbox 1392 3908 1551 3974; x_wconf 90' lang='lat' dir='ltr'>ordo,</span> <span class='ocrx_word' id='word_1_332' title='bbox 1585 3908 1698 3962; x_wconf 92' lang='lat' dir='ltr'>sive</span> <span class='ocrx_word' id='word_1_333' title='bbox 1729 3924 1797 3962; x_wconf 88' lang='lat' dir='ltr'>ex</span> 
     </span>
    </p>
   </div>
   <div class='ocr_carea' id='block_1_42' title="bbox 95 3995 1795 4070">
    <p class='ocr_par' dir='ltr' id='par_1_42' title="bbox 95 3995 1795 4070">
     <span class='ocr_line' id='line_1_42' title="bbox 95 3995 1795 4070; baseline -0.005 -14"><span class='ocrx_word' id='word_1_334' title='bbox 95 4001 196 4056; x_wconf 91' lang='lat' dir='ltr'>illo</span> <span class='ocrx_word' id='word_1_335' title='bbox 228 4005 494 4070; x_wconf 85' lang='lat' dir='ltr'>tempore</span> <span class='ocrx_word' id='word_1_336' title='bbox 526 4013 643 4052; x_wconf 89' lang='lat' dir='ltr'>esse</span> <span class='ocrx_word' id='word_1_337' title='bbox 695 3995 884 4065; x_wconf 62' lang='lat' dir='ltr'>erepit,</span> <span class='ocrx_word' id='word_1_338' title='bbox 935 4010 1002 4048; x_wconf 87' lang='lat' dir='ltr'>ex</span> <span class='ocrx_word' id='word_1_339' title='bbox 1045 4011 1160 4066; x_wconf 90' lang='lat' dir='ltr'>quo</span> <span class='ocrx_word' id='word_1_340' title='bbox 1205 3995 1377 4048; x_wconf 90' lang='lat' dir='ltr'>etiam</span> <span class='ocrx_word' id='word_1_341' title='bbox 1425 3996 1659 4061; x_wconf 90' lang='lat' dir='ltr'>malum,</span> <span class='ocrx_word' id='word_1_342' title='bbox 1710 3999 1795 4049; x_wconf 89' lang='lat' dir='ltr'>ta-</span> 
     </span>
    </p>
   </div>
   <div class='ocr_carea' id='block_1_43' title="bbox 97 4083 1798 4155">
    <p class='ocr_par' dir='ltr' id='par_1_43' title="bbox 97 4083 1798 4155">
     <span class='ocr_line' id='line_1_43' title="bbox 97 4083 1798 4155; baseline -0.005 -10"><span class='ocrx_word' id='word_1_343' title='bbox 97 4107 233 4145; x_wconf 91' lang='lat' dir='ltr'>men</span> <span class='ocrx_word' id='word_1_344' title='bbox 263 4089 484 4142; x_wconf 90' lang='lat' dir='ltr'>malum</span> <span class='ocrx_word' id='word_1_345' title='bbox 514 4085 655 4140; x_wconf 91' lang='lat' dir='ltr'>illud</span> <span class='ocrx_word' id='word_1_346' title='bbox 685 4089 894 4155; x_wconf 67' lang='lat' dir='ltr'>praeter</span> <span class='ocrx_word' id='word_1_347' title='bbox 922 4083 1184 4137; x_wconf 90' lang='lat' dir='ltr'>ordinem</span> <span class='ocrx_word' id='word_1_348' title='bbox 1207 4089 1405 4136; x_wconf 85' lang='lat' dir='ltr'>natum</span> <span class='ocrx_word' id='word_1_349' title='bbox 1436 4087 1534 4137; x_wconf 90' lang='lat' dir='ltr'>est.</span> <span class='ocrx_word' id='word_1_350' title='bbox 1571 4083 1731 4147; x_wconf 91' lang='lat' dir='ltr'>Quod</span> <span class='ocrx_word' id='word_1_351' title='bbox 1752 4084 1798 4137; x_wconf 91' lang='lat' dir='ltr'>si</span> 
     </span>
    </p>
   </div>
   <div class='ocr_carea' id='block_1_44' title="bbox 97 4171 1798 4243">
    <p class='ocr_par' dir='ltr' id='par_1_44' title="bbox 97 4171 1798 4243">
     <span class='ocr_line' id='line_1_44' title="bbox 97 4171 1798 4243; baseline -0.005 -10"><span class='ocrx_word' id='word_1_352' title='bbox 97 4177 384 4242; x_wconf 90' lang='lat' dir='ltr'>concedis,</span> <span class='ocrx_word' id='word_1_353' title='bbox 419 4174 611 4229; x_wconf 87' lang='lat' dir='ltr'>fateris</span> <span class='ocrx_word' id='word_1_354' title='bbox 655 4173 870 4243; x_wconf 90' lang='lat' dir='ltr'>aliquid</span> <span class='ocrx_word' id='word_1_355' title='bbox 909 4175 1118 4242; x_wconf 69' lang='lat' dir='ltr'>praeter</span> <span class='ocrx_word' id='word_1_356' title='bbox 1155 4171 1411 4225; x_wconf 89' lang='lat' dir='ltr'>ordinem</span> <span class='ocrx_word' id='word_1_357' title='bbox 1440 4187 1606 4241; x_wconf 88' lang='lat' dir='ltr'>posse</span> <span class='ocrx_word' id='word_1_358' title='bbox 1634 4171 1798 4237; x_wconf 85' lang='lat' dir='ltr'>fieri;</span> 
     </span>
    </p>
   </div>
   <div class='ocr_carea' id='block_1_45' title="bbox 98 4259 1799 4338">
    <p class='ocr_par' dir='ltr' id='par_1_45' title="bbox 98 4259 1799 4338">
     <span class='ocr_line' id='line_1_45' title="bbox 98 4259 1799 4338; baseline -0.005 -16"><span class='ocrx_word' id='word_1_359' title='bbox 98 4267 260 4338; x_wconf 92' lang='lat' dir='ltr'>quod</span> <span class='ocrx_word' id='word_1_360' title='bbox 293 4279 527 4319; x_wconf 91' lang='lat' dir='ltr'>causam</span> <span class='ocrx_word' id='word_1_361' title='bbox 556 4267 712 4316; x_wconf 91' lang='lat' dir='ltr'>tuam</span> <span class='ocrx_word' id='word_1_362' title='bbox 750 4261 1008 4314; x_wconf 88' lang='lat' dir='ltr'>debilitat</span> <span class='ocrx_word' id='word_1_363' title='bbox 1051 4276 1115 4314; x_wconf 91' lang='lat' dir='ltr'>ac</span> <span class='ocrx_word' id='word_1_364' title='bbox 1154 4259 1485 4313; x_wconf 84' lang='lat' dir='ltr'>detruncat:</span> <span class='ocrx_word' id='word_1_365' title='bbox 1528 4260 1576 4312; x_wconf 93' lang='lat' dir='ltr'>si</span> <span class='ocrx_word' id='word_1_366' title='bbox 1608 4265 1799 4314; x_wconf 91' lang='lat' dir='ltr'>autem</span> 
     </span>
    </p>
   </div>
   <div class='ocr_carea' id='block_1_46' title="bbox 99 4347 1800 4421">
    <p class='ocr_par' dir='ltr' id='par_1_46' title="bbox 99 4347 1800 4421">
     <span class='ocr_line' id='line_1_46' title="bbox 99 4347 1800 4421; baseline -0.005 -10"><span class='ocrx_word' id='word_1_367' title='bbox 99 4373 216 4411; x_wconf 92' lang='lat' dir='ltr'>non</span> <span class='ocrx_word' id='word_1_368' title='bbox 251 4352 538 4420; x_wconf 90' lang='lat' dir='ltr'>concedis,</span> <span class='ocrx_word' id='word_1_369' title='bbox 569 4349 771 4421; x_wconf 91' lang='lat' dir='ltr'>incipit</span> <span class='ocrx_word' id='word_1_370' title='bbox 814 4349 914 4403; x_wconf 91' lang='lat' dir='ltr'>Dei</span> <span class='ocrx_word' id='word_1_371' title='bbox 962 4347 1162 4402; x_wconf 89' lang='lat' dir='ltr'>ordine</span> <span class='ocrx_word' id='word_1_372' title='bbox 1210 4353 1410 4401; x_wconf 90' lang='lat' dir='ltr'>natum</span> <span class='ocrx_word' id='word_1_373' title='bbox 1457 4347 1672 4402; x_wconf 88' lang='lat' dir='ltr'>malum</span> <span class='ocrx_word' id='word_1_374' title='bbox 1719 4349 1800 4403; x_wconf 83' lang='lat' dir='ltr'>vi-</span> 
     </span>
    </p>
   </div>
   <div class='ocr_carea' id='block_1_47' title="bbox 102 4435 1802 4506">
    <p class='ocr_par' dir='ltr' id='par_1_47' title="bbox 102 4435 1802 4506">
     <span class='ocr_line' id='line_1_47' title="bbox 102 4435 1802 4506; baseline -0.005 -7"><span class='ocrx_word' id='word_1_375' title='bbox 102 4444 251 4505; x_wconf 86' lang='lat' dir='ltr'>deri,</span> <span class='ocrx_word' id='word_1_376' title='bbox 287 4440 654 4497; x_wconf 90' lang='lat' dir='ltr'>etmalorum</span> <span class='ocrx_word' id='word_1_377' title='bbox 696 4441 982 4492; x_wconf 88' lang='lat' dir='ltr'>auctorem</span> <span class='ocrx_word' id='word_1_378' title='bbox 1025 4439 1202 4490; x_wconf 90' lang='lat' dir='ltr'>Deum</span> <span class='ocrx_word' id='word_1_379' title='bbox 1244 4435 1542 4501; x_wconf 86' lang='lat' dir='ltr'>fateberis;</span> <span class='ocrx_word' id='word_1_380' title='bbox 1576 4452 1689 4506; x_wconf 86' lang='lat' dir='ltr'>quo</span> <span class='ocrx_word' id='word_1_381' title='bbox 1717 4454 1802 4490; x_wconf 85' lang='lat' dir='ltr'>sa-</span> 
     </span>
    </p>
   </div>
   <div class='ocr_carea' id='block_1_48' title="bbox 102 4525 1805 4602">
    <p class='ocr_par' dir='ltr' id='par_1_48' title="bbox 102 4525 1805 4602">
     <span class='ocr_line' id='line_1_48' title="bbox 102 4525 1805 4602; baseline -0.004 -15"><span class='ocrx_word' id='word_1_382' title='bbox 102 4531 346 4602; x_wconf 88' lang='lat' dir='ltr'>crilegio</span> <span class='ocrx_word' id='word_1_383' title='bbox 378 4529 518 4582; x_wconf 86' lang='lat' dir='ltr'>mihi</span> <span class='ocrx_word' id='word_1_384' title='bbox 545 4526 935 4582; x_wconf 88' lang='lat' dir='ltr'>detestabilius</span> <span class='ocrx_word' id='word_1_385' title='bbox 976 4525 1118 4579; x_wconf 87' lang='lat' dir='ltr'>nihil</span> <span class='ocrx_word' id='word_1_386' title='bbox 1157 4525 1423 4579; x_wconf 92' lang='lat' dir='ltr'>occurrit.</span> <span class='ocrx_word' id='word_1_387' title='bbox 1475 4527 1636 4590; x_wconf 91' lang='lat' dir='ltr'>Quod</span> <span class='ocrx_word' id='word_1_388' title='bbox 1676 4543 1805 4581; x_wconf 93' lang='lat' dir='ltr'>cum</span> 
     </span>
    </p>
   </div>
   <div class='ocr_carea' id='block_1_49' title="bbox 105 4613 1802 4687">
    <p class='ocr_par' dir='ltr' id='par_1_49' title="bbox 105 4613 1802 4687">
     <span class='ocr_line' id='line_1_49' title="bbox 105 4613 1802 4687; baseline -0.002 -13"><span class='ocrx_word' id='word_1_389' title='bbox 105 4622 222 4675; x_wconf 87' lang='lat' dir='ltr'>sive</span> <span class='ocrx_word' id='word_1_390' title='bbox 257 4635 378 4674; x_wconf 89' lang='lat' dir='ltr'>non</span> <span class='ocrx_word' id='word_1_391' title='bbox 402 4615 766 4687; x_wconf 89' lang='lat' dir='ltr'>intelligenti,</span> <span class='ocrx_word' id='word_1_392' title='bbox 807 4615 919 4668; x_wconf 90' lang='lat' dir='ltr'>sive</span> <span class='ocrx_word' id='word_1_393' title='bbox 948 4613 1329 4668; x_wconf 88' lang='lat' dir='ltr'>dissimulanti</span> <span class='ocrx_word' id='word_1_394' title='bbox 1355 4630 1411 4667; x_wconf 91' lang='lat' dir='ltr'>se</span> <span class='ocrx_word' id='word_1_395' title='bbox 1441 4615 1802 4681; x_wconf 79' lang='lat' dir='ltr'>intellexisse,</span> 
     </span>
    </p>
   </div>
   <div class='ocr_carea' id='block_1_50' title="bbox 104 4701 1806 4775">
    <p class='ocr_par' dir='ltr' id='par_1_50' title="bbox 104 4701 1806 4775">
     <span class='ocr_line' id='line_1_50' title="bbox 104 4701 1806 4775; baseline -0.004 -11"><span class='ocrx_word' id='word_1_396' title='bbox 104 4723 399 4764; x_wconf 85' lang='lat' dir='ltr'>versarem</span> <span class='ocrx_word' id='word_1_397' title='bbox 432 4705 639 4775; x_wconf 68' lang='lat' dir='ltr'>sazpius</span> <span class='ocrx_word' id='word_1_398' title='bbox 669 4708 726 4758; x_wconf 88' lang='lat' dir='ltr'>et</span> <span class='ocrx_word' id='word_1_399' title='bbox 755 4703 1122 4769; x_wconf 87' lang='lat' dir='ltr'>revolverem,</span> <span class='ocrx_word' id='word_1_400' title='bbox 1145 4701 1285 4756; x_wconf 90' lang='lat' dir='ltr'>nihil</span> <span class='ocrx_word' id='word_1_401' title='bbox 1314 4702 1516 4756; x_wconf 91' lang='lat' dir='ltr'>habuit</span> <span class='ocrx_word' id='word_1_402' title='bbox 1545 4703 1694 4774; x_wconf 89' lang='lat' dir='ltr'>quod</span> <span class='ocrx_word' id='word_1_403' title='bbox 1727 4704 1806 4758; x_wconf 92' lang='lat' dir='ltr'>di-</span> 
     </span>
    </p>
   </div>
   <div class='ocr_carea' id='block_1_51' title="bbox 108 4791 1805 4864">
    <p class='ocr_par' dir='ltr' id='par_1_51' title="bbox 108 4791 1805 4864">
     <span class='ocr_line' id='line_1_51' title="bbox 108 4791 1805 4864; baseline -0.004 -11"><span class='ocrx_word' id='word_1_404' title='bbox 108 4801 285 4864; x_wconf 88' lang='lat' dir='ltr'>ceret,</span> <span class='ocrx_word' id='word_1_405' title='bbox 322 4799 378 4849; x_wconf 90' lang='lat' dir='ltr'>et</span> <span class='ocrx_word' id='word_1_406' title='bbox 403 4810 462 4848; x_wconf 92' lang='lat' dir='ltr'>se</span> <span class='ocrx_word' id='word_1_407' title='bbox 492 4793 715 4847; x_wconf 89' lang='lat' dir='ltr'>silentio</span> <span class='ocrx_word' id='word_1_408' title='bbox 760 4791 942 4847; x_wconf 91' lang='lat' dir='ltr'>dedit.</span> <span class='ocrx_word' id='word_1_409' title='bbox 980 4791 1128 4845; x_wconf 88' lang='lat' dir='ltr'>Num</span> <span class='ocrx_word' id='word_1_410' title='bbox 1169 4794 1386 4844; x_wconf 88' lang='lat' dir='ltr'>mater:</span> <span class='ocrx_word' id='word_1_411' title='bbox 1430 4792 1563 4861; x_wconf 89' lang='lat' dir='ltr'>Ego,</span> <span class='ocrx_word' id='word_1_412' title='bbox 1597 4791 1805 4862; x_wconf 87' lang='lat' dir='ltr'>inquit,</span> 
     </span>
    </p>
   </div>
   <div class='ocr_carea' id='block_1_52' title="bbox 111 4878 1808 4955">
    <p class='ocr_par' dir='ltr' id='par_1_52' title="bbox 111 4878 1808 4955">
     <span class='ocr_line' id='line_1_52' title="bbox 111 4878 1808 4955; baseline -0.005 -13"><span class='ocrx_word' id='word_1_413' title='bbox 111 4902 233 4942; x_wconf 89' lang='lat' dir='ltr'>non</span> <span class='ocrx_word' id='word_1_414' title='bbox 285 4887 428 4955; x_wconf 89' lang='lat' dir='ltr'>puto</span> <span class='ocrx_word' id='word_1_415' title='bbox 463 4881 606 4936; x_wconf 89' lang='lat' dir='ltr'>nihil</span> <span class='ocrx_word' id='word_1_416' title='bbox 655 4880 907 4951; x_wconf 90' lang='lat' dir='ltr'>potuisse</span> <span class='ocrx_word' id='word_1_417' title='bbox 949 4883 1160 4950; x_wconf 73' lang='lat' dir='ltr'>praeter</span> <span class='ocrx_word' id='word_1_418' title='bbox 1205 4878 1308 4933; x_wconf 92' lang='lat' dir='ltr'>Dei</span> <span class='ocrx_word' id='word_1_419' title='bbox 1355 4879 1614 4933; x_wconf 89' lang='lat' dir='ltr'>ordinem</span> <span class='ocrx_word' id='word_1_420' title='bbox 1661 4880 1808 4950; x_wconf 87' lang='lat' dir='ltr'>ﬁeri,</span> 
     </span>
    </p>
   </div>
   <div class='ocr_carea' id='block_1_53' title="bbox 111 4969 1810 5049">
    <p class='ocr_par' dir='ltr' id='par_1_53' title="bbox 111 4969 1810 5049">
     <span class='ocr_line' id='line_1_53' title="bbox 111 4969 1810 5049; baseline -0.004 -20"><span class='ocrx_word' id='word_1_421' title='bbox 111 4976 251 5049; x_wconf 89' lang='lat' dir='ltr'>quia</span> <span class='ocrx_word' id='word_1_422' title='bbox 283 4975 476 5044; x_wconf 90' lang='lat' dir='ltr'>ipsum</span> <span class='ocrx_word' id='word_1_423' title='bbox 508 4971 724 5025; x_wconf 90' lang='lat' dir='ltr'>malum</span> <span class='ocrx_word' id='word_1_424' title='bbox 763 4969 914 5040; x_wconf 91' lang='lat' dir='ltr'>quod</span> <span class='ocrx_word' id='word_1_425' title='bbox 949 4973 1149 5023; x_wconf 87' lang='lat' dir='ltr'>natum</span> <span class='ocrx_word' id='word_1_426' title='bbox 1184 4972 1286 5036; x_wconf 88' lang='lat' dir='ltr'>est,</span> <span class='ocrx_word' id='word_1_427' title='bbox 1320 4970 1475 5022; x_wconf 88' lang='lat' dir='ltr'>nullo</span> <span class='ocrx_word' id='word_1_428' title='bbox 1507 4969 1674 5023; x_wconf 91' lang='lat' dir='ltr'>modo</span> <span class='ocrx_word' id='word_1_429' title='bbox 1711 4969 1810 5023; x_wconf 90' lang='lat' dir='ltr'>Dei</span> 
     </span>
    </p>
   </div>
   <div class='ocr_carea' id='block_1_54' title="bbox 111 5054 1812 5127">
    <p class='ocr_par' dir='ltr' id='par_1_54' title="bbox 111 5054 1812 5127">
     <span class='ocr_line' id='line_1_54' title="bbox 111 5054 1812 5127; baseline -0.004 -9"><span class='ocrx_word' id='word_1_430' title='bbox 111 5063 321 5118; x_wconf 89' lang='lat' dir='ltr'>ordine</span> <span class='ocrx_word' id='word_1_431' title='bbox 352 5065 555 5114; x_wconf 85' lang='lat' dir='ltr'>natum</span> <span class='ocrx_word' id='word_1_432' title='bbox 578 5062 695 5125; x_wconf 90' lang='lat' dir='ltr'>est;</span> <span class='ocrx_word' id='word_1_433' title='bbox 717 5058 815 5112; x_wconf 90' lang='lat' dir='ltr'>sed</span> <span class='ocrx_word' id='word_1_434' title='bbox 835 5057 933 5111; x_wconf 89' lang='lat' dir='ltr'>illa</span> <span class='ocrx_word' id='word_1_435' title='bbox 957 5056 1174 5127; x_wconf 85' lang='lat' dir='ltr'>justitia</span> <span class='ocrx_word' id='word_1_436' title='bbox 1195 5055 1253 5110; x_wconf 94' lang='lat' dir='ltr'>id</span> <span class='ocrx_word' id='word_1_437' title='bbox 1282 5054 1668 5110; x_wconf 88' lang='lat' dir='ltr'>inordinatum</span> <span class='ocrx_word' id='word_1_438' title='bbox 1692 5073 1812 5111; x_wconf 91' lang='lat' dir='ltr'>esse</span> 
     </span>
    </p>
   </div>
   <div class='ocr_carea' id='block_1_55' title="bbox 109 5145 1812 5216">
    <p class='ocr_par' dir='ltr' id='par_1_55' title="bbox 109 5145 1812 5216">
     <span class='ocr_line' id='line_1_55' title="bbox 109 5145 1812 5216; baseline -0.004 -8"><span class='ocrx_word' id='word_1_439' title='bbox 109 5169 232 5208; x_wconf 89' lang='lat' dir='ltr'>non</span> <span class='ocrx_word' id='word_1_440' title='bbox 263 5149 418 5216; x_wconf 87' lang='lat' dir='ltr'>sivit,</span> <span class='ocrx_word' id='word_1_441' title='bbox 450 5152 506 5203; x_wconf 90' lang='lat' dir='ltr'>et</span> <span class='ocrx_word' id='word_1_442' title='bbox 530 5146 591 5202; x_wconf 89' lang='lat' dir='ltr'>in</span> <span class='ocrx_word' id='word_1_443' title='bbox 624 5146 730 5202; x_wconf 88' lang='lat' dir='ltr'>sibi</span> <span class='ocrx_word' id='word_1_444' title='bbox 758 5146 1030 5201; x_wconf 90' lang='lat' dir='ltr'>meritum</span> <span class='ocrx_word' id='word_1_445' title='bbox 1050 5146 1309 5202; x_wconf 89' lang='lat' dir='ltr'>ordinem</span> <span class='ocrx_word' id='word_1_446' title='bbox 1330 5145 1552 5216; x_wconf 85' lang='lat' dir='ltr'>redegit</span> <span class='ocrx_word' id='word_1_447' title='bbox 1581 5151 1637 5202; x_wconf 90' lang='lat' dir='ltr'>et</span> <span class='ocrx_word' id='word_1_448' title='bbox 1657 5162 1812 5201; x_wconf 91' lang='lat' dir='ltr'>com-</span> 
     </span>
    </p>
   </div>
   <div class='ocr_carea' id='block_1_56' title="bbox 113 5241 1040 5314">
    <p class='ocr_par' dir='ltr' id='par_1_56' title="bbox 113 5241 1040 5314">
     <span class='ocr_line' id='line_1_56' title="bbox 113 5241 1040 5314; baseline -0.002 -18"><span class='ocrx_word' id='word_1_449' title='bbox 113 5241 287 5314; x_wconf 88' lang='lat' dir='ltr'>pulit.</span> <span class='ocrx_word' id='word_1_450' title='bbox 1037 5251 1040 5256; x_wconf 89' lang='lat'>&#39;</span> 
     </span>
    </p>
   </div>
   <div class='ocr_carea' id='block_1_57' title="bbox 177 5341 1816 5405">
    <p class='ocr_par' dir='ltr' id='par_1_57' title="bbox 177 5341 1816 5405">
     <span class='ocr_line' id='line_1_57' title="bbox 177 5341 1816 5405; baseline -0.001 -11"><span class='ocrx_word' id='word_1_451' title='bbox 177 5350 192 5382; x_wconf 73' lang='grc'><strong>1</strong></span> <span class='ocrx_word' id='word_1_452' title='bbox 220 5344 454 5405; x_wconf 73' lang='lat' dir='ltr'>Insignis</span> <span class='ocrx_word' id='word_1_453' title='bbox 477 5343 564 5392; x_wconf 90' lang='lat' dir='ltr'>hic</span> <span class='ocrx_word' id='word_1_454' title='bbox 587 5341 800 5392; x_wconf 90' lang='lat' dir='ltr'>omissio</span> <span class='ocrx_word' id='word_1_455' title='bbox 819 5345 898 5391; x_wconf 87' lang='lat' dir='ltr'>est</span> <span class='ocrx_word' id='word_1_456' title='bbox 919 5343 972 5391; x_wconf 91' lang='lat' dir='ltr'>in</span> <span class='ocrx_word' id='word_1_457' title='bbox 995 5342 1264 5392; x_wconf 90' lang='lat' dir='ltr'>codicibus</span> <span class='ocrx_word' id='word_1_458' title='bbox 1284 5355 1491 5403; x_wconf 89' lang='lat' dir='ltr'>novem,</span> <span class='ocrx_word' id='word_1_459' title='bbox 1516 5342 1681 5405; x_wconf 91' lang='lat' dir='ltr'>iisque</span> <span class='ocrx_word' id='word_1_460' title='bbox 1707 5357 1816 5392; x_wconf 92' lang='lat' dir='ltr'>non</span> 
     </span>
    </p>
   </div>
   <div class='ocr_carea' id='block_1_58' title="bbox 118 5405 1819 5468">
    <p class='ocr_par' dir='ltr' id='par_1_58' title="bbox 118 5405 1819 5468">
     <span class='ocr_line' id='line_1_58' title="bbox 118 5405 1819 5468; baseline -0.002 -10"><span class='ocrx_word' id='word_1_461' title='bbox 118 5408 400 5458; x_wconf 86' lang='lat' dir='ltr'>deterioris</span> <span class='ocrx_word' id='word_1_462' title='bbox 437 5411 599 5460; x_wconf 65' lang='lat' dir='ltr'>notas,</span> <span class='ocrx_word' id='word_1_463' title='bbox 631 5405 719 5466; x_wconf 92' lang='lat' dir='ltr'>qui</span> <span class='ocrx_word' id='word_1_464' title='bbox 750 5405 812 5452; x_wconf 87' lang='lat' dir='ltr'>ad</span> <span class='ocrx_word' id='word_1_465' title='bbox 844 5405 957 5453; x_wconf 78' lang='lat' dir='ltr'>hch</span> <span class='ocrx_word' id='word_1_466' title='bbox 978 5405 1158 5468; x_wconf 83' lang='lat' dir='ltr'>verba,</span> <span class='ocrx_word' id='word_1_467' title='bbox 1198 5408 1328 5468; x_wconf 74' lang='lat' dir='ltr'>ordo</span> <span class='ocrx_word' id='word_1_468' title='bbox 1373 5418 1480 5468; x_wconf 68' lang='lat' dir='ltr'>esse</span> <span class='ocrx_word' id='word_1_469' title='bbox 1509 5408 1679 5468; x_wconf 59' lang='lat' dir='ltr'>capit,</span> <span class='ocrx_word' id='word_1_470' title='bbox 1720 5406 1819 5454; x_wconf 83' lang='lat' dir='ltr'>ista.</span> 
     </span>
    </p>
   </div>
   <div class='ocr_carea' id='block_1_59' title="bbox 119 5466 1476 5530">
    <p class='ocr_par' dir='ltr' id='par_1_59' title="bbox 119 5466 1476 5530">
     <span class='ocr_line' id='line_1_59' title="bbox 119 5466 1476 5530; baseline -0.003 -11"><span class='ocrx_word' id='word_1_471' title='bbox 119 5471 461 5519; x_wconf 86' lang='lat' dir='ltr'>continenter</span> <span class='ocrx_word' id='word_1_472' title='bbox 485 5467 776 5530; x_wconf 78' lang='lat' dir='ltr'>subjiciunt</span> <span class='ocrx_word' id='word_1_473' title='bbox 797 5482 808 5514; x_wconf 89' lang='lat'>:</span> <span class='ocrx_word' id='word_1_474' title='bbox 837 5467 1016 5530; x_wconf 74' lang='lat' dir='ltr'>Nescio</span> <span class='ocrx_word' id='word_1_475' title='bbox 1039 5466 1296 5530; x_wconf 80' lang='lat' dir='ltr'>quomodo</span> <span class='ocrx_word' id='word_1_476' title='bbox 1320 5466 1476 5517; x_wconf 75' lang='lat' dir='ltr'>mihi.</span> 
     </span>
    </p>
   </div>
   <div class='ocr_carea' id='block_1_60' title="bbox 174 5528 1642 5590">
    <p class='ocr_par' dir='ltr' id='par_1_60' title="bbox 174 5528 1642 5590">
     <span class='ocr_line' id='line_1_60' title="bbox 174 5528 1642 5590; baseline -0.003 -10"><span class='ocrx_word' id='word_1_477' title='bbox 174 5535 196 5568; x_wconf 80' lang='grc'>²</span> <span class='ocrx_word' id='word_1_478' title='bbox 225 5532 351 5581; x_wconf 86' lang='lat' dir='ltr'>Bad.</span> <span class='ocrx_word' id='word_1_479' title='bbox 371 5532 488 5580; x_wconf 85' lang='lat' dir='ltr'>Am.</span> <span class='ocrx_word' id='word_1_480' title='bbox 521 5528 607 5578; x_wconf 79' lang='lat' dir='ltr'>Er.</span> <span class='ocrx_word' id='word_1_481' title='bbox 631 5532 682 5577; x_wconf 85' lang='lat' dir='ltr'>et</span> <span class='ocrx_word' id='word_1_482' title='bbox 709 5528 856 5588; x_wconf 85' lang='lat' dir='ltr'>Lov.,</span> <span class='ocrx_word' id='word_1_483' title='bbox 877 5529 951 5582; x_wconf 82' lang='lat' dir='ltr'>ad</span> <span class='ocrx_word' id='word_1_484' title='bbox 976 5528 1134 5581; x_wconf 65' lang='lat' dir='ltr'>usum</span> <span class='ocrx_word' id='word_1_485' title='bbox 1151 5528 1270 5590; x_wconf 76' lang='lat' dir='ltr'>ejus</span> <span class='ocrx_word' id='word_1_486' title='bbox 1287 5540 1394 5580; x_wconf 81' lang='lat' dir='ltr'>non</span> <span class='ocrx_word' id='word_1_487' title='bbox 1419 5532 1642 5581; x_wconf 74' lang='lat' dir='ltr'>venisse.</span> 
     </span>
    </p>
   </div>
   <div class='ocr_carea' id='block_1_61' title="bbox 170 5590 844 5656">
    <p class='ocr_par' dir='ltr' id='par_1_61' title="bbox 170 5590 844 5656">
     <span class='ocr_line' id='line_1_61' title="bbox 170 5590 844 5656; baseline -0.012 -10"><span class='ocrx_word' id='word_1_488' title='bbox 170 5595 195 5630; x_wconf 77' lang='grc'>³</span> <span class='ocrx_word' id='word_1_489' title='bbox 235 5593 509 5656; x_wconf 83' lang='lat' dir='ltr'>Plerisque</span> <span class='ocrx_word' id='word_1_490' title='bbox 541 5591 690 5641; x_wconf 84' lang='lat' dir='ltr'>abest</span> <span class='ocrx_word' id='word_1_491' title='bbox 715 5590 844 5653; x_wconf 73' lang='lat' dir='ltr'>ejus.</span> 
     </span>
    </p>
   </div>
   <div class='ocr_carea' id='block_1_62' title="bbox 1544 349 2186 409">
    <p class='ocr_par' dir='ltr' id='par_1_62' title="bbox 1544 349 2186 409">
     <span class='ocr_line' id='line_1_62' title="bbox 1544 349 2186 409; baseline 0.003 -4"><span class='ocrx_word' id='word_1_492' title='bbox 1544 349 1756 407; x_wconf 86' lang='lat' dir='ltr'>LIBER</span> <span class='ocrx_word' id='word_1_493' title='bbox 1800 349 2186 409; x_wconf 81' lang='lat' dir='ltr'>SECUNDUS.</span> 
     </span>
    </p>
   </div>
   <div class='ocr_carea' id='block_1_63' title="bbox 3463 361 3598 415">
    <p class='ocr_par' dir='ltr' id='par_1_63' title="bbox 3463 361 3598 415">
     <span class='ocr_line' id='line_1_63' title="bbox 3463 361 3598 415; baseline 0.007 -1"><span class='ocrx_word' id='word_1_494' title='bbox 3463 361 3598 415; x_wconf 85' lang='grc'>1006</span> 
     </span>
    </p>
   </div>
   <div class='ocr_carea' id='block_1_64' title="bbox 1976 473 3597 550">
    <p class='ocr_par' dir='ltr' id='par_1_64' title="bbox 1976 473 3597 550">
     <span class='ocr_line' id='line_1_64' title="bbox 1976 473 3597 550; baseline 0.006 -24"><span class='ocrx_word' id='word_1_495' title='bbox 1976 475 2064 527; x_wconf 64' lang='grc'><strong>24.</strong></span> <span class='ocrx_word' id='word_1_496' title='bbox 2104 473 2203 527; x_wconf 86' lang='lat' dir='ltr'>Hic</span> <span class='ocrx_word' id='word_1_497' title='bbox 2250 491 2353 545; x_wconf 86' lang='lat' dir='ltr'>ego</span> <span class='ocrx_word' id='word_1_498' title='bbox 2401 491 2530 529; x_wconf 85' lang='lat' dir='ltr'>cum</span> <span class='ocrx_word' id='word_1_499' title='bbox 2573 492 2771 530; x_wconf 89' lang='lat' dir='ltr'>omnes</span> <span class='ocrx_word' id='word_1_500' title='bbox 2821 492 3110 530; x_wconf 91' lang='lat' dir='ltr'>cernerem</span> <span class='ocrx_word' id='word_1_501' title='bbox 3162 478 3597 550; x_wconf 86' lang='lat' dir='ltr'>studiosissime,</span> 
     </span>
    </p>
   </div>
   <div class='ocr_carea' id='block_1_65' title="bbox 1907 562 3600 634">
    <p class='ocr_par' dir='ltr' id='par_1_65' title="bbox 1907 562 3600 634">
     <span class='ocr_line' id='line_1_65' title="bbox 1907 562 3600 634; baseline 0.005 -21"><span class='ocrx_word' id='word_1_502' title='bbox 1907 576 1971 613; x_wconf 86' lang='lat' dir='ltr'>ac</span> <span class='ocrx_word' id='word_1_503' title='bbox 2018 577 2122 630; x_wconf 92' lang='lat' dir='ltr'>pro</span> <span class='ocrx_word' id='word_1_504' title='bbox 2172 562 2288 615; x_wconf 90' lang='lat' dir='ltr'>suis</span> <span class='ocrx_word' id='word_1_505' title='bbox 2338 579 2624 634; x_wconf 87' lang='lat' dir='ltr'>quemque</span> <span class='ocrx_word' id='word_1_506' title='bbox 2672 564 2884 618; x_wconf 90' lang='lat' dir='ltr'>viribus</span> <span class='ocrx_word' id='word_1_507' title='bbox 2939 565 3122 618; x_wconf 90' lang='lat' dir='ltr'>Deum</span> <span class='ocrx_word' id='word_1_508' title='bbox 3178 581 3454 634; x_wconf 68' lang='lat' dir='ltr'>quaerere,</span> <span class='ocrx_word' id='word_1_509' title='bbox 3503 570 3600 622; x_wconf 90' lang='lat' dir='ltr'>sed</span> 
     </span>
    </p>
   </div>
   <div class='ocr_carea' id='block_1_66' title="bbox 1907 646 3600 725">
    <p class='ocr_par' dir='ltr' id='par_1_66' title="bbox 1907 646 3600 725">
     <span class='ocr_line' id='line_1_66' title="bbox 1907 646 3600 725; baseline 0.005 -24"><span class='ocrx_word' id='word_1_510' title='bbox 1907 646 2096 717; x_wconf 91' lang='lat' dir='ltr'>ipsum</span> <span class='ocrx_word' id='word_1_511' title='bbox 2127 649 2195 702; x_wconf 90' lang='lat' dir='ltr'>de</span> <span class='ocrx_word' id='word_1_512' title='bbox 2222 665 2335 718; x_wconf 94' lang='lat' dir='ltr'>quo</span> <span class='ocrx_word' id='word_1_513' title='bbox 2357 651 2664 720; x_wconf 86' lang='lat' dir='ltr'>agebamus</span> <span class='ocrx_word' id='word_1_514' title='bbox 2705 652 2966 705; x_wconf 91' lang='lat' dir='ltr'>ordinem</span> <span class='ocrx_word' id='word_1_515' title='bbox 3001 668 3114 705; x_wconf 87' lang='lat' dir='ltr'>non</span> <span class='ocrx_word' id='word_1_516' title='bbox 3134 657 3349 722; x_wconf 74' lang='lat' dir='ltr'>tenere,</span> <span class='ocrx_word' id='word_1_517' title='bbox 3385 672 3497 725; x_wconf 90' lang='lat' dir='ltr'>quo</span> <span class='ocrx_word' id='word_1_518' title='bbox 3529 656 3600 710; x_wconf 89' lang='lat' dir='ltr'>ad</span> 
     </span>
    </p>
   </div>
   <div class='ocr_carea' id='block_1_67' title="bbox 1906 734 3596 812">
    <p class='ocr_par' dir='ltr' id='par_1_67' title="bbox 1906 734 3596 812">
     <span class='ocr_line' id='line_1_67' title="bbox 1906 734 3596 812; baseline 0.006 -25"><span class='ocrx_word' id='word_1_519' title='bbox 1906 734 2061 789; x_wconf 90' lang='lat' dir='ltr'>illius</span> <span class='ocrx_word' id='word_1_520' title='bbox 2091 736 2394 790; x_wconf 81' lang='lat' dir='ltr'>ineii‘abilis</span> <span class='ocrx_word' id='word_1_521' title='bbox 2425 739 2732 806; x_wconf 78' lang='lat' dir='ltr'>majestatis</span> <span class='ocrx_word' id='word_1_522' title='bbox 2760 739 3198 809; x_wconf 83' lang='lat' dir='ltr'>intelligentiam</span> <span class='ocrx_word' id='word_1_523' title='bbox 3228 744 3596 812; x_wconf 89' lang='lat' dir='ltr'>pervenitur:</span> 
     </span>
    </p>
   </div>
   <div class='ocr_carea' id='block_1_68' title="bbox 1909 823 3598 900">
    <p class='ocr_par' dir='ltr' id='par_1_68' title="bbox 1909 823 3598 900">
     <span class='ocr_line' id='line_1_68' title="bbox 1909 823 3598 900; baseline 0.005 -24"><span class='ocrx_word' id='word_1_524' title='bbox 1909 823 2019 876; x_wconf 91' lang='lat' dir='ltr'>Oro</span> <span class='ocrx_word' id='word_1_525' title='bbox 2051 840 2169 892; x_wconf 91' lang='lat' dir='ltr'>vos,</span> <span class='ocrx_word' id='word_1_526' title='bbox 2218 824 2475 894; x_wconf 90' lang='lat' dir='ltr'>inquam,</span> <span class='ocrx_word' id='word_1_527' title='bbox 2511 825 2576 890; x_wconf 87' lang='lat' dir='ltr'>si,</span> <span class='ocrx_word' id='word_1_528' title='bbox 2612 831 2673 878; x_wconf 88' lang='lat' dir='ltr'>ut</span> <span class='ocrx_word' id='word_1_529' title='bbox 2717 827 2899 893; x_wconf 90' lang='lat' dir='ltr'>video,</span> <span class='ocrx_word' id='word_1_530' title='bbox 2950 830 3194 882; x_wconf 90' lang='lat' dir='ltr'>multum</span> <span class='ocrx_word' id='word_1_531' title='bbox 3245 829 3478 900; x_wconf 88' lang='lat' dir='ltr'>diligitis</span> <span class='ocrx_word' id='word_1_532' title='bbox 3507 849 3598 885; x_wconf 90' lang='lat' dir='ltr'>or-</span> 
     </span>
    </p>
   </div>
   <div class='ocr_carea' id='block_1_69' title="bbox 1906 909 3598 989">
    <p class='ocr_par' dir='ltr' id='par_1_69' title="bbox 1906 909 3598 989">
     <span class='ocr_line' id='line_1_69' title="bbox 1906 909 3598 989; baseline 0.005 -25"><span class='ocrx_word' id='word_1_533' title='bbox 1906 909 2120 980; x_wconf 86' lang='lat' dir='ltr'>dinem,</span> <span class='ocrx_word' id='word_1_534' title='bbox 2152 927 2223 965; x_wconf 94' lang='lat' dir='ltr'>ne</span> <span class='ocrx_word' id='word_1_535' title='bbox 2256 929 2359 966; x_wconf 91' lang='lat' dir='ltr'>nos</span> <span class='ocrx_word' id='word_1_536' title='bbox 2390 918 2771 982; x_wconf 75' lang='lat' dir='ltr'>praeposteros</span> <span class='ocrx_word' id='word_1_537' title='bbox 2799 920 2854 967; x_wconf 92' lang='lat' dir='ltr'>et</span> <span class='ocrx_word' id='word_1_538' title='bbox 2882 915 3233 970; x_wconf 89' lang='lat' dir='ltr'>inordinatos</span> <span class='ocrx_word' id='word_1_539' title='bbox 3265 912 3384 971; x_wconf 79' lang='lat' dir='ltr'>esse</span> <span class='ocrx_word' id='word_1_540' title='bbox 3415 919 3598 989; x_wconf 90' lang='lat' dir='ltr'>patia-</span> 
     </span>
    </p>
   </div>
   <div class='ocr_carea' id='block_1_70' title="bbox 1904 998 3599 1071">
    <p class='ocr_par' dir='ltr' id='par_1_70' title="bbox 1904 998 3599 1071">
     <span class='ocr_line' id='line_1_70' title="bbox 1904 998 3599 1071; baseline 0.006 -21"><span class='ocrx_word' id='word_1_541' title='bbox 1904 998 2066 1052; x_wconf 90' lang='lat' dir='ltr'>mini.</span> <span class='ocrx_word' id='word_1_542' title='bbox 2103 999 2443 1071; x_wconf 87' lang='lat' dir='ltr'>Quanquam</span> <span class='ocrx_word' id='word_1_543' title='bbox 2484 1001 2637 1053; x_wconf 84' lang='lat' dir='ltr'>euim</span> <span class='ocrx_word' id='word_1_544' title='bbox 2675 1002 3054 1056; x_wconf 89' lang='lat' dir='ltr'>occultissima</span> <span class='ocrx_word' id='word_1_545' title='bbox 3089 1005 3230 1057; x_wconf 83' lang='lat' dir='ltr'>ratio</span> <span class='ocrx_word' id='word_1_546' title='bbox 3275 1022 3331 1059; x_wconf 92' lang='lat' dir='ltr'>se</span> <span class='ocrx_word' id='word_1_547' title='bbox 3365 1007 3599 1060; x_wconf 91' lang='lat' dir='ltr'>demon-</span> 
     </span>
    </p>
   </div>
   <div class='ocr_carea' id='block_1_71' title="bbox 1904 1089 3598 1158">
    <p class='ocr_par' dir='ltr' id='par_1_71' title="bbox 1904 1089 3598 1158">
     <span class='ocr_line' id='line_1_71' title="bbox 1904 1089 3598 1158; baseline 0.007 -20"><span class='ocrx_word' id='word_1_548' title='bbox 1904 1090 2205 1140; x_wconf 86' lang='lat' dir='ltr'>straturam</span> <span class='ocrx_word' id='word_1_549' title='bbox 2237 1089 2590 1158; x_wconf 89' lang='lat' dir='ltr'>polliceatur,</span> <span class='ocrx_word' id='word_1_550' title='bbox 2623 1089 2767 1142; x_wconf 89' lang='lat' dir='ltr'>nihil</span> <span class='ocrx_word' id='word_1_551' title='bbox 2809 1095 3020 1158; x_wconf 55' lang='lat' dir='ltr'>prater</span> <span class='ocrx_word' id='word_1_552' title='bbox 3048 1092 3301 1147; x_wconf 89' lang='lat' dir='ltr'>divinum</span> <span class='ocrx_word' id='word_1_553' title='bbox 3334 1094 3598 1150; x_wconf 86' lang='lat' dir='ltr'>ordinem</span> 
     </span>
    </p>
   </div>
   <div class='ocr_carea' id='block_1_72' title="bbox 1903 1173 3596 1251">
    <p class='ocr_par' dir='ltr' id='par_1_72' title="bbox 1903 1173 3596 1251">
     <span class='ocr_line' id='line_1_72' title="bbox 1903 1173 3596 1251; baseline 0.006 -25"><span class='ocrx_word' id='word_1_554' title='bbox 1903 1173 2064 1228; x_wconf 73' lang='lat' dir='ltr'>fieri:</span> <span class='ocrx_word' id='word_1_555' title='bbox 2101 1180 2293 1229; x_wconf 87' lang='lat' dir='ltr'>tamen</span> <span class='ocrx_word' id='word_1_556' title='bbox 2324 1177 2369 1230; x_wconf 92' lang='lat' dir='ltr'>si</span> <span class='ocrx_word' id='word_1_557' title='bbox 2405 1177 2731 1247; x_wconf 88' lang='lat' dir='ltr'>quempiam</span> <span class='ocrx_word' id='word_1_558' title='bbox 2765 1178 3219 1247; x_wconf 90' lang='lat' dir='ltr'>ludimagistrum</span> <span class='ocrx_word' id='word_1_559' title='bbox 3251 1181 3596 1251; x_wconf 89' lang='lat' dir='ltr'>audiremus,</span> 
     </span>
    </p>
   </div>
   <div class='ocr_carea' id='block_1_73' title="bbox 1903 1264 3598 1338">
    <p class='ocr_par' dir='ltr' id='par_1_73' title="bbox 1903 1264 3598 1338">
     <span class='ocr_line' id='line_1_73' title="bbox 1903 1264 3598 1338; baseline 0.007 -25"><span class='ocrx_word' id='word_1_560' title='bbox 1903 1266 2204 1316; x_wconf 89' lang='lat' dir='ltr'>conantem</span> <span class='ocrx_word' id='word_1_561' title='bbox 2235 1264 2436 1317; x_wconf 85' lang='lat' dir='ltr'>docere</span> <span class='ocrx_word' id='word_1_562' title='bbox 2466 1281 2709 1335; x_wconf 88' lang='lat' dir='ltr'>puerum</span> <span class='ocrx_word' id='word_1_563' title='bbox 2745 1265 3006 1334; x_wconf 80' lang='lat' dir='ltr'>syllabas,</span> <span class='ocrx_word' id='word_1_564' title='bbox 3048 1282 3220 1336; x_wconf 92' lang='lat' dir='ltr'>quem</span> <span class='ocrx_word' id='word_1_565' title='bbox 3259 1269 3416 1338; x_wconf 89' lang='lat' dir='ltr'>prius</span> <span class='ocrx_word' id='word_1_566' title='bbox 3447 1271 3598 1324; x_wconf 90' lang='lat' dir='ltr'>litte—</span> 
     </span>
    </p>
   </div>
   <div class='ocr_carea' id='block_1_74' title="bbox 1904 1351 3601 1426">
    <p class='ocr_par' dir='ltr' id='par_1_74' title="bbox 1904 1351 3601 1426">
     <span class='ocr_line' id='line_1_74' title="bbox 1904 1351 3601 1426; baseline 0.006 -26"><span class='ocrx_word' id='word_1_567' title='bbox 1904 1364 1993 1401; x_wconf 90' lang='lat' dir='ltr'>ras</span> <span class='ocrx_word' id='word_1_568' title='bbox 2045 1365 2214 1402; x_wconf 91' lang='lat' dir='ltr'>nemo</span> <span class='ocrx_word' id='word_1_569' title='bbox 2274 1351 2582 1417; x_wconf 83' lang='lat' dir='ltr'>docuisset;</span> <span class='ocrx_word' id='word_1_570' title='bbox 2651 1368 2765 1405; x_wconf 92' lang='lat' dir='ltr'>non</span> <span class='ocrx_word' id='word_1_571' title='bbox 2821 1351 2946 1405; x_wconf 92' lang='lat' dir='ltr'>dico</span> <span class='ocrx_word' id='word_1_572' title='bbox 2994 1353 3296 1406; x_wconf 88' lang='lat' dir='ltr'>ridendum</span> <span class='ocrx_word' id='word_1_573' title='bbox 3328 1360 3601 1426; x_wconf 89' lang='lat' dir='ltr'>tanquam</span> 
     </span>
    </p>
   </div>
   <div class='ocr_carea' id='block_1_75' title="bbox 1903 1438 3598 1513">
    <p class='ocr_par' dir='ltr' id='par_1_75' title="bbox 1903 1438 3598 1513">
     <span class='ocr_line' id='line_1_75' title="bbox 1903 1438 3598 1513; baseline 0.005 -24"><span class='ocrx_word' id='word_1_574' title='bbox 1903 1438 2160 1503; x_wconf 90' lang='lat' dir='ltr'>stultum,</span> <span class='ocrx_word' id='word_1_575' title='bbox 2197 1438 2295 1492; x_wconf 91' lang='lat' dir='ltr'>sed</span> <span class='ocrx_word' id='word_1_576' title='bbox 2337 1439 2699 1493; x_wconf 89' lang='lat' dir='ltr'>vinciendum</span> <span class='ocrx_word' id='word_1_577' title='bbox 2741 1444 3014 1510; x_wconf 88' lang='lat' dir='ltr'>tanquam</span> <span class='ocrx_word' id='word_1_578' title='bbox 3052 1441 3328 1495; x_wconf 83' lang='lat' dir='ltr'>furiosum</span> <span class='ocrx_word' id='word_1_579' title='bbox 3370 1450 3598 1513; x_wconf 87' lang='lat' dir='ltr'>putare-</span> 
     </span>
    </p>
   </div>
   <div class='ocr_carea' id='block_1_76' title="bbox 1905 1526 3599 1598">
    <p class='ocr_par' dir='ltr' id='par_1_76' title="bbox 1905 1526 3599 1598">
     <span class='ocr_line' id='line_1_76' title="bbox 1905 1526 3599 1598; baseline 0.005 -20"><span class='ocrx_word' id='word_1_580' title='bbox 1905 1540 2051 1589; x_wconf 89' lang='lat' dir='ltr'>mus,</span> <span class='ocrx_word' id='word_1_581' title='bbox 2076 1541 2194 1579; x_wconf 90' lang='lat' dir='ltr'>non</span> <span class='ocrx_word' id='word_1_582' title='bbox 2223 1527 2294 1580; x_wconf 94' lang='lat' dir='ltr'>ob</span> <span class='ocrx_word' id='word_1_583' title='bbox 2325 1526 2498 1591; x_wconf 91' lang='lat' dir='ltr'>aliud,</span> <span class='ocrx_word' id='word_1_584' title='bbox 2549 1526 2772 1597; x_wconf 87' lang='lat' dir='ltr'>opinor,</span> <span class='ocrx_word' id='word_1_585' title='bbox 2825 1528 2934 1580; x_wconf 91' lang='lat' dir='ltr'>nisi</span> <span class='ocrx_word' id='word_1_586' title='bbox 2972 1530 3124 1598; x_wconf 92' lang='lat' dir='ltr'>quod</span> <span class='ocrx_word' id='word_1_587' title='bbox 3165 1531 3405 1584; x_wconf 87' lang='lat' dir='ltr'>docendi</span> <span class='ocrx_word' id='word_1_588' title='bbox 3447 1533 3599 1586; x_wconf 91' lang='lat' dir='ltr'>ordi-</span> 
     </span>
    </p>
   </div>
   <div class='ocr_carea' id='block_1_77' title="bbox 1903 1617 3599 1691">
    <p class='ocr_par' dir='ltr' id='par_1_77' title="bbox 1903 1617 3599 1691">
     <span class='ocr_line' id='line_1_77' title="bbox 1903 1617 3599 1691; baseline 0.006 -26"><span class='ocrx_word' id='word_1_589' title='bbox 1903 1628 2034 1666; x_wconf 89' lang='lat' dir='ltr'>nem</span> <span class='ocrx_word' id='word_1_590' title='bbox 2067 1630 2179 1667; x_wconf 91' lang='lat' dir='ltr'>non</span> <span class='ocrx_word' id='word_1_591' title='bbox 2209 1618 2446 1668; x_wconf 88' lang='lat' dir='ltr'>teneret.</span> <span class='ocrx_word' id='word_1_592' title='bbox 2475 1619 2545 1668; x_wconf 83' lang='lat' dir='ltr'>At</span> <span class='ocrx_word' id='word_1_593' title='bbox 2587 1617 2766 1669; x_wconf 87' lang='lat' dir='ltr'>multa</span> <span class='ocrx_word' id='word_1_594' title='bbox 2795 1617 2930 1670; x_wconf 86' lang='lat' dir='ltr'>talia</span> <span class='ocrx_word' id='word_1_595' title='bbox 2959 1622 3014 1670; x_wconf 92' lang='lat' dir='ltr'>et</span> <span class='ocrx_word' id='word_1_596' title='bbox 3056 1617 3374 1688; x_wconf 88' lang='lat' dir='ltr'>imperitos,</span> <span class='ocrx_word' id='word_1_597' title='bbox 3407 1638 3534 1691; x_wconf 76' lang='lat' dir='ltr'>quae</span> <span class='ocrx_word' id='word_1_598' title='bbox 3567 1639 3599 1676; x_wconf 90' lang='lat' dir='ltr'>a</span> 
     </span>
    </p>
   </div>
   <div class='ocr_carea' id='block_1_78' title="bbox 1904 1700 3598 1772">
    <p class='ocr_par' dir='ltr' id='par_1_78' title="bbox 1904 1700 3598 1772">
     <span class='ocr_line' id='line_1_78' title="bbox 1904 1700 3598 1772; baseline 0.006 -19"><span class='ocrx_word' id='word_1_599' title='bbox 1904 1700 2082 1754; x_wconf 91' lang='lat' dir='ltr'>doctis</span> <span class='ocrx_word' id='word_1_600' title='bbox 2123 1703 2615 1772; x_wconf 87' lang='lat' dir='ltr'>reprehendantur</span> <span class='ocrx_word' id='word_1_601' title='bbox 2660 1719 2724 1756; x_wconf 89' lang='lat' dir='ltr'>ac</span> <span class='ocrx_word' id='word_1_602' title='bbox 2769 1704 3155 1771; x_wconf 87' lang='lat' dir='ltr'>derideantur,</span> <span class='ocrx_word' id='word_1_603' title='bbox 3207 1711 3261 1760; x_wconf 90' lang='lat' dir='ltr'>et</span> <span class='ocrx_word' id='word_1_604' title='bbox 3306 1709 3598 1763; x_wconf 90' lang='lat' dir='ltr'>dementes</span> 
     </span>
    </p>
   </div>
   <div class='ocr_carea' id='block_1_79' title="bbox 1901 1789 3597 1863">
    <p class='ocr_par' dir='ltr' id='par_1_79' title="bbox 1901 1789 3597 1863">
     <span class='ocr_line' id='line_1_79' title="bbox 1901 1789 3597 1863; baseline 0.005 -21"><span class='ocrx_word' id='word_1_605' title='bbox 1901 1789 2184 1857; x_wconf 87' lang='lat' dir='ltr'>homines,</span> <span class='ocrx_word' id='word_1_606' title='bbox 2219 1808 2344 1861; x_wconf 66' lang='lat' dir='ltr'>quae.</span> <span class='ocrx_word' id='word_1_607' title='bbox 2368 1808 2469 1845; x_wconf 91' lang='lat' dir='ltr'>nec</span> <span class='ocrx_word' id='word_1_608' title='bbox 2497 1793 2794 1845; x_wconf 88' lang='lat' dir='ltr'>stultorum</span> <span class='ocrx_word' id='word_1_609' title='bbox 2825 1793 3101 1862; x_wconf 88' lang='lat' dir='ltr'>judicium</span> <span class='ocrx_word' id='word_1_610' title='bbox 3133 1794 3379 1863; x_wconf 85' lang='lat' dir='ltr'>fugiunt,</span> <span class='ocrx_word' id='word_1_611' title='bbox 3411 1796 3597 1852; x_wconf 84' lang='lat' dir='ltr'>facere</span> 
     </span>
    </p>
   </div>
   <div class='ocr_carea' id='block_1_80' title="bbox 1903 1878 3594 1953">
    <p class='ocr_par' dir='ltr' id='par_1_80' title="bbox 1903 1878 3594 1953">
     <span class='ocr_line' id='line_1_80' title="bbox 1903 1878 3594 1953; baseline 0.005 -22"><span class='ocrx_word' id='word_1_612' title='bbox 1903 1893 2070 1931; x_wconf 91' lang='lat' dir='ltr'>nemo</span> <span class='ocrx_word' id='word_1_613' title='bbox 2097 1878 2370 1948; x_wconf 90' lang='lat' dir='ltr'>ambigit:</span> <span class='ocrx_word' id='word_1_614' title='bbox 2406 1884 2461 1932; x_wconf 88' lang='lat' dir='ltr'>et</span> <span class='ocrx_word' id='word_1_615' title='bbox 2488 1884 2680 1932; x_wconf 89' lang='lat' dir='ltr'>tamen</span> <span class='ocrx_word' id='word_1_616' title='bbox 2724 1880 2893 1934; x_wconf 86' lang='lat' dir='ltr'>etiam</span> <span class='ocrx_word' id='word_1_617' title='bbox 2935 1880 3043 1934; x_wconf 89' lang='lat' dir='ltr'>ista</span> <span class='ocrx_word' id='word_1_618' title='bbox 3074 1883 3266 1936; x_wconf 88' lang='lat' dir='ltr'>omnia</span> <span class='ocrx_word' id='word_1_619' title='bbox 3293 1900 3421 1953; x_wconf 71' lang='lat' dir='ltr'>qua:</span> <span class='ocrx_word' id='word_1_620' title='bbox 3450 1885 3594 1940; x_wconf 89' lang='lat' dir='ltr'>fate-</span> 
     </span>
    </p>
   </div>
   <div class='ocr_carea' id='block_1_81' title="bbox 1901 1969 3594 2038">
    <p class='ocr_par' dir='ltr' id='par_1_81' title="bbox 1901 1969 3594 2038">
     <span class='ocr_line' id='line_1_81' title="bbox 1901 1969 3594 2038; baseline 0.004 -19"><span class='ocrx_word' id='word_1_621' title='bbox 1901 1982 2034 2019; x_wconf 91' lang='lat' dir='ltr'>mur</span> <span class='ocrx_word' id='word_1_622' title='bbox 2062 1983 2180 2020; x_wconf 91' lang='lat' dir='ltr'>esse</span> <span class='ocrx_word' id='word_1_623' title='bbox 2213 1983 2497 2036; x_wconf 88' lang='lat' dir='ltr'>perversa,</span> <span class='ocrx_word' id='word_1_624' title='bbox 2520 1984 2634 2020; x_wconf 94' lang='lat' dir='ltr'>non</span> <span class='ocrx_word' id='word_1_625' title='bbox 2658 1985 2775 2021; x_wconf 92' lang='lat' dir='ltr'>esse</span> <span class='ocrx_word' id='word_1_626' title='bbox 2794 1973 3004 2037; x_wconf 67' lang='lat' dir='ltr'>printer</span> <span class='ocrx_word' id='word_1_627' title='bbox 3027 1969 3284 2024; x_wconf 88' lang='lat' dir='ltr'>divinum</span> <span class='ocrx_word' id='word_1_628' title='bbox 3310 1972 3594 2038; x_wconf 90' lang='lat' dir='ltr'>ordinem,</span> 
     </span>
    </p>
   </div>
   <div class='ocr_carea' id='block_1_82' title="bbox 1903 2055 3599 2128">
    <p class='ocr_par' dir='ltr' id='par_1_82' title="bbox 1903 2055 3599 2128">
     <span class='ocr_line' id='line_1_82' title="bbox 1903 2055 3599 2128; baseline 0.005 -20"><span class='ocrx_word' id='word_1_629' title='bbox 1903 2057 2017 2108; x_wconf 89' lang='lat' dir='ltr'>alta</span> <span class='ocrx_word' id='word_1_630' title='bbox 2038 2055 2298 2126; x_wconf 62' lang='lat' dir='ltr'>quasdam</span> <span class='ocrx_word' id='word_1_631' title='bbox 2325 2061 2380 2110; x_wconf 92' lang='lat' dir='ltr'>et</span> <span class='ocrx_word' id='word_1_632' title='bbox 2409 2073 2442 2110; x_wconf 89' lang='lat' dir='ltr'>a</span> <span class='ocrx_word' id='word_1_633' title='bbox 2472 2056 2855 2111; x_wconf 90' lang='lat' dir='ltr'>multitudinis</span> <span class='ocrx_word' id='word_1_634' title='bbox 2884 2058 2970 2110; x_wconf 86' lang='lat' dir='ltr'>vel</span> <span class='ocrx_word' id='word_1_635' title='bbox 3001 2058 3319 2128; x_wconf 91' lang='lat' dir='ltr'>suspicione</span> <span class='ocrx_word' id='word_1_636' title='bbox 3340 2063 3599 2116; x_wconf 88' lang='lat' dir='ltr'>remotis-</span> 
     </span>
    </p>
   </div>
   <div class='ocr_carea' id='block_1_83' title="bbox 1905 2143 3596 2218">
    <p class='ocr_par' dir='ltr' id='par_1_83' title="bbox 1905 2143 3596 2218">
     <span class='ocr_line' id='line_1_83' title="bbox 1905 2143 3596 2218; baseline 0.005 -22"><span class='ocrx_word' id='word_1_637' title='bbox 1905 2143 2048 2197; x_wconf 90' lang='lat' dir='ltr'>sima</span> <span class='ocrx_word' id='word_1_638' title='bbox 2084 2143 2401 2214; x_wconf 89' lang='lat' dir='ltr'>disciplina,</span> <span class='ocrx_word' id='word_1_639' title='bbox 2443 2161 2500 2197; x_wconf 91' lang='lat' dir='ltr'>se</span> <span class='ocrx_word' id='word_1_640' title='bbox 2535 2145 2614 2199; x_wconf 88' lang='lat' dir='ltr'>ita</span> <span class='ocrx_word' id='word_1_641' title='bbox 2660 2145 2924 2198; x_wconf 90' lang='lat' dir='ltr'>studiosis</span> <span class='ocrx_word' id='word_1_642' title='bbox 2955 2150 3011 2199; x_wconf 90' lang='lat' dir='ltr'>et</span> <span class='ocrx_word' id='word_1_643' title='bbox 3041 2148 3219 2200; x_wconf 91' lang='lat' dir='ltr'>Deum</span> <span class='ocrx_word' id='word_1_644' title='bbox 3262 2153 3433 2218; x_wconf 89' lang='lat' dir='ltr'>atque</span> <span class='ocrx_word' id='word_1_645' title='bbox 3474 2149 3596 2205; x_wconf 88' lang='lat' dir='ltr'>ani-</span> 
     </span>
    </p>
   </div>
   <div class='ocr_carea' id='block_1_84' title="bbox 1903 2232 3598 2292">
    <p class='ocr_par' dir='ltr' id='par_1_84' title="bbox 1903 2232 3598 2292">
     <span class='ocr_line' id='line_1_84' title="bbox 1903 2232 3598 2292; baseline 0.003 -6"><span class='ocrx_word' id='word_1_646' title='bbox 1903 2248 2025 2286; x_wconf 86' lang='lat' dir='ltr'>mas</span> <span class='ocrx_word' id='word_1_647' title='bbox 2054 2236 2276 2286; x_wconf 87' lang='lat' dir='ltr'>tantum</span> <span class='ocrx_word' id='word_1_648' title='bbox 2320 2232 2640 2287; x_wconf 89' lang='lat' dir='ltr'>amantibus</span> <span class='ocrx_word' id='word_1_649' title='bbox 2681 2233 2886 2287; x_wconf 90' lang='lat' dir='ltr'>animis</span> <span class='ocrx_word' id='word_1_650' title='bbox 2938 2234 3428 2290; x_wconf 85' lang='lat' dir='ltr'>manifestaturam</span> <span class='ocrx_word' id='word_1_651' title='bbox 3477 2253 3598 2292; x_wconf 91' lang='lat' dir='ltr'>esse</span> 
     </span>
    </p>
   </div>
   <div class='ocr_carea' id='block_1_85' title="bbox 1903 2320 3602 2395">
    <p class='ocr_par' dir='ltr' id='par_1_85' title="bbox 1903 2320 3602 2395">
     <span class='ocr_line' id='line_1_85' title="bbox 1903 2320 3602 2395; baseline 0.004 -22"><span class='ocrx_word' id='word_1_652' title='bbox 1903 2320 2203 2391; x_wconf 89' lang='lat' dir='ltr'>promittit,</span> <span class='ocrx_word' id='word_1_653' title='bbox 2245 2324 2308 2374; x_wconf 91' lang='lat' dir='ltr'>ut</span> <span class='ocrx_word' id='word_1_654' title='bbox 2335 2336 2449 2374; x_wconf 90' lang='lat' dir='ltr'>non</span> <span class='ocrx_word' id='word_1_655' title='bbox 2487 2321 2650 2375; x_wconf 91' lang='lat' dir='ltr'>nobis</span> <span class='ocrx_word' id='word_1_656' title='bbox 2690 2338 2927 2375; x_wconf 84' lang='lat' dir='ltr'>summac</span> <span class='ocrx_word' id='word_1_657' title='bbox 2966 2339 3334 2378; x_wconf 89' lang='lat' dir='ltr'>numerorum</span> <span class='ocrx_word' id='word_1_658' title='bbox 3377 2325 3602 2395; x_wconf 89' lang='lat' dir='ltr'>possint</span> 
     </span>
    </p>
   </div>
   <div class='ocr_carea' id='block_1_86' title="bbox 1903 2409 2337 2462">
    <p class='ocr_par' dir='ltr' id='par_1_86' title="bbox 1903 2409 2337 2462">
     <span class='ocr_line' id='line_1_86' title="bbox 1903 2409 2337 2462; baseline 0 0"><span class='ocrx_word' id='word_1_659' title='bbox 1903 2425 2021 2462; x_wconf 90' lang='lat' dir='ltr'>esse</span> <span class='ocrx_word' id='word_1_660' title='bbox 2055 2409 2337 2462; x_wconf 90' lang='lat' dir='ltr'>certiores.</span> 
     </span>
    </p>
   </div>
   <div class='ocr_carea' id='block_1_87' title="bbox 1905 2497 3600 2568">
    <p class='ocr_par' dir='ltr' id='par_1_87' title="bbox 1905 2497 3600 2568">
     <span class='ocr_line' id='line_1_87' title="bbox 1905 2497 3600 2568; baseline 0.004 -17"><span class='ocrx_word' id='word_1_661' title='bbox 1905 2497 2126 2552; x_wconf 82' lang='lat' dir='ltr'>CAPUT</span> <span class='ocrx_word' id='word_1_662' title='bbox 2181 2498 2320 2551; x_wconf 88' lang='lat' dir='ltr'>VIII.</span> <span class='ocrx_word' id='word_1_663' title='bbox 2380 2528 2448 2536; x_wconf 95' lang='lat'><strong>—</strong></span> <span class='ocrx_word' id='word_1_664' title='bbox 2506 2499 2822 2553; x_wconf 79' lang='lat' dir='ltr'>Traduntur</span> <span class='ocrx_word' id='word_1_665' title='bbox 2879 2501 3121 2568; x_wconf 79' lang='lat' dir='ltr'>primum</span> <span class='ocrx_word' id='word_1_666' title='bbox 3179 2501 3600 2558; x_wconf 79' lang='lat' dir='ltr'>adolescentibus</span> 
     </span>
    </p>
   </div>
   <div class='ocr_carea' id='block_1_88' title="bbox 2184 2588 3312 2655">
    <p class='ocr_par' dir='ltr' id='par_1_88' title="bbox 2184 2588 3312 2655">
     <span class='ocr_line' id='line_1_88' title="bbox 2184 2588 3312 2655; baseline 0.004 -16"><span class='ocrx_word' id='word_1_667' title='bbox 2184 2591 2453 2655; x_wconf 69' lang='lat' dir='ltr'>praecepta</span> <span class='ocrx_word' id='word_1_668' title='bbox 2490 2590 2631 2652; x_wconf 57' lang='lat' dir='ltr'>vita,</span> <span class='ocrx_word' id='word_1_669' title='bbox 2673 2593 2786 2642; x_wconf 86' lang='lat' dir='ltr'>tum</span> <span class='ocrx_word' id='word_1_670' title='bbox 2814 2588 2943 2642; x_wconf 82' lang='lat' dir='ltr'>ordo</span> <span class='ocrx_word' id='word_1_671' title='bbox 2973 2589 3312 2644; x_wconf 72' lang='lat' dir='ltr'>eruditionis.</span> 
     </span>
    </p>
   </div>
   <div class='ocr_carea' id='block_1_89' title="bbox 1973 2675 3599 2750">
    <p class='ocr_par' dir='ltr' id='par_1_89' title="bbox 1973 2675 3599 2750">
     <span class='ocr_line' id='line_1_89' title="bbox 1973 2675 3599 2750; baseline 0.005 -24"><span class='ocrx_word' id='word_1_672' title='bbox 1973 2675 2062 2727; x_wconf 69' lang='lat'>25.</span> <span class='ocrx_word' id='word_1_673' title='bbox 2114 2675 2242 2728; x_wconf 61' lang='lat' dir='ltr'>Haec</span> <span class='ocrx_word' id='word_1_674' title='bbox 2285 2679 2473 2729; x_wconf 91' lang='lat' dir='ltr'>autem</span> <span class='ocrx_word' id='word_1_675' title='bbox 2522 2675 2821 2746; x_wconf 89' lang='lat' dir='ltr'>disciplina</span> <span class='ocrx_word' id='word_1_676' title='bbox 2869 2676 2991 2746; x_wconf 87' lang='lat' dir='ltr'>ipsa</span> <span class='ocrx_word' id='word_1_677' title='bbox 3032 2678 3133 2731; x_wconf 91' lang='lat' dir='ltr'>Dei</span> <span class='ocrx_word' id='word_1_678' title='bbox 3179 2679 3268 2732; x_wconf 89' lang='lat' dir='ltr'>lex</span> <span class='ocrx_word' id='word_1_679' title='bbox 3319 2684 3421 2744; x_wconf 89' lang='lat' dir='ltr'>est,</span> <span class='ocrx_word' id='word_1_680' title='bbox 3471 2696 3599 2750; x_wconf 66' lang='lat' dir='ltr'>quae</span> 
     </span>
    </p>
   </div>
   <div class='ocr_carea' id='block_1_90' title="bbox 1904 2761 3598 2834">
    <p class='ocr_par' dir='ltr' id='par_1_90' title="bbox 1904 2761 3598 2834">
     <span class='ocr_line' id='line_1_90' title="bbox 1904 2761 3598 2834; baseline 0.004 -20"><span class='ocrx_word' id='word_1_681' title='bbox 1904 2762 2054 2831; x_wconf 89' lang='lat' dir='ltr'>apud</span> <span class='ocrx_word' id='word_1_682' title='bbox 2084 2777 2216 2816; x_wconf 90' lang='lat' dir='ltr'>eum</span> <span class='ocrx_word' id='word_1_683' title='bbox 2245 2761 2356 2815; x_wconf 86' lang='lat' dir='ltr'>ﬁxa</span> <span class='ocrx_word' id='word_1_684' title='bbox 2392 2767 2442 2816; x_wconf 90' lang='lat' dir='ltr'>et</span> <span class='ocrx_word' id='word_1_685' title='bbox 2473 2763 2807 2817; x_wconf 89' lang='lat' dir='ltr'>inconcussa</span> <span class='ocrx_word' id='word_1_686' title='bbox 2848 2781 3075 2834; x_wconf 85' lang='lat' dir='ltr'>semper</span> <span class='ocrx_word' id='word_1_687' title='bbox 3117 2782 3377 2833; x_wconf 89' lang='lat' dir='ltr'>manens,</span> <span class='ocrx_word' id='word_1_688' title='bbox 3420 2767 3479 2822; x_wconf 93' lang='lat' dir='ltr'>in</span> <span class='ocrx_word' id='word_1_689' title='bbox 3510 2786 3598 2822; x_wconf 89' lang='lat' dir='ltr'>sa-</span> 
     </span>
    </p>
   </div>
   <div class='ocr_carea' id='block_1_91' title="bbox 1903 2849 3602 2920">
    <p class='ocr_par' dir='ltr' id='par_1_91' title="bbox 1903 2849 3602 2920">
     <span class='ocr_line' id='line_1_91' title="bbox 1903 2849 3602 2920; baseline 0.004 -18"><span class='ocrx_word' id='word_1_690' title='bbox 1903 2849 2126 2919; x_wconf 88' lang='lat' dir='ltr'>pientes</span> <span class='ocrx_word' id='word_1_691' title='bbox 2154 2849 2375 2903; x_wconf 89' lang='lat' dir='ltr'>animas</span> <span class='ocrx_word' id='word_1_692' title='bbox 2405 2853 2569 2920; x_wconf 90' lang='lat' dir='ltr'>quasi</span> <span class='ocrx_word' id='word_1_693' title='bbox 2600 2851 3019 2918; x_wconf 88' lang='lat' dir='ltr'>transcribitur;</span> <span class='ocrx_word' id='word_1_694' title='bbox 3052 2859 3116 2906; x_wconf 92' lang='lat' dir='ltr'>ut</span> <span class='ocrx_word' id='word_1_695' title='bbox 3145 2857 3300 2907; x_wconf 90' lang='lat' dir='ltr'>tanto</span> <span class='ocrx_word' id='word_1_696' title='bbox 3329 2871 3386 2908; x_wconf 91' lang='lat' dir='ltr'>se</span> <span class='ocrx_word' id='word_1_697' title='bbox 3419 2855 3602 2909; x_wconf 91' lang='lat' dir='ltr'>sciant</span> 
     </span>
    </p>
   </div>
   <div class='ocr_carea' id='block_1_92' title="bbox 1905 2937 3596 3010">
    <p class='ocr_par' dir='ltr' id='par_1_92' title="bbox 1905 2937 3596 3010">
     <span class='ocr_line' id='line_1_92' title="bbox 1905 2937 3596 3010; baseline 0.004 -20"><span class='ocrx_word' id='word_1_698' title='bbox 1905 2937 2088 2991; x_wconf 90' lang='lat' dir='ltr'>vivere</span> <span class='ocrx_word' id='word_1_699' title='bbox 2123 2939 2344 3004; x_wconf 91' lang='lat' dir='ltr'>melius,</span> <span class='ocrx_word' id='word_1_700' title='bbox 2386 2942 2661 3008; x_wconf 87' lang='lat' dir='ltr'>tantoque</span> <span class='ocrx_word' id='word_1_701' title='bbox 2698 2939 3020 3005; x_wconf 91' lang='lat' dir='ltr'>sublimius,</span> <span class='ocrx_word' id='word_1_702' title='bbox 3063 2944 3276 3010; x_wconf 86' lang='lat' dir='ltr'>quanto</span> <span class='ocrx_word' id='word_1_703' title='bbox 3317 2946 3374 2994; x_wconf 88' lang='lat' dir='ltr'>et</span> <span class='ocrx_word' id='word_1_704' title='bbox 3411 2942 3596 3010; x_wconf 80' lang='lat' dir='ltr'>perfe-</span> 
     </span>
    </p>
   </div>
   <div class='ocr_carea' id='block_1_93' title="bbox 1903 3024 3596 3098">
    <p class='ocr_par' dir='ltr' id='par_1_93' title="bbox 1903 3024 3596 3098">
     <span class='ocr_line' id='line_1_93' title="bbox 1903 3024 3596 3098; baseline 0.002 -19"><span class='ocrx_word' id='word_1_705' title='bbox 1903 3024 2046 3079; x_wconf 89' lang='lat' dir='ltr'>ctius</span> <span class='ocrx_word' id='word_1_706' title='bbox 2099 3042 2222 3079; x_wconf 88' lang='lat' dir='ltr'>eam</span> <span class='ocrx_word' id='word_1_707' title='bbox 2280 3027 2741 3096; x_wconf 89' lang='lat' dir='ltr'>contemplantur</span> <span class='ocrx_word' id='word_1_708' title='bbox 2795 3027 3186 3098; x_wconf 89' lang='lat' dir='ltr'>intelligendo,</span> <span class='ocrx_word' id='word_1_709' title='bbox 3247 3033 3303 3081; x_wconf 91' lang='lat' dir='ltr'>et</span> <span class='ocrx_word' id='word_1_710' title='bbox 3357 3029 3596 3083; x_wconf 89' lang='lat' dir='ltr'>vivendo</span> 
     </span>
    </p>
   </div>
   <div class='ocr_carea' id='block_1_94' title="bbox 1901 3114 3597 3186">
    <p class='ocr_par' dir='ltr' id='par_1_94' title="bbox 1901 3114 3597 3186">
     <span class='ocr_line' id='line_1_94' title="bbox 1901 3114 3597 3186; baseline 0.001 -19"><span class='ocrx_word' id='word_1_711' title='bbox 1901 3114 2231 3168; x_wconf 86' lang='lat' dir='ltr'>custodiunt</span> <span class='ocrx_word' id='word_1_712' title='bbox 2271 3114 2617 3184; x_wconf 85' lang='lat' dir='ltr'>diligentius.</span> <span class='ocrx_word' id='word_1_713' title='bbox 2663 3116 2792 3168; x_wconf 80' lang='lat' dir='ltr'>Haec</span> <span class='ocrx_word' id='word_1_714' title='bbox 2831 3114 3006 3184; x_wconf 87' lang='lat' dir='ltr'>igitur</span> <span class='ocrx_word' id='word_1_715' title='bbox 3048 3114 3349 3184; x_wconf 88' lang='lat' dir='ltr'>disciplina</span> <span class='ocrx_word' id='word_1_716' title='bbox 3387 3116 3466 3169; x_wconf 91' lang='lat' dir='ltr'>eis</span> <span class='ocrx_word' id='word_1_717' title='bbox 3498 3116 3597 3186; x_wconf 89' lang='lat' dir='ltr'>qui</span> 
     </span>
    </p>
   </div>
   <div class='ocr_carea' id='block_1_95' title="bbox 1901 3201 3599 3275">
    <p class='ocr_par' dir='ltr' id='par_1_95' title="bbox 1901 3201 3599 3275">
     <span class='ocr_line' id='line_1_95' title="bbox 1901 3201 3599 3275; baseline 0.002 -21"><span class='ocrx_word' id='word_1_718' title='bbox 1901 3201 2058 3255; x_wconf 87' lang='lat' dir='ltr'>illam</span> <span class='ocrx_word' id='word_1_719' title='bbox 2083 3219 2245 3255; x_wconf 89' lang='lat' dir='ltr'>nosse</span> <span class='ocrx_word' id='word_1_720' title='bbox 2263 3202 2603 3266; x_wconf 88' lang='lat' dir='ltr'>desiderant,</span> <span class='ocrx_word' id='word_1_721' title='bbox 2629 3203 2798 3257; x_wconf 91' lang='lat' dir='ltr'>simul</span> <span class='ocrx_word' id='word_1_722' title='bbox 2815 3203 3108 3274; x_wconf 86' lang='lat' dir='ltr'>geminum</span> <span class='ocrx_word' id='word_1_723' title='bbox 3131 3204 3392 3258; x_wconf 82' lang='lat' dir='ltr'>ordinem</span> <span class='ocrx_word' id='word_1_724' title='bbox 3415 3204 3599 3275; x_wconf 89' lang='lat' dir='ltr'>sequi-</span> 
     </span>
    </p>
   </div>
   <div class='ocr_carea' id='block_1_96' title="bbox 1897 3289 3595 3362">
    <p class='ocr_par' dir='ltr' id='par_1_96' title="bbox 1897 3289 3595 3362">
     <span class='ocr_line' id='line_1_96' title="bbox 1897 3289 3595 3362; baseline 0.002 -19"><span class='ocrx_word' id='word_1_725' title='bbox 1897 3289 2092 3361; x_wconf 88' lang='lat' dir='ltr'>jubet;</span> <span class='ocrx_word' id='word_1_726' title='bbox 2145 3291 2305 3360; x_wconf 85' lang='lat' dir='ltr'>cujus</span> <span class='ocrx_word' id='word_1_727' title='bbox 2353 3307 2463 3344; x_wconf 91' lang='lat' dir='ltr'>una</span> <span class='ocrx_word' id='word_1_728' title='bbox 2512 3308 2642 3362; x_wconf 87' lang='lat' dir='ltr'>pars</span> <span class='ocrx_word' id='word_1_729' title='bbox 2687 3291 2832 3357; x_wconf 61' lang='lat' dir='ltr'>vitm,</span> <span class='ocrx_word' id='word_1_730' title='bbox 2890 3293 3064 3345; x_wconf 87' lang='lat' dir='ltr'>altera</span> <span class='ocrx_word' id='word_1_731' title='bbox 3112 3292 3450 3346; x_wconf 83' lang='lat' dir='ltr'>eruditionis</span> <span class='ocrx_word' id='word_1_732' title='bbox 3493 3297 3595 3347; x_wconf 90' lang='lat' dir='ltr'>est.</span> 
     </span>
    </p>
   </div>
   <div class='ocr_carea' id='block_1_97' title="bbox 1903 3379 3596 3450">
    <p class='ocr_par' dir='ltr' id='par_1_97' title="bbox 1903 3379 3596 3450">
     <span class='ocr_line' id='line_1_97' title="bbox 1903 3379 3596 3450; baseline 0.002 -19"><span class='ocrx_word' id='word_1_733' title='bbox 1903 3379 2365 3432; x_wconf 88' lang='lat' dir='ltr'>Adolescentibus</span> <span class='ocrx_word' id='word_1_734' title='bbox 2407 3395 2543 3449; x_wconf 89' lang='lat' dir='ltr'>ergo</span> <span class='ocrx_word' id='word_1_735' title='bbox 2581 3379 2847 3434; x_wconf 90' lang='lat' dir='ltr'>studiosis</span> <span class='ocrx_word' id='word_1_736' title='bbox 2889 3380 3010 3450; x_wconf 87' lang='lat' dir='ltr'>ejus</span> <span class='ocrx_word' id='word_1_737' title='bbox 3049 3380 3128 3434; x_wconf 89' lang='lat' dir='ltr'>ita</span> <span class='ocrx_word' id='word_1_738' title='bbox 3157 3380 3462 3434; x_wconf 89' lang='lat' dir='ltr'>vivendum</span> <span class='ocrx_word' id='word_1_739' title='bbox 3494 3385 3596 3448; x_wconf 89' lang='lat' dir='ltr'>est,</span> 
     </span>
    </p>
   </div>
   <div class='ocr_carea' id='block_1_98' title="bbox 1904 3465 3600 3538">
    <p class='ocr_par' dir='ltr' id='par_1_98' title="bbox 1904 3465 3600 3538">
     <span class='ocr_line' id='line_1_98' title="bbox 1904 3465 3600 3538; baseline 0.002 -20"><span class='ocrx_word' id='word_1_740' title='bbox 1904 3470 1969 3519; x_wconf 90' lang='lat' dir='ltr'>ut</span> <span class='ocrx_word' id='word_1_741' title='bbox 1998 3483 2027 3518; x_wconf 92' lang='lat' dir='ltr'>a</span> <span class='ocrx_word' id='word_1_742' title='bbox 2059 3465 2314 3519; x_wconf 89' lang='lat' dir='ltr'>venereis</span> <span class='ocrx_word' id='word_1_743' title='bbox 2356 3467 2544 3533; x_wconf 90' lang='lat' dir='ltr'>rebus,</span> <span class='ocrx_word' id='word_1_744' title='bbox 2579 3468 2648 3520; x_wconf 91' lang='lat' dir='ltr'>ab</span> <span class='ocrx_word' id='word_1_745' title='bbox 2681 3467 2958 3521; x_wconf 91' lang='lat' dir='ltr'>illecebris</span> <span class='ocrx_word' id='word_1_746' title='bbox 2998 3468 3210 3521; x_wconf 86' lang='lat' dir='ltr'>ventris</span> <span class='ocrx_word' id='word_1_747' title='bbox 3241 3472 3295 3522; x_wconf 90' lang='lat' dir='ltr'>et</span> <span class='ocrx_word' id='word_1_748' title='bbox 3328 3468 3600 3538; x_wconf 81' lang='lat' dir='ltr'>gutturis,</span> 
     </span>
    </p>
   </div>
   <div class='ocr_carea' id='block_1_99' title="bbox 1904 3552 3603 3625">
    <p class='ocr_par' dir='ltr' id='par_1_99' title="bbox 1904 3552 3603 3625">
     <span class='ocr_line' id='line_1_99' title="bbox 1904 3552 3603 3625; baseline 0.002 -19"><span class='ocrx_word' id='word_1_749' title='bbox 1904 3553 1974 3606; x_wconf 87' lang='lat' dir='ltr'>ab</span> <span class='ocrx_word' id='word_1_750' title='bbox 2005 3552 2345 3607; x_wconf 90' lang='lat' dir='ltr'>immodesto</span> <span class='ocrx_word' id='word_1_751' title='bbox 2393 3554 2644 3625; x_wconf 90' lang='lat' dir='ltr'>corporis</span> <span class='ocrx_word' id='word_1_752' title='bbox 2692 3556 2846 3608; x_wconf 93' lang='lat' dir='ltr'>cultu</span> <span class='ocrx_word' id='word_1_753' title='bbox 2891 3559 2946 3608; x_wconf 93' lang='lat' dir='ltr'>et</span> <span class='ocrx_word' id='word_1_754' title='bbox 2975 3560 3196 3621; x_wconf 90' lang='lat' dir='ltr'>ornatu,</span> <span class='ocrx_word' id='word_1_755' title='bbox 3236 3556 3306 3610; x_wconf 88' lang='lat' dir='ltr'>ab</span> <span class='ocrx_word' id='word_1_756' title='bbox 3336 3556 3603 3611; x_wconf 89' lang='lat' dir='ltr'>inanibus</span> 
     </span>
    </p>
   </div>
   <div class='ocr_carea' id='block_1_100' title="bbox 1906 3644 3604 3717">
    <p class='ocr_par' dir='ltr' id='par_1_100' title="bbox 1906 3644 3604 3717">
     <span class='ocr_line' id='line_1_100' title="bbox 1906 3644 3604 3717; baseline 0.003 -21"><span class='ocrx_word' id='word_1_757' title='bbox 1906 3644 2150 3712; x_wconf 85' lang='lat' dir='ltr'>negotiis</span> <span class='ocrx_word' id='word_1_758' title='bbox 2181 3645 2468 3707; x_wconf 90' lang='lat' dir='ltr'>ludorum,</span> <span class='ocrx_word' id='word_1_759' title='bbox 2500 3662 2528 3698; x_wconf 92' lang='lat' dir='ltr'>a</span> <span class='ocrx_word' id='word_1_760' title='bbox 2558 3645 3002 3714; x_wconf 80' lang='lat' dir='ltr'>torpore&#39;somni</span> <span class='ocrx_word' id='word_1_761' title='bbox 3033 3651 3203 3717; x_wconf 89' lang='lat' dir='ltr'>atque</span> <span class='ocrx_word' id='word_1_762' title='bbox 3234 3647 3504 3716; x_wconf 66' lang='lat' dir='ltr'>pigritiae,</span> <span class='ocrx_word' id='word_1_763' title='bbox 3533 3647 3604 3701; x_wconf 92' lang='lat' dir='ltr'>ab</span> 
     </span>
    </p>
   </div>
   <div class='ocr_carea' id='block_1_101' title="bbox 1907 3731 3604 3799">
    <p class='ocr_par' dir='ltr' id='par_1_101' title="bbox 1907 3731 3604 3799">
     <span class='ocr_line' id='line_1_101' title="bbox 1907 3731 3604 3799; baseline 0.002 -15"><span class='ocrx_word' id='word_1_764' title='bbox 1907 3731 2290 3790; x_wconf 69' lang='lat' dir='ltr'>aemulatione,</span> <span class='ocrx_word' id='word_1_765' title='bbox 2343 3732 2776 3798; x_wconf 87' lang='lat' dir='ltr'>obtrectatione,</span> <span class='ocrx_word' id='word_1_766' title='bbox 2829 3732 3158 3799; x_wconf 88' lang='lat' dir='ltr'>invidentia,</span> <span class='ocrx_word' id='word_1_767' title='bbox 3215 3734 3283 3787; x_wconf 87' lang='lat' dir='ltr'>ab</span> <span class='ocrx_word' id='word_1_768' title='bbox 3316 3735 3604 3788; x_wconf 88' lang='lat' dir='ltr'>honorum</span> 
     </span>
    </p>
   </div>
   <div class='ocr_carea' id='block_1_102' title="bbox 1905 3819 3606 3891">
    <p class='ocr_par' dir='ltr' id='par_1_102' title="bbox 1905 3819 3606 3891">
     <span class='ocr_line' id='line_1_102' title="bbox 1905 3819 3606 3891; baseline 0.002 -21"><span class='ocrx_word' id='word_1_769' title='bbox 1905 3823 2366 3889; x_wconf 85' lang='lat' dir='ltr'>potestatumque</span> <span class='ocrx_word' id='word_1_770' title='bbox 2409 3819 2835 3883; x_wconf 89' lang='lat' dir='ltr'>ambitionibus,</span> <span class='ocrx_word' id='word_1_771' title='bbox 2888 3820 2958 3873; x_wconf 91' lang='lat' dir='ltr'>ab</span> <span class='ocrx_word' id='word_1_772' title='bbox 3002 3819 3180 3891; x_wconf 89' lang='lat' dir='ltr'>ipsius</span> <span class='ocrx_word' id='word_1_773' title='bbox 3217 3821 3390 3874; x_wconf 89' lang='lat' dir='ltr'>etiam</span> <span class='ocrx_word' id='word_1_774' title='bbox 3422 3822 3606 3876; x_wconf 90' lang='lat' dir='ltr'>laudis</span> 
     </span>
    </p>
   </div>
   <div class='ocr_carea' id='block_1_103' title="bbox 1906 3906 3606 3976">
    <p class='ocr_par' dir='ltr' id='par_1_103' title="bbox 1906 3906 3606 3976">
     <span class='ocr_line' id='line_1_103' title="bbox 1906 3906 3606 3976; baseline 0.001 -16"><span class='ocrx_word' id='word_1_775' title='bbox 1906 3906 2211 3960; x_wconf 91' lang='lat' dir='ltr'>immodica</span> <span class='ocrx_word' id='word_1_776' title='bbox 2259 3906 2563 3976; x_wconf 84' lang='lat' dir='ltr'>cupiditate</span> <span class='ocrx_word' id='word_1_777' title='bbox 2614 3924 2672 3961; x_wconf 92' lang='lat' dir='ltr'>se</span> <span class='ocrx_word' id='word_1_778' title='bbox 2711 3907 3052 3961; x_wconf 89' lang='lat' dir='ltr'>abstineant.</span> <span class='ocrx_word' id='word_1_779' title='bbox 3102 3909 3368 3961; x_wconf 83' lang='lat' dir='ltr'>Amorem</span> <span class='ocrx_word' id='word_1_780' title='bbox 3415 3912 3606 3962; x_wconf 90' lang='lat' dir='ltr'>autem</span> 
     </span>
    </p>
   </div>
   <div class='ocr_carea' id='block_1_104' title="bbox 1908 3996 3608 4067">
    <p class='ocr_par' dir='ltr' id='par_1_104' title="bbox 1908 3996 3608 4067">
     <span class='ocr_line' id='line_1_104' title="bbox 1908 3996 3608 4067; baseline 0.002 -18"><span class='ocrx_word' id='word_1_781' title='bbox 1908 3996 2163 4067; x_wconf 64' lang='lat' dir='ltr'>pecuniae</span> <span class='ocrx_word' id='word_1_782' title='bbox 2194 3996 2367 4050; x_wconf 90' lang='lat' dir='ltr'>totius</span> <span class='ocrx_word' id='word_1_783' title='bbox 2417 4013 2534 4051; x_wconf 65' lang='lat' dir='ltr'>suae</span> <span class='ocrx_word' id='word_1_784' title='bbox 2569 3996 2689 4066; x_wconf 84' lang='lat' dir='ltr'>spei</span> <span class='ocrx_word' id='word_1_785' title='bbox 2740 3997 3119 4052; x_wconf 89' lang='lat' dir='ltr'>certissimum</span> <span class='ocrx_word' id='word_1_786' title='bbox 3169 4014 3454 4052; x_wconf 88' lang='lat' dir='ltr'>venenum</span> <span class='ocrx_word' id='word_1_787' title='bbox 3485 4014 3608 4053; x_wconf 89' lang='lat' dir='ltr'>esse</span> 
     </span>
    </p>
   </div>
   <div class='ocr_carea' id='block_1_105' title="bbox 1909 4085 3608 4151">
    <p class='ocr_par' dir='ltr' id='par_1_105' title="bbox 1909 4085 3608 4151">
     <span class='ocr_line' id='line_1_105' title="bbox 1909 4085 3608 4151; baseline 0.001 -11"><span class='ocrx_word' id='word_1_788' title='bbox 1909 4085 2157 4140; x_wconf 89' lang='lat' dir='ltr'>credant.</span> <span class='ocrx_word' id='word_1_789' title='bbox 2193 4085 2345 4139; x_wconf 88' lang='lat' dir='ltr'>Nihil</span> <span class='ocrx_word' id='word_1_790' title='bbox 2400 4085 2683 4139; x_wconf 86' lang='lat' dir='ltr'>enerviter</span> <span class='ocrx_word' id='word_1_791' title='bbox 2725 4085 2953 4151; x_wconf 84' lang='lat' dir='ltr'>faciant,</span> <span class='ocrx_word' id='word_1_792' title='bbox 3009 4085 3154 4139; x_wconf 89' lang='lat' dir='ltr'>nihil</span> <span class='ocrx_word' id='word_1_793' title='bbox 3202 4085 3506 4141; x_wconf 85' lang='lat' dir='ltr'>audaciter.</span> <span class='ocrx_word' id='word_1_794' title='bbox 3542 4088 3608 4142; x_wconf 85' lang='lat' dir='ltr'>In</span> 
     </span>
    </p>
   </div>
   <div class='ocr_carea' id='block_1_106' title="bbox 1908 4172 3612 4244">
    <p class='ocr_par' dir='ltr' id='par_1_106' title="bbox 1908 4172 3612 4244">
     <span class='ocr_line' id='line_1_106' title="bbox 1908 4172 3612 4244; baseline 0.002 -18"><span class='ocrx_word' id='word_1_795' title='bbox 1908 4172 2153 4243; x_wconf 84' lang='lat' dir='ltr'>peccatis</span> <span class='ocrx_word' id='word_1_796' title='bbox 2187 4177 2374 4227; x_wconf 88' lang='lat' dir='ltr'>autem</span> <span class='ocrx_word' id='word_1_797' title='bbox 2416 4190 2650 4227; x_wconf 90' lang='lat' dir='ltr'>suorum</span> <span class='ocrx_word' id='word_1_798' title='bbox 2680 4174 2764 4227; x_wconf 85' lang='lat' dir='ltr'>vel</span> <span class='ocrx_word' id='word_1_799' title='bbox 2795 4175 3014 4244; x_wconf 89' lang='lat' dir='ltr'>pellant</span> <span class='ocrx_word' id='word_1_800' title='bbox 3048 4174 3282 4228; x_wconf 90' lang='lat' dir='ltr'>omnino</span> <span class='ocrx_word' id='word_1_801' title='bbox 3325 4174 3491 4241; x_wconf 91' lang='lat' dir='ltr'>iram,</span> <span class='ocrx_word' id='word_1_802' title='bbox 3523 4177 3612 4230; x_wconf 91' lang='lat' dir='ltr'>vel</span> 
     </span>
    </p>
   </div>
   <div class='ocr_carea' id='block_1_107' title="bbox 1911 4261 3610 4332">
    <p class='ocr_par' dir='ltr' id='par_1_107' title="bbox 1911 4261 3610 4332">
     <span class='ocr_line' id='line_1_107' title="bbox 1911 4261 3610 4332; baseline 0.003 -18"><span class='ocrx_word' id='word_1_803' title='bbox 1911 4261 1992 4314; x_wconf 91' lang='lat' dir='ltr'>ita</span> <span class='ocrx_word' id='word_1_804' title='bbox 2021 4261 2265 4328; x_wconf 77' lang='lat' dir='ltr'>frenent,</span> <span class='ocrx_word' id='word_1_805' title='bbox 2296 4264 2360 4316; x_wconf 91' lang='lat' dir='ltr'>ut</span> <span class='ocrx_word' id='word_1_806' title='bbox 2407 4261 2478 4315; x_wconf 91' lang='lat' dir='ltr'>sit</span> <span class='ocrx_word' id='word_1_807' title='bbox 2514 4262 2696 4332; x_wconf 65' lang='lat' dir='ltr'>pulsae</span> <span class='ocrx_word' id='word_1_808' title='bbox 2745 4261 2966 4315; x_wconf 90' lang='lat' dir='ltr'>similis.</span> <span class='ocrx_word' id='word_1_809' title='bbox 3019 4261 3316 4317; x_wconf 88' lang='lat' dir='ltr'>Neminem</span> <span class='ocrx_word' id='word_1_810' title='bbox 3367 4263 3610 4320; x_wconf 90' lang='lat' dir='ltr'>oderint.</span> 
     </span>
    </p>
   </div>
   <div class='ocr_carea' id='block_1_108' title="bbox 1913 4349 3618 4421">
    <p class='ocr_par' dir='ltr' id='par_1_108' title="bbox 1913 4349 3618 4421">
     <span class='ocr_line' id='line_1_108' title="bbox 1913 4349 3618 4421; baseline 0.002 -18"><span class='ocrx_word' id='word_1_811' title='bbox 1913 4350 2080 4404; x_wconf 91' lang='lat' dir='ltr'>Nulla</span> <span class='ocrx_word' id='word_1_812' title='bbox 2109 4349 2243 4403; x_wconf 87' lang='lat' dir='ltr'>vitia</span> <span class='ocrx_word' id='word_1_813' title='bbox 2289 4366 2405 4403; x_wconf 92' lang='lat' dir='ltr'>non</span> <span class='ocrx_word' id='word_1_814' title='bbox 2436 4366 2635 4404; x_wconf 90' lang='lat' dir='ltr'>curare</span> <span class='ocrx_word' id='word_1_815' title='bbox 2679 4351 2874 4404; x_wconf 91' lang='lat' dir='ltr'>velint.</span> <span class='ocrx_word' id='word_1_816' title='bbox 2926 4351 3264 4421; x_wconf 85' lang='lat' dir='ltr'>Magnopere</span> <span class='ocrx_word' id='word_1_817' title='bbox 3316 4351 3618 4408; x_wconf 87' lang='lat' dir='ltr'>observent</span> 
     </span>
    </p>
   </div>
   <div class='ocr_carea' id='block_1_109' title="bbox 1915 4438 3617 4509">
    <p class='ocr_par' dir='ltr' id='par_1_109' title="bbox 1915 4438 3617 4509">
     <span class='ocr_line' id='line_1_109' title="bbox 1915 4438 3617 4509; baseline 0.001 -15"><span class='ocrx_word' id='word_1_818' title='bbox 1915 4455 2044 4494; x_wconf 90' lang='lat' dir='ltr'>cum</span> <span class='ocrx_word' id='word_1_819' title='bbox 2094 4438 2402 4504; x_wconf 90' lang='lat' dir='ltr'>vindicant,</span> <span class='ocrx_word' id='word_1_820' title='bbox 2448 4456 2520 4493; x_wconf 90' lang='lat' dir='ltr'>ne</span> <span class='ocrx_word' id='word_1_821' title='bbox 2551 4439 2796 4493; x_wconf 91' lang='lat' dir='ltr'>nimium</span> <span class='ocrx_word' id='word_1_822' title='bbox 2845 4438 2954 4492; x_wconf 92' lang='lat' dir='ltr'>sit:</span> <span class='ocrx_word' id='word_1_823' title='bbox 2989 4455 3118 4492; x_wconf 90' lang='lat' dir='ltr'>cum</span> <span class='ocrx_word' id='word_1_824' title='bbox 3167 4438 3493 4509; x_wconf 91' lang='lat' dir='ltr'>ignoscunt,</span> <span class='ocrx_word' id='word_1_825' title='bbox 3543 4457 3617 4495; x_wconf 94' lang='lat' dir='ltr'>ne</span> 
     </span>
    </p>
   </div>
   <div class='ocr_carea' id='block_1_110' title="bbox 1916 4525 3617 4598">
    <p class='ocr_par' dir='ltr' id='par_1_110' title="bbox 1916 4525 3617 4598">
     <span class='ocr_line' id='line_1_110' title="bbox 1916 4525 3617 4598; baseline 0.002 -20"><span class='ocrx_word' id='word_1_826' title='bbox 1916 4542 2141 4598; x_wconf 89' lang='lat' dir='ltr'>parum.</span> <span class='ocrx_word' id='word_1_827' title='bbox 2171 4526 2322 4580; x_wconf 88' lang='lat' dir='ltr'>Nihil</span> <span class='ocrx_word' id='word_1_828' title='bbox 2347 4526 2591 4595; x_wconf 88' lang='lat' dir='ltr'>puniant</span> <span class='ocrx_word' id='word_1_829' title='bbox 2621 4526 2770 4597; x_wconf 91' lang='lat' dir='ltr'>quod</span> <span class='ocrx_word' id='word_1_830' title='bbox 2804 4541 2921 4578; x_wconf 91' lang='lat' dir='ltr'>non</span> <span class='ocrx_word' id='word_1_831' title='bbox 2940 4525 3123 4579; x_wconf 89' lang='lat' dir='ltr'>valeat</span> <span class='ocrx_word' id='word_1_832' title='bbox 3153 4526 3221 4579; x_wconf 88' lang='lat' dir='ltr'>ad</span> <span class='ocrx_word' id='word_1_833' title='bbox 3253 4526 3457 4580; x_wconf 90' lang='lat' dir='ltr'>melius</span> <span class='ocrx_word' id='word_1_834' title='bbox 3482 4545 3494 4581; x_wconf 90' lang='lat'>:</span> <span class='ocrx_word' id='word_1_835' title='bbox 3529 4527 3617 4580; x_wconf 85' lang='lat' dir='ltr'>ni-</span> 
     </span>
    </p>
   </div>
   <div class='ocr_carea' id='block_1_111' title="bbox 1915 4612 3618 4685">
    <p class='ocr_par' dir='ltr' id='par_1_111' title="bbox 1915 4612 3618 4685">
     <span class='ocr_line' id='line_1_111' title="bbox 1915 4612 3618 4685; baseline 0.001 -16"><span class='ocrx_word' id='word_1_836' title='bbox 1915 4615 1997 4669; x_wconf 91' lang='lat' dir='ltr'>hil</span> <span class='ocrx_word' id='word_1_837' title='bbox 2027 4614 2364 4685; x_wconf 87' lang='lat' dir='ltr'>indulgeant</span> <span class='ocrx_word' id='word_1_838' title='bbox 2395 4614 2546 4685; x_wconf 92' lang='lat' dir='ltr'>quod</span> <span class='ocrx_word' id='word_1_839' title='bbox 2575 4617 2759 4667; x_wconf 88' lang='lat' dir='ltr'>vertat</span> <span class='ocrx_word' id='word_1_840' title='bbox 2788 4612 2846 4666; x_wconf 92' lang='lat' dir='ltr'>in</span> <span class='ocrx_word' id='word_1_841' title='bbox 2880 4613 3062 4684; x_wconf 89' lang='lat' dir='ltr'>pejus.</span> <span class='ocrx_word' id='word_1_842' title='bbox 3089 4613 3232 4666; x_wconf 90' lang='lat' dir='ltr'>Suos</span> <span class='ocrx_word' id='word_1_843' title='bbox 3263 4619 3466 4684; x_wconf 89' lang='lat' dir='ltr'>putent</span> <span class='ocrx_word' id='word_1_844' title='bbox 3495 4633 3618 4671; x_wconf 89' lang='lat' dir='ltr'>om-</span> 
     </span>
    </p>
   </div>
   <div class='ocr_carea' id='block_1_112' title="bbox 1917 4698 3625 4772">
    <p class='ocr_par' dir='ltr' id='par_1_112' title="bbox 1917 4698 3625 4772">
     <span class='ocr_line' id='line_1_112' title="bbox 1917 4698 3625 4772; baseline 0.001 -15"><span class='ocrx_word' id='word_1_845' title='bbox 1917 4717 2040 4770; x_wconf 90' lang='lat' dir='ltr'>nes,</span> <span class='ocrx_word' id='word_1_846' title='bbox 2072 4701 2132 4754; x_wconf 91' lang='lat' dir='ltr'>in</span> <span class='ocrx_word' id='word_1_847' title='bbox 2163 4718 2303 4772; x_wconf 89' lang='lat' dir='ltr'>quos</span> <span class='ocrx_word' id='word_1_848' title='bbox 2333 4700 2438 4754; x_wconf 91' lang='lat' dir='ltr'>sibi</span> <span class='ocrx_word' id='word_1_849' title='bbox 2468 4705 2715 4771; x_wconf 89' lang='lat' dir='ltr'>potestas</span> <span class='ocrx_word' id='word_1_850' title='bbox 2755 4699 2887 4753; x_wconf 89' lang='lat' dir='ltr'>data</span> <span class='ocrx_word' id='word_1_851' title='bbox 2922 4698 3109 4752; x_wconf 84' lang='lat' dir='ltr'>fuerit.</span> <span class='ocrx_word' id='word_1_852' title='bbox 3146 4700 3228 4753; x_wconf 89' lang='lat' dir='ltr'>Ita</span> <span class='ocrx_word' id='word_1_853' title='bbox 3259 4702 3526 4770; x_wconf 90' lang='lat' dir='ltr'>serviant,</span> <span class='ocrx_word' id='word_1_854' title='bbox 3560 4706 3625 4758; x_wconf 90' lang='lat' dir='ltr'>ut</span> 
     </span>
    </p>
   </div>
   <div class='ocr_carea' id='block_1_113' title="bbox 1920 4786 3624 4859">
    <p class='ocr_par' dir='ltr' id='par_1_113' title="bbox 1920 4786 3624 4859">
     <span class='ocr_line' id='line_1_113' title="bbox 1920 4786 3624 4859; baseline 0.001 -15"><span class='ocrx_word' id='word_1_855' title='bbox 1920 4791 2002 4845; x_wconf 92' lang='lat' dir='ltr'>eis</span> <span class='ocrx_word' id='word_1_856' title='bbox 2034 4789 2317 4844; x_wconf 90' lang='lat' dir='ltr'>dominari</span> <span class='ocrx_word' id='word_1_857' title='bbox 2346 4789 2592 4859; x_wconf 88' lang='lat' dir='ltr'>pudeat:</span> <span class='ocrx_word' id='word_1_858' title='bbox 2640 4787 2720 4841; x_wconf 89' lang='lat' dir='ltr'>ita</span> <span class='ocrx_word' id='word_1_859' title='bbox 2770 4786 3155 4849; x_wconf 88' lang='lat' dir='ltr'>dominentur,</span> <span class='ocrx_word' id='word_1_860' title='bbox 3200 4791 3263 4841; x_wconf 91' lang='lat' dir='ltr'>ut</span> <span class='ocrx_word' id='word_1_861' title='bbox 3293 4789 3624 4846; x_wconf 85' lang='lat' dir='ltr'>eis&#39;servire</span> 
     </span>
    </p>
   </div>
   <div class='ocr_carea' id='block_1_114' title="bbox 1923 4875 3626 4946">
    <p class='ocr_par' dir='ltr' id='par_1_114' title="bbox 1923 4875 3626 4946">
     <span class='ocr_line' id='line_1_114' title="bbox 1923 4875 3626 4946; baseline 0.001 -13"><span class='ocrx_word' id='word_1_862' title='bbox 1923 4879 2182 4933; x_wconf 91' lang='lat' dir='ltr'>delectet.</span> <span class='ocrx_word' id='word_1_863' title='bbox 2225 4879 2291 4932; x_wconf 92' lang='lat' dir='ltr'>In</span> <span class='ocrx_word' id='word_1_864' title='bbox 2340 4877 2663 4930; x_wconf 89' lang='lat' dir='ltr'>alienorum</span> <span class='ocrx_word' id='word_1_865' title='bbox 2711 4879 2901 4930; x_wconf 88' lang='lat' dir='ltr'>autem</span> <span class='ocrx_word' id='word_1_866' title='bbox 2945 4875 3189 4946; x_wconf 86' lang='lat' dir='ltr'>peccatis</span> <span class='ocrx_word' id='word_1_867' title='bbox 3239 4877 3463 4933; x_wconf 87' lang='lat' dir='ltr'>molesti</span> <span class='ocrx_word' id='word_1_868' title='bbox 3509 4896 3626 4934; x_wconf 92' lang='lat' dir='ltr'>non</span> 
     </span>
    </p>
   </div>
   <div class='ocr_carea' id='block_1_115' title="bbox 1923 4963 3627 5038">
    <p class='ocr_par' dir='ltr' id='par_1_115' title="bbox 1923 4963 3627 5038">
     <span class='ocr_line' id='line_1_115' title="bbox 1923 4963 3627 5038; baseline -0.001 -16"><span class='ocrx_word' id='word_1_869' title='bbox 1923 4967 2036 5022; x_wconf 90' lang='lat' dir='ltr'>sint</span> <span class='ocrx_word' id='word_1_870' title='bbox 2066 4966 2260 5020; x_wconf 89' lang='lat' dir='ltr'>invito.</span> <span class='ocrx_word' id='word_1_871' title='bbox 2285 4965 2622 5020; x_wconf 88' lang='lat' dir='ltr'>Inimicitias</span> <span class='ocrx_word' id='word_1_872' title='bbox 2652 4964 2833 5018; x_wconf 85' lang='lat' dir='ltr'>vitent</span> <span class='ocrx_word' id='word_1_873' title='bbox 2855 4963 3203 5033; x_wconf 89' lang='lat' dir='ltr'>cautissime,</span> <span class='ocrx_word' id='word_1_874' title='bbox 3221 4965 3407 5021; x_wconf 85' lang='lat' dir='ltr'>ferant</span> <span class='ocrx_word' id='word_1_875' title='bbox 3427 4968 3627 5038; x_wconf 62' lang='lat' dir='ltr'>inquis-</span> 
     </span>
    </p>
   </div>
   <div class='ocr_carea' id='block_1_116' title="bbox 1930 5052 3627 5124">
    <p class='ocr_par' dir='ltr' id='par_1_116' title="bbox 1930 5052 3627 5124">
     <span class='ocr_line' id='line_1_116' title="bbox 1930 5052 3627 5124; baseline -0.001 -14"><span class='ocrx_word' id='word_1_876' title='bbox 1930 5056 2094 5122; x_wconf 91' lang='lat' dir='ltr'>sime,</span> <span class='ocrx_word' id='word_1_877' title='bbox 2128 5054 2331 5108; x_wconf 84' lang='lat' dir='ltr'>ﬁniant</span> <span class='ocrx_word' id='word_1_878' title='bbox 2369 5053 2661 5107; x_wconf 89' lang='lat' dir='ltr'>citissime.</span> <span class='ocrx_word' id='word_1_879' title='bbox 2702 5054 2764 5107; x_wconf 91' lang='lat' dir='ltr'>In</span> <span class='ocrx_word' id='word_1_880' title='bbox 2796 5052 2952 5106; x_wconf 92' lang='lat' dir='ltr'>omni</span> <span class='ocrx_word' id='word_1_881' title='bbox 2978 5069 3110 5106; x_wconf 90' lang='lat' dir='ltr'>vero</span> <span class='ocrx_word' id='word_1_882' title='bbox 3140 5059 3431 5108; x_wconf 88' lang='lat' dir='ltr'>contractu</span> <span class='ocrx_word' id='word_1_883' title='bbox 3457 5059 3627 5124; x_wconf 87' lang='lat' dir='ltr'>atque</span> 
     </span>
    </p>
   </div>
   <div class='ocr_carea' id='block_1_117' title="bbox 1925 5141 3626 5208">
    <p class='ocr_par' dir='ltr' id='par_1_117' title="bbox 1925 5141 3626 5208">
     <span class='ocr_line' id='line_1_117' title="bbox 1925 5141 3626 5208; baseline -0.004 -9"><span class='ocrx_word' id='word_1_884' title='bbox 1925 5143 2355 5199; x_wconf 89' lang='lat' dir='ltr'>conversatione</span> <span class='ocrx_word' id='word_1_885' title='bbox 2385 5158 2515 5196; x_wconf 90' lang='lat' dir='ltr'>cum</span> <span class='ocrx_word' id='word_1_886' title='bbox 2542 5141 2890 5208; x_wconf 86' lang='lat' dir='ltr'>hominibus,</span> <span class='ocrx_word' id='word_1_887' title='bbox 2924 5142 3056 5195; x_wconf 89' lang='lat' dir='ltr'>satis</span> <span class='ocrx_word' id='word_1_888' title='bbox 3087 5146 3170 5196; x_wconf 90' lang='lat' dir='ltr'>est</span> <span class='ocrx_word' id='word_1_889' title='bbox 3195 5157 3416 5195; x_wconf 90' lang='lat' dir='ltr'>servare</span> <span class='ocrx_word' id='word_1_890' title='bbox 3447 5155 3626 5193; x_wconf 89' lang='lat' dir='ltr'>unum</span> 
     </span>
    </p>
   </div>
   <div class='ocr_carea' id='block_1_118' title="bbox 1927 5224 3628 5301">
    <p class='ocr_par' dir='ltr' id='par_1_118' title="bbox 1927 5224 3628 5301">
     <span class='ocr_line' id='line_1_118' title="bbox 1927 5224 3628 5301; baseline -0.005 -15"><span class='ocrx_word' id='word_1_891' title='bbox 1927 5233 2033 5287; x_wconf 92' lang='lat' dir='ltr'>hoc</span> <span class='ocrx_word' id='word_1_892' title='bbox 2061 5231 2294 5301; x_wconf 91' lang='lat' dir='ltr'>vulgare</span> <span class='ocrx_word' id='word_1_893' title='bbox 2341 5229 2752 5301; x_wconf 91' lang='lat' dir='ltr'>proverbium:</span> <span class='ocrx_word' id='word_1_894' title='bbox 2801 5229 3028 5284; x_wconf 85' lang='lat' dir='ltr'>Nemini</span> <span class='ocrx_word' id='word_1_895' title='bbox 3072 5229 3280 5283; x_wconf 81' lang='lat' dir='ltr'>faciant</span> <span class='ocrx_word' id='word_1_896' title='bbox 3319 5226 3472 5296; x_wconf 89' lang='lat' dir='ltr'>quod</span> <span class='ocrx_word' id='word_1_897' title='bbox 3510 5224 3628 5296; x_wconf 92' lang='lat' dir='ltr'>pati</span> 
     </span>
    </p>
   </div>
   <div class='ocr_carea' id='block_1_119' title="bbox 1927 5313 3631 5389">
    <p class='ocr_par' dir='ltr' id='par_1_119' title="bbox 1927 5313 3631 5389">
     <span class='ocr_line' id='line_1_119' title="bbox 1927 5313 3631 5389; baseline -0.004 -16"><span class='ocrx_word' id='word_1_898' title='bbox 1927 5320 2151 5374; x_wconf 92' lang='lat' dir='ltr'>nolunt.</span> <span class='ocrx_word' id='word_1_899' title='bbox 2201 5317 2636 5389; x_wconf 82' lang='lat' dir='ltr'>Rempublicam</span> <span class='ocrx_word' id='word_1_900' title='bbox 2684 5317 2867 5372; x_wconf 90' lang='lat' dir='ltr'>nolint</span> <span class='ocrx_word' id='word_1_901' title='bbox 2912 5317 3326 5380; x_wconf 89' lang='lat' dir='ltr'>administrare,</span> <span class='ocrx_word' id='word_1_902' title='bbox 3357 5313 3467 5366; x_wconf 92' lang='lat' dir='ltr'>nisi</span> <span class='ocrx_word' id='word_1_903' title='bbox 3497 5330 3631 5384; x_wconf 85' lang='lat' dir='ltr'>per-</span> 
     </span>
    </p>
   </div>
   <div class='ocr_carea' id='block_1_120' title="bbox 1931 5400 3630 5462">
    <p class='ocr_par' dir='ltr' id='par_1_120' title="bbox 1931 5400 3630 5462">
     <span class='ocr_line' id='line_1_120' title="bbox 1931 5400 3630 5462; baseline -0.004 0"><span class='ocrx_word' id='word_1_904' title='bbox 1931 5407 2081 5462; x_wconf 89' lang='lat' dir='ltr'>fecti.</span> <span class='ocrx_word' id='word_1_905' title='bbox 2115 5406 2315 5462; x_wconf 84' lang='lat' dir='ltr'>Perfici</span> <span class='ocrx_word' id='word_1_906' title='bbox 2345 5410 2537 5460; x_wconf 91' lang='lat' dir='ltr'>autem</span> <span class='ocrx_word' id='word_1_907' title='bbox 2565 5407 2651 5460; x_wconf 91' lang='lat' dir='ltr'>vel</span> <span class='ocrx_word' id='word_1_908' title='bbox 2685 5406 2835 5459; x_wconf 89' lang='lat' dir='ltr'>intra</span> <span class='ocrx_word' id='word_1_909' title='bbox 2856 5410 3079 5459; x_wconf 59' lang='lat' dir='ltr'>aetatem</span> <span class='ocrx_word' id='word_1_910' title='bbox 3103 5400 3444 5456; x_wconf 89' lang='lat' dir='ltr'>senatoriam</span> <span class='ocrx_word' id='word_1_911' title='bbox 3473 5401 3630 5456; x_wconf 88' lang='lat' dir='ltr'>festi-</span> 
     </span>
    </p>
   </div>
   <div class='ocr_carea' id='block_1_121' title="bbox 1933 5488 3632 5564">
    <p class='ocr_par' dir='ltr' id='par_1_121' title="bbox 1933 5488 3632 5564">
     <span class='ocr_line' id='line_1_121' title="bbox 1933 5488 3632 5564; baseline -0.002 -16"><span class='ocrx_word' id='word_1_912' title='bbox 1933 5499 2091 5562; x_wconf 89' lang='lat' dir='ltr'>nent,</span> <span class='ocrx_word' id='word_1_913' title='bbox 2121 5495 2212 5549; x_wconf 86' lang='lat' dir='ltr'>vel</span> <span class='ocrx_word' id='word_1_914' title='bbox 2239 5498 2388 5549; x_wconf 90' lang='lat' dir='ltr'>certe</span> <span class='ocrx_word' id='word_1_915' title='bbox 2436 5494 2586 5548; x_wconf 90' lang='lat' dir='ltr'>intra</span> <span class='ocrx_word' id='word_1_916' title='bbox 2627 5494 3014 5564; x_wconf 89' lang='lat' dir='ltr'>juventutem.</span> <span class='ocrx_word' id='word_1_917' title='bbox 3068 5490 3176 5545; x_wconf 90' lang='lat' dir='ltr'>Sed</span> <span class='ocrx_word' id='word_1_918' title='bbox 3213 5488 3474 5560; x_wconf 88' lang='lat' dir='ltr'>quisquis</span> <span class='ocrx_word' id='word_1_919' title='bbox 3505 5505 3632 5544; x_wconf 91' lang='lat' dir='ltr'>sero</span> 
     </span>
    </p>
   </div>
   <div class='ocr_carea' id='block_1_122' title="bbox 1937 5576 3636 5648">
    <p class='ocr_par' dir='ltr' id='par_1_122' title="bbox 1937 5576 3636 5648">
     <span class='ocr_line' id='line_1_122' title="bbox 1937 5576 3636 5648; baseline -0.001 -12"><span class='ocrx_word' id='word_1_920' title='bbox 1937 5581 1998 5637; x_wconf 91' lang='lat' dir='ltr'>in</span> <span class='ocrx_word' id='word_1_921' title='bbox 2027 5581 2136 5638; x_wconf 85' lang='lat' dir='ltr'>ista</span> <span class='ocrx_word' id='word_1_922' title='bbox 2164 5598 2223 5638; x_wconf 90' lang='lat' dir='ltr'>se</span> <span class='ocrx_word' id='word_1_923' title='bbox 2251 5580 2614 5648; x_wconf 87' lang='lat' dir='ltr'>converterit,</span> <span class='ocrx_word' id='word_1_924' title='bbox 2661 5596 2780 5635; x_wconf 91' lang='lat' dir='ltr'>non</span> <span class='ocrx_word' id='word_1_925' title='bbox 2823 5579 3131 5633; x_wconf 89' lang='lat' dir='ltr'>arbitretur</span> <span class='ocrx_word' id='word_1_926' title='bbox 3176 5576 3321 5632; x_wconf 90' lang='lat' dir='ltr'>nihil</span> <span class='ocrx_word' id='word_1_927' title='bbox 3367 5577 3476 5634; x_wconf 89' lang='lat' dir='ltr'>sibi</span> <span class='ocrx_word' id='word_1_928' title='bbox 3513 5594 3636 5634; x_wconf 89' lang='lat' dir='ltr'>esse</span> 
     </span>
    </p>
   </div>
  </div>
