4058 6348
422 293 552 346 1007

414 414 802 482 prceceptum:
836 425 969 462 nam
1013 409 1119 463 ista
1162 408 1359 478 utique
1403 406 1624 461 facilius
1666 407 1894 461 decocta
1941 410 2108 460 {etate

415 500 677 554 servabit.
712 500 774 552 In
807 498 965 551 omni
1003 501 1191 550 autem
1237 497 1369 562 vita,
1403 497 1544 560 loco,
1589 500 1863 566 tempore,
1897 495 2108 548 amicos

419 594 515 641 aut
545 588 808 646 habeant.
841 591 939 640 aut
965 587 1170 638 habere
1215 585 1444 638 instent.
1495 585 1893 654 Obsequantur
1923 582 2108 652 dignis

417 677 590 729 etiam
637 691 751 727 non
789 676 893 727 lioe
935 673 1409 742 exspectantibus.
1466 672 1752 742 Superbos
1796 672 1981 725 minus
2011 686 2107 722 cu-

417 767 561 827 rent,
614 761 846 814 minimc
891 760 1002 812 sint
1047 756 1084 813 ί.
1144 763 1287 828 Apte
1344 764 1839 829 congruenterque
1893 758 2104 810 vivant.

423 852 600 903 Deum
646 851 848 913 colant,
881 847 1150 916 cogitent,
1182 851 1460 916 quaerant,
1517 847 1644 908 tide,
1681 863 1800 916 spe,
1835 845 2108 898 charitate

419 937 660 992 subnixi.
714 936 922 1004 Optent
964 934 1457 1004 tranquillitatem,
1508 939 1678 1002 atque
1723 937 1940 986 certum
1978 948 2107 985 cur-

418 1041 542 1079 sum
572 1024 768 1078 studiis
799 1023 934 1089 suis,
976 1023 1350 1092 omniumque
1383 1022 1700 1087 sociorum;
1741 1025 1795 1074 et
1839 1020 1945 1073 sibi
1975 1020 2106 1090 qui-

416 1114 635 1182 busque
666 1116 920 1182 possunt,
962 1115 1213 1164 mentem
1249 1105 1458 1164 bonam
1487 1115 1861 1180 pacatamque
1899 1108 2098 1162 vitam.

418 1202 640 1255 CAPUT
685 1201 769 1254 IX.
823 1229 890 1238 —
919 1199 1010 1252 Ad
1037 1199 1348 1251 discendum
1391 1201 1711 1252 auctoritate
1761 1197 2012 1250 ducimur
2058 1199 2108 1249 et

1150 1289 1375 1339 ratione.

487 1379 574 1430 26.
622 1374 890 1445 Sequitur
928 1377 992 1426 ut
1043 1372 1228 1427 dicam
1269 1374 1551 1444 quomodo
1598 1372 1838 1427 studiosi
1891 1370 2108 1426 erudiri

414 1464 675 1528 debeant,
708 1464 805 1530 qui
835 1461 977 1514 sicut
1015 1461 1230 1514 dictum
1269 1467 1351 1514 est
1379 1461 1562 1514 vivere
1603 1461 1989 1515 instituerunt.
2021 1460 2107 1514 Ad

417 1551 744 1605 discendum
791 1550 926 1603 item
966 1549 1282 1602 necessario
1327 1549 1628 1618 dupliciter
1672 1548 1956 1616 ducimur,
2004 1565 2105 1601 au-

416 1639 671 1693 ctoritate
703 1643 870 1708 atque
889 1637 1130 1691 ratione.
1161 1638 1438 1706 Tempore
1469 1636 1790 1701 auctoritas,
1824 1652 1884 1688 re
1915 1639 2106 1689 autem

416 1727 559 1780 ratio
592 1726 750 1796 prior
787 1731 890 1780 est.
925 1725 1092 1778 Aliud
1122 1728 1205 1776 est
1234 1723 1388 1777 enim
1418 1723 1571 1794 quod
1604 1723 1663 1776 in
1695 1723 1915 1793 agendo
1948 1727 2105 1776 ante-

413 1815 667 1884 ponitur,
718 1813 871 1866 aliud
915 1813 1068 1882 quod
1108 1811 1289 1881 pluris
1319 1811 1379 1864 in
1411 1812 1726 1882 appetendo
1771 1811 2102 1866 aestimatur.

413 1904 632 1971 Itaque,
663 1916 992 1971 quanquam
1022 1899 1303 1952 bonorum
1325 1899 1635 1952 auctoritas
1663 1898 1942 1968 imperitas
1965 1898 2107 1952 mul-

414 1988 647 2042 titudini
676 1989 931 2041 videatur
957 2004 1076 2040 esse
1107 1987 1403 2055 salubrior,
1427 1987 1571 2040 ratio
1604 2003 1732 2040 vero
1763 1986 1947 2056 aptior
1976 2003 2105 2041 eru-

416 2077 577 2130 ditis:
616 2081 807 2130 tamen
849 2075 984 2145 quia
1025 2074 1215 2128 nullus
1254 2075 1551 2127 hominum
1593 2074 1700 2126 nisi
1732 2090 1800 2127 ex
1837 2073 2106 2144 imperito

415 2164 628 2235 peritus
659 2165 741 2229 fit,
773 2163 965 2216 nullus
1008 2165 1198 2214 autem
1243 2161 1542 2231 imperitus
1589 2163 1747 2216 novit
1792 2164 2020 2233 qualem
2047 2180 2105 2216 se

416 2253 616 2306 debeat
649 2251 902 2322 praebere
941 2249 1296 2316 docentibus,
1331 2253 1387 2302 et
1419 2248 1573 2319 quali
1610 2250 1725 2304 vita
1755 2266 1874 2303 esse
1913 2249 2107 2304 docilis

414 2340 622 2410 possit;
656 2338 846 2393 evenit
875 2342 936 2390 ut
968 2337 1231 2390 omnibus
1256 2339 1406 2390 bona
1437 2352 1644 2406 magna
1676 2342 1732 2391 et
1761 2339 1979 2392 occulta
2018 2338 2104 2392 di-

415 2444 568 2481 scere
599 2426 976 2498 cupicntibus,
1010 2441 1125 2478 non
1148 2424 1367 2494 aperiat
1386 2424 1497 2477 nisi
1519 2425 1823 2478 auctoritas
1849 2426 2102 2495 januam.

416 2518 596 2580 Quam
649 2517 886 2586 quisque
930 2515 1222 2584 ingressus
1265 2514 1385 2567 sine
1434 2514 1548 2567 ulla
1589 2513 1941 2568 dubitatione
1978 2515 2106 2568 vita:

416 2605 646 2674 optima:
683 2607 964 2674 praecepta
1004 2606 1289 2655 sectatur:
1329 2618 1434 2672 per
1463 2618 1592 2672 quae
1635 2618 1764 2655 cum
1795 2602 1991 2656 docilis
2019 2603 2104 2656 fa-

416 2698 536 2746 ctus
563 2693 753 2762 fuerit,
785 2698 908 2747 tum
933 2692 1164 2746 demum
1197 2691 1370 2744 discet
1400 2695 1456 2744 et
1476 2695 1690 2760 quanta
1717 2692 1937 2744 ratione
1967 2707 2108 2761 prte-

415 2782 530 2836 dita
558 2781 668 2835 sint
707 2797 774 2834 ea
801 2781 924 2850 ipsa
952 2795 1081 2850 quae
1130 2783 1351 2832 secutus
1401 2782 1485 2832 est
1517 2781 1648 2831 ante
1697 2777 1978 2832 rationem
2005 2799 2020 2846 ;
2050 2783 2106 2832 et

413 2869 550 2940 quid
580 2868 652 2923 sit
672 2870 795 2938 ipsa
819 2868 961 2921 ratio
989 2882 1162 2937 quam
1192 2871 1320 2936 post
1340 2865 1692 2919 auctoritatis
1709 2866 1992 2921 cunabula
2014 2868 2106 2921 lir-

411 2973 538 3010 mus
568 2961 624 3011 et
651 2957 892 3010 idoneus
915 2955 1034 3025 jam
1065 2953 1320 3024 sequitur
1351 2958 1519 3023 atque
1550 2954 2016 3024 comprehendit;
2051 2961 2108 3010 et

411 3046 546 3116 quid
578 3045 916 3104 intellectus,
950 3042 1008 3094 in
1049 3058 1163 3112 quo
1203 3041 1466 3094 universa
1498 3046 1648 3109 sunt,
1684 3042 1770 3095 vel
1810 3041 1930 3112 ipse
1952 3047 1974 3080 ²
2003 3060 2104 3114 po-

412 3134 525 3187 tius
569 3133 860 3198 universa;
896 3135 954 3184 et
998 3129 1133 3200 quid
1171 3133 1380 3198 printer
1410 3129 1673 3183 universa
1709 3131 2105 3186 universorum

411 3221 782 3291 principium.
805 3219 891 3272 Ad
921 3233 1093 3287 quam
1125 3217 1509 3286 cognitionem
1538 3217 1597 3270 in
1628 3218 1732 3271 hac
1761 3217 1873 3271 vita
1900 3235 2102 3288 perve-

408 3308 532 3361 nire
564 3307 750 3378 pauci,
800 3306 950 3359 ultra
987 3320 1159 3374 quam
1205 3320 1338 3357 vero
1370 3304 1542 3357 etiam
1571 3309 1701 3374 post
1741 3306 1886 3359 hanc
1928 3307 2104 3362 vitam

406 3411 576 3448 nemo
623 3393 892 3463 progredi
938 3396 1138 3460 potest.
1199 3391 1306 3454 Qui
1369 3396 1557 3444 autem
1614 3393 1733 3446 sola
1771 3395 2105 3450 auctoritate

406 3482 675 3547 contenti,
706 3480 872 3534 bonis
907 3484 1130 3533 tantum
1169 3477 1427 3532 moribus
1468 3479 1749 3549 rectisque
1785 3482 1930 3536 votis
1969 3499 2101 3536 con-

409 3574 624 3624 stanter
657 3583 891 3638 operam
929 3566 1210 3632 dederint,
1254 3571 1354 3619 aut
1383 3571 1830 3634 contemnentes,
1862 3574 1960 3623 aut
1989 3587 2105 3625 non

411 3659 662 3712 valentes
691 3654 1005 3725 disciplinis
1029 3654 1358 3708 liberalibus
1398 3659 1568 3725 atque
1605 3655 1835 3725 optimis
1867 3659 2100 3724 erudiri,

412 3746 607 3800 beatos
680 3761 776 3798 eos
834 3743 1087 3814 quidem,
1161 3759 1292 3796 cum
1341 3742 1493 3796 inter
1565 3743 1826 3798 homines
1884 3747 2100 3816 vivunt,

411 3834 595 3888 nescio
627 3832 911 3904 quomodo
958 3832 1278 3901 appellem;
1330 3836 1522 3885 tamen
1571 3831 1903 3887 inconcusse
1934 3837 2101 3890 credo

410 3936 538 3974 mox
586 3926 649 3974 ut
687 3921 793 3974 hoc
834 3935 1038 3989 corpus
1088 3919 1444 3989 reliquerint,
1497 3936 1594 3974 eos
1646 3937 1760 3991 quo
1805 3923 1949 3976 bene
1980 3940 2100 3978 ma-

409 4009 495 4078 gis
543 4008 794 4062 minusve
840 4007 1122 4074 vixerunt,
1174 4023 1240 4059 eo
1285 4007 1505 4060 facilius
1551 4012 1650 4061 aut
1702 4009 1990 4064 difficilius
2035 4011 2102 4065 1i-

406 4096 615 4151 berari.

475 4189 564 4239 27.
613 4182 931 4237 Auctoritas
979 4185 1170 4235 autem
1224 4181 1432 4250 partim
1479 4182 1672 4236 divina
1727 4189 1834 4253 est,
1890 4171 2099 4256 partim

406 4271 693 4324 humana:
728 4270 820 4323 sed
865 4285 1018 4334 vera,
1063 4268 1248 4334 firma,
1289 4285 1514 4322 summa
1543 4286 1607 4323 ea
1637 4275 1721 4325 est
1748 4289 1876 4342 quae
1910 4274 2099 4330 divina

406 4359 756 4414 nominatur,
786 4359 848 4410 In
872 4373 986 4427 qua
1014 4356 1320 4410 metuenda
1340 4362 1422 4410 est
1451 4359 1734 4412 aeriorum
1763 4361 2097 4419 animalium

405 4445 552 4499 mira
581 4446 828 4510 fallacia;
863 4461 990 4515 quae
1039 4460 1142 4514 per
1172 4460 1363 4498 rerum
1399 4445 1467 4499 ad
1501 4445 1637 4499 istos
1669 4463 1866 4502 sensus
1895 4466 2095 4522 corpo-

404 4533 482 4586 ris
507 4532 916 4602 pertinentium
947 4533 1220 4603 quasdam
1253 4533 1644 4598 divinationes,
1676 4538 2094 4610 nonnullasque

402 4621 708 4691 potentias,
745 4621 1004 4691 decipere
1052 4621 1269 4675 animas
1298 4622 1563 4676 facillime
1603 4631 1968 4693 consuerunt,
1997 4633 2095 4684 aut

401 4709 784 4780 periturorum
813 4710 1169 4764 fortunarum
1195 4710 1466 4780 curiosas,
1497 4715 1593 4765 aut
1620 4713 1910 4783 fragilium
1937 4716 2090 4787 cupi-

401 4799 501 4852 das
526 4802 890 4868 potestatum,
925 4803 1019 4851 aut
1047 4799 1308 4852 inanium
1347 4800 1744 4855 formidolosas
1785 4802 2087 4859 miraculo-

400 4903 547 4940 rum.
582 4887 683 4939 llla
709 4902 844 4956 ergo
877 4887 1178 4940 auctoritas
1200 4887 1388 4942 divina
1409 4889 1647 4944 dicenda
1679 4895 1779 4958 est,
1813 4909 1942 4962 quae
1974 4911 2087 4948 non

398 4977 582 5029 solum
611 4974 672 5028 in
725 4974 1080 5027 sensibilibus
1119 4977 1297 5046 signis
1341 4977 1690 5032 transcendit
1717 4995 1947 5034 omnem
1977 4982 2085 5036 hu-

394 5079 627 5116 manam
669 5061 1012 5127 facultatem,
1059 5063 1154 5116 sed
1202 5068 1258 5117 et
1311 5063 1498 5134 ipsum
1546 5066 1840 5121 hominem
1888 5084 2079 5139 agens,

395 5151 643 5205 ostendit
667 5150 717 5204 ei
740 5165 1039 5220 quousque
1072 5166 1130 5202 se
1160 5156 1393 5221 propter
1413 5152 1601 5224 ipsum
1623 5155 1996 5225 depresserit:
2031 5159 2085 5208 et

435 5333 468 5404 .1
502 5329 589 5402 Sic
623 5329 764 5404 5.133.,
797 5332 847 5378 et
871 5327 1147 5386 editiones,
1194 5332 1409 5391 excepta
1449 5330 1589 5387 Lov.,
1637 5345 1754 5393 quae
1784 5331 1942 5382 habet
1976 5335 2082 5383 mi-

384 5394 722 5566 35"1'niifiihs
751 5452 995 5517 vulgatis,
1030 5452 1149 5515 ipsa
1170 5451 1351 5516 potius
1373 5454 1641 5505 universa.
1673 5454 1774 5506 Sed
1802 5455 1994 5508 melius
2022 5458 2079 5507 in

439 5528 529 5578 35.,
558 5527 610 5579 ap
644 5527 686 5565 e.

497 5549 529 5578 τ’
559 5549 686 5578 νμυνο

1687 286 1780 340 DE
1818 283 2106 351 ORDINE,
2151 282 2202 338 S.
2247 282 2632 339 AUGUSTINI

3803 281 3937 334 1008

2221 421 2334 459 non
2374 404 2553 460 teneri
2603 401 2877 472 sensibus,
2917 401 3124 474 quibus
3170 401 3436 456 videntur
3479 401 3579 456 illa
3637 401 3929 468 miranda,

2220 493 2316 546 sed
2343 492 2412 546 ad
2442 491 2789 545 intellectum
2813 490 2976 559 jubet
3015 489 3270 555 evolare;
3315 488 3483 542 simul
3516 489 3934 544 demonstrans

2221 585 2278 634 et
2304 585 2516 649 quanta
2547 579 2636 632 hic
2667 578 2863 648 possit,
2890 582 2945 631 et
2973 593 3074 630 cur
3103 578 3225 630 hac
3254 577 3443 642 faciat,
3478 583 3534 630 et
3565 594 3748 648 quam
3773 580 3934 648 parvi

2217 669 2450 738 pendat.
2503 669 2709 721 Doceat
2755 667 2910 720 enim
2969 669 3196 735 oportet
3260 670 3317 719 et
3359 665 3520 720 factis
3580 671 3932 734 potestatem

2220 774 2403 826 suam,
2433 761 2488 811 et
2520 756 2837 810 humilitate
2881 754 3262 820 clementiam,
3295 759 3350 808 et
3387 755 3784 824 praeceptione
3824 772 3927 808 na-

2220 851 2438 907 turam;
2475 861 2604 916 quas
2635 844 2829 898 omnia
2859 843 3029 897 sacris
3058 842 3264 912 quibus
3295 841 3616 907 iuitiamur,
3653 842 3934 896 secretius

2220 933 2556 1004 ﬁrmiusque
2586 933 2920 987 traduntur:
2951 930 3010 984 in
3055 929 3263 1000 quibus
3291 930 3581 983 bonorum
3617 933 3731 984 vita
3770 930 3931 984 facil-

2219 1021 2376 1086 lime,
2397 1037 2510 1074 non
2532 1020 2984 1090 disputationum
3006 1018 3362 1088 ambagibus,
3386 1017 3485 1071 sed
3509 1018 3929 1088 mysteriorum

2219 1108 2550 1162 auctoritate
2580 1111 2870 1178 purgatur.
2901 1104 3157 1160 Humaha
3181 1122 3311 1158 vero
3333 1107 3640 1160 auctoritas
3671 1108 3934 1177 plerum-

2220 1213 2330 1267 que
2371 1196 2550 1250 fallit:
2604 1195 2664 1249 in
2695 1195 2774 1248 eis
2823 1200 3014 1248 tamen
3052 1195 3182 1264 jure
3231 1193 3457 1248 videtur
3482 1196 3792 1259 excellere,
3829 1197 3931 1267 qui

2220 1289 2495 1354 quantum
2526 1283 2928 1353 imperitorum
2959 1298 3156 1336 sensus
3187 1282 3358 1352 capit,
3393 1283 3573 1336 multa
3603 1283 3744 1337 dant
3772 1284 3928 1338 indi—

2219 1373 2304 1425 cia
2335 1371 2722 1425 doctrinarum
2769 1387 3015 1432 suarum,
3048 1375 3100 1424 et
3132 1387 3250 1424 non
3288 1369 3488 1425 vivunt
3528 1371 3699 1425 aliter
3746 1389 3930 1442 quam

2217 1459 2521 1514 vivendum
2569 1475 2689 1513 esse
2736 1457 3092 1529 przecipiunt.
3147 1457 3363 1521 Quibus
3407 1456 3454 1510 si
3505 1458 3702 1528 aliqua
3747 1459 3929 1512 etiam

2218 1547 2463 1601 fortunae
2494 1562 2734 1600 munera
2771 1545 3124 1611 accesserint,
3167 1561 3413 1615 quorum
3457 1551 3777 1616 appareant
3819 1565 3930 1601 usu

2218 1634 2432 1705 magni,
2463 1638 2905 1704 contemptuque
2936 1633 3212 1702 majores;
3245 1631 3648 1686 difﬁcillimum
3680 1633 3927 1686 omnino

2219 1725 2304 1777 est
2333 1726 2394 1776 ut
2422 1720 2502 1774 eis
2532 1720 2774 1791 quisque
2807 1719 3030 1775 vivendi
3052 1723 3335 1790 pracepta
3363 1719 3630 1774 dantibus
3657 1721 3926 1785 credens,

2216 1814 2366 1864 recte
2393 1809 2768 1878 vituperetur.

2342 1897 2564 1951 CAPUT
2589 1897 2649 1949 X.
2678 1897 2892 1950 —Vitz
2915 1899 3187 1964 praecepta
3213 1897 3377 1964 pauci
3406 1901 3791 1964 assequuntur.

2287 1987 2376 2038 28.
2413 1984 2512 2038 Hic
2539 1983 2812 2054 Alypius:
2846 1984 3185 2053 Permagna,
3209 1982 3419 2054 inquit,
3448 1983 3577 2037 vitae
3597 1984 3795 2055 imago
3827 1985 3930 2039 abs

2220 2077 2275 2127 te
2305 2076 2439 2126 ante
2467 2072 2660 2125 oculos
2690 2077 2932 2140 nostros,
2967 2087 3094 2124 cum
3135 2071 3327 2141 plene,
3357 2075 3480 2125 tum
3512 2073 3761 2126 breviter
3787 2090 3930 2128 con-

2219 2161 2413 2214 stituta
2461 2163 2569 2226 est;
2621 2159 2712 2213 cui
2758 2158 3017 2230 quamvis
3065 2158 3415 2228 quotidianis
3462 2161 3766 2232 praeceptis
3811 2162 3930 2214 tuis

2216 2248 2524 2314 inhiemus,
2549 2251 2740 2302 tamen
2756 2264 2859 2301 nos
2875 2247 3041 2300 hodie
3064 2247 3386 2318 cupidiores
3404 2249 3929 2322 tlagrantioresque

2219 2339 2530 2393 reddidisti.
2562 2340 2646 2393 Ad
2676 2354 2869 2410 quam,
2919 2339 2966 2392 si
3001 2337 3126 2392 ﬁeri
3157 2343 3367 2409 posset,
3411 2356 3529 2393 non
3560 2342 3746 2395 solum
3795 2359 3927 2407 nos,

2216 2444 2414 2481 verum
2458 2426 2630 2482 etiam
2669 2431 2902 2480 cunctos
2939 2425 3202 2480 homines
3239 2427 3356 2496 jam
3400 2427 3720 2497 pervenire,
3755 2432 3814 2481 et
3842 2428 3926 2483 ei-

2216 2515 2368 2576 dem,
2383 2515 2662 2568 inhazrere
2676 2530 2961 2585 cuperem,
2983 2513 3176 2568 uthac
3198 2513 3362 2567 sicuti
3384 2513 3582 2568 auditu
3607 2514 3924 2580 mirabilia,

2219 2602 2297 2657 ita
2327 2607 2514 2657 essent
2559 2602 2876 2656 imitatione
2925 2601 3129 2655 facilia.
3184 2601 3324 2654 Nam
3366 2601 3557 2655 nescio
3591 2603 3923 2672 quomodo,

2218 2690 2372 2761 quod
2400 2691 2620 2744 utinam
2650 2691 2734 2744 vel
2767 2707 2799 2743 a
2828 2689 2990 2744 nobis
3018 2690 3216 2759 procul
3246 2690 3413 2754 absit,
3447 2689 3674 2742 animus
3709 2690 3925 2744 huma-

2216 2795 2324 2832 nus
2350 2777 2486 2832 dum
2517 2778 2639 2831 haec
2684 2776 2992 2840 audiendo,
3044 2776 3311 2843 ccelestia,
3358 2776 3551 2830 divina
3581 2793 3644 2830 ac
3678 2793 3927 2847 prorsus

2215 2883 2348 2920 vera
2374 2881 2493 2920 esse
2534 2866 2866 2936 proclamet,
2909 2865 2968 2918 in
3000 2864 3318 2936 appetendo
3346 2865 3513 2919 aliter
3543 2882 3600 2918 se
3631 2866 3826 2936 gerit;
3861 2872 3928 2920 ut

2218 2954 2358 3009 mihi
2404 2954 2760 3008 verissimum
2800 2953 3056 3007 videatur
3108 2958 3206 3006 aut
3235 2952 3458 3007 divinos
3500 2953 3786 3019 homines,
3823 2961 3929 3008 aut

2214 3060 2331 3098 non
2359 3043 2478 3097 sine
2521 3043 2712 3097 divina
2754 3059 2860 3113 ope
2911 3041 2987 3095 sic
3036 3041 3242 3096 vivere.
3277 3042 3382 3097 Cui
3423 3059 3564 3112 ego:
3615 3045 3743 3097 Haec
3769 3061 3925 3114 pra:-

2214 3136 2377 3201 cepta
2403 3131 2648 3199 vivendi,
2673 3147 2802 3201 qua:
2827 3129 2952 3196 tibi,
2975 3133 3035 3183 ut
3056 3146 3300 3201 semper,
3326 3130 3642 3202 plurimum
3664 3133 3923 3202 placent,

2213 3220 2399 3290 Alypi,
2432 3219 2689 3290 quamvis
2721 3219 2811 3272 hic
2842 3217 2982 3271 meis
3011 3218 3194 3272 verbis
3226 3235 3330 3288 pro
3360 3223 3618 3289 tempore
3650 3236 3925 3291 expressa

2215 3308 2344 3376 sint,
2388 3323 2505 3361 non
2553 3313 2746 3361 tamen
2777 3324 2808 3360 a
2839 3323 2929 3360 me
2981 3306 3210 3360 inventa
3238 3323 3358 3360 esse
3408 3308 3624 3377 optime
3652 3310 3781 3362 scis.
3824 3309 3926 3363 llis

2215 3395 2369 3448 enim
2416 3411 2755 3466 magnorum
2792 3393 3094 3448 hominum
3135 3400 3192 3448 et
3229 3411 3376 3465 pene
3417 3395 3743 3450 divinorum
3788 3398 3923 3451 libri

2213 3483 2532 3552 plenissimi
2561 3486 2726 3536 sunt:
2763 3483 2912 3554 quod
2945 3499 3058 3536 non
3088 3488 3325 3554 propter
3347 3488 3402 3539 te
3434 3484 3741 3539 dicendum
3771 3486 3926 3539 mihi

2213 3571 2426 3642 putavi,
2455 3571 2551 3625 sed
2582 3576 2816 3642 propter
2843 3571 2976 3624 istos
3004 3571 3413 3641 adolescentes,
3444 3589 3515 3627 ne
3547 3575 3606 3626 in
3638 3574 3719 3627 eis
3751 3576 3923 3645 quasi

2214 3660 2608 3714 auctoritatem
2644 3676 2831 3714 meam
2869 3661 2994 3730 jure
3033 3665 3417 3715 contemnant.
3450 3663 3592 3715 Nam
3619 3662 3763 3716 mihi
3795 3679 3921 3717 om-

2214 3747 2351 3801 nino
2382 3748 2508 3802 illos
2532 3749 2661 3801 nolo
2683 3749 2933 3817 credere,
2956 3748 3064 3802 nisi
3093 3749 3337 3814 docenti,
3370 3750 3766 3822 rationemque
3791 3752 3921 3806 red-

2213 3836 2390 3901 denti,
2418 3841 2651 3906 propter
2671 3853 2810 3906 quos
2841 3853 2946 3906 pro
2972 3853 3166 3890 rerum
3193 3838 3587 3908 magnitudine
3618 3840 3916 3894 concitan-

2213 3923 2335 3992 dos,
2363 3924 2534 3978 etiam
2562 3929 2615 3977 te
2645 3923 2888 3977 arbitror
2916 3923 3090 3978 istum
3122 3923 3533 3996 interposuisse
3560 3943 3912 3982 sermonem.

2212 4012 2335 4066 Non
2367 4011 2521 4065 enim
2553 4011 2654 4065 tibi
2682 4016 2814 4065 sunt
2841 4011 2909 4065 ad
2941 4011 3296 4082 sequendum
3335 4013 3444 4068 ista
3474 4014 3752 4083 difﬁcilia,
3782 4033 3915 4088 quas

2210 4104 2364 4154 tanta
2392 4099 2632 4170 rapuisti
2670 4099 2957 4166 aviditate,
2984 4105 3254 4172 tantoque
3285 4100 3344 4154 in
3377 4118 3443 4155 ea
3468 4108 3691 4158 naturas
3721 4105 3909 4159 admi-

2209 4188 2404 4242 rabilis
2433 4189 2649 4258 impetu
2691 4187 2978 4258 ingressus
3008 4205 3087 4255 es,
3121 4193 3184 4242 ut
3212 4206 3318 4260 ego
3346 4191 3450 4244 tibi
3479 4192 3815 4258 verborum,
3848 4201 3912 4249 tu

2210 4277 2352 4330 mihi
2377 4292 2568 4330 rerum
2600 4277 2871 4346 magister
2902 4277 3130 4331 eﬁ'ectus
3156 4277 3249 4332 sis.
3287 4279 3411 4333 Non
3436 4279 3588 4334 enim
3621 4287 3708 4335 est
3736 4284 3911 4338 modo

2205 4367 2324 4420 ulla
2338 4382 2504 4419 causa
2534 4364 2868 4430 mentiendi,
2902 4369 3001 4419 aut
3027 4367 3228 4420 saltem
3258 4367 3477 4422 occasio
3503 4385 3516 4423 :
3555 4386 3688 4424 nam
3720 4387 3910 4442 neque

2205 4457 2259 4506 te
2288 4454 2428 4507 falsa
2455 4457 2556 4507 tua
2583 4453 2752 4507 laude
2783 4453 3177 4508 studiosiorem
3209 4454 3336 4510 ﬁeri
3365 4461 3525 4527 puto,
3557 4462 3611 4510 et
3632 4458 3674 4511 ii
3703 4461 3911 4515 adsunt

2205 4541 2305 4612 qui
2337 4544 2642 4611 utrumque
2666 4546 2964 4608 noverunt,
2997 4546 3052 4596 et
3077 4542 3128 4596 ei
3154 4559 3342 4599 sermo
3373 4545 3478 4601 iste
3508 4547 3789 4615 mittetur,
3818 4549 3909 4603 cui

2205 4634 2464 4684 nostrum
2495 4630 2686 4684 nullus
2711 4630 2937 4699 ignotus
2966 4635 3067 4686 est.

2273 4721 2360 4772 29.
2394 4719 2578 4772 Bonos
2629 4723 2818 4772 autem
2845 4719 3015 4784 viros,
3066 4720 3403 4793 deditosque
3451 4723 3686 4795 optimis
3733 4729 3912 4782 mori-

2202 4805 2327 4872 bus,
2359 4804 2404 4859 si
2442 4822 2555 4860 non
2604 4806 2767 4860 aliter
2809 4806 2984 4860 sentis
3023 4812 3193 4878 atque
3243 4809 3453 4877 dixisti,
3503 4814 3806 4882 pauciores
3853 4823 3908 4871 te

2201 4886 2443 4948 arbitror
2472 4911 2591 4948 esse
2640 4895 2886 4958 credere,
2932 4912 3106 4966 quam
3143 4897 3284 4950 mihi
3315 4899 3612 4967 probabile
3643 4907 3770 4957 est:
3808 4905 3907 4960 sed

2198 4983 2365 5036 multi
2384 4981 2612 5052 penitus
2630 4983 2809 5037 latent
2827 4988 2901 5038 te.
2928 4985 3066 5038 Item
3090 4986 3404 5040 multorum
3426 5004 3544 5042 non
3568 4990 3904 5062 latentium,

2199 5085 2265 5124 ea
2289 5070 2412 5140 ipsa
2443 5088 2569 5141 quae
2602 5070 2746 5125 mira
2789 5076 2943 5139 sunt,
2995 5073 3210 5129 latent:
3246 5074 3307 5128 in
3359 5075 3549 5131 animo
3582 5078 3737 5133 enim
3768 5087 3907 5137 sunt

2195 5157 2324 5223 ista,
2347 5158 2446 5229 qui
2469 5176 2653 5230 neque
2674 5177 2840 5214 sensu
2873 5161 3052 5232 accipi
3072 5166 3277 5232 potest,
3304 5168 3359 5219 et
3387 5165 3730 5236 plerumque
3761 5169 3907 5224 dum

2194 5261 2508 5316 congruere
2530 5249 2648 5302 vult
2671 5248 3002 5304 vitiosarum
3033 5250 3338 5306 hominum
3363 5255 3685 5325 colloquiis,
3714 5273 3784 5311 ea
3815 5258 3906 5312 di-

2194 5335 2268 5389 cit
2303 5352 2432 5406 quaa
2480 5342 2576 5392 aut
2631 5338 2875 5408 probare
2920 5344 3018 5394 aut
3071 5346 3342 5412 appetere
3393 5344 3671 5401 videatur.
3723 5347 3907 5404 Multa

2192 5422 2365 5477 etiam
2397 5423 2530 5478 facit
2558 5440 2673 5479 non
2703 5425 2967 5496 libenter,
2993 5435 3228 5500 propter
3248 5435 3348 5486 aut
3366 5431 3665 5488 vitandum
3696 5435 3903 5492 odium

2188 5509 2508 5581 hominum,
2532 5517 2638 5568 aut
2654 5513 2927 5585 ineptiam
2951 5517 3308 5590 fugiendam;
3343 5521 3497 5593 quod
3521 5538 3628 5579 nos
3655 5524 3903 5582 audien-
